4162 6326
193 382 287 437 (89

195 503 245 556 in
272 506 446 554 futuro
474 507 786 568 praestare;
818 505 871 554 et
893 505 1019 552 tunc
1050 492 1403 548 diilerentiam
1428 488 1649 546 inducit.
1679 485 1791 540 Ve-

194 601 496 647 rumtamen
526 590 934 660 praestantiores
952 586 1167 641 Judtcos
1184 582 1465 653 significat,
1488 596 1592 634 non
1618 579 1794 633 locum

198 686 312 738 loco
340 682 817 752 anteponens,sed
844 681 928 735 illa
950 681 1119 734 solum
1148 680 1355 733 ratione
1374 675 1575 731 ludatis
1600 673 1796 743 primas

193 773 519 837 concedens,
556 789 620 827 ac
644 774 688 827 si
712 772 914 827 diceret
945 770 1129 847 :INiliil
1154 770 1219 823 de
1246 769 1363 822 loco
1384 768 1495 834 jam
1521 765 1798 832 disputan-

197 867 346 920 dum.
381 864 438 918 ln
470 866 648 919 cultus
677 863 891 934 quidem
924 863 1080 916 modo
1109 860 1279 915 Judaei
1303 856 1623 929 praeferendi
1643 862 1799 910 erant

195 957 551 1013 Samaritanis
586 975 597 1009 :
643 956 761 1019 Vos,
793 956 979 1025 inquit,
1013 955 1239 1007 adoratis
1267 952 1401 1021 quod
1426 951 1625 1003 nescitis
1658 966 1675 1002 :
1706 963 1797 1000 nos

194 1066 479 1101 adoramus
542 1048 676 1116 quod
718 1048 927 1100 scimus.
981 1044 1265 1113 Quomodo
1308 1058 1436 1111 ergo
1490 1040 1800 1095 nesciebant

195 1140 526 1196 Samaritaui
549 1138 677 1207 quid
703 1138 991 1192 adorarent
1014 1138 1035 1190 ’ἔ
1062 1138 1195 1204 Quia
1231 1136 1400 1190 Deum
1429 1134 1549 1187 loco
1570 1133 1799 1186 circum-

195 1231 387 1295 scribi,
422 1232 529 1283 imo
572 1228 726 1298 quasi
774 1228 935 1282 dividi
984 1242 1143 1295 posse
1182 1226 1459 1296 putabant.
1503 1223 1594 1278 Sic
1638 1222 1799 1293 igitur

194 1322 347 1376 illum
395 1321 683 1383 colebant;
745 1319 823 1374 sic
870 1320 1048 1374 Persis
1102 1319 1452 1379 nuntiarunt,
1495 1315 1649 1369 istius
1695 1313 1799 1367 loci

196 1414 362 1467 deum
394 1412 493 1465 sibi
525 1412 718 1465 iratum
749 1424 891 1473 esse,
934 1408 1062 1463 nihil
1090 1408 1159 1463 de
1185 1423 1250 1462 eo
1290 1406 1522 1477 amplius
1549 1420 1705 1475 quam
1734 1402 1802 1458 de

198 1503 350 1558 idolo
379 1502 501 1555 rati.
531 1501 869 1569 Quapropter
898 1500 1320 1569 perseverabant
1346 1507 1401 1551 et
1440 1497 1587 1550 illum
1617 1505 1670 1549 ct
1693 1495 1803 1549 da:-

195 1612 392 1650 monas
415 1596 617 1659 colere,
659 1608 718 1648 ea
745 1607 866 1662 quae
912 1592 1125 1647 misceri
1163 1607 1270 1645 non
1304 1599 1552 1660 poterant
1576 1587 1804 1643 confun-

194 1689 408 1742 dentes.
440 1685 612 1740 Judcei
643 1699 773 1739 vero
798 1682 901 1737 hac
932 1682 1186 1752 opinione
1218 1682 1370 1735 liberi
1404 1690 1577 1744 erant,
1603 1680 1805 1748 ipsum-

192 1795 302 1849 que
336 1777 593 1846 putabant
620 1790 740 1830 esse
770 1775 915 1829 orbis
932 1774 1135 1838 Deum;
1165 1773 1374 1827 etiamsi
1409 1771 1458 1826 id
1492 1788 1596 1825 non
1615 1784 1803 1825 omnes

192 1871 507 1926 crederent.
536 1869 827 1938 Propterea
848 1867 1009 1921 dicit:
1040 1866 1141 1921 Vos
1165 1867 1389 1919 adoratis
1414 1866 1549 1936 quod
1570 1864 1800 1917 nescitis:

193 1979 289 2015 nos
321 1962 600 2014 adoramus
620 1959 760 2033 quod
787 1960 992 2013 scimus.
1026 1957 1104 2013 Ne
1125 1958 1334 2013 mireris
1360 1966 1539 2012 autem
1574 1955 1713 2025 quod
1747 1969 1805 2009 se

200 2054 412 2109 Judtcis
436 2062 762 2106 annumerct
792 2069 804 2104 :
832 2067 959 2105 nam
985 2051 1281 2105 secnndum
1322 2050 1563 2104 mulieris
1590 2048 1804 2118 opinio-

196 2165 324 2203 nem
385 2147 644 2217 loquitur,
691 2147 843 2216 quasi
880 2145 1138 2215 propheta
1186 2144 1529 2207 Juda‘orum;
1580 2143 1807 2211 ideoque

195 2240 351 2303 illud,
383 2237 695 2300 Adoramus,
725 2237 921 2307 posuit.
955 2235 1107 2303 Quod
1138 2236 1279 2290 enim
1313 2234 1571 2289 adoretur
1598 2233 1799 2288 nemini

197 2349 303 2385 non
336 2340 524 2385 notum
549 2339 627 2383 est
654 2347 667 2393 ;
701 2331 933 2383 adorare
964 2329 1108 2383 enim
1157 2336 1423 2383 creatura:
1458 2337 1560 2390 est,
1588 2326 1803 2379 adorari

198 2438 348 2488 \ero,
384 2429 756 2475 creaturarum
804 2420 1032 2473 Domini.
1093 2419 1289 2473 Verum
1348 2418 1561 2472 interim
1612 2417 1704 2472 ille
1752 2425 1811 2470 ut

195 2517 423 2571 Judaeus
446 2514 701 2583 loquitur.
739 2512 870 2567 illud
897 2528 1046 2582 ergo,
1077 2512 1212 2578 Nos,
1247 2513 1297 2566 id
1337 2523 1439 2577 est,
1480 2511 1585 2565 Nos
1614 2509 1805 2565 Judaei.

196 2607 425 2662 iudaica
456 2606 617 2676 igitur
643 2606 929 2668 extollens,
963 2618 1023 2659 se
1066 2604 1171 2660 ﬁde
1213 2604 1433 2673 dignum
1485 2603 1708 2673 prtebet,
1757 2612 1810 2656 et

196 2701 359 2753 dictis
412 2699 525 2752 suis
582 2697 741 2752 [idem
792 2696 1067 2761 conciliat,
1111 2697 1472 2765 suspicionem
1530 2709 1809 2758 amovens,

200 2792 608 2861 ostendensque
630 2806 691 2846 se
716 2807 821 2844 non
852 2791 1192 2860 cognationis
1217 2791 1388 2859 gratia
1410 2789 1496 2842 illa
1526 2788 1806 2842 extollere.

198 2887 305 2953 Qui
331 2886 479 2941 enim
522 2885 665 2939 circa
723 2884 899 2937 locum
947 2884 1105 2937 talem
1139 2883 1342 2951 profert
1370 2883 1711 2945 sententiam,
1745 2883 1812 2937 de

200 2995 310 3049 quo
356 2980 477 3032 loco
504 2977 673 3032 Judzei
706 2978 939 3031 maxime
986 2976 1375 3045 gloriabantur,
1404 2990 1467 3030 ac
1496 2990 1554 3029 se
1584 2976 1798 3029 caeteris

200 3069 573 3141 pati-ferendos
602 3070 914 3133 censebant,
952 3069 1077 3123 dum
1122 3067 1260 3122 hanc
1306 3069 1413 3122 illis
1440 3068 1809 3138 prmstantiam

202 3162 403 3226 aufert,
438 3162 611 3229 palam
648 3169 732 3214 est.
755 3175 875 3215 eum
897 3161 1005 3228 jam
1039 3176 1143 3213 non
1168 3159 1236 3213 ad
1261 3160 1487 3228 gratiam
1512 3159 1809 3228 cujuspiam

202 3255 373 3323 loqui,
410 3253 505 3308 sed
538 3268 600 3305 ex
627 3253 852 3306 veritate
881 3262 934 3305 et
972 3267 1039 3305 ex
1062 3251 1121 3304 'vi
1171 3251 1499 3321 prophetica.
1531 3251 1665 3317 Quia
1715 3249 1812 3318 igi-

205 3359 295 3403 tur
320 3363 350 3401 a
383 3348 473 3401 tali
530 3345 930 3401 existimatione
980 3343 1204 3398 abduxit
1232 3342 1439 3405 dicens,
1471 3342 1630 3395 Crede
1665 3342 1811 3406 mihi,

203 3441 411 3503 mulier,
442 3447 577 3500 etc.,
600 3437 804 3505 adjicit,
834 3438 966 3501 Quia
986 3437 1125 3490 salus
1144 3452 1177 3488 a
1205 3434 1406 3489 Judwis
1432 3443 1543 3497 cst;
1569 3434 1672 3487 hoc
1709 3442 1812 3497 cst,

205 3534 287 3586 vel
314 3531 462 3603 quod
486 3530 612 3583 hinc
633 3528 754 3583 orbi
781 3529 917 3583 bona
942 3528 1135 3582 collata
1155 3526 1265 3581 sint
1294 3527 1439 3594 (nam
1470 3524 1815 3605 Dei‘cognitio

204 3625 587 3692 idolorumque
609 3620 924 3691 reprobatio
946 3620 1072 3673 hinc
1099 3631 1275 3673 ortum
1301 3618 1504 3682 habuit,
1526 3633 1733 3672 necnon
1764 3625 1817 3671 et

205 3718 308 3771 alia
338 3716 527 3771 omnia
551 3716 821 3784 dogmata,
855 3722 908 3767 et
931 3724 1111 3767 veSter
1136 3712 1311 3766 cultus
1338 3712 1463 3765 licet
1494 3727 1597 3764 nou
1637 3720 1817 3765 rectus

203 3808 308 3871 sit;
338 3823 366 3860 a
394 3807 600 3860 Jndwis
619 3806 759 3861 enim
783 3817 961 3859 ortum
994 3802 1198 3874 habuit)
1226 3822 1238 3859 :
1272 3804 1358 3859 vel
1393 3804 1508 3859 haec
1538 3818 1687 3873 ergo,
1732 3804 1813 3857 vel

202 3899 507 3953 adventum
538 3912 691 3951 suum
724 3897 947 3951 salutem
990 3904 1165 3949 vocat.
1197 3895 1309 3949 lmo
1360 3909 1489 3949 vero
1520 3912 1623 3947 non
1661 3894 1819 3949 aber-

206 3989 694 4058 raveritqaisiiiam
709 3989 753 4042 si
783 3988 925 4043 dicat
948 3987 1062 4042 inec
1084 3988 1245 4042 ambo
1272 3986 1495 4041 salutem
1524 4000 1664 4049 esse,
1698 4000 1815 4040 eam

206 4084 419 4138 scilicet
446 4097 609 4151 quam
636 4096 698 4136 ex
721 4080 922 4136 Judreis
951 4095 1070 4135 esse
1102 4080 1250 4134 dicit.
1273 4078 1428 4147 Quod
1460 4079 1656 4133 Paulus
1686 4080 1820 4133 sub-

206 4176 457 4231 indicans
500 4173 749 4234 dicebat,
785 4171 869 4225 Ea:
915 4174 1094 4242 quibus
1124 4172 1353 4225 Christus
1382 4172 1659 4224 secundum
1698 4187 1815 4223 car-

206 4283 340 4331 nem,
372 4265 561 4335 quiest
610 4280 761 4335 super
804 4265 977 4317 omnia
1028 4263 1159 4316 Deus
1194 4261 1367 4332 (Rom.
1418 4262 1471 4316 9.
1518 4262 1596 4330 5).
1633 4261 1817 4315 Vidcn'

200 4356 485 4427 quomodo
510 4356 675 4409 Vetus
707 4355 959 4423 pradicet
985 4355 1389 4409 Testamentum
1417 4397 1432 4420 ,
1465 4372 1527 4409 ac
1556 4355 1815 4408 bonorum

205 4448 452 4503 radicem
476 4460 598 4501 esse
623 4445 886 4507 declaret,
934 4454 989 4499 et
1029 4461 1089 4500 se
1118 4448 1266 4499 nullo
1299 4446 1460 4500 modo
1484 4448 1816 4500 contrarium

202 4556 328 4595 esse
350 4536 496 4608 legi?
523 4536 788 4607 siquidem
814 4553 877 4591 ex
912 4536 1114 4591 .ludaeis
1143 4538 1408 4591 bonorum
1451 4552 1668 4591 causam
1701 4554 1819 4591 om—

201 4638 356 4687 nium
384 4644 509 4684 esse
535 4628 683 4683 dicit.
706 4628 797 4683 25.
824 4629 929 4682 Sed
954 4629 1240 4691 venitltora,
1272 4639 1317 4681 et
1344 4645 1475 4681 nunc
1504 4640 1594 4693 est,
1616 4630 1819 4698 quando

201 4725 309 4777 reri
329 4722 637 4775 adoratores
655 4720 943 4773 adorabunt
969 4718 1199 4774 Patrem.
1231 4720 1393 4774 Vobis
1418 4722 1817 4788 prmstantiorcs

199 4829 424 4878 sumus,
446 4827 482 4867 ο
514 4811 729 4878 mulier,
773 4813 965 4882 inquit,
1015 4813 1067 4866 iu
1098 4812 1356 4867 adorandi
1388 4812 1550 4866 modo
1587 4832 1597 4866 :
1632 4829 1815 4867 verum

202 4908 289 4961 hic
332 4904 521 4961 cultus
560 4904 816 4972 deinceps
842 4903 1009 4957 linem
1062 4903 1297 4957 habebit.
1332 4902 1445 4956 Non
1496 4904 1640 4957 eiiim
1672 4905 1819 4959 locus

202 5011 446 5063 tantum,
478 4997 575 5051 sed
599 4996 763 5051 etiam
792 4996 982 5049 modus
1012 4995 1225 5050 colendi
1252 4996 1547 5050 mutabitur
1572 5016 1583 5050 :
1620 5007 1673 5051 et
1706 5000 1819 5050 lucc

198 5099 265 5152 ad
296 5098 527 5167 januam
556 5099 701 5147 sunt.
747 5089 888 5143 Venit
912 5090 1053 5145 enim
1084 5090 1229 5156 hora,
1249 5100 1295 5143 et
1317 5108 1448 5143 nunc
1471 5100 1563 5143 est.

271 5190 332 5243 2.
360 5187 540 5255 Quare
554 5183 788 5239 Christus
815 5182 1087 5246 addiderit,
1107 5190 1161 5235 et
1187 5198 1325 5236 nunc
1350 5193 1432 5235 est
1454 5181 1600 5245 ;l"eri
1627 5183 1815 5235 adora-

198 5294 339 5337 tores
361 5282 460 5353 qui.
481 5280 525 5332 si
542 5288 601 5331 it.
626 5277 761 5342 Quid
791 5276 883 5331 sibi
897 5276 1010 5330 velit
1028 5276 1251 5340 istud,in
1279 5277 1465 5345 spiritu
1495 5287 1547 5329 et
1569 5276 1813 5330 veritate.

200 5372 447 5429 Christus
467 5372 519 5424 in
543 5371 685 5423 libris
706 5367 899 5439 Μουκία
913 5384 1049 5436 sape
1068 5368 1337 5437 praedictus
1361 5369 1819 5439 prmﬁgnratusque

200 5477 293 5521 est.
336 5464 564 5518 Prestat
594 5461 795 5516 luditis
824 5462 1007 5516 mulier
1030 5461 1379 5516 Samaritana.
1409 5492 1479 5501 -—
1509 5462 1639 5528 Quia
1673 5464 1813 5515 enim

201 5559 496 5629 propheta
542 5554 711 5608 multo
740 5562 863 5607 aute
904 5562 1148 5623 tempore
1200 5552 1403 5622 loquuti
1448 5563 1593 5616 sunt,
1630 5553 1680 5606 id
1712 5552 1815 5606 hoc

197 5651 327 5704 loeti
361 5647 563 5702 tollens
588 5644 740 5709 dicit,
768 5644 830 5697 Et
853 5661 986 5698 nunc
1014 5656 1105 5699 est.
1132 5643 1208 5699 Nc
1232 5653 1407 5713 putes,
1442 5645 1632 5713 inquit,
1675 5644 1813 5699 hanc

199 5742 554 5815 prophetiam
606 5748 727 5807 post
753 5739 977 5792 multum
1008 5747 1221 5807 tempus
1273 5738 1603 5807 implendam
1648 5754 1807 5793 esse:

200 5855 298 5893 res
325 5833 475 5889 enim
507 5832 692 5892 instat,
728 5838 780 5883 et
811 5830 860 5882 in
879 5828 1059 5898 januis
1081 5841 1182 5889 cst,
1219 5830 1437 5895 Quando
1477 5830 1578 5883 veri
1627 5832 1815 5884 adora-

526 5929 801 5988 l’srnot.
836 5931 954 5985 (in.
1005 5929 1068 5987 Li
1088 5931 1159 5988 .\.

1208 378 1279 433 1N
1320 372 1629 432 JOANNEM
1668 368 1898 425 llOElllL.
1944 369 2179 423 XXXIII.
2214 372 2284 424 al.
2328 370 2545 426 XXX".

3412 386 3514 442 190

1904 494 2035 538 tores
2063 486 2352 539 adorabunt
2382 486 2592 541 Patrem
2618 488 2670 542 in
2699 490 2878 558 spiritu
2902 493 3191 549 etveritate.
3210 496 3346 549 Cum
3378 499 3517 553 dixit

1903 590 2082 641 veros,
2115 591 2238 631 cum
2266 577 2619 635 Samaritanis
2640 580 2854 635 Judmos
2878 584 3105 653 repulit;
3135 574 3343 642 etianisi
3373 590 3515 643 enim

1906 668 1976 721 illi
1997 670 2104 723 sint
2135 668 2217 723 his
2259 672 2534 737 meliores,
2570 675 2809 727 venturis
2839 684 3018 729 tamen
3053 676 3209 745 longe
3231 690 3358 733 sunt
3385 681 3537 735 infc~

1905 762 2097 829 riurcs,
2130 771 2183 817 et
2206 775 2464 833 quantum
2495 766 2694 820 veritas
2724 766 2890 836 ﬁgura
2938 770 3133 824 melior
3162 780 3261 825 est.
3295 773 3370 827 De
3417 775 3488 827 lic
3511 805 3527 813 -

1903 854 2067 908 clesia
2099 870 2227 911 vero
2271 855 2531 925 loquitur,
2560 859 2682 926 quia
2736 875 2857 913 vera
2891 861 3108 930 Deoque
3153 874 3512 920 consentanea

1904 945 2148 999 adoratio
2180 946 2265 999 illa
2299 946 2413 1017 ipsa
2436 957 2535 1001 est.
2576 947 2715 1001 Nam
2744 948 2904 1003 Pater
2934 952 3059 1005 tales
3081 956 3263 1021 quierit
3284 954 3518 1007 adorato-

1904 1052 2002 1089 res.
2036 1036 2176 1106 Ergo
2204 1038 2249 1092 si
2274 1040 2407 1093 tales
2438 1042 2735 1109 quaerebat,
2763 1058 2869 1096 non
2902 1059 2968 1098 ex
3000 1045 3280 1100 voluntate
3302 1049 3516 1115 prepria

1906 1128 2011 1183 illis
2040 1130 2168 1185 olim
2203 1132 2361 1187 talem
2390 1134 2659 1187 concessit
2684 1134 2927 1199 modum,
2956 1135 3049 1190 sed
3065 1151 3130 1190 ex
3165 1137 3518 1207 indulgentia,

1906 1228 1963 1274 ut
2007 1220 2108 1291 hos
2161 1222 2324 1277 etiam
2377 1223 2762 1280 introduceret.
2797 1225 3024 1292 Quinam
3077 1243 3206 1297 ergo
3249 1238 3374 1282 sunt
3402 1232 3517 1285 veri

1904 1312 2261 1369 adoratores?
2286 1317 2385 1384 Qui
2408 1317 2613 1371 cultum
2656 1334 2761 1371 non
2809 1318 2928 1373 loco
2963 1320 3430 1387 circumscribunt,
3459 1337 3523 1377 ac

1908 1404 2074 1459 Deum
2131 1410 2181 1459 in
2226 1408 2419 1476 spiritu
2465 1408 2687 1474 colunt;
2737 1410 2876 1463 sicut
2930 1419 2984 1463 ct
3022 1410 3220 1464 Paulus
3264 1414 3379 1465 ait:
3427 1413 3522 1466 Cui

1906 1497 2067 1549 servio
2082 1498 2134 1549 in
2156 1498 2339 1567 spiritu
2364 1516 2494 1564 meo,
2519 1500 2573 1552 in
2596 1501 2857 1571 evangelio
2877 1498 3003 1554 Filii
3016 1502 3131 1565 eius
3153 1502 3333 1572 (Rom.
3360 1504 3411 1557 1.
3430 1505 3484 1570 9)
3506 1520 3521 1565 :

1907 1596 1962 1641 et
2010 1587 2237 1651 iterum,
2283 1587 2511 1643 Obsecro
2541 1605 2628 1644 vos
2678 1601 2733 1644 ut
2764 1592 3041 1645 exhibeatis
3087 1610 3304 1661 corpora
3358 1606 3526 1648 vestra

1908 1681 2125 1734 hostium
2150 1682 2411 1745 viventem,
2431 1682 2538 1737 Deo
2562 1685 2865 1751 placentem,
2899 1684 3201 1739 rationabile
3230 1687 3524 1754 obsequium

1908 1781 2125 1824 vestrum
2156 1771 2318 1842 (Ibid.
2350 1773 2437 1827 12.
2475 1776 2549 1843 1).
2585 1775 2722 1828 Cmn
2752 1785 2931 1828 autem
2962 1766 3111 1841 dicii,
3155 1776 3246 1830 24.
3296 1776 3525 1846 Spiritus

1910 1874 1980 1917 est
2015 1863 2179 1925 Deus.
2222 1866 2355 1919 nihil
2405 1866 2547 1921 aliud
2588 1882 2749 1935 quam
2800 1866 3181 1935 incorporeum
3239 1869 3520 1939 signiﬁcat.

1908 1954 2132 2024 Oportet
2166 1956 2327 2027 igitur
2350 1958 2653 2027 incorporei
2678 1959 2883 2013 cultum
2911 1960 3072 2013 etiam
3101 1960 3263 2016 talem
3296 1977 3437 2027 esse,
3471 1974 3525 2017 et

1910 2062 2007 2116 per
2036 2048 2089 2101 id
2119 2048 2261 2116 quod
2294 2049 2671 2119 incorporeum
2704 2051 2754 2115 in
2785 2051 2942 2106 nobis
2971 2062 3054 2106 est
3078 2051 3294 2117 offerri;
3339 2052 3392 2107 id
3417 2065 3520 2117 est,

1913 2155 2009 2207 per
2037 2140 2271 2193 animam
2296 2149 2350 2195 et
2378 2156 2473 2210 per
2518 2142 2716 2195 mentis
2747 2142 3057 2210 puritatem.
3092 2143 3296 2198 Idcirco
3319 2146 3424 2198 ait-
3459 2144 3525 2197 Et

1911 2230 2210 2284 adoratores
2249 2232 2379 2301 ejus,
2408 2233 2461 2286 in
2488 2232 2677 2301 spiritu
2719 2243 2766 2285 et
2794 2234 3001 2287 veritate
3048 2244 3241 2302 oportet
3286 2236 3522 2289 adorare.

1912 2322 2046 2374 Cum
2076 2322 2218 2375 enim
2252 2332 2305 2377 et
2338 2323 2410 2376 illi
2443 2331 2497 2377 et
2525 2323 2695 2377 Judaei
2729 2324 2962 2379 animam
2994 2325 3351 2396 negligereut,
3388 2330 3525 2380 mul-

1916 2422 2131 2483 tamque
2175 2416 2653 2485 corporis-curam
2706 2427 2978 2486 gererent,
3025 2419 3306 2489 ipsumque
3352 2423 3526 2475 omni-

1918 2507 2074 2561 niode
2102 2518 2411 2579 purgarent,
2441 2508 2571 2564 dicit
2595 2525 2699 2563 non
2730 2512 2975 2579 corporis
3004 2513 3261 2581 puritate,
3311 2514 3404 2568 sed
3437 2515 3527 2569 illo

1916 2602 2056 2671 quod
2088 2606 2463 2675 incorporeum
2504 2606 2554 2658 in
2601 2604 2761 2661 nobis
2803 2616 2906 2671 est,
2958 2609 3164 2661 scilicet
3216 2618 3415 2673 mente,
3447 2610 3527 2664 iii-

1916 2709 2237 2762 corporeum
2271 2709 2391 2751 esse
2420 2696 2727 2751 colendum.
2753 2696 2831 2753 Ne
2863 2698 3041 2771 itaque
3063 2714 3192 2753 oves
3220 2709 3274 2754 et
3305 2701 3525 2768 vitulos,

1917 2785 2011 2838 sed
2037 2785 2263 2853 teipsum
2297 2785 2431 2840 oll‘er
2461 2787 2571 2841 Deo
2593 2788 2642 2840 in
2676 2788 3046 2843 holocausmm
3084 2808 3096 2843 :
3130 2790 3231 2846 hoc
3267 2803 3349 2847 est
3382 2794 3525 2846 enim

1921 2876 2149 2929 hostiam
2179 2881 2445 2931 viventem
2475 2879 2748 2933 exhibere.
2802 2881 2856 2933 In
2886 2883 3108 2935 veritate
3146 2898 3374 2954 namque
3400 2885 3529 2938 ado-

1919 2984 2039 3022 rare
2067 2977 2296 3037 oportet.
2334 2968 2403 3023 Ut
2456 2972 2631 3038 priora
2666 2981 2822 3042 typus
2851 2981 3023 3036 erant,
3073 2990 3268 3045 nempe
3296 2978 3525 3031 circum-

1918 3060 2073 3126 cisio,
2113 3060 2449 3127 holocausta,
2505 3063 2791 3128 sacrilicia,
2838 3065 3154 3132 incensum;
3190 3084 3332 3125 nunc
3383 3080 3530 3125 certe

1921 3168 2026 3205 non
2059 3154 2216 3217 item;
2250 3154 2343 3207 sed
2371 3156 2551 3208 omnia
2577 3156 2796 3210 veritas.
2828 3157 2945 3211 Non
2969 3161 3111 3213 enim
3139 3176 3267 3216 caro
3288 3162 3525 3217 circum-

1920 3244 2168 3307 cidenda,
2213 3244 2307 3299 sed
2355 3246 2605 3315 malignae
2633 3249 3011 3317 cogitationes,
3040 3266 3102 3304 ac
3128 3252 3364 3321 seipsum
3397 3269 3528 3308 cru»

1920 3335 2140 3404 cingere
2162 3346 2396 3403 Oportet,
2431 3335 2800 3407 absurdasque
2826 3342 3292 3410 concupiscentias
3339 3345 3533 3400 tollere

1921 3437 1974 3481 et
1999 3427 2299 3483 immolare.
2335 3428 2461 3481 Haec
2496 3429 2711 3483 mulieri
2747 3431 2975 3486 obscura
2998 3433 3111 3487 visa
3153 3444 3317 3489 sunt:
3350 3436 3530 3492 dicto-

1923 3533 2039 3570 rum
2072 3516 2459 3572 sublimitatem
2482 3533 2587 3572 non
2619 3532 2908 3589 assequuta
2941 3523 3052 3588 illa,
3074 3534 3127 3578 et
3152 3524 3381 3592 luerens,
3408 3528 3533 3583 anili

1921 3610 2047 3679 quid
2094 3610 2236 3665 dicat
2287 3628 2298 3666 :
2346 3612 2437 3667 25.
2473 3611 2595 3666 Scio
2649 3614 2768 3680 quia
2798 3616 2930 3668 venit
2977 3617 3193 3672 Messias
3218 3621 3306 3685 qui
3351 3622 3535 3674 dicitur

1923 3701 2153 3757 Christus
2175 3718 2195 3755 :
2216 3720 2327 3756 cum
2354 3706 2543 3758 venerit
2567 3705 2675 3772 ille,
2707 3709 3028 3762 annuntiabit
3054 3710 3198 3765 nobis
3224 3714 3419 3773 omnia.
3442 3715 3534 3768 26.

1928 3793 2061 3847 Dicit
2081 3797 2127 3848 ei
2146 3793 2301 3849 Jesus
2321 3812 2338 3849 :
2366 3796 2473 3867 ligo
2485 3814 2596 3851 sum
2612 3798 2700 3867 qui
2728 3800 2909 3869 loquor
2934 3811 3116 3857 tecum.
3136 3802 3201 3858 Et
3223 3804 3362 3860 unde
3382 3805 3536 3860 Chri-

1924 3889 1989 3941 sti
2032 3888 2321 3943 adventum
2374 3891 2766 3956 exspectabant
2819 3891 3163 3960 Samaritani,
3215 3896 3306 3963 qui
3355 3900 3529 3951 solum

1926 3978 2163 4048 Tioysem
2202 3981 2569 4049 recipiebant?
2600 3981 2681 4037 Ex
2710 3983 2838 4051 ipsis
2883 3983 3083 4056 Moysis
3130 3987 3367 4057 scriptis.
3402 3988 3534 4043 Nam

1928 4074 1977 4125 iu
2008 4074 2271 4144 principio
2304 4074 2496 4128 Filium
2531 4077 2806 4131 revelavit.
2841 4078 2979 4133 illud
3029 4081 3213 4134 enim:
3262 4080 3539 4136 Faciamus

1928 4164 2179 4218 hominem
2224 4165 2293 4218 ad
2318 4166 2593 4233 imaginem
2624 4177 2670 4221 et
2710 4169 3092 4224 similitudinem
3125 4182 3350 4225 nostram
3384 4173 3535 4243 (Cen.

1930 4260 1981 4313 1.
2009 4258 2131 4330 26),
2167 4259 2233 4313 ad
2263 4258 2457 4313 Filium
2488 4260 2692 4315 dictum
2729 4261 2932 4326 fuerat;
2962 4273 3013 4317 et
3036 4264 3345 4320 Abrahamo
3374 4266 3425 4321 in
3457 4278 3537 4321 ta-

1927 4350 2221 4405 bernaculo
2250 4351 2417 4404 Filius
2449 4351 2721 4420 loquitur;
2771 4365 2826 4406 et
2875 4354 3043 4408 Jacoh
3072 4355 3141 4409 de
3182 4356 3272 4411 illo
3304 4360 3537 4427 prophe-

1928 4444 2032 4497 lice
2049 4443 2292 4513 praedicit
2326 4461 2337 4496 :
2375 4441 2496 4497 Non
2526 4444 2728 4509 deﬁciet
2746 4445 2983 4515 princeps
3014 4446 3078 4501 de
3094 4447 3259 4513 Juda,
3307 4466 3399 4503 nec
3430 4451 3539 4502 dum

1927 4538 1988 4589 de
2019 4537 2295 4606 femoribus
2321 4537 2450 4607 ejus,
2487 4538 2647 4590 donec
2676 4540 2841 4591 veniat
2874 4540 2916 4592 is
2959 4542 3040 4592 cui
3072 4544 3347 4611 repositum
3372 4553 3465 4607 est,
3495 4554 3539 4597 et

1926 4629 2034 4697 ipse
2075 4629 2380 4698 exspectatio
2410 4631 2654 4699 gentium.
2692 4630 2847 4699 (Cen.
2879 4631 2968 4684 49.
3018 4633 3133 4700 l0).
3184 4634 3300 4703 ipse
3324 4650 3541 4704 quoque

1927 4721 2138 4791 Moyses
2158 4722 2233 4773 ait
2262 4740 2273 4773 :
2310 4720 2625 4789 Proiilietam
2642 4724 2779 4776 vobis
2800 4724 3061 4778 suscitabit
3091 4726 3341 4780 Dominus
3360 4726 3503 4781 Deus
3521 4772 3533 4789 ,

1926 4814 1989 4866 de
2018 4814 2262 4881 fratribus
2293 4814 2470 4867 vestris
2497 4815 2625 4868 sicut
2654 4831 2765 4877 me;
2792 4817 2961 4884 ipsum
2986 4817 3205 4871 audietis
3234 4819 3411 4889 (Deut.
3450 4823 3538 4876 18.

1928 4904 2040 4973 15).
2070 4904 2198 4959 Item
2224 4920 2346 4973 quae
2374 4905 2440 4959 de
2463 4915 2735 4973 serpente,
2767 4906 2834 4959 de
2858 4907 3001 4975 virga
3038 4907 3241 4979 Moysis
3262 4910 3359 4969 ,de
3395 4910 3539 4965 Isaac

1926 4996 2066 5050 etile
2093 5012 2213 5059 ove,
2264 4997 2539 5065 multaque
2582 4997 2706 5060 alia,
2749 4997 2870 5067 quis
2900 4998 3156 5068 Colligere
3204 5002 3393 5070 possit,
3419 5020 3540 5073 qum

1928 5089 2216 5142 ailienlum
2264 5088 2402 5142 illius
2461 5088 2849 5156 pi'mdicebant.
2887 5091 2951 5144 Et
3002 5108 3141 5156 cur,
3175 5094 3403 5162 inquies,
3458 5096 3540 5148 his

1926 5180 2171 5235 Christus
2212 5195 2319 5233 non
2344 5195 2473 5233 usus
2498 5190 2583 5235 est
2615 5189 2670 5234 ut
2698 5182 2907 5236 mulieri
2942 5182 3214 5250 suaderet,
3245 5187 3338 5240 sed
3366 5186 3530 5241 NiCn-

1927 5275 2085 5329 denio
2117 5283 2424 5343 serpentem
2459 5275 2698 5344 protulit,
2730 5275 3537 5347 NathanaeliprOphetiascom—

1928 5367 2276 5428 memoravit;
2305 5366 2428 5421 huic
2464 5382 2595 5421 vero
2618 5368 2750 5421 nihil
2782 5368 2960 5423 simile
2993 5369 3170 5424 dixit?
3198 5372 3308 5426 Cur
3337 5386 3391 5427 et
3431 5392 3532 5443 qua

1922 5457 1993 5511 de
2022 5459 2218 5510 causa?
2250 5456 2382 5524 Quia
2413 5458 2485 5511 illi
2506 5459 2601 5512 viri
2630 5468 2805 5524 erant,
2855 5461 2945 5529 qui
2981 5462 3031 5513 in
3064 5460 3148 5516 his
3178 5465 3534 5518 versabantur

1927 5550 2118 5614 rebus;
2169 5549 2281 5603 haec
2322 5564 2448 5604 vero
2480 5550 2675 5605 mulier
2723 5551 2897 5621 inops,
2932 5554 3101 5617 rudis,
3133 5554 3530 5623 Scripturarum

1925 5658 2138 5711 expers.
2167 5642 2399 5713 Ideoque
2418 5659 2523 5698 non
2556 5644 2645 5698 illa
2669 5645 2952 5698 mulierem
2972 5646 3249 5715 alloquens
3272 5648 3487 5703 adhibet
3512 5668 3529 5714 ;

1925 5737 2018 5790 sed
2052 5754 2113 5791 ex
2146 5753 2280 5806 aqua
2314 5753 2490 5805 exque
2537 5738 2818 5809 prophetia
2880 5738 3024 5792 illam
3054 5739 3301 5802 attrahit.
3336 5755 3399 5793 ac
3433 5756 3536 5812 per

1931 5830 2015 5883 illa
2053 5832 2320 5883 Christum
2362 5830 2411 5883 iu
2457 5830 2769 5883 memoriam
2806 5840 3042 5896 revocat,
3078 5845 3138 5883 ac
3168 5832 3405 5901 scipsuin
3439 5831 3529 5883 dv-

3106 5926 3179 5982 1'2
