4162 6326
669 407 764 464 191

662 536 816 579 mum
870 514 1091 574 revelat.
1145 512 1273 579 Quze
1307 510 1366 566 -si
1410 508 1562 564 initio
1609 519 1714 560 non
1740 497 1998 574 quaerenti
2037 491 2246 552 mulieri

660 613 906 675 dixisset.
933 607 1078 662 visus
1107 603 1294 659 fuisset
1318 600 1369 656 ei
1392 600 1620 655 delirare
1648 605 1703 652 et
1730 593 1896 649 futilia
1919 588 2081 661 loqui.
2100 585 2251 642 Nunc

669 711 846 758 autem
905 694 1160 768 paulatim
1190 690 1265 746 illi
1313 688 1626 745 memoriam
1679 695 1960 746 revocans,
1990 687 2251 768 oportune

669 808 790 850 sese
813 763 1032 846 revelat.
1060 784 1127 840 Et
1154 782 1367 854 quidem
1396 778 1595 836 ludatis
1619 789 1764 844 saepe
1788 770 2110 834 dicentibus,
2148 763 2252 822 Us-

669 897 865 955 quequo
916 879 1142 934 animam
1194 882 1421 929 nostram
1477 867 1656 924 tollis!
1683 864 1786 955 Dic
1831 863 1974 917 nobis
2016 861 2060 915 si
2119 868 2254 955 tenes

672 947 904 1030 Christus
935 968 1111 1042 (λοιπε.
1172 965 1255 1021 10.
1293 963 1386 1032 ει)
1415 979 1430 1013 :
1461 960 1544 1014 bis
1593 971 1698 1012 non
1746 954 1894 1010 clare
1941 947 2252 1019 respondit;

673 1065 802 1121 huic
824 1077 954 1119 vero
979 1055 1262 1116 manifeste
1277 1054 1410 1110 dixit
1428 1067 1488 1108 se
1511 1050 1781 1106 Christum
1813 1060 1933 1101 esse
1956 1063 1970 1098 :
2004 1056 2124 1097 nam
2146 1052 2258 1094 me-

673 1157 778 1210 lius
801 1153 992 1208 affecta
1017 1148 1209 1205 mulier
1231 1154 1368 1212 erat,
1391 1156 1548 1213 quam
1579 1137 1770 1195 Judzei.
1786 1135 1865 1190 illi
1890 1133 2032 1188 enim
2061 1143 2164 1185 non
2189 1125 2255 1181 ad

673 1243 983 1301 discendum
1012 1237 1318 1310 quaerebant
1335 1267 1350 1292 ,
1376 1232 1472 1289 sed
1491 1241 1550 1285 ut
1576 1229 1750 1300 ipsum
1777 1240 1990 1295 semper
2012 1219 2258 1277 traduce-

677 1345 814 1391 rent.
837 1333 967 1389 Nam
993 1332 1039 1386 si
1073 1331 1284 1388 discere
1305 1325 1622 1384 voluissent,
1651 1321 1780 1376 satis
1807 1317 1994 1374 fuisset
2021 1311 2257 1369 doctrina

675 1426 982 1486 verborum.
1013 1420 1434 1490 Scripturarum,
1456 1415 1749 1482 signorum.
1772 1410 1861 1464 illa
1884 1421 2011 1462 vero
2033 1399 2261 1472 simplici

675 1525 858 1573 mente
883 1524 940 1570 et
959 1513 1172 1568 sincero
1196 1507 1389 1563 affectu
1411 1505 1750 1576 loquebatur,
1789 1511 1845 1556 ut
1873 1500 2046 1569 palam
2072 1504 2157 1551 est
2196 1509 2262 1549 ex
2326 1545 2328 1550 .

679 1609 749 1662 iis
780 1620 900 1677 qua:
923 1611 1105 1672 postea
1131 1599 1277 1654 fecit.
1309 1596 1444 1651 Nam
1473 1595 1674 1648 audivit
1702 1602 1755 1647 et
1782 1590 2026 1651 credidit,
2055 1596 2109 1642 et
2129 1585 2266 1641 alios

682 1695 750 1752 ad
781 1692 1108 1749 credendum
1140 1687 1365 1751 induxit,
1396 1686 1448 1739 in
1472 1685 1825 1752 omnibusque
1851 1680 2033 1735 videre
2048 1690 2132 1734 est
2151 1691 2268 1731 mu-

679 1785 825 1841 lieris
851 1782 1184 1852 diligentiam
1211 1787 1267 1833 et
1291 1775 1474 1831 fidem.
1503 1775 1594 1829 27.
1644 1770 1712 1826 Et
1736 1777 1974 1825 continuo
2026 1777 2266 1823 venerunt

680 1875 916 1945 discipuli
940 1875 1066 1944 ejus.
1092 1868 1436 1939 Tempestive
1466 1865 1834 1927 advenerunt,
1873 1877 1996 1917 cum
2023 1861 2267 1916 doctrina

681 1967 790 2036 jam
818 1962 1057 2035 perfecte
1075 1958 1276 2015 tradita
1329 1965 1495 2013 esset.
1546 1954 1619 2009 Et
1645 1952 1962 2007 mirabantur
1993 1952 2129 2022 quod
2157 1966 2272 2004 eum

683 2057 896 2110 muliere
933 2053 1234 2122 loqueretur.
1276 2046 1443 2102 Nemo
1493 2055 1660 2100 tamen
1697 2045 1843 2112 dixit,
1877 2041 2013 2109 Quid
2049 2040 2273 2113 auaris?

682 2156 792 2210 aut,
827 2143 961 2212 Quid
985 2141 1209 2212 loqueris
1241 2154 1358 2193 cum
1381 2153 1440 2192 ea
1465 2137 1493 2190 2

753 2237 809 2292 5.
839 2233 974 2303 Quid
1001 2229 1366 2287 mirabantur?
1395 2227 1745 2293 Faeilitatem,
1763 2225 2122 2280 humilitatem
2150 2232 2266 2278 tan-

686 2337 832 2392 tam;
858 2322 1000 2395 quod
1023 2333 1128 2377 tam
1157 2320 1476 2390 conspicuus
1516 2332 1638 2372 cum
1678 2326 1842 2381 esset,
1895 2330 1963 2370 eo
1997 2329 2056 2370 se
2084 2313 2275 2369 demit-

689 2429 804 2484 tere
849 2415 1177 2485 dignaretur,
1208 2423 1266 2465 ut
1293 2408 1570 2464 mulierem
1615 2409 1850 2476 inopem,
1886 2405 2275 2460 Samaritanam

688 2507 1069 2576 alloqueretur.
1126 2503 1380 2556 Attamen
1421 2499 1543 2554 licet
1586 2494 1899 2566 stupefacti,
1936 2508 2149 2549 causam
2173 2507 2276 2548 non

689 2595 1050 2668 quasierunt;
1082 2591 1152 2646 ita
1181 2605 1376 2660 nempe
1401 2587 1628 2644 instituti
1673 2596 1864 2652 erant,
1895 2593 1951 2639 ut
1988 2585 2279 2655 discipulo-

692 2701 810 2740 rum
830 2697 1043 2753 semper
1063 2681 1304 2737 ordinem
1333 2685 1579 2734 tenerent
1603 2694 1616 2731 :
1645 2677 1717 2731 ita
1742 2677 1912 2746 ipsum
1939 2676 2197 2731 timebant
2215 2691 2282 2732 ac

694 2773 1097 2830 reverebantur.
1142 2769 1364 2825 Etiamsi
1413 2769 1556 2824 enim
1609 2765 1847 2822 nondum
1895 2767 2107 2836 dignam
2163 2768 2278 2836 ejus

695 2863 1142 2922 existimationem
1208 2860 1500 2924 baberent,
1571 2865 1627 2912 at
1688 2857 1839 2926 quasi
1909 2856 2280 2911 admirandum

697 2955 981 3028 quemdam
1006 2955 1178 3008 virum
1201 2952 1374 3021 ipsum
1401 2947 1764 3021 suspiciebant
1793 2948 2279 3019 observabantque.

701 3050 957 3103 Attamen
983 3058 1127 3114 stupe
1155 3041 1496 3097 audentiores
1535 3040 1636 3094 visi
1661 3046 1808 3103 sunt,
1835 3049 1893 3092 ut
1912 3052 2032 3092 cum
2052 3037 2285 3094 Joannes

704 3149 865 3206 supra
893 3142 1080 3204 pectus
1113 3132 1229 3201 ejus
1252 3131 1531 3195 recubuit;
1572 3137 1627 3184 et
1664 3143 1784 3183 cum
1833 3136 2174 3183 accesserunt
2220 3129 2288 3184 ad

705 3244 826 3284 eum
847 3228 1101 3290 dicentes,
1127 3224 1254 3291 Quis
1269 3227 1433 3292 maior
1449 3233 1521 3278 est
1540 3223 1596 3276 in
1615 3239 1767 3294 regno
1785 3222 2026 3278 calatum
2053 3223 2074 3293 (
2098 3222 2285 3276 Matth.

706 3320 925 3388 18.1)?
968 3331 1090 3371 cum
1128 3316 1218 3369 filii
1240 3315 1487 3370 Zebedmi
1529 3323 1720 3386 rogant
1752 3323 1809 3368 ut
1835 3315 1974 3368 alter
2006 3329 2036 3369 a
2066 3315 2286 3382 dextris,

708 3411 845 3465 alter
883 3423 913 3463 a
951 3407 1183 3461 sinistris
1207 3405 1390 3460 sedeat
1419 3403 1613 3475 (ﬂare.
1642 3404 1728 3460 i0.
1763 3405 1848 3460 55.
1881 3406 1946 3460 37
1972 3405 2011 3476 ).
2037 3405 2144 3460 Cur
2163 3421 2292 3476 ergo

710 3503 798 3556 hic
836 3515 940 3554 non
1002 3498 1434 3567 interrogarunt?
1484 3497 1617 3566 Quia
1667 3509 1792 3553 tunc
1852 3513 1974 3553 cum
2021 3499 2088 3553 de
2135 3500 2293 3556 rebus

1337 394 1392 451 S.
1430 386 1703 449 JOANNIS
1737 373 2203 442 οηηγδοετωίι
2243 369 2560 430 ARCIIIEP.
2598 370 3126 431 CONSTANTINOP.

3831 370 3940 430 191

2359 503 2627 548 narratur.
2659 491 2818 562 Atqui
2843 491 3032 546 Petrus
3054 501 3231 547 tamen
3261 489 3536 546 ardentius
3564 502 3707 559 saepe
3738 499 3794 546 et
3819 505 3942 545 mo-

2356 591 2509 639 vetur
2546 593 2600 640 et
2641 581 2874 651 loquitur
2924 600 2936 638 :
2985 597 3047 636 ac
3091 581 3305 638 demum
3355 579 3625 635 Christum
3669 577 3943 636 dicentem

2355 673 2504 729 audit
2553 691 2567 728 :
2606 671 2788 736 Petra,
2845 688 2988 726 amas
3030 688 3110 726 me
3141 671 3264 740 plus
3311 671 3390 726 Itis
3442 671 3636 742 (Joau.
3673 669 3764 725 21.
3795 672 3943 738 15)?

2357 765 2458 832 Qui
2498 779 2627 818 vero
2653 762 2770 834 plus
2795 764 3007 819 eteteris
3033 763 3318 834 diligebat,
3349 763 3533 832 procul
3565 763 3728 817 dubio
3754 764 3945 832 dilige-

2359 853 2535 910 batur.
2557 854 2750 910 Verum
2780 854 3008 909 alterum
3039 869 3106 910 cx
3130 869 3313 909 amore
3335 869 3458 922 erga
3483 853 3684 918 Jesum,
3716 861 3946 908 alterum

2358 961 2424 1002 ex
2452 963 2634 1002 amore
2661 947 2786 1002 Jesu
2817 962 2940 1017 erga
2971 947 3119 1002 illum
3151 947 3325 1016 palam
3352 955 3490 1002 erat.
3527 947 3664 1013 Quid
3694 962 3822 1016 ergo
3869 946 3949 1001 illi

2361 1036 2502 1092 hunc
2526 1039 2779 1094 eximium
2811 1053 3047 1094 amorem
3074 1040 3422 1094 conciliavit?
3466 1039 3685 1094 Videtur
3704 1038 3835 1093 mihi
3861 1039 3951 1094 ille

2361 1128 2678 1184 modestiam
2723 1137 2779 1184 et
2818 1129 3279 1185 mansuetudinem
3309 1145 3554 1199 magnam
3599 1129 3948 1184 exhibuisse:

2362 1227 2684 1288 quapropter
2720 1234 2863 1290 stepe
2893 1235 3001 1276 non
3031 1222 3102 1276 ita
3131 1221 3299 1277 libere
3336 1231 3391 1276 et
3419 1220 3644 1277 fidenter
3663 1236 3824 1292 agere
3852 1222 3952 1276 de-

2363 1311 2730 1379 prehenditur.
2755 1312 2882 1368 Haec
2920 1323 3114 1384 quanta
3144 1315 3214 1368 sit
3251 1315 3438 1378 virtus,
3468 1329 3534 1369 ex
3564 1314 3747 1387 Moyse
3774 1317 3956 1386 argui-

2365 1410 2452 1455 tur
2479 1416 2639 1456 :nam
2667 1403 2782 1459 hac
2808 1405 2954 1459 illum
2985 1405 3144 1459 talem
3176 1414 3230 1459 et
3258 1413 3462 1458 tantum
3493 1403 3692 1460 effecit.

2442 1491 2717 1548 Humilitas
2733 1496 3116 1565 fundamentum
3133 1497 3388 1551 virtutum.
3414 1495 3716 1550 Diuitiarum
3734 1498 3952 1552 uanitas.

2338 1580 2705 1655 ‘Eleemosyna
2755 1587 3152 1639 commendatur.
3201 1614 3277 1627 —
3329 1585 3470 1641 Nihil
3523 1602 3617 1655 par
3671 1587 3956 1642 humilitati

2369 1683 2468 1729 est.
2498 1673 2621 1729 ideo
2645 1676 2770 1730 hinc
2815 1677 3172 1732 beatitudines
3200 1675 3450 1732 Christus
3491 1677 3690 1748 incepit
3718 1678 3738 1747 (
3765 1677 3955 1731 Matth.

2370 1766 2424 1822 5.
2457 1767 2541 1836 3).
2581 1765 2713 1845 Nam
2738 1769 2889 1837 quasi
2919 1768 3127 1823 aedificii
3173 1768 3386 1823 maximi
3436 1766 3842 1824 fundamentum
3875 1768 3956 1840 ja-

2371 1871 2574 1923 cturus,
2621 1857 2972 1913 humilitatem
3017 1860 3243 1930 primam
3301 1861 3478 1930 posuit
3549 1859 3718 1916 Nemo
3761 1862 3962 1932 quippe

2374 1959 2549 2020 potest
2575 1950 2777 2021 absque
2800 1951 2887 2006 illa
2914 1952 3140 2007 salutem
3169 1954 3460 2022 consequi;
3485 1953 3578 2008 sed
3603 1954 3812 2008 etiamsi
3839 1956 3962 2024 quis

2371 2045 2724 2115 jejunaverit,
2771 2045 2980 2102 etiamsi
3028 2057 3280 2116 precatus
3327 2047 3399 2102 sit
3455 2047 3966 2120 eleemosynamquo

2375 2136 2629 2204 erogarit,
2657 2136 2702 2189 si
2730 2135 2780 2189 id
2809 2137 3038 2207 superbe
3065 2137 3242 2203 faciat,
3271 2138 3386 2192 haec
3404 2139 3582 2193 omnia
3604 2138 3964 2193 abominanda

2378 2237 2538 2289 sunt;
2568 2233 2837 2281 utcontra
2870 2227 2915 2281 si
2960 2226 3099 2282 adsit
3143 2227 3433 2292 humilitas,
3484 2229 3662 2283 omnia
3713 2229 3968 2298 optabilia

2378 2319 2731 2390 amabiliaque
2759 2329 2884 2376 sunt
2911 2328 2966 2374 et
2997 2335 3118 2375 cum
3159 2320 3444 2376 securitate
3488 2331 3826 2376 exercentur.
3853 2321 3973 2376 Mn.

2379 2409 2531 2464 deste
2561 2411 2721 2481 igitur
2745 2425 2985 2481 agamus,
3033 2412 3239 2479 dilecti,
3269 2412 3510 2467 modeste
3539 2426 3760 2482 agamus
3784 2429 3797 2464 :
3821 2423 3976 2467 certe

2384 2501 2552 2557 facilis
2580 2503 2696 2557 haec
2712 2504 2889 2557 virtus
2906 2511 3016 2568 est,
3039 2503 3082 2557 si
3109 2503 3405 2573 vigilemus.
3427 2502 3566 2571 Quid
3590 2503 3802 2559 tandem
3834 2504 3977 2558 illud

2385 2603 2502 2659 est,
2535 2597 2605 2648 mi
2638 2594 2818 2658 homo,
2841 2595 2981 2664 quod
3011 2603 3062 2649 te
3099 2595 3150 2649 in
3181 2596 3546 2665 arrogantiam
3596 2597 3850 2650 extollit?
3871 2611 3976 2650 an-

2389 2700 2494 2740 non
2539 2686 2687 2740 vides
2731 2695 2935 2740 natura:
2974 2685 3278 2741 vilitatem?
3319 2686 3644 2740 voluntatem
3671 2686 3736 2740 ad
3767 2688 3980 2757 lapsum

2388 2779 2651 2848 pronam?
2680 2776 2863 2846 Cogita
2894 2789 3119 2832 mortem
3153 2786 3318 2843 tuam,
3354 2787 3694 2846 peccatorum
3731 2778 3983 2833 multitu-

2388 2870 2589 2926 dinem.
2637 2869 2834 2926 Verum
2866 2871 3106 2925 fortassis
3127 2870 3197 2924 ob
3241 2871 3405 2924 multa
3433 2871 3691 2940 praeclare
3718 2882 3869 2940 gesta
3898 2875 3986 2926 al-

2389 2969 2504 3017 tum
2533 2961 2710 3031 sapis?
2741 2960 2853 3016 iloc
2881 2962 2998 3031 ipso
3021 2963 3202 3016 omnia
3231 2963 3468 3016 amittes.
3499 2963 3835 3033 Quapropter
3873 2979 3987 3019 non

2393 3062 2500 3107 tam
2526 3059 2794 3122 peccator,
2817 3068 2975 3121 quam
3005 3052 3214 3106 virtutis
3258 3061 3492 3108 sectator
3533 3053 3810 3110 modestia:
3855 3071 3994 3124 ope-

2395 3160 2509 3201 ram
2536 3144 2664 3200 dare
2682 3143 2862 3198 debet.
2884 3142 3098 3210 Quare?
3123 3141 3252 3210 Quia
3290 3143 3378 3197 ille
3402 3158 3466 3198 ex
3488 3143 3815 3199 conscientia
3841 3143 3914 3198 ad
3936 3145 3992 3200 id

2401 3237 2641 3305 cogitur;
2694 3235 2780 3289 hic
2810 3248 2958 3298 vero,
2994 3233 3094 3288 nisi
3132 3234 3420 3305 admodum
3447 3234 3650 3304 vigilet,
3695 3235 3803 3290 cito
3831 3251 3937 3290 ceu
3964 3251 3994 3288 a

2400 3335 2561 3380 vento
2580 3325 2829 3395 quopiam
2851 3323 3114 3393 abripitur
3137 3331 3192 3378 et
3208 3323 3498 3390 evanescit,
3527 3325 3665 3380 sicut
3686 3323 4000 3381 Pharisurus

2399 3418 2508 3472 ille.
2539 3416 2643 3472 Sed
2674 3417 2996 3486 pauperibus
3021 3416 3252 3487 erogas?
3295 3416 3490 3472 Verum
3524 3431 3630 3471 non
3663 3427 3773 3484 tua,
3803 3418 3900 3473 sed
3930 3433 4002 3474 ea

2400 3526 2520 3581 quae
2567 3510 2775 3563 Domini
2832 3517 2989 3572 sunt,
3039 3523 3159 3577 qua:
3187 3518 3316 3564 sunt
3359 3509 3635 3564 conservis
3659 3510 4001 3566 communia.

709 3595 820 3648 illi!
847 3600 1114 3661 ageretur.
1161 3590 1466 3644 "000583in
1522 3590 1961 3656 SCiSCiubanlUl';
2007 3591 2094 3646 hic
2118 3601 2295 3646 θυωιιι
2405 3598 2634 3669 ideoqn'c
2663 3599 2937 3653 humiliter
2972 3599 3332 3664 sentiendum,
3381 3597 3510 3654 dum
3533 3599 3587 3654 in
3613 3598 4004 3654 contribulium

713 3697 800 3738 res
843 3681 972 3736 nihil
1012 3681 1078 3735 ad
1116 3695 1210 3734 eos
1257 3681 1576 3749 pertinebat.
1627 3679 1862 3736 Joannes
1901 3691 2078 3738 autem
2129 3685 2301 3740 multo
2405 3690 2818 3756 calamitatibus,
2865 3704 2985 3759 qua:
3022 3688 3116 3743 tibi
3173 3689 3376 3743 instent
3403 3687 3685 3758 prtevides,
3712 3700 3766 3743 et
3791 3698 4010 3745 natura:

714 3782 838 3842 post
867 3780 1105 3841 tempore
1135 3768 1236 3823 hoc
1266 3768 1440 3825 facere
1466 3771 1692 3835 solebat,
1726 3772 1937 3840 quando
1959 3773 2156 3827 Christi
2175 3789 2299 3845 erga
2410 3792 2513 3837 tuae
2538 3781 2900 3837 conditionem
2935 3781 2987 3834 in
3018 3779 3135 3834 aliis
3155 3778 3371 3834 ediseis.
3400 3778 3651 3836 Fortasse
3677 3795 3776 3834 nos
3801 3779 4013 3836 talibus

713 3877 776 3918 se
815 3861 1102 3917 dilectione
1145 3859 1333 3924 fretus,
1366 3861 1534 3930 magis
1575 3859 1770 3916 ﬁdebat
1804 3880 1817 3916 :
1851 3861 1950 3916 llic
1978 3863 2112 3916 enim
2160 3875 2301 3930 erat,
2409 3874 2512 3929 οι·ιί
2552 3888 2737 3928 sumus
2781 3871 3235 3941 progenitoribus.
3280 3871 3431 3938 Quod
3474 3872 3519 3926 si
3569 3871 3770 3928 divitiae
3807 3873 3876 3928 ad
3906 3890 4016 3929 nos

716 3953 904 4022 inquit,
946 3967 1092 4021 quem
1134 3950 1372 4021 diligebat
1419 3950 1572 4004 Jesus
1621 3948 1817 4020 (.‘i'oan.
1880 3953 1968 4008 l9.
2002 3952 2135 4023 26).
2166 3953 2289 4020 Quit

2413 3965 2695 4028 transiere,
2730 3965 2850 4018 illas
2895 3963 3034 4018 haud
3079 3962 3239 4019 dubie
3280 3963 3664 4034 relinquemus.
3705 3965 3844 4029 Quid
3873 3980 4018 4021 vero

719 4043 844 4098 huic
897 4039 1209 4096 beatitudini
1236 4040 1367 4109 par?
1418 4038 1612 4095 Verum
1661 4056 1763 4096 non
1794 4041 1879 4095 hic
1902 4043 2124 4112 gradum
2155 4044 2289 4098 sista

2412 4065 2536 4112 sunt
2559 4055 2796 4111 divitiae?
2824 4055 3018 4111 Umbra
3060 4055 3235 4110 inanis
3257 4098 3272 4123 ,
3317 4054 3494 4110 fumus
3521 4071 3849 4112 evanescens
3908 4057 4018 4113 llos

719 4148 861 4199 mus,
891 4131 1095 4199 dilecti,
1124 4140 1182 4185 ut
1223 4131 1522 4201 apostolum
1563 4134 1774 4187 beatum
1805 4134 2186 4204 pra-dicemus;
2214 4152 2289 4193 set

2415 4149 2566 4214 faeni,
2611 4149 2718 4202 imo
2747 4147 2880 4204 ﬂore
2903 4157 3030 4202 sunt
3053 4149 3291 4203 viliores.
3321 4147 3431 4202 Cur
3457 4147 3522 4202 de
3553 4147 3700 4203 faeno
3724 4149 3893 4203 altum
3922 4166 4018 4205 sa-

722 4223 858 4280 ιιίιιίι
885 4238 990 4278 non
1020 4237 1239 4294 agamus
1265 4233 1323 4278 ιιι
1345 4223 1398 4278 in
1443 4223 1722 4278 beatorum
1767 4241 1991 4281 numero
2024 4242 2311 4282 accensea-
2422 4237 2539 4307 pis?
2562 4236 2752 4292 Nonne
2780 4246 2835 4290 et
2875 4237 3104 4300 furibus,
3132 4246 3189 4292 et
3234 4237 3508 4302 mollibus,
3536 4247 3591 4292 et
3633 4240 4022 4296 meretricibus

724 4331 871 4383 mur;
896 4316 1164 4370 imitemur
1185 4316 1589 4385 evangelistam.
1613 4326 1663 4370 el
1691 4316 1966 4371 videamus
1993 4318 2119 4387 quid
2141 4333 2316 4373 causae
2421 4337 2476 4381 et
2496 4327 2863 4396 sepulcrorum
2890 4327 3238 4383 effossoribus
3265 4327 3464 4382 divitiae
3484 4328 3782 4386 accedunt?
3810 4330 4025 4387 ldenne

727 4407 902 4471 fuerit,
926 4403 1065 4474 quod
1101 4412 1300 4458 tantam
1327 4404 1425 4458 sibi
1456 4403 1654 4459 Christi
1704 4404 2047 4462 dilemioncm
2079 4408 2318 4464 attrahe-

728 4504 837 4551 net.
863 4496 1117 4562 Qumnam
1165 4487 1321 4550 causa
1354 4493 1490 4549 fuit?
1519 4495 1730 4549 Patrem
1778 4497 1988 4564 reliquit
2013 4508 2065 4551 et
2105 4499 2321 4553 navicu-

729 4585 834 4640 lam
865 4593 920 4638 et
945 4594 1080 4650 rete,
1112 4592 1167 4638 et
1202 4582 1382 4639 Jesnm
1414 4583 1671 4654 scq‘nutus
1722 4595 1826 4640 est.
1873 4585 2069 4641 Verum
2113 4588 2214 4643 hoc
2243 4589 2319 4642 illi

736 4689 1022 4729 commune
1050 4689 1170 4728 cum
1209 4674 1373 4730 fratre
1415 4689 1512 4730 suo
1539 4686 1652 4731 erat
1675 4718 1690 4743 ,
1724 4679 1959 4746 itemque
1998 4695 2118 4733 cum
2163 4681 2323 4736 Petro

733 4777 787 4818 et
817 4764 1050 4829 Andrea,
1087 4773 1140 4818 et
1170 4779 1289 4818 cum
1327 4767 1538 4820 caeteris
1567 4767 1849 4834 apostolis.
1881 4768 2016 4834 Quid
2067 4783 2194 4838 ergo
2214 4770 2326 4823 cxi-

737 4855 1134 4917 mium-habuit,
1167 4856 1306 4924 quod
1336 4865 1532 4910 tantam
1567 4857 1664 4925 ipsi
1692 4857 2032 4914 dilectionem
2069 4860 2320 4914 concilia-

739 4950 972 5006 ret?llle
997 4950 1064 5005 de
1108 4950 1289 5020 seipso
1313 4949 1444 5005 nihil
1484 4951 1788 5020 hujusmudi
1829 4951 1980 5017 dixit,
2011 4954 2112 5007 nisi
2156 4955 2326 5009 solum

739 5045 882 5114 quod
903 5045 1242 5116 diligeretur;
1271 5061 1487 5101 causam
1518 5063 1646 5101 vero
1672 5062 1766 5101 cur
1797 5047 2107 5117 diligeretur
2139 5051 2327 5104 mode-

742 5149 822 5193 ste
864 5140 1046 5194 tacuit.
1079 5138 1230 5204 Quod
1261 5139 1402 5193 enim
1455 5140 1652 5194 eximie
1697 5154 1726 5191 a
1758 5139 1972 5194 Christo
2022 5140 2332 5211 diligeretur

745 5230 995 5283 omnibus
1019 5230 1190 5298 palam
1213 5238 1327 5285 erat
1355 5247 1368 5283 :
1392 5240 1626 5284 attamen
1653 5245 1757 5286 non
1780 5231 2126 5286 observamus
2158 5234 2331 5301 ipsum

747 5318 1129 5388 alloquentem,
1159 5336 1219 5375 ac
1257 5323 1479 5376 seorsim
1511 5323 1896 5388 sciscitantem,
1930 5333 1986 5377 ut
2040 5323 2165 5378 fecit
2195 5341 2336 5393 saepe

750 5408 959 5473 Petrus,
993 5421 1049 5465 ut
1079 5411 1376 5482 Philippus,
1411 5422 1466 5467 ut
1491 5412 1679 5478 ludas,
1710 5423 1767 5467 ut
1793 5413 2062 5480 Thomas;
2089 5416 2187 5470 nisi
2223 5427 2338 5470 tan-

755 5513 867 5555 tum
890 5504 1054 5558 semel
1081 5505 1132 5558 in
1154 5505 1376 5574 gratiam
1400 5506 1694 5573 coapostoli
1721 5505 1802 5559 sui
1827 5507 2064 5573 rogantis
2093 5521 2174 5560 se.
2194 5507 2339 5562 'Nam

753 5591 1009 5648 innuente
1038 5595 1400 5664 apostolorum
1430 5597 1735 5668 coryphaao,
1767 5606 1892 5650 tunc
1921 5599 2229 5652 necessario
2257 5601 2340 5653 in-

2424 4418 2733 4471 intumescis
2758 4416 2900 4487 quod
2931 4418 3065 4474 tales
3094 4433 3254 4488 opum
3301 4428 3582 4474 consortes
3609 4418 3852 4476 habeas?
3910 4423 4025 4479 Sed

2425 4507 2642 4562 honoris
2665 4507 2887 4577 cupidus
2908 4509 3004 4563 es?
3037 4509 3233 4564 Verum
3263 4509 3393 4564 nihil
3435 4513 3500 4564 ad
3526 4511 3781 4567 honorem
3813 4529 4029 4584 oppor-

2425 4599 2603 4653 tunius
2619 4599 2978 4669 eleemosyna.
3011 4599 3140 4654 Nam
3171 4600 3406 4657 honores
3425 4618 3492 4658 ex
3518 4603 3719 4659 divitiis
3739 4615 3793 4658 et
3821 4617 4027 4674 poten-

2427 4690 2500 4743 tia
2527 4690 2682 4758 parti,
2715 4691 2884 4745 coacti
2915 4700 3039 4745 sunt
3067 4701 3120 4748 et
3149 4692 3351 4759 odiosi;
3381 4694 3436 4749 bi
3463 4712 3590 4751 vero
3613 4712 3682 4752 ex
3714 4698 3948 4754 arbitrio
3976 4714 4033 4756 et

2430 4782 2754 4836 conscientia
2786 4782 3160 4839 honorantium
3193 4787 3492 4854 prodeunt,
3523 4803 3660 4858 quos
3704 4807 3769 4844 ne
3814 4791 3849 4844 ii
3904 4795 4034 4862 qui-

2433 4873 2551 4927 dem
2603 4875 2690 4943 qui
2741 4875 3008 4929 honorant
3063 4877 3131 4931 de
3172 4879 3349 4933 medio
3384 4881 3572 4936 tollens
3601 4890 3839 4950 possunt.
3865 4883 4032 4951 Quod

2433 4966 2474 5019 si
2506 4965 2747 5021 homines
2774 4975 2974 5021 tantam
3007 4984 3131 5038 erga
3179 4971 3578 5043 cleemosynam
3621 4987 3913 5042 erogantes
3945 4994 4036 5034 re-

2437 5058 2732 5112 verentiam
2754 5057 2967 5120 habent.
2997 5070 3050 5114 et
3076 5063 3252 5116 omnia
3291 5063 3420 5131 ipsis
3450 5064 3586 5119 bona
3614 5079 3986 5136 apprecantur
4021 5091 4035 5125 :

2437 5147 2608 5216 cogita
2658 5157 2909 5216 quantam
2939 5165 2967 5203 a
2998 5151 3226 5220 benigno
3265 5151 3374 5206 Deo
3417 5153 3719 5210 mercedem
3749 5164 4036 5228 accepturi

2439 5240 2564 5300 sint,
2597 5255 2753 5309 quam
2795 5242 3220 5297 retributionem.
3257 5243 3360 5298 llas
3403 5260 3532 5314 ergo
3553 5263 3860 5319 quarramus
3890 5251 4041 5308 divi-

2443 5329 2541 5383 tias
2591 5344 2802 5398 semper
2831 5342 3128 5396 manentes,
3158 5349 3444 5404 numquam
3487 5336 3780 5405 fugientes;
3807 5351 3868 5394 ut
3894 5353 3955 5398 et
3982 5344 4037 5398 in

2445 5420 2542 5475 hac
2587 5423 2691 5475 vita
2735 5424 2932 5492 magni,
2983 5433 3036 5478 et
3084 5424 3134 5478 in
3179 5426 3269 5481 illa
3315 5429 3591 5497 conspicui
3635 5431 3827 5496 simus,
3871 5446 4042 5506 atque

2445 5522 2642 5566 aeterna
2671 5527 3060 5582 consequamur
3089 5515 3260 5576 bona:
3303 5519 3472 5587 gratia
3493 5529 3548 5575 et
3575 5522 3908 5593 benignitate
3938 5526 4045 5583 Do-

2449 5603 2576 5656 mini
2603 5604 2765 5656 nostri
2793 5602 2920 5659 Jesu
2941 5603 3136 5660 Christi
3157 5649 3171 5673 ,
3202 5607 3417 5677 quicum
3439 5609 3582 5667 Patri
3607 5614 3798 5684 gloria,
3819 5632 4048 5688 unaque

758 5686 1073 5754 terrogavit;
1115 5686 1166 5739 hi
1199 5687 1346 5740 enim
1371 5694 1555 5740 mutuo
1598 5700 1658 5740 se
1709 5701 1890 5742 amore
1918 5687 2224 5757 diligebant.
2256 5687 2344 5744 Sic
2448 5692 2663 5753 Spiritui
2693 5703 2898 5761 sancto,
2932 5710 3071 5750 nunc
3098 5704 3152 5753 et
3177 5711 3389 5768 semper
3417 5712 3471 5757 et
3501 5701 3548 5757 in
3583 5705 3775 5761 saecula
3805 5686 4046 5765 malo-

757 5775 812 5830 in
841 5778 1088 5849 templum
1127 5777 1280 5835 simul
1310 5777 1634 5845 ascendisse,
1663 5779 1818 5835 simul
1849 5780 2192 5836 concionatos
2221 5795 2338 5837 esse

2456 5795 2590 5838 rum.
2623 5787 2662 5836 Α
2671 5799 2812 5839 men.
