4162 6326
186 376 282 437 195

1208 364 1271 419 ΙΝ
1310 358 1628 420 ,ΙΟΑΝΝΕΜ
1668 358 1898 415 HOMIL.
1945 357 2181 413 XXXIV.
2222 358 2291 411 al.
2339 356 2574 412 XXXIII.

3368 362 3473 420 illi

190 475 2807 511 ___________________________________________.

1494 538 1843 602 HOMILIA
1889 535 2192 596 XXXIV.

183 658 268 714 28.
302 655 526 723 Reliquit
550 668 672 724 ergo
702 650 938 722 hydriant
975 662 1120 701 suam
1156 645 1356 710 mulier,
1397 653 1445 697 et
1472 643 1591 697 abiit
1619 642 1669 694 in
1694 640 1769 693 ci-

256 748 472 807 vitatem,
502 751 551 796 et
576 742 705 796 dixit
734 736 1015 793 hominibus
1045 750 1065 789 :
1083 734 1174 788 29.
1209 732 1401 801 Venite,
1430 734 1590 786 uidete
1612 730 1774 783 homi—

252 851 382 899 nem,
417 834 505 903 qui
534 833 665 887 dixit
705 829 831 883 mihi
867 840 1194 897 quascumque
1215 825 1312 897 feci
1339 840 1359 879 :
1385 822 1632 893 numquid
1660 821 1773 889 ipse

251 932 323 980 est
351 922 627 977 Christus?

255 1019 303 1071 Ι.
334 1014 608 1070 Ferverem
635 1010 945 1065 audientium
985 1008 1171 1063 excitat
1229 1005 1616 1077 Chrysostomus
1659 1017 1773 1055 cum

189 1109 350 1162 rerbis
376 1104 599 1167 Christi,
627 1112 730 1155 tum
759 1099 986 1171 aremplo
1009 1098 1234 1152 mulieris
1264 1096 1607 1152 Samaritana
1629 1094 1774 1161 cujus

192 1198 346 1250 etiam
372 1195 705 1247 humilitatem
726 1190 920 1244 laudat.
944 1189 1177 1244 Christus
1200 1204 1351 1258 quam
1378 1186 1443 1241 de
1475 1183 1641 1239 salute
1676 1183 1773 1236 Ita-

182 1288 374 1339 minum
392 1284 663 1346 sollicitus,
682 1297 831 1351 quam
857 1280 911 1333 in
935 1278 1239 1332 inculcanda
1264 1276 1495 1330 doctrina
1518 1272 1776 1343 prudens!

181 1376 437 1429 -Μιιιιο
472 1389 571 1428 nos
601 1372 811 1426 fervore
837 1377 1069 1439 oportet,
1103 1368 1271 1422 multo
1318 1366 1537 1421 excitari
1567 1362 1771 1424 studio;

181 1467 419 1535 alioquin
443 1463 701 1533 promissa
720 1462 857 1515 bona
880 1460 1131 1529 consequi
1162 1473 1265 1511 non
1290 1457 1603 1527 poterimus.
1622 1451 1775 1520 Quod

186 1556 500 1627 signiﬁcans
547 1553 790 1609 Christus
836 1551 996 1605 modo
1040 1549 1253 1619 quidem
1299 1549 1373 1602 ait
1402 1569 1417 1604 :
1445 1546 1507 1602 Si
1536 1548 1645 1614 quis
1672 1559 1773 1597 non

183 1648 370 1714 accipit
400 1659 599 1698 crucem
622 1659 790 1708 suam,
817 1650 865 1694 et
902 1638 1126 1708 sequitur
1151 1655 1248 1702 me,
1276 1654 1378 1693 non
1396 1648 1469 1692 est
1491 1652 1570 1690 me
1592 1636 1774 1703 dignus

188 1736 419 1807 (Matth.
458 1735 538 1789 10.
570 1732 672 1805 58)
696 1749 711 1798 ;
734 1731 892 1787 modo
921 1740 1130 1796 autem,
1160 1728 1340 1801 Ignem
1368 1728 1480 1782 ueni
1501 1728 1694 1779 mittere
1722 1725 1776 1777 in

184 1837 366 1879 terram
387 1867 402 1892 ,
436 1835 483 1879 et
506 1823 626 1894 quid
652 1823 763 1877 volo
782 1823 883 1875 nisi
900 1832 952 1875 ut
972 1821 1277 1874 accendatur
1312 1816 1480 1890 (Luc.
1513 1816 1600 1871 12.
1628 1815 1699 1871 49
1718 1815 1774 1885 )?

186 1916 425 1986 Utroque
472 1915 635 1981 dicto,
680 1912 979 1969 ferventem
1029 1913 1413 1980 incensumque
1453 1907 1773 1977 discipulum

186 2010 363 2073 nobis,
388 2020 438 2063 et
461 2008 530 2063 ad
557 2005 733 2061 omnia
762 2004 1037 2059 subeunda
1070 2003 1301 2074 pericula
1343 2009 1585 2071 paratum
1611 1999 1779 2069 signi-

186 2104 329 2156 licat.
393 2099 537 2154 Talis
590 2104 708 2152 erat
759 2105 812 2150 et
860 2096 977 2149 hrec
1024 2093 1257 2149 mulier:
1289 2093 1361 2147 ita
1405 2091 1549 2147 enim
1595 2088 1776 2143 verbis

185 2191 386 2248 Christi
418 2191 631 2243 incensa
662 2197 773 2253 cst,
804 2194 861 2240 ut
886 2185 1074 2241 relicta
1130 2183 1320 2256 hydria
1348 2191 1405 2238 et
1432 2195 1591 2251 aqua,
1623 2178 1777 2247 cujus

186 2282 353 2352 gratia
386 2295 452 2336 eo
470 2285 825 2340 concesserat,
856 2267 913 2332 et
942 2277 994 2329 in
1022 2274 1205 2330 urbem
1228 2286 1537 2335 accurrens,
1564 2271 1777 2323 univer-

188 2389 306 2428 sum
341 2371 597 2442 populum
622 2370 689 2425 ad
727 2369 908 2426 Jcsum
946 2367 1205 2423 traheret.
1258 2364 1453 2431 Venite,
1512 2364 1699 2433 inquit,
1731 2370 1778 2415 et

189 2468 351 2519 ridete
374 2465 647 2529 hominem,
676 2464 763 2533 qui
792 2462 921 2515 dixit
958 2461 1084 2514 mihi
1108 2460 1279 2514 onmia
1306 2472 1631 2529 quacumque
1653 2456 1773 2527 feci.

194 2554 321 2610 Vide
353 2554 612 2616 studium,
642 2555 763 2608 vide
798 2551 1157 2622 prudentiam.
1205 2549 1440 2604 Venerat
1487 2556 1546 2602 ut
1585 2561 1776 2615 aquam

189 2646 451 2708 hauriret,
485 2655 688 2700 etcum
734 2658 921 2698 verum
953 2642 1153 2697 fontem
1207 2640 1522 2706 invenisset,
1578 2637 1779 2692 fontem

190 2738 286 2792 sub
312 2752 537 2791 sensum
566 2735 846 2790 cadentem
894 2733 1163 2803 despexit,
1197 2741 1256 2786 ut
1282 2746 1381 2784 nos
1407 2729 1645 2793 doceret,
1678 2728 1780 2782 etsi

190 2829 384 2896 exiguo
411 2826 677 2896 exemplo,
716 2824 979 2895 spirituali
1009 2823 1265 2877 doctrinae
1296 2821 1529 2876 intentos
1551 2817 1781 2873 srecula-

190 2921 266 2973 ria
287 2930 645 2975 contemnere
673 2928 945 2987 oportere,
978 2917 1283 2985 nullamque
1309 2924 1567 2984 quantum
1596 2912 1645 2964 in
1680 2925 1780 2964 no-

192 3010 270 3065 bis
296 3020 405 3071 est.
440 3011 655 3063 illorum
684 3010 942 3061 rationem
988 3007 1207 3061 habere.
1240 3005 1394 3073 Quod
1450 3013 1507 3059 et
1552 3002 1781 3072 apostoli

192 3103 460 3167 iecerunt,
508 3102 618 3171 ipsa
645 3115 876 3171 quoque,
902 3101 1011 3154 imo
1045 3098 1340 3154 ferventius
1385 3097 1649 3167 prtestitit.
1704 3094 1784 3149 llli

192 3209 423 3271 uatnqne
474 3194 668 3256 vocati,
716 3193 849 3245 retia
898 3190 1252 3256 dimiserunt;
1298 3191 1412 3244 haec
1440 3203 1566 3243 vero
1592 3196 1785 3257 sponte

191 3300 311 3351 sna,
340 3285 491 3338 nullo
521 3283 883 3352 prtecipientc,
912 3281 1165 3351 relinquit
1195 3281 1437 3353 bydriam
1475 3287 1530 3335 et
1555 3292 1786 3349 evange—

194 3376 441 3430 lismrum
490 3374 665 3429 ol’llcio
712 3373 963 3444 fungitur,
1009 3356 1205 3443 gaudio
1236 3372 1335 3441 ipsi
1361 3372 1475 3425 alas
1520 3369 1784 3451 addente;

193 3484 366 3536 neque
414 3481 578 3519 unum
622 3474 713 3519 aut
754 3465 1005 3529 alterum,
1040 3473 1100 3518 ut
1131 3462 1375 3517 Andreas
1395 3471 1450 3516 et
1476 3460 1785 3529 Philippus,

191 3558 284 3612 sed
310 3559 618 3612 universam
641 3564 942 3611 commovet
968 3555 1262 3619 civitatem,
1294 3563 1346 3608 et
1385 3560 1588 3606 tantum
1622 3566 1791 3621 papu-

194 3649 300 3702 Ium
330 3649 401 3700 ad
428 3646 700 3700 Christum
725 3646 959 3699 adducit.
1005 3644 1073 3699 Et
1112 3645 1233 3698 vide
1281 3658 1442 3713 quam
1495 3640 1790 3712 prudenter

194 3740 466 3808 loquatur.
499 3737 611 3790 Non
655 3737 806 3800 dixit,
860 3735 1069 3800 Venite,
1122 3735 1300 3789 videte
1340 3732 1642 3797 Christum;
1694 3728 1790 3785 sed

192 3845 312 3885 cum
366 3828 556 3883 eadem
600 3828 1051 3895 attemperatione
1097 3841 1202 3895 qua
1234 3825 1477 3880 Christus
1508 3825 1676 3894 ipsam
1702 3836 1793 3877 ce-

194 3930 367 3989 pcrat,
406 3920 523 3972 illos
540 3918 725 3972 allicit.
770 3916 960 3984 Venite,
993 3918 1187 3987 inquit,
1210 3917 1373 3970 videte
1402 3916 1676 3978 hominem,
1706 3912 1793 3983 qui

192 4012 320 4063 dixit
352 4009 479 4061 mihi
502 4009 673 4062 omnia
697 4023 1019 4078 quwcumque
1044 4007 1160 4075 feci.
1188 4005 1295 4060 Nec
1325 4006 1513 4076 puduit
1536 4006 1679 4059 illam
1711 4004 1793 4059 di-

193 4117 340 4165 cere,
376 4100 519 4154 Dixit
549 4099 672 4152 mihi
707 4101 876 4154 omnia
914 4114 1241 4169 qutccumque
1292 4102 1427 4168 fect;
1466 4098 1569 4152 etsi
1613 4096 1795 4151 dicere

195 4193 492 4261 potuisset,
548 4189 775 4257 Venite,
826 4190 1001 4243 videte
1049 4190 1361 4259 prephetam
1396 4204 1623 4243 :verum
1669 4203 1793 4242 cum

192 4286 375 4339 anima
401 4286 586 4338 divino
618 4284 739 4353 igne
784 4296 1044 4339 suerensa
1075 4292 1177 4348 cst,
1202 4282 1331 4335 nihil
1356 4283 1492 4337 ultra
1522 4290 1793 4337 terrenum

192 4378 441 4447 respicit,
480 4390 587 4429 non
634 4373 851 4438 famam,
901 4389 1011 4428 non
1066 4372 1375 4440 infamiam;
1425 4373 1517 4428 sed
1566 4372 1797 4427 ﬂamma:

193 4478 405 4522 tantum
436 4466 631 4520 ardore
675 4475 939 4520 movetur.
975 4462 1241 4534 Numquid
1266 4464 1375 4532 ipse
1412 4473 1485 4518 est
1528 4462 1799 4518 Christus?

194 4559 586 4613 Animadverte
632 4557 822 4609 iterum
866 4570 1113 4625 magnam
1164 4554 1403 4608 mulieris
1454 4553 1792 4622 sapientiam.

191 4650 383 4720 Neque
418 4650 629 4718 penitus
649 4646 900 4714 afﬁrmat,
934 4661 1110 4715 neque
1158 4645 1366 4699 reticet.
1398 4642 1625 4698 Volebat
1654 4645 1795 4697 enim

193 4759 301 4795 non
330 4757 403 4795 ex
429 4740 684 4809 opinione
710 4753 804 4792 sua
833 4739 952 4793 illos
984 4736 1275 4801 inducere;
1308 4735 1403 4790 sed
1442 4736 1533 4789 illo
1573 4735 1755 4790 audito
1779 4778 1793 4803 ,

190 4834 345 4901 ipsos
373 4845 487 4884 sua:
517 4830 798 4883 sententiae
820 4837 1099 4882 consortes
1124 4826 1348 4888 habere,
1380 4824 1519 4879 unde
1550 4840 1636 4879 res
1681 4840 1796 4877 ma-

187 4923 272 4990 gis
303 4918 607 4991 probabilis
629 4933 852 4973 evasura
879 4927 1018 4972 erat.
1077 4918 1239 4986 Atqui
1281 4933 1389 4970 non
1423 4925 1587 4969 totam
1638 4915 1798 4968 vitam

188 5027 350 5064 suam
384 5010 488 5079 ipsi
519 5006 764 5063 Christus
793 5007 1193 5070 declaraverat;
1243 5005 1337 5060 sed
1366 5020 1433 5059 ex
1458 5005 1615 5058 dictis
1635 5014 1797 5059 (κρω-

191 5115 387 5154 rerum
412 5112 630 5169 quoque
673 5097 917 5152 notitiam
948 5096 1121 5166 ipsum
1172 5095 1371 5151 habere
1416 5096 1663 5149 credidit.
1693 5095 1800 5149 Nec

190 5189 355 5257 dixit,
386 5189 601 5253 Venite,
624 5188 859 5251 credite;
887 5187 1001 5251 scd,
1044 5185 1238 5250 Venite,
1270 5187 1450 5251 videte,
1503 5187 1642 5255 quod
1672 5201 1801 5241 sane

192 5282 375 5334 levius
409 5288 548 5342 erat,
607 5288 664 5332 et
710 5277 876 5347 magis
908 5277 1054 5346 ipsos
1079 5276 1298 5331 allicere
1341 5286 1568 5346 poterat.
1615 5276 1801 5330 Vidisti

190 5372 450 5427 mulieris
476 5370 840 5439 sapientiam?
881 5369 1099 5423 Sciebat
1127 5370 1267 5423 enim
1299 5382 1351 5423 et
1380 5370 1537 5437 plane
1578 5369 1799 5433 sciebat,

191 5464 286 5519 illo
331 5466 627 5531 degustato
671 5460 839 5526 l‘onte,
884 5460 1114 5529 idipsum
1171 5461 1278 5514 illis
1323 5472 1637 5515 eventurum
1683 5476 1802 5515 esse

190 5556 339 5625 quod
404 5555 506 5609 sibi
558 5562 833 5607 evenerat.
880 5554 1041 5622 Atqui
1087 5552 1224 5606 alius
1271 5553 1554 5607 crassioris
1583 5553 1800 5623 ingenii,

191 5646 643 5702 criminationem
693 5644 795 5699 sibi
850 5644 1042 5700 factam
1100 5645 1381 5699 obscurius
1432 5645 1685 5711 dixisset;
1718 5645 1802 5699 illa

194 5752 332 5794 vero
360 5741 525 5791 vitam
555 5752 711 5792 suam
740 5736 974 5791 declarat
1001 5747 1055 5789 et
1090 5737 1140 5790 in
1174 5737 1406 5791 medium
1434 5738 1646 5791 adducit
1675 5778 1689 5801 ,
1749 5744 1807 5791 ut

197 5846 401 5887 milites
439 5830 736 5885 attraltcrct
794 5836 1131 5897 capel’clque.
1183 5829 1270 5883 51.
1315 5826 1517 5882 Interea
1564 5829 1806 5901 rogabant

1876 653 1990 689 eum
2010 635 2253 705 discipuli
2308 638 2437 702 eius,
2488 638 2713 693 dicentes
2747 639 2971 706 :Rabbi,
3001 641 3277 695 manduca.
3307 640 3435 695 Illud
3454 682 3469 705 ,

1876 726 2168 797 Rogabant,
2221 727 2476 783 idiomate
2516 744 2616 785 suo
2654 729 2741 785 hic
2768 728 3053 801 signiﬁcat,
3088 731 3471 790 Hortabantur.

1878 821 2135 876 Videntes
2177 820 2323 875 enim
2353 836 2473 875 eum
2505 836 2572 876 ex
2598 822 2791 877 itinere
2829 832 2885 878 et
2927 833 3061 878 testu
3086 822 3428 894 defatigatum
3456 867 3470 890 ,

1877 910 2228 966 hortabantur
2255 927 2400 967 eum.
2441 912 2558 967 Non
2613 915 2757 969 enim
2789 930 2853 969 ex
2882 916 3176 984 petulantia
3202 957 3216 976 .
3268 917 3364 972 sed
3404 932 3470 972 ex

1868 1016 2061 1057 amore
2087 1000 2325 1056 doctoris
2352 1003 2418 1057 ad
2444 1004 2623 1057 cibum
2650 1005 2969 1059 sumendum
3008 1006 3301 1073 pellebant.
3333 1007 3468 1074 Quid

1877 1105 2007 1162 ergo
2029 1091 2316 1147 Christus?
2345 1094 2435 1149 52.
2469 1094 2577 1166 Ego
2601 1095 2767 1149 cibum
2791 1097 2948 1152 habeo
2972 1100 3299 1165 manducare,
3318 1116 3473 1172 quem

1879 1199 1963 1236 vos
1984 1184 2181 1236 nescitis
2210 1198 2229 1237 :
2249 1184 2338 1239 55.
2382 1184 2630 1240 Dicebant
2658 1203 2778 1256 ergo
2817 1189 2887 1241 ad
2925 1190 3136 1243 invicem
3163 1205 3184 1244 :
3208 1188 3471 1260 Numquid

1879 1272 2061 1342 aliquis
2081 1275 2251 1326 attulit
2276 1275 2322 1327 ei
2343 1276 2647 1330 manducare
2669 1277 2694 1330 ?
2713 1277 2849 1345 Quid
2876 1294 3004 1349 ergo
3035 1280 3247 1334 miraris
3277 1280 3322 1335 si
3351 1297 3471 1334 mu-

1868 1360 1981 1415 lier
2030 1376 2222 1429 aquam
2252 1365 2498 1431 audiens,
2534 1381 2660 1420 vere
2686 1382 2877 1437 aquam
2928 1384 3049 1424 esse
3075 1369 3468 1437 arbitrabatur,

1880 1454 2092 1523 quando
2132 1454 2378 1524 discipuli
2434 1457 2548 1524 pari
2589 1467 2717 1513 sunt
2780 1464 2947 1519 modo
3005 1459 3203 1523 aﬂ‘ecti,
3234 1462 3474 1531 nihilque

1881 1545 2160 1615 Spirituale
2184 1546 2524 1615 intelligunt;
2570 1547 2666 1604 sed
2696 1548 2960 1614 dubitant,
2985 1549 3110 1606 dum
3139 1551 3348 1608 doctori
3384 1570 3471 1608 reo

1881 1639 2177 1692 verentiam
2200 1647 2255 1693 et
2286 1637 2545 1694 honorem
2572 1655 2672 1710 pro
2700 1656 2852 1696 more
2885 1642 3166 1707 exhibent,
3201 1658 3264 1697 ac
3290 1652 3474 1697 mutue

1881 1726 2287 1796 colloquuntur,
2313 1744 2412 1785 nec
2433 1730 2631 1785 audent
2648 1731 2717 1786 ab
2738 1732 2830 1785 illo
2855 1731 3156 1786 sciscitari?
3179 1732 3290 1787 lloc
3316 1732 3476 1787 etiam

1882 1816 2008 1871 alibi
2037 1817 2256 1882 faciunt,
2313 1817 2440 1872 dum
2482 1821 2815 1889 interrogare
2857 1821 3154 1891 cupientes.
3209 1822 3483 1879 abstinent

1884 1916 2083 1962 tamen.
2114 1907 2251 1976 Quid
2277 1924 2404 1979 ergo
2425 1909 2707 1966 Christus?
2739 1913 2828 1968 54.
2863 1910 3011 1967 Heus
3031 1913 3171 1968 cibus
3190 1922 3283 1980 est,
3314 1924 3369 1969 ut
3400 1920 3483 1986 fa-

1882 1999 2014 2052 ciam
2055 2001 2359 2054 voluntatem
2400 2002 2509 2072 ejus
2532 2004 2622 2071 qui
2647 2003 2782 2056 misit
2828 2020 2907 2057 me
2930 2046 2944 2069 ,
2977 2013 3025 2058 et
3050 2006 3312 2075 perﬁciam
3352 2022 3481 2077 opus

1883 2092 2013 2162 ejus.
2046 2090 2330 2146 llominum
2380 2094 2606 2148 salutem
2638 2093 2726 2148 hic
2750 2094 2929 2149 cibum
2962 2103 3138 2162 vocat,
3192 2097 3481 2152 ostendens

1884 2195 2005 2235 cum
2024 2191 2222 2251 quanta
2245 2197 2373 2238 cura
2400 2184 2555 2238 nobis
2581 2184 2873 2253 provideat.
2900 2185 2968 2242 Ut
2989 2187 3131 2241 enim
3154 2202 3251 2242 nos
3278 2188 3478 2255 cibum,

1885 2273 1957 2328 ita
1985 2274 2071 2327 ille
2098 2284 2337 2329 nostram
2359 2277 2589 2331 salutem
2617 2277 2907 2333 desiderat.
2939 2279 3077 2333 Audi
3098 2295 3227 2335 vero
3260 2296 3367 2351 quo
3386 2298 3481 2351 pa—

1882 2373 1971 2419 cto
2002 2379 2108 2417 non
2138 2364 2336 2435 ubique
2357 2366 2533 2420 omnia
2563 2368 2671 2422 cito
2701 2370 2922 2436 revelet,
2954 2369 3048 2424 sed
3077 2372 3253 2441 primo
3273 2372 3484 2425 audito-

1886 2469 1999 2507 rem
2029 2456 2080 2508 in
2116 2455 2501 2513 dubitationem
2530 2457 2806 2530 conjiciat,
2832 2470 2889 2514 ut
2925 2472 3209 2537 postquam
3236 2479 3482 2533 quaerere

1886 2545 2084 2614 incepit
2129 2546 2252 2616 quid
2285 2548 2351 2601 sit
2382 2546 2513 2604 illud
2561 2550 2705 2619 quod
2755 2552 2971 2617 dicitur,
3024 2567 3149 2607 cum
3188 2553 3481 2608 dubitando

1886 2635 2114 2701 laborat,
2146 2637 2402 2693 libentius
2431 2638 2483 2695 id
2511 2640 2652 2711 quod
2697 2643 2973 2711 quaerebat
3003 2644 3309 2711 expositum
3337 2645 3482 2698 acci-

1886 2730 2017 2797 piat,
2048 2735 2104 2781 et
2130 2727 2196 2782 ad
2225 2729 2549 2786 audiendum
2576 2732 2743 2802 magis
2764 2734 3049 2787 excitetur.
3080 2734 3185 2788 Cur
3214 2749 3341 2804 ergo
3373 2749 3478 2789 non

1887 2818 2066 2871 statim
2096 2817 2250 2886 dixit,
2274 2819 2419 2874 Meus
2436 2821 2575 2877 cibus
2600 2833 2745 2877 estut
2768 2826 2956 2897 faciam
2983 2827 3285 2880 voluntatem
3310 2825 3485 2881 Patris

1888 2910 1988 2964 mei
2015 2927 2032 2965 :
2061 2912 2203 2982 quod
2250 2914 2352 2967 etsi
2383 2928 2491 2968 non
2536 2915 2756 2969 omnino
2797 2917 3024 2979 clarum,
3064 2927 3243 2971 tamen
3290 2919 3487 2973 clarius

1890 3002 1984 3056 illo
2014 3013 2149 3069 erat,
2177 3005 2317 3073 quod
2337 3005 2447 3075 jam
2476 3004 2719 3072 dixerat;
2747 3008 2841 3063 sed
2872 3009 3041 3077 quid?
3065 3007 3176 3080 Ego
3200 3010 3367 3063 cibum
3388 3011 3486 3063 ha-

1889 3092 1981 3147 beo
2008 3094 2335 3159 manducare,
2380 3112 2525 3165 quem
2558 3112 2645 3151 vos
2690 3098 2911 3153 nescitis.
2962 3098 3145 3155 Primo
3196 3100 3373 3171 igitur,
3432 3110 3491 3155 ut

1891 3184 2022 3247 dixi,
2053 3202 2119 3241 ex
2161 3186 2494 3243 dubitatione
2538 3189 2862 3247 attentiores
2909 3189 3036 3246 illos
3086 3189 3285 3256 reddit,
3329 3200 3489 3262 atque

1891 3276 2199 3343 assuefacit,
2231 3280 2475 3333 utetiam
2523 3294 2620 3349 per
2640 3281 2944 3351 mnigmata,
2977 3281 3118 3337 dicta
3164 3283 3488 3352 intelligant.

1890 3368 2029 3437 Quid
2082 3378 2260 3423 autem
2319 3369 2389 3423 sit
2434 3370 2681 3424 voluntas
2718 3371 2909 3437 Patris,
2940 3371 3194 3441 deinceps
3238 3374 3491 3442 explicat.

1892 3459 1983 3515 55.
2043 3456 2354 3513 Nonne‘ros
2402 3459 2607 3524 dicitis,
2654 3461 2790 3525 quod
2836 3461 3007 3516 adhuc
3054 3474 3273 3531 quatuor
3298 3479 3491 3519 menses

1894 3560 2043 3615 sunt,
2095 3560 2141 3603 et
2175 3549 2350 3603 messis
2386 3550 2563 3604 venit?
2610 3548 2743 3606 Ecce
2790 3551 2904 3605 dico
2944 3553 3111 3618 vobis,
3164 3550 3347 3607 Leuate
3372 3569 3491 3607 ocu-

1896 3642 1972 3697 los
1997 3651 2185 3695 vestros
2205 3683 2220 3707 ,
2254 3651 2302 3696 et
2348 3641 2510 3697 videte
2545 3644 2795 3715 regiones,
2831 3644 2950 3714 quia
2980 3644 3110 3698 allus
3142 3653 3261 3699 sunt
3286 3646 3394 3715 jam
3423 3646 3491 3699 ad

1896 3748 2127 3786 messem.

1968 3822 2023 3877 2.
2045 3822 2122 3877 En
2150 3836 2360 3877 rursum
2383 3823 2729 3879 familiaribus
2746 3824 2926 3880 verbis
2949 3824 3069 3881 illos
3089 3824 3156 3880 ad
3178 3824 3482 3881 sublimium

1898 3928 2078 3967 rerum
2106 3915 2607 3983 contemplationem
2631 3916 2805 3988 erigit.
2834 3916 2966 3972 Nam
2991 3933 3112 3973 cum
3141 3916 3315 3975 Cibum
3335 3917 3491 3983 dixit,

1901 4005 2031 4059 nihil
2054 4005 2193 4059 aliud
2222 4021 2380 4075 quam
2412 4009 2637 4061 futuram
2669 4007 2942 4063 hominum
2983 4009 3212 4064 salutem
3253 4009 3492 4067 declara-

1900 4096 2013 4160 vit;
2059 4111 2186 4166 agcr
2226 4112 2439 4151 rursum
2479 4108 2534 4152 et
2572 4098 2764 4153 messis
2805 4100 2905 4153 hoc
2948 4101 3124 4169 ipsum
3169 4101 3489 4168 signiﬁcant,

1900 4190 2199 4245 animarum
2229 4206 2420 4260 nempe
2447 4190 2843 4247 multitudinem
2871 4190 2935 4245 ad
2962 4190 3317 4262 praedicantes
3338 4194 3494 4248 exci-

1903 4279 2127 4349 piendos
2152 4289 2412 4349 paratam.
2440 4279 2636 4335 Oculos
2658 4290 2835 4335 autem
2874 4281 2957 4336 hic
2980 4282 3107 4337 dicit
3129 4294 3182 4337 et
3206 4283 3398 4338 mentis
3438 4293 3493 4338 cl

1903 4372 2146 4440 corporis
2178 4390 2190 4425 :
2222 4386 2344 4426 nam
2372 4371 2622 4426 videbant
2655 4369 3116 4427 Samaritanorum
3160 4373 3369 4428 turbam
3399 4389 3493 4429 ve-

1905 4465 2141 4519 nientem
2172 4481 2187 4518 :
2213 4463 2425 4518 illorum
2468 4478 2595 4519 vero
2634 4472 2933 4533 promptam
2962 4464 3286 4519 voluntatem
3314 4465 3493 4535 regio-

1906 4570 2003 4611 nes
2027 4556 2177 4611 albas
2206 4556 2459 4626 appellat.
2492 4556 2953 4623 Quemadmodum
2984 4557 3127 4610 enim
3157 4557 3340 4626 spicae,
3368 4570 3490 4611 cum

1904 4648 2041 4702 albae
2070 4657 2224 4713 sunt,
2252 4648 2361 4716 jam
2400 4647 2465 4701 ad
2518 4644 2747 4702 messem
2786 4658 2911 4702 sunt
2945 4657 3145 4716 paratae
3176 4665 3189 4701 :
3220 4649 3298 4702 sic
3327 4658 3379 4702 et
3409 4650 3494 4703 isti

1906 4738 1971 4793 ad
2000 4737 2221 4793 salutem
2258 4739 2367 4808 jam
2415 4749 2539 4793 sunt
2582 4739 2747 4807 parati
2790 4747 2843 4792 et
2894 4737 3091 4792 idonei.
3137 4737 3206 4793 Et
3245 4753 3343 4793 cur
3389 4756 3494 4793 non

1904 4830 2050 4885 clare
2076 4829 2231 4895 dixit,
2281 4828 2400 4883 illos
2438 4829 2501 4883 ad
2534 4828 2859 4884 credendum
2896 4828 3175 4893 accedere,
3203 4840 3255 4884 et
3284 4840 3496 4898 paratos

1906 4923 1971 4975 ad
2004 4922 2223 4977 verbum
2254 4920 2652 4990 suscipiendum
2677 4936 2817 4985 esse,
2847 4937 2875 4973 a
2902 4922 3174 4991 praphetis
3198 4921 3308 4990 jam
3342 4923 3496 4976 insti-

1909 5023 2070 5077 tutos,
2094 5022 2147 5068 et
2175 5012 2402 5067 fructum
2453 5012 2793 5078 reddituros;
2837 5011 2940 5068 sed
2981 5013 3251 5084 regionem
3274 5025 3328 5068 et
3357 5029 3497 5069 mes-

1908 5119 2024 5159 sem
2067 5106 2215 5173 ipsos
2255 5100 2590 5173 appellavit?
2628 5105 2753 5175 quid
2780 5085 2900 5161 'sibi
2941 5107 3126 5161 volunt
3163 5105 3247 5161 ha:
3274 5107 3499 5175 ἰξευτωῖ

1908 5193 2092 5263 Neque
2119 5195 2259 5248 enim
2300 5194 2385 5248 hic
2430 5204 2656 5262 tantum,
2702 5195 2796 5250 sed
2823 5197 2982 5251 etiam
3008 5210 3105 5266 per
3129 5205 3296 5252 totum
3334 5212 3503 5251 evan~

1908 5286 2103 5355 gelium
2132 5284 2183 5339 id
2214 5288 2321 5354 agit
2349 5303 2361 5337 :
2393 5293 2447 5339 et
2482 5285 2755 5355 pr0phetze
2780 5302 2994 5355 quoque
3023 5300 3090 5343 eo
3123 5286 3239 5355 ipso
3282 5296 3499 5341 utuntur

1910 5391 2096 5441 more,
2138 5386 2192 5431 et
2236 5376 2599 5445 metaphorice
2641 5378 2805 5431 multa
2854 5378 3056 5433 dicunt.
3090 5376 3333 5446 Quanam
3372 5394 3499 5448 ergo

1909 5467 1978 5521 de
2007 5480 2164 5519 causa
2187 5464 2211 5517 Τ
2236 5464 2422 5536 Neque
2448 5468 2588 5520 enim
2624 5478 2826 5522 temere
2856 5469 3088 5536 Spiritus
3123 5471 3292 5539 gratia
3319 5471 3397 5522 sic
3422 5472 3500 5522 in-

1911 5555 2101 5609 stituit.
2144 5553 2248 5609 Sed
2279 5571 2375 5608 cur
2405 5555 2660 5610 tandem?
2710 5556 2922 5610 Duabus
2963 5558 3029 5612 de
3057 5560 3235 5612 causis
3263 5576 3275 5611 :
3305 5558 3499 5625 primo,

1913 5656 1969 5699 ιιι
1998 5648 2169 5714 major
2196 5646 2460 5699 dictorum
2504 5647 2776 5715 emphasis
2801 5656 2963 5711 esset,
2986 5658 3040 5702 et
3059 5665 3121 5704 ea
3141 5651 3500 5717 inconspectu

1913 5746 2257 5806 ponerentur.
2302 5736 2451 5791 Mens
2494 5741 2636 5791 enim
2685 5737 2966 5807 imaginem
3008 5740 3166 5791 rebus
3205 5752 3497 5791 consonam

1914 5839 2219 5899 assequuta,
2255 5831 2423 5899 magis
2450 5828 2734 5895 excitatur,
2766 5845 2829 5883 ac
2858 5845 2944 5886 res
2969 5832 3119 5900 quasi
3156 5831 3397 5900 depictas
3422 5829 3499 5882 vi-
