4162 6326
205 313 311 370 185

205 428 349 492 τίνος
378 428 588 491 ῑνεκεν,
628 426 725 480 καὶ
765 427 906 482 διατί
925 444 938 493 ;
974 430 1127 481 Δυοίν
1166 430 1352 481 Ξνεκεν
1380 428 1708 500 προφάσεων
1732 440 1755 468 ο
1785 444 1797 458 ·

210 516 340 585 μιᾶς
379 513 498 585 μὲν.
536 514 680 568 ῶστε
710 515 1189 587 ἐμφαντικώτερον
1217 515 1473 584 γενέσθαι
1505 515 1597 568 τὸν
1623 516 1800 583 λόγον,

208 596 538 666 καὶμᾶλλον
590 598 682 649 ὑπ’
730 598 852 668 δψιν
902 598 1055 666 ἄγειν
1110 600 1178 652 16
1227 598 1515 669 λεγόμενα.
1576 597 1640 651 Ἢ
1692 596 1803 668 γὰρ

204 684 440 749 διάνοια,
473 684 574 753 τῆς
594 686 896 756 συντρόφου
918 684 1028 736 τῶν
1055 687 1404 755 πραγμάτων
1440 684 1651 748 εἰκόνος
1683 686 1806 737 ἑπι-

204 770 510 841 λαϐομένη,
546 771 888 826 διανίσταται
918 772 1138 842 μᾶλλον,
1184 770 1279 826 καί
1301 772 1493 843 ὥσπερ
1522 774 1581 826 έν
1615 774 1802 843 γραφῇ

203 854 276 908 τά
336 857 644 925 πράγματα
693 855 910 927 δρῶσα,
960 857 1253 928 κατέχεται
1305 858 1591 928 μειζόνως.
1653 856 1804 921 Ἐνὸς

207 938 313 1009 μὲν
344 935 441 994 οὖν
483 941 648 994 ἓνεκα
691 940 907 993 τούτου·
952 941 1209 1012 δευτέρου
1253 940 1344 1005 δι,
1380 940 1523 995 ὥστε
1554 940 1806 1007 1161710-

203 1022 497 1077 καίνεσθαι
522 1023 623 1095 τὴν
650 1023 921 1094 διήγησιν,
972 1024 1067 1076 x61
1097 1024 1480 1096 μονιμωτέραν
1524 1022 1663 1079 εἶναι
1695 1024 1805 1078 τῶν

202 1103 520 1175 λεγομένων
562 1106 660 1176 τὴν
716 1111 955 1177 μνήμην.
1015 1107 1091 1179 Οὐ
1152 1106 1261 1177 γὰρ
1302 1106 1477 1170 οὕτως
1526 1106 1804 1175 ἀπόφασις

201 1189 490 1260 χειροῦται
508 1192 603 1245 καὶ
622 1192 805 1259 ἐνάγει
821 1192 912 1245 τὸν
937 1191 1218 1262 ἀκροατὴν
1236 1192 1328 1246 τὸν
1356 1193 1545 1256 πολὺν,
1564 1193 1641 1257 ὼς
1662 1196 1695 1263 ή
1715 1193 1805 1247 διά

200 1270 317 1325 τῶν
352 1273 695 1345 πραγμάτων
724 1274 1001 1345 διήγησις,
1022 1274 1117 1328 καί
1147 1277 1179 1346 ή
1214 1277 1507 1348 ὑπογραφὴ
1531 1277 1728 1348 πείρας
1752 1277 1799 1330 δ.

207 1356 279 1408 Ὃ
305 1355 399 1409 διὰ
430 1357 531 1426 τῆς
560 1355 881 1427 παραϐολῆς
926 1356 1044 1410 ῖστι
1104 1357 1244 1426 μετά
1288 1356 1489 1428 πολλῆς
1519 1360 1804 1429 γινόμενον

204 1435 340 1490 ἰδεῖν
373 1439 479 1509 τῆς
506 1440 718 1507 σοφίας.
745 1440 854 1494 Καὶ
888 1443 922 1494 ὀ
949 1440 1208 1509 θερίζων,
1235 1441 1460 1511 μισθὸν
1485 1442 1801 1511 λαμϐάνει,

199 1513 304 1567 καί
328 1515 585 1585 συνάγει
610 1516 845 1584 καρπὸν
869 1518 955 1582 εἰς
983 1516 1139 1585 ζωὴν
1166 1518 1427 1573 αἰώνιον.
1472 1520 1530 1573 ’0
1564 1520 1665 1591 μὲν
1696 1521 1804 1593 769

196 1595 301 1651 τοῦ
337 1599 551 1669 ἀμήτου
585 1600 775 1652 τούτου
807 1600 1055 1669 καρπὸς,
1100 1600 1200 1654 οὑκ
1239 1602 1319 1665 εἰς
1348 1601 1572 1656 αἰώνιον
1623 1604 1801 1674 ζωὴν,

200 1679 324 1732 ἀλλ’
354 1684 434 1743 εἰς
464 1680 563 1751 τὴν
590 1681 926 1752 πρόσκαιρον
950 1681 1157 1753 ταύτην
1186 1688 1481 1755 προχωρεῖ·
1505 1688 1533 1739 6
1553 1685 1609 1737 δὲ
1638 1703 1804 1738 πνευι-

202 1765 474 1833 ματικὸς,
526 1767 606 1828 εἰς
643 1766 743 1836 τὴν
780 1766 973 1837 ἀγήρω
1006 1766 1101 1819 καὶ
1142 1766 1429 1821 ἀθάνατον.
1478 1770 1642 1841 Ὁρᾷς
1686 1770 1801 1834 πῶς

198 1851 445 1922 αἰσθητά
482 1852 582 1922 μὲν
608 1852 677 1904 16
712 1854 955 1922 ῥήματα,
988 1853 1335 1923 πνευματικά
1362 1853 1419 1907 δὲ
1439 1854 1509 1908 16
1532 1858 1799 1926 νοήματα,

199 1935 299 1987 καὶ
325 1934 396 1987 δι’
436 1935 615 1987 αὐτῶν
644 1934 753 1987 τῶν
783 1934 979 2001 λέξεων
1017 1935 1217 2007 διαιρεῖ
1252 1936 1323 1989 16
1353 1939 1519 2007 γήϊνα
1561 1939 1669 1992 6116
1694 1938 1802 1991 τῶν

196 2017 509 2086 ούρανίωνς
543 2012 721 2087 Ὅπερ
756 2017 865 2088 γάρ
908 2018 1005 2070 ἐπὶ
1041 2017 1136 2071 τοῦ
1182 2017 1371 2083 ὓδατος
1415 2020 1802 2089 διαλεγόμενος

196 2099 461 2169 ἀποίησε,
512 2100 572 2153 16
609 2099 809 2163 ἰδιάζον
858 2098 1022 2153 αὑτοῦ
1074 2100 1208 2165 θεὶς,
1260 2103 1343 2155 ὅτι
1402 2103 1456 2156 '0
1496 2106 1691 2158 πίνων
1734 2105 1801 2157 τὸ

196 2176 361 2251 ὕδωρ
383 2181 562 2236 τοῦτο
582 2184 655 2236 οὐ
682 2182 771 2252 μὴ
799 2181 1071 2251 διψήσει,
1088 2184 1249 2237 τοῦτο
1272 2186 1364 2238 καὶ
1385 2187 1615 2241 ἐνταῦθα
1639 2191 1799 2251 ποιεῖ,

194 2266 258 2318 16
282 2266 368 2325 εἰς
391 2264 537 2336 ζωὴν
554 2265 771 2320 αἰώνιον
790 2266 963 2334 λέγων
983 2268 1073 2321 τὸν
1098 2269 1310 2342 καρπὸν
1335 2271 1663 2339 συνάγεσθαι
1680 2271 1802 2325 τοῦ·

192 2364 307 2399 τον·
342 2348 481 2402 ἰνα
500 2349 597 2401 καί
619 2352 652 2403 ό
678 2350 943 2418 σπείρων
960 2351 1112 2420 ὁμοῦ
1135 2354 1337 2422 χαίρῃ,
1360 2356 1459 2407 καί
1485 2359 1517 2409 ό
1539 2355 1797 2424 θερίζων.

194 2434 296 2499 Τίς
345 2436 499 2489 ἔστιν
537 2438 566 2489 6
601 2437 866 2509 σπείρων,
913 2439 1007 2492 καὶ
1045 2440 1131 2505 τίς
1181 2443 1210 2495 6
1254 2442 1516 2515 θερίζων;
1553 2445 1615 2498 Οί
1661 2461 1800 2515 προ-

195 2522 370 2592 φῆταί
413 2526 552 2576 εἰσιν
595 2526 643 2577 οἰ
681 2526 1026 2598 σπείραντες·
1056 2528 1173 2581 ἀλλ’
1198 2529 1299 2583 οὐκ
1326 2532 1484 2584 αὑτοὶ
1523 2530 1799 2602 ἐθέρισαν,

193 2609 314 2663 ἀλλ’
341 2612 395 2663 οἰ
441 2610 754 2666 ἀπόστολοι.
803 2614 878 2666 οὑ
914 2616 1021 2684 μὴν
1052 2615 1140 2669 616
1191 2616 1352 2670 τοῦτο
1394 2619 1800 2689 ἀπεστέρηνται

192 2696 297 2767 τῆς
324 2697 524 2770 ήδονῆς
542 2700 637 2752 καὶ
662 2700 763 2772 τῆς
780 2701 1015 2773 ἀμοιϐῆς
1034 2701 1143 2756 τῶν
1161 2704 1362 2770 πόνων,
1381 2704 1519 2759 ἀλλά
1544 2708 1798 2777 συνήδον-

191 2800 288 2840 ται
316 2787 415 2839 καὶ
443 2787 697 2857 χαίρουσι
726 2789 826 2841 σὺν
853 2791 1006 2861 ήμῖν,
1048 2793 1098 2845 εἰ
1132 2792 1228 2845 καί
1266 2794 1341 2863 μὴ
1367 2796 1464 2848 σὺν
1493 2797 1625 2866 ήμῖν
1653 2795 1801 2865 θερί-

195 2871 411 2936 ζουσιν.
454 2873 591 2927 Οὐδὲ
615 2876 725 2947 γὰρ
751 2878 779 2929 6
813 2878 1023 2947 ἀμητὺς
1046 2877 1207 2950 ἔργον
1235 2880 1330 2932 τοῦ
1366 2880 1594 2951 σπόρου.
1630 2883 1801 2936 Ἔνθα

194 2955 290 3013 οὖν
320 2961 568 3017 ελάττων
598 2964 743 3021 6011.
766 2964 868 3035 μὲν
906 2968 934 3018 6
972 2967 1136 3031 πόνος
1156 3008 1169 3031 ,
1210 2970 1413 3040 μείζων
1447 2971 1504 3023 δὲ
1537 2973 1570 3042 ή
1613 2971 1797 3043 ἡδονὴ,

197 3046 441 3101 ενταῦθα
468 3049 613 3120 ὑμᾶς
643 3051 907 3123 ιτήρησα,
936 3052 1035 3105 οὐκ
1064 3056 1121 3107 ὲν
1148 3056 1226 3126 τῷ
1257 3057 1464 3128 σπόρῳ.
1494 3058 1670 3130 Πολλὴ
1691 3059 1801 3129 γὰρ

196 3137 316 3190 hu!
342 3138 379 3207 ή
410 3137 759 3210 ταλαιπωρία
791 3142 884 3194 καὶ
913 3143 940 3195 6
970 3141 1154 3208 πόνος.
1208 3144 1297 3198 Ἑν
1341 3146 1450 3216 γὰρ
1494 3146 1575 3218 τῷ
1603 3148 1802 3219 ἀμητῷ

198 3226 234 3295 ή
278 3223 385 3293 μὶν
415 3224 677 3296 πρόσοδος
726 3226 913 3298 πολλὴ,
953 3229 1113 3293 πόνος
1142 3230 1199 3284 δὲ
1231 3233 1292 3284 οὐ
1321 3233 1577 3298 τοσοῦτος
1596 3275 1611 3300 ,
1665 3234 1802 3289 ἀλλά

199 3316 299 3369 καὶ
334 3314 512 3386 πολλὴ
553 3316 588 3386 ή
621 3316 863 3372 εὐκολία.
914 3317 1181 3373 Ἐνταῦθα
1223 3321 1279 3375 δὲ
1332 3322 1584 3393 βούλεται
1630 3342 1801 3379 κατα-

199 3399 471 3453 σκευάσαι
528 3398 615 3453 διὰ
654 3399 900 3466 τούτων,
942 3403 1026 3455 ὅτι
1075 3405 1187 3459 Καὶ
1236 3408 1538 3479 προφητῶν
1586 3408 1803 3479 θέλημα

196 3486 364 3541 τοῦτό
410 3489 566 3551 ιστι,
614 3489 677 3542 16
730 3490 856 3559 ἐμοὶ
892 3492 1019 3555 τοὺς
1072 3494 1397 3564 ἀνθρώπους
1457 3497 1797 3568 προσελθεῖν.

198 3573 377 3628 Τοῦτο
420 3576 517 3628 καὶ
560 3576 590 3628 6
639 3575 804 3645 νόμος
861 3579 1287 3645 κατεσκεύαζεν.
1348 3585 1448 3636 Διά
1496 3584 1657 3638 τοῦτο
1706 3588 1801 3640 καὶ

199 3662 489 3734 ἕσπειραν,
536 3663 623 3717 ἵνα
650 3663 837 3719 τοῦτον
864 3675 887 3705 ⁸
917 3666 1120 3721 τέκωσι
1154 3669 1245 3722 τὸν
1277 3672 1510 3741 καρπόν.
1550 3672 1800 3728 Δείκνυσι

202 3744 366 3800 δδδτι
402 3745 691 3810 κάκείνους
721 3747 882 3811 αὐτὸς
932 3750 1252 3816 ἀπέστειλε,
1306 3755 1402 3806 καὶ
1451 3755 1533 3808 ὃτι
1568 3756 1737 3828 πολλὴ
1767 3760 1798 3829 ή

204 3830 501 3898 συγγένεια
534 3832 601 3901 τῇ
632 3832 809 3900 Καινῇ
861 3832 997 3903 πρὸς
1031 3832 1128 3903 τὴν
1168 3834 1435 3899 Παλαιὰν,
1474 3840 1570 3891 καὶ
1620 3840 1799 3892 πάντα

203 3913 342 3985 ὁμοῦ
382 3914 474 3967 διά
496 3913 595 3983 τῆς
630 3913 947 3985 παραϐολῆς
976 3916 1183 3986 ταύτης
1224 3922 1649 3986 κατασκευάζει.
1683 3924 1800 3976 Μέο

206 4015 412 4069 μνηται
455 3997 516 4051 66
560 3999 654 4051 καὶ
705 3998 863 4067 λόγου
911 4002 1316 4072 παροιμιώδους
1364 4008 1798 4077 περιφερομένου

203 4080 357 4153 [I98]
393 4080 546 4151 παρά
572 4080 804 4135 πολλῶν.
846 4083 941 4135 Ἐν
970 4084 1079 4152 γὰρ
1107 4088 1315 4151 τούτῳ.
1346 4090 1533 4158 φησὶν,
1566 4094 1597 4143 d
1619 4094 1800 4161 λόγος

201 4164 376 4218 ἀστυ-
404 4168 437 4218 d
475 4164 730 4232 ἀληθὴς,
765 4164 855 4218 ὅτι
886 4166 1077 4231 ἄλλος
1100 4167 1275 4221 ἐστὶν
1317 4174 1349 4223 ό
1388 4174 1671 4239 σπείρων,
1703 4176 1802 4229 καὶ

202 4245 397 4313 ἄλλος
426 4250 460 4301 ό
498 4246 753 4315 θερίζων.
780 4247 965 4301 Ταῦτα
994 4250 1050 4302 δὲ
1078 4250 1262 4319 ἔλεγον
1289 4255 1337 4305 οἱ
1370 4254 1573 4319 πολλοὶ,
1618 4257 1801 4311 εἴποτε

203 4330 357 4385 ἀλλοι
396 4332 496 4401 μὲν
528 4332 653 4394 τοὺς
678 4330 870 4394 πόνους
900 4333 1233 4413 ὑπέστησαν,
1262 4336 1411 4390 ἄλλοι
1434 4339 1489 4391 δὲ
1523 4342 1638 4404 ,οὓς
1668 4360 1802 4413 καρ-

204 4418 337 4478 ποὺς
362 4414 681 4484 ίδρέποντο·
714 4416 807 4468 καὶ
829 4414 1001 4484 λέγει,
1030 4418 1112 4470 ὅτι
1142 4412 1299 4483 οὗτος
1325 4423 1354 4473 6
1382 4422 1541 4489 λόγος
1568 4412 1802 4478 ἐνταῦθα

207 4498 445 4568 μάλιστα
482 4498 583 4568 τὴν
630 4499 890 4569 ἀλήθειαν
925 4501 1059 4571 εχει.
1112 4502 1415 4574 Ἐπόνησαν
1459 4507 1558 4577 μὲν
1604 4509 1712 4581 769
1752 4513 1800 4563 οἰ

205 4582 512 4653 προφῆται,
549 4585 706 4652 ὑμεῖς
732 4584 789 4636 δὲ
819 4584 945 4648 τοὺς
980 4588 1230 4656 καρποὺς
1260 4591 1386 4651 τοὺς
1420 4592 1484 4643 ἐκ
1515 4591 1623 4645 τῶν
1655 4595 1799 4647 ὲκεί-

206 4683 310 4720 νων
336 4668 520 4720 πόνων
548 4668 783 4737 ἀμᾶσθε.
811 4668 924 4723 K61
952 4670 1051 4721 οὑκ
1081 4666 1225 4735 εἷπε,
1257 4674 1385 4735 τοὺς
1413 4675 1658 4743 μισθούς·
1680 4679 1801 4733 οὐδὲ

204 4750 311 4819 769
345 4749 581 4812 ικείνοις
614 4751 844 4819 ἄμισθος
892 4752 921 4804 6
961 4752 1130 4816 πολὺς
1169 4754 1375 4817 ἐκεῖνος
1411 4759 1572 4821 πόνος
1595 4776 1607 4789 ·
1641 4762 1797 4827 6116,

204 4834 326 4895 τοὺς
356 4832 630 4902 καρπούς.
661 4833 832 4887 Τοῦτο
876 4836 970 4888 καὶ
1017 4837 1217 4905 Δανιὴλ
1261 4840 1508 4910 ἐποίησε.
1555 4844 1663 4895 Καὶ
1693 4845 1801 4917 γὰρ

206 4918 495 4981 11616616;
525 4918 827 4988 παροιμίας
862 4919 1135 4991 μέμνηται
1174 4922 1459 4995 λεγούσης·
1508 4927 1803 4997 Ἐξῆλθεν

206 5000 272 5065 ἐξ
301 5000 551 5068 ἀνόμων
580 4999 974 5070 πλημμέλεια.
1003 5004 1113 5057 K61
1148 5008 1177 5058 6
1204 5006 1366 5060 Δαυῖδ
1389 5010 1447 5060 ὲν
1476 5010 1555 5080 τῷ
1582 5010 1802 5083 θρηνεῖν

211 5083 490 5163 μέμνηται
516 5084 777 5152 τοιαύτης
805 5086 1127 5156 παροιμίας.
1178 5089 1275 5142 Διά
1307 5090 1467 5145 τοῦτο
1512 5095 1802 5163 προλαϐὼν

209 5160 351 5229 εἶπα,
383 5166 521 5220 Ἵνα
550 5164 649 5218 καί
676 5168 710 5219 ό
735 5167 1003 5235 σπείρων
1039 5170 1190 5239 ὁμοῦ
1225 5173 1403 5242 χαίρῃ
1441 5176 1537 5227 καὶ
1557 5160 1606 5230 ’ό
1643 5180 1799 5246 θερί-

208 5247 338 5309 ζων.
384 5248 605 5320 Ἐπειδὴ
631 5249 740 5321 γὰρ
777 5249 970 5321 ἔμελλε
1000 5253 1179 5320 λέγειν
1218 5257 1299 5310 ὅτι
1346 5257 1500 5322 ἄλλος
1555 5262 1799 5332 ἔσπειρε,

212 5334 303 5385 καὶ
327 5332 488 5397 ἄλλος
520 5334 743 5403 θερίζει,
782 5336 868 5387 ἵνα
897 5340 971 5408 μή
1013 5355 1097 5402 τις
1120 5380 1133 5400 ,
1174 5341 1314 5412 ὅπερ
1348 5341 1484 5413 ἔφην
1505 5386 1519 5409 ,
1565 5347 1801 5400 ἀπεστε-

214 5416 410 5488 ρῆσθαι
442 5421 572 5481 τοὺς
602 5420 886 5491 προφήτας
924 5423 1119 5495 νομίσῃ
1144 5424 1239 5477 τοῦ
1294 5427 1488 5495 μισθοῦ
1510 5472 1524 5494 ,
1570 5431 1719 5495 ξένον
1749 5450 1803 5486 τι

211 5500 360 5569 λέγει
387 5503 483 5554 καὶ
503 5502 827 5573 παράδοξον,
847 5504 1074 5569 καὶτοῖς
1098 5507 1376 5579 αἰσθητοῖς
1400 5511 1459 5563 ού
1480 5514 1800 5583 συμϐαῖνον,

213 5585 351 5673 ἀλλά
393 5585 505 5673 τῶν
542 5588 934 5673 πνευματικῶν
973 5589 1250 5661 ἐξαίρετον
1296 5594 1375 5648 δν.
1418 5598 1507 5651 Ἐν
1554 5600 1652 5669 μὲν
1694 5601 1804 5673 γάρ

214 5670 326 5731 τοῖς
360 5669 651 5739 πράγμασι
680 5674 793 5734 τοῖς
816 5671 1091 5744 αἰσθητοῖς
1113 5674 1209 5728 ὲάν
1237 5678 1418 5749 συμϐῇ
1439 5681 1524 5733 Et:
1535 5699 1624 5752 ρον
1650 5669 1801 5738 σπεῖ-

220 5767 309 5820 ραι
340 5754 433 5806 καὶ
465 5753 654 5825 ἕτερον
706 5755 941 5827 θερίσαι,
992 5759 1091 5829 οὑχ
1125 5760 1261 5831 ὁμοῦ
1300 5763 1585 5834 χαίρουσιν
1610 5807 1623 5833 ,
1666 5770 1804 5825 ἀλλά

222 5940 246 5968 .
280 5878 1048 5968 λὲἶνιθέτερρονπροφ.
1115 5882 1143 5925 δ
1169 5884 1345 5938 Morel.
1371 5892 1617 5958 ὑπογρηὴ
1643 5899 1799 5959 πεῖραι,

284 5939 484 5998 Ouidam
509 5956 630 5993 mss.
668 5943 746 5991 ἵνα
789 5939 957 6007 τούτῳ.

1191 312 1253 365 ΙΝ
1296 311 1614 368 JUANNEM
1641 311 1874 369 HUMIL.
1917 314 2159 371 XXXIV.
2203 317 2273 370 al.
2318 314 2553 369 XXXIII.

3411 318 3518 372 196

1912 428 2167 495 ἀλγοῦσιν
2196 430 2242 481 οἰ
2276 430 2621 499 σπείραντες,
2669 430 2765 484 ἆτε
2812 431 3019 501 ἑτέροις
3054 429 3325 501 καμόντες
3347 470 3362 496 ,
3393 432 3515 503 χαί-

1913 527 2068 579 ρουσι
2099 511 2156 564 δὲ
2191 512 2239 562 οἰ
2265 510 2573 580 θερίζοντες
2604 513 2775 582 μόνοι.
2815 512 3082 567 Ἐνταῦθα
3101 513 3159 567 δὲ
3192 515 3291 583 οὑχ
3320 513 3514 581 οὕτως,

1910 593 2047 648 άλλά
2082 594 2178 648 καί
2224 594 2275 647 οἰ
2328 593 2401 665 μὴ
2436 594 2745 665 θερίζοντες
2789 597 2936 667 ἅπερ
2968 596 3266 668 ἐσπειραν,
3312 598 3513 667 ὁμοίως

1908 681 2022 742 τοῖς
2073 678 2259 748 ἀμῶσι
2314 678 2630 751 χαίρουσιν·
2684 678 2807 733 ὅθεν
2838 680 3020 751 δῆλον,
3075 680 3157 733 ὅτι
3213 681 3309 735 καὶ
3358 682 3516 734 αὑτοὶ

1910 760 2227 815 κοινωνοῦσι
2255 761 2365 814 τῶν
2397 760 2625 832 μισθῶν.
2659 761 2809 833 Ἐγὼ
2828 763 3165 817 ἀπέστειλα
3189 763 3346 833 ὑμᾶς
3361 766 3518 833 θερι-

1908 842 2027 904 ζὲιν
2048 843 2080 897 δ
2103 846 2216 913 οὐχ
2247 844 2417 913 ὑμεῖς
2438 845 2857 899 κεκοπιάκατε·
2883 845 3064 901 ἄλλοι
3084 845 3510 910 κεκοπιάκασι,

1908 926 2007 980 καὶ
2055 927 2224 997 ὑμεῖς
2268 931 2357 994 εἰς
2406 928 2515 983 τὸν
2564 929 2760 982 κόπον
2810 928 3013 985 αὐτῶν
3056 931 3512 997 εἰσεληλύθατε.

1906 1010 2093 1083 Ταύτῃ
2128 1011 2424 1082 προτρέπει
2457 1012 2660 1082 μᾶλλον
2691 1013 2911 1077 αὐτούς.
2950 1012 3173 1083 Ἐπειδὴ
3203 1013 3312 1085 769
3336 1013 3514 1067 ἐδόκει

1907 1096 2164 1148 δπίπονον
2179 1090 2319 1149 εἰναι
2337 1095 2397 1147 16
2413 1097 2646 1167 πρᾶγμα
2661 1097 2722 1149 16
2738 1096 2836 1167 τὴν
2857 1098 3183 1167 οἰκουμένην
3204 1113 3268 1148 πε
3279 1095 3513 1166 ριελθεῖν

1908 1179 2003 1233 καὶ
2033 1178 2290 1249 κηρῦξαι,
2321 1178 2597 1233 δείκνυσιν
2630 1181 2711 1234 611
2740 1183 2837 1234 καὶ
2862 1182 3059 1251 ῥᾷστόν
3089 1176 3270 1234 ἐστιδ.
3306 1178 3380 1231 T6
3401 1183 3512 1250 769

1908 1263 2114 1333 σφόδρα
2142 1262 2400 1317 ἐπίπονον
2426 1266 2605 1318 ἐκεῖνο
2634 1260 2724 1335 ἦν,
2752 1264 2782 1318 δ
2808 1264 3005 1318 πολλοῦ
3040 1264 3291 1333 καμάτου
3316 1264 3511 1323 ἐδεῖτο,

1906 1345 1966 1398 16
1991 1346 2322 1400 καταϐαλεῖν
2368 1346 2440 1400 16
2490 1347 2819 1418 σπέρματα,
2879 1347 2974 1401 καὶ
3026 1346 3208 1416 ψυχὴν
3264 1346 3513 1416 ἀμύητον

1906 1430 2195 1497 ὲναγαγεῖν
2250 1429 2332 1490 εἰς
2386 1427 2738 1495 θεογνωσίαν.
2787 1428 2946 1492 Τίνος
3002 1429 3058 1481 δὲ
3103 1429 3291 1481 ἕνεκεν
3339 1427 3513 1481 ταῦτα

1907 1499 2241 1567 φθέγγεται;
2283 1499 2397 1551 Ἰνα
2425 1499 2556 1552 ὅταν
2585 1500 2784 1562 αὑτοὺς
2817 1498 3119 1569 ἀποστείλῃ
3154 1501 3235 1561 εἰς
3265 1499 3325 1551 τὸ
3348 1498 3515 1569 κηρῦ·

1907 1579 2017 1646 ξαι,
2077 1581 2153 1652 μὴ
2216 1580 2632 1651 θορυϐηθῶσιν,
2698 1583 2775 1645 ώς
2826 1584 2907 1646 εἰς
2957 1583 3197 1654 πρᾶγμα
3253 1581 3514 1635 ἐπίπονον

1907 1663 2271 1733 πεμπόμενοι.
2326 1663 2399 1715 Τὸ
2448 1662 2557 1734 769
2600 1663 3007 1736 ἐπιπονώτερον
3046 1663 3157 1717 τῶν
3210 1664 3511 1735 προφητῶν

1904 1740 1994 1816 ἦν,
2021 1746 2177 1816 φησὶ,
2208 1747 2299 1799 καὶ
2332 1749 2607 1817 μαρτυρεῖ
2632 1746 2692 1799 16
2722 1745 2884 1819 ἔργον
2913 1747 2991 1819 τῷ
3026 1747 3169 1816 λόγῳ
3188 1790 3202 1812 ,
3235 1748 3318 1799 ὅτι
3348 1748 3509 1818 ὑμεῖς

1905 1830 1999 1882 ἐπὶ
2035 1831 2103 1883 16
2156 1828 2354 1882 εὔκολα
2405 1828 2618 1899 ήλθετε.
2672 1830 2886 1903 ’Ὠσπερ
2932 1832 3043 1903 γὰρ
3101 1831 3194 1884 ὲπδ.
3245 1829 3509 1902 θερισμοῦ

1909 1912 2028 1982 μετ’
2052 1911 2302 1975 εὐκολίας
2335 1912 2435 1983 μὲν
2469 1914 2497 1965 6
2534 1912 2747 1981 καρπὸς
2796 1914 3112 1983 συνάγεται,
3168 1914 3263 1967 καὶ
3310 1915 3370 1965 ὲν
3406 1913 3509 1983 μιᾷ

1908 1998 2048 2067 ῥοπῇ
2079 1997 2111 2065 ή
2153 1995 2301 2059 ἅλως
2347 1995 2653 2066 πληροῦται
2692 1996 2801 2049 τῶν
2838 1996 3194 2067 δραγμάτων,
3233 1997 3335 2051 οὑκ
3374 1998 3511 2051 ἀνα-

1907 2081 2177 2149 μενόντων
2205 2091 2228 2119 θ
2253 2080 2351 2143 τὰς
2377 2079 2485 2132 τῶν
2520 2080 2732 2151 καιρῶν
2756 2082 2986 2151 190116;,
3014 2082 3111 2136 καὶ
3140 2081 3389 2153 χειμῶνα
3414 2082 3512 2134 καὶ

1904 2162 2003 2233 ἔαρ
2031 2165 2126 2217 καὶ
2159 2163 2385 2234 δμϐρον·
2421 2162 2563 2216 οὓτω
2598 2165 2693 2217 καὶ
2734 2164 2829 2217 νῦν
2868 2166 3102 2234 γίνεται·
3146 2166 3241 2219 καί
3272 2166 3341 2219 16
3374 2165 3512 2235 εργα

1907 2248 2024 2318 βοᾷ.
2050 2247 2270 2313 Μεταξὺ
2317 2243 2412 2300 οὖν
2465 2245 2720 2314 λέγοντος
2772 2249 2938 2302 αὑτοῦ
2966 2249 3162 2315 ταῦτα,
3200 2248 3430 2321 ἐξῄεσαν
3459 2249 3512 2301 οἰ

1904 2331 2268 2399 Σαμαρεῖται,
2292 2330 2387 2382 x61
2416 2331 2683 2398 συνήγετο
2701 2330 2897 2401 ἀθρόον
2926 2332 2953 2385 ό
2984 2332 3218 2403 καρπός.
3239 2332 3337 2385 Διά
3352 2331 3513 2385 τοῦτο

1904 2408 2079 2468 εἶπεν·
2110 2416 2316 2482 Ἄρατε
2338 2414 2483 2480 τοὺς
2518 2415 2869 2483 ὀφθαλμοὺς
2900 2414 3090 2485 ὑμῶν,
3122 2416 3221 2469 καί
3243 2415 3513 2481 βλέπετε

1903 2498 2011 2564 τὰς
2045 2498 2262 2567 χώρας,
2302 2498 2392 2552 ὅτι
2426 2499 2644 2552 λευκαί
2685 2502 2864 2555 εἰσιν.
2909 2495 3045 2553 Εἰπε
3080 2498 3279 2565 ταῦτα,
3324 2498 3417 2552 καὶ
3448 2498 3514 2551 16

1904 2581 2066 2653 ἔργον
2114 2581 2314 2651 ἐφάνη,
2373 2582 2469 2634 καὶ
2524 2581 2593 2634 16
2644 2582 2869 2653 ῥήματα
2914 2584 2981 2635 ἐκ
3024 2581 3138 2636 τῶν
3168 2582 3512 2655 πραγμάτων

1904 2666 2135 2736 ἑωρᾶτο.
2163 2662 2313 2736 [199]
2351 2665 2453 2718 Ἐκ
2475 2664 2586 2735 γὰρ
2606 2663 2720 2732 τῆς
2742 2668 2981 2733 πόλεως
3000 2666 3242 2733 ἐκείνης
3264 2664 3511 2726 πολλοι,

1904 2753 2092 2820 φησιν,
2118 2749 2499 2804 ἐπίστευσαν
2527 2751 2614 2814 εἰς
2635 2748 2826 2803 αὑτὸν
2854 2748 2972 2803 τῶν
3007 2746 3388 2819 Σαμαρειτῶν
3412 2746 3514 2800 διὰ

1902 2834 2012 2887 τὸν
2039 2835 2230 2905 λόγον
2256 2832 2370 2901 τῆς
2399 2833 2708 2903 γυναικὸς,
2742 2834 3197 2902 μαρτυρούσης,
3238 2832 3328 2887 δτι
3359 2827 3515 2887 Εῖπά

1896 2933 2000 2984 μοι
2041 2918 2241 2970 πάντα
2285 2917 2405 2971 ὅσα
2442 2917 2730 2985 ἐποίησα.
2777 2915 3076 2987 Συνεώρων
3118 2918 3230 2990 769
3263 2918 3346 2970 611
3404 2917 3511 2971 οὐκ

1904 2999 1970 3053 ἂν
2026 2998 2307 3071 ἐθαύμασε
2339 2999 2357 3038 ί
2404 3000 2541 3069 πρὸς
2576 3001 2740 3071 χάριν
2776 3002 2812 3071 ὴ
2858 3001 2998 3070 γυνὴ
3026 3000 3120 3053 τὸν
3160 2999 3513 3069 διελέγξαντα

1903 3082 2076 3152 αὑτῆς
2093 3083 2163 3137 16
2186 3082 2661 3154 πλημμελήματα,
2683 3082 2792 3135 οὐδ’
2808 3082 2875 3137 ἂν
2900 3084 3041 3155 ὑπὲρ
3060 3082 3155 3137 τοῦ
3176 3082 3510 3155 χαρίσασθαι

1905 3164 2075 3235 ἑτέρῳ
2106 3164 2197 3218 τὸν
2225 3164 2428 3236 ἑαυτῆς
2458 3163 2840 3236 εξεπόμπευσε
2874 3165 3011 3235 βίον.

1974 3256 2043 3317 γ’.
2079 3247 2469 3319 Μιμησώμεθα
2492 3248 2557 3319 δὴ
2581 3249 2680 3319 τὴν
2706 3249 2944 3316 γυναῖκα
2973 3248 3069 3302 καὶ
3092 3249 3275 3321 ἡμεῖς,
3302 3248 3395 3303 1161
3418 3248 3512 3301 ὲπῖ

1902 3335 2015 3396 τοῖς
2049 3332 2271 3396 οἰκείοις
2307 3333 2673 3403 ἁμαρτήμασι
2728 3332 2805 3402 μὴ
2852 3329 3247 3403 αἰσχυνώμεθα
3296 3330 3512 3404 ἀνθρώ-

1904 3434 2059 3482 πους,
2086 3415 2224 3470 ἀλλά
2249 3414 2546 3487 φοϐώμεθα
2575 3416 2652 3479 ὼς
2682 3416 2789 3488 χρὴ
2817 3414 2951 3469 Θεὺν
2980 3416 3075 3469 τὸν
3100 3417 3198 3469 καὶ
3224 3415 3323 3470 νῦν
3344 3414 3512 3487 ὀρῶν⁴

1904 3516 1971 3553 τα
1995 3500 2059 3551 τὸ
2083 3500 2391 3569 γινόμενον,
2428 3500 2524 3553 καὶ
2552 3498 2680 3552 τότε
2712 3498 3016 3563 κολάζοντα
3055 3500 3185 3562 τοὺς
3223 3498 3299 3571 μὴ
3342 3514 3508 3569 μετα·

1904 3586 2204 3653 νοήσαντας
2224 3582 2341 3638 νῦν·
2368 3583 2443 3646 ώς
2475 3580 2572 3636 νῦν
2621 3598 2685 3651 γε
2730 3582 3043 3637 τούναντίον
3093 3581 3376 3653 ποιοῦμεν.
3405 3582 3511 3636 Τὸν

1908 3669 2007 3737 μὲν
2031 3669 2141 3739 γάρ
2177 3668 2441 3738 μέλλοντα
2470 3667 2700 3740 κρίνειν,
2721 3667 2784 3719 οὐ
2818 3667 3161 3738 δεδοίκαμεν·
3190 3668 3317 3729 τοὺς
3336 3670 3393 3719 δὲ
3415 3667 3508 3718 οὑ-

1903 3752 1990 3806 δὲν
2023 3753 2171 3823 ἡμᾶς
2207 3750 2722 3823 παραϐλάπτοντας,
2758 3750 2984 3815 τούτους
3036 3751 3359 3821 φρίττομεν,
3416 3751 3511 3803 καὶ

1904 3836 2003 3906 τὴν
2032 3835 2165 3907 παρ’
2206 3835 2387 3889 αὐτῶν
2426 3834 2692 3906 αἰσχύνην
2714 3834 3016 3905 τρέμομεν.
3062 3833 3162 3888 A16
3184 3833 3343 3887 τοῦτο
3374 3834 3431 3885 ὲν
3465 3828 3512 3899 ᾧ

1905 3917 2247 3988 δεδοίκαμεν,
2280 3920 2339 3971 ὲν
2380 3917 2557 3988 τούτῳ
2593 3915 2693 3987 τὴν
2717 3917 2993 3987 τιμωρίαν
3030 3915 3266 3986 δίδομεν.
3309 3918 3372 3969 '0
3400 3916 3512 3986 γὰρ

1904 4001 2168 4073 αἰσχύνην
2197 4002 2503 4071 ἀνθρώπων
2534 4002 2889 4073 ὑφορώμενος
2918 4000 3015 4054 νῦν
3052 4002 3234 4072 μόνον,
3285 4000 3421 4053 Θεοῦ
3452 4000 3510 4053 δὲ

1904 4086 2140 4157 ὁρῶντος
2174 4086 2249 4159 μὴ
2283 4086 2673 4157 αἰσχυνόμενος
2718 4085 2925 4157 πρᾶξαί
2962 4102 3016 4137 τι
3064 4084 3285 4148 ἄτοπον,
3323 4085 3397 4155 μὴ
3421 4083 3513 4137 θέ-

1904 4170 2010 4223 λων
2041 4171 2375 4240 μετανοῆσαι
2426 4170 2519 4222 καὶ
2592 4167 3023 4238 μεταϐαλέσθαι,
3082 4169 3139 4221 ὲν
3201 4167 3389 4240 ἐκείνῃ
3441 4169 3508 4237 τῇ

1904 4253 2087 4324 ἡμέρᾳ
2110 4253 2209 4305 οὑκ
2258 4252 2489 4306 ἐνώπιον
2528 4254 2647 4316 ἑνὸς
2688 4254 2784 4307 1161
2812 4252 3091 4325 δευτέρου,
3125 4252 3263 4306 ἀλλά
3302 4252 3404 4322 τῆς
3433 4252 3513 4303 οἱα

1905 4338 2179 4407 κουμένης
2224 4338 2445 4408 ἀπάσης
2493 4336 2710 4408 ὁρώσης
2747 4335 3335 4407 παραδειγματίζεται.
3384 4336 3512 4389 Ὀτι

1904 4420 2014 4491 γὰρ
2040 4420 2266 4474 καὶτῶν
2298 4420 2523 4489 ἀγαθῶν
2569 4420 2845 4493 πράξεων,
2888 4422 2983 4474 x61
3014 4420 3125 4474 τῶν
3159 4420 3221 4473 οὐ
3249 4420 3511 4473 τοιούτων

1909 4506 2052 4577 μέγα
2080 4506 2306 4576 θέατρον
2338 4508 2455 4559 ἐκεῖ
2483 4504 2747 4575 κάθηται,
2776 4507 2811 4575 ὴ
2839 4504 2948 4557 τῶν
2971 4504 3263 4577 προϐάτων
3281 4505 3510 4559 καὶτῶν

1904 4590 2113 4660 ἐρίφων
2137 4589 2422 4661 παραϐολὴ
2446 4588 2753 4643 παιδευέτω
2774 4605 2854 4653 σε,
2888 4590 2983 4642 καὶ
3008 4591 3036 4642 6
3064 4588 3336 4659 μακάριος
3361 4588 3511 4642 Παῦ-

1904 4672 2014 4736 λος,
2032 4674 2227 4742 λέγων·
2244 4676 2342 4727 Δεῖ
2355 4672 2465 4742 γὰρ
2478 4671 2654 4743 ἡμᾶς,
2677 4674 2834 4744 φησί,
2851 4673 3234 4742 παραστῆναι
3249 4674 3512 4743 ἐμπροσο

1905 4760 2010 4811 θεν
2062 4759 2170 4813 τοῦ
2198 4759 2478 4827 ,βήματος
2536 4758 2643 4812 τοῦ
2689 4758 2988 4827 Χριστοῦ,
3038 4759 3140 4813 ἵνα
3190 4760 3513 4828 κομίσηται

1904 4843 2165 4909 ἕκαστος
2199 4843 2271 4897 τὰ
2311 4842 2409 4897 διὰ
2447 4842 2554 4897 τοῦ
2587 4842 2865 4911 σώματος
2900 4844 3021 4896 ὅσα
3051 4843 3346 4910 ἔπραξεν,
3390 4845 3514 4897 εἴτε

1904 4927 2153 4994 ἀγαθὸν,
2190 4926 2314 4980 alta
2336 4928 2547 4980 κακόν·
2583 4927 2677 4980 καὶ
2721 4926 2899 4989 πάλιν,
2931 4928 3034 4991 Ὃς
3064 4924 3403 4994 φανερώσει
3439 4930 3515 4980 τὰ

1906 5009 2140 5076 κρυπτὰ
2166 5010 2273 5064 τοῦ
2306 5012 2591 5076 σκότους.
2624 5008 2909 5080 Ἔπραξὰς
2944 5027 2995 5062 τι
3026 5008 3290 5079 πονηρὸν,
3336 5009 3369 5075 ἢ
3425 5010 3513 5060 ὲν-

1904 5092 2155 5163 ενόησας,
2182 5093 2276 5147 καί⁵
2316 5093 2580 5163 κρύπτεις
2616 5093 2933 5158 ἀνθοοῑπον;
2979 5091 3140 5145 Ἀλλὰ
3173 5092 3265 5145 16v
3294 5092 3429 5146 Θεὸν
3450 5096 3513 5146 οὑ

1906 5178 2189 5249 κρύπτεις.
2236 5178 2375 5229 Ἀλλ’
2408 5178 2563 5230 οὐδὲν
2596 5178 2807 5231 τούτων
2837 5194 2919 5230 σοι
2948 5176 3123 5247 μέλει·
3153 5178 3200 5229 οἰ
3229 5175 3285 5228 δὲ
3310 5176 3515 5245 ὀφθαλ-

1909 5259 2001 5329 μοὶ
2033 5260 2142 5312 τῶν
2194 5259 2540 5330 ἀνθρώπων,
2592 5259 2753 5313 τοῦτό
2791 5276 2874 5312 σοι
2928 5259 3113 5328 φόϐος.
3165 5258 3377 5312 Οὐκοῦν
3426 5260 3515 5312 ὲν-

1905 5344 2099 5413 νόησον
2126 5345 2207 5396 ὅτι
2242 5344 2363 5396 οὑδὲ
2395 5344 2721 5415 ἀνθρώπους
2761 5342 2945 5395 λαθεῖν
2989 5343 3194 5414 δυνήσῃ
3239 5342 3383 5397 κατά
3412 5344 3513 5415 τὴν

1906 5428 2123 5499 ἡμέραν
2147 5427 2387 5497 ἐκείνην.
2414 5428 2601 5481 Πάντα
2635 5426 2745 5497 γάρ
2769 5427 2845 5490 ὼς
2872 5428 2930 5480 ὲν
2955 5427 3125 5480 εἰκόνι
3160 5427 3281 5481 τότε
3311 5429 3509 5500 στήσε-

1906 5527 1995 5565 ται
2018 5511 2138 5564 κατ’
2156 5510 2471 5580 ὀφθαλμοὺς
2494 5512 2525 5580 ἡ
2536 5511 2673 5581 μῶν,
2692 5510 2767 5573 ὠς
2794 5501 3263 5581 αὐτοκατάκ’ριτον
3279 5512 3511 5567 ἕκαστον

1905 5594 2181 5661 γενέσθαι.
2214 5595 2327 5647 K61
2354 5594 2513 5647 τοῦτο
2545 5595 2703 5665 δῆλον
2726 5595 2820 5646 καὶ
2842 5594 2952 5647 ἀπὸ
2972 5592 3065 5646 τοῦ
3095 5595 3373 5649 πλουσίου.
3403 5598 3511 5651 K61

1907 5678 2017 5749 769
2050 5678 2145 5732 καί
2170 5678 2261 5731 τὸν
2286 5679 2670 5749 ὑπεροφθέντα
2706 5676 2935 5749 πένητα,
2953 5680 3043 5731 τὸν
3070 5679 3321 5749 Λάζαρον
3343 5679 3509 5749 λέγω,

1968 5838 2117 5904 {Alii
2133 5840 2258 5904 966v
2281 5840 2402 5890 ἐστι.
2477 5854 2499 5880 ε
2520 5840 2725 5904 Ουίύεηὶ
2740 5843 2825 5890 οὑκ
2837 5842 3183 5904 ἀναμενόντων,
3199 5850 3249 5891 el
3265 5846 3335 5894 sic
3356 5847 3441 5895 S111
3455 5846 3508 5896 il.

1910 5900 1971 5969 ᾼι
1993 5900 2163 5950 Μαι-εἰῇ
2187 5900 2279 5969 οὐκ
2304 5900 2568 5969 ἀνειμένῳ-ι’,
2608 5901 2677 5969 ___'
2708 5904 2853 5963 Srpe
2879 5900 3087 5969 1'id_iln_us
3106 5907 3356 5969 θαυμάζειν
3380 5909 3509 5969 apud

1912 5964 2084 6013 l'alrcs
2110 5978 2223 6013 €350
2252 5964 2475 6023 hmdurc,
2502 5964 2727 6017 laudibus
2756 5979 2866 6015 cum
2892 5964 3215 6018 admiratione
3242 5964 3507 6019 τοιαῦται-ε,
