4162 6326
168 375 266 429 ΗΠ

166 500 341 542 tamen
372 484 507 539 nihil
546 496 739 546 curas;
768 480 951 537 oculos
982 489 1158 533 autem
1190 476 1467 530 hominum
1498 469 1775 527 formidas.

166 578 346 646 Cogita
398 590 530 643 ergo
580 583 632 627 te
666 589 775 627 non
812 570 1055 625 homines
1090 569 1255 623 latere
1282 580 1441 636 posse
1467 564 1521 619 in
1547 561 1773 616 dieillo.

167 668 358 722 Omnia
383 667 531 720 enim
562 666 715 735 quasi
746 665 796 717 in
844 662 1071 729 imagine
1105 670 1229 713 tunc
1256 656 1475 711 stabunt
1498 665 1623 708 ante
1649 666 1778 706 ocu-

169 762 249 815 lus
280 771 520 823 nostros,
566 769 626 811 ut
662 756 1025 825 unusquisque
1063 761 1249 808 contra
1296 765 1355 804 se
1386 747 1523 803 ferat
1558 753 1777 799 senten-

167 852 339 916 tiam;
370 850 513 920 quod
551 865 617 905 ex
645 848 810 902 divite
854 847 1027 917 palam
1076 854 1175 900 est.
1223 840 1433 897 Etenim
1482 850 1774 908 pauperem

167 944 319 997 illum
375 959 535 1013 quem
588 942 929 1007 destiexcrat,
982 938 1241 991 Lazarum
1288 935 1431 999 dico,
1476 932 1547 986 ob
1592 928 1777 984 oculos

163 1044 402 1089 stantem
431 1034 583 1087 dives
608 1032 761 1095 vidit,
793 1041 847 1086 et
893 1044 1050 1095 quem
1083 1043 1204 1082 cum
1234 1026 1459 1081 horrore
1496 1021 1774 1088 depulerat

164 1126 402 1195 digitum
424 1126 533 1194 jam
567 1136 718 1193 rogat
746 1122 844 1175 sibi
880 1121 1073 1183 solatio
1111 1134 1253 1174 esse.
1282 1116 1434 1186 Rogo
1466 1114 1645 1184 igitur,
1674 1108 1773 1164 etsi

167 1233 332 1273 nemo
380 1230 564 1271 nostra
616 1214 813 1276 videat,
856 1212 1050 1282 singuli
1102 1211 1154 1265 in
1198 1224 1348 1264 suam
1389 1203 1772 1262 conscientiam

165 1309 565 1380 ingrediantur,
609 1315 664 1360 et
701 1305 937 1375 judicem
977 1302 1079 1356 sibi
1120 1300 1380 1355 rationem
1422 1296 1772 1355 constituant,

165 1409 388 1470 peccata
422 1398 476 1452 in
504 1397 735 1451 medium
764 1405 940 1464 agant.
976 1393 1037 1447 Et
1068 1392 1167 1448 nisi
1205 1392 1372 1445 velint
1404 1405 1465 1445 ea
1498 1389 1549 1441 iu
1572 1386 1659 1441 die
1685 1384 1774 1438 illa

161 1488 394 1543 terribili
442 1486 789 1557 promulgari,
838 1484 1168 1555 ptenitentim
1212 1481 1449 1537 remedia
1479 1485 1771 1549 apponant,

160 1596 224 1635 ac
254 1581 489 1635 vulnera
536 1589 748 1634 sanent.
778 1579 961 1633 Potest
993 1579 1160 1645 enim,
1194 1584 1372 1646 potest
1398 1574 1643 1643 quisque,
1671 1570 1774 1625 etsi

162 1672 315 1725 mille
360 1671 525 1740 plagis
545 1678 795 1734 onustus,
822 1684 983 1724 sanus
1013 1668 1183 1723 abire.
1208 1667 1339 1721 Nam
1370 1666 1429 1721 Si
1457 1663 1771 1728 dimiseritis,

163 1763 358 1831 inquit,
384 1772 592 1832 peccata
614 1763 931 1814 dimittantur
950 1760 1119 1823 vobis;
1144 1759 1187 1813 si
1212 1775 1313 1813 non
1334 1756 1646 1818 dimissi-itis,
1672 1770 1775 1807 non

162 1852 487 1906 dintittenlur
513 1851 726 1922 (Matth.
757 1851 809 1905 6.
839 1851 926 1905 Η.
953 1849 1070 1919 15).

236 1942 553 1997 Penitentia
582 1944 701 1997 vera
725 1959 858 2012 quae.
886 1940 1350 2009 Quemadmodum
1377 1940 1428 1994 in
1454 1939 1774 2008 baptismate

161 2034 341 2089 abluta
371 2045 591 2103 peccata
614 2050 720 2088 non
746 2033 978 2102 amplius
1006 2041 1268 2102 apparent
1298 2050 1310 2086 :
1352 2032 1421 2085 ita
1449 2042 1501 2086 et
1532 2028 1646 2082 lucc
1672 2027 1771 2081 de-

163 2128 438 2190 lcbuntur,
471 2130 514 2181 si
542 2126 910 2197 puenitentiam
948 2140 1192 2194 agamus.
1238 2123 1294 2177 In
1324 2122 1428 2177 hoc
1461 2130 1637 2175 autem
1664 2133 1775 2189 pae-

163 2221 392 2274 nitentia
434 2220 534 2274 sita
563 2228 666 2283 est,
699 2233 768 2274 ne
794 2218 984 2273 eadem
1024 2217 1137 2287 ipsa
1171 2224 1487 2285 patrentur:
1516 2212 1657 2267 Nam
1686 2212 1773 2282 qui

164 2311 227 2362 ad
248 2320 465 2380 peccata
491 2310 776 2372 revertitur,
804 2309 987 2362 similis
1013 2317 1084 2362 est
1111 2309 1227 2371 cani
1256 2309 1323 2359 ad
1359 2306 1600 2360 vomitum
1626 2320 1775 2358 suum

164 2401 399 2454 redeunti
426 2400 506 2470 (2.
530 2399 645 2457 Pet.
667 2401 722 2455 2.
740 2400 803 2455 2|
821 2440 834 2454 .
855 2398 985 2470 22);
1015 2400 1093 2472 (a)
1122 2398 1354 2473 [necnon
1381 2400 1431 2453 ei
1459 2398 1549 2468 qui
1577 2412 1773 2453 secun-

165 2492 285 2545 dum
320 2492 670 2560 proverbium
702 2493 876 2561 ignem
911 2493 1180 2558 verberat,
1215 2500 1268 2547 et
1298 2492 1350 2545 in
1380 2500 1602 2561 pertuso
1629 2490 1774 2546 dolio

168 2581 395 2655 haurit.]
425 2584 648 2653 Oportet
677 2598 805 2653 ergo
834 2593 887 2638 et
912 2598 971 2638 re
1002 2598 1055 2638 et
1080 2583 1305 2637 animoa
1330 2580 1624 2638 sceleribus
1645 2582 1775 2637 abs~

167 2678 360 2741 tinere,
397 2686 561 2746 atque
590 2675 857 2729 contraria
889 2676 1124 2745 peccatis
1155 2676 1383 2745 singulis
1410 2674 1646 2729 remedia
1674 2689 1774 2744 ap-

166 2782 392 2836 ponere.
429 2767 671 2837 Exempli
719 2781 900 2831 causa,
934 2766 1180 2837 rapuisti,
1209 2777 1264 2821 et
1296 2776 1489 2822 avarus
1515 2765 1698 2820 fuisti?
1730 2767 1774 2819 A

167 2857 354 2926 rapina
385 2858 614 2919 abstine,
644 2866 697 2911 et
725 2857 1083 2927 eleemosynte
1116 2856 1410 2912 remedium
1443 2857 1653 2912 vulneri
1678 2856 1777 2909 ad-

168 2962 347 3001 move.
383 2945 700 3000 Fornicatus
734 2948 828 3001 es?
858 2948 897 3001 A
934 2947 1291 3002 fornicatione
1318 2948 1538 3011 absiste,
1570 2958 1625 3002 et
1660 2948 1778 3001 vnl-

168 3040 278 3092 neri
311 3040 617 3092 castitatem
649 3055 860 3107 appone
912 3039 1113 3093 Fratris
1156 3040 1228 3095 tui
1259 3039 1453 3095 famam
1480 3041 1645 3095 verbo
1678 3040 1775 3095 lte-

168 3130 303 3192 sisti,
341 3130 556 3200 ipsique
584 3131 854 3185 nocuisti?
880 3132 920 3185 Α
954 3132 1253 3187 maledictis
1284 3133 1515 3199 absdne,
1548 3142 1599 3188 et
1632 3134 1775 3188 cari-

170 3223 289 3277 tatis
337 3222 635 3276 remedium
688 3237 919 3293 appone.
980 3222 1051 3275 tta
1102 3238 1196 3293 per
1241 3224 1447 3294 singula
1493 3223 1776 3297 faciamus,

168 3330 342 3385 neque
398 3327 611 3383 peccata
657 3324 1105 3371 transeurramus.
1151 3316 1279 3371 Nam
1330 3318 1493 3373 instat
1534 3319 1771 3387 demum,

167 3410 329 3464 instat
356 3422 504 3465 certe
546 3409 770 3464 rationis
818 3408 1103 3464 reddendas
1149 3419 1382 3477 tempus.
1420 3410 1546 3465 ldeo
1578 3411 1775 3467 Paulus

165 3501 383 3555 diccbat
428 3518 441 3554 :
499 3499 755 3554 Dominus
803 3516 963 3570 prope
1010 3510 1081 3554 est
1122 3516 1142 3563 ,'
1205 3501 1334 3555 nihil
1397 3500 1603 3555 solliciti
1663 3504 1775 3557 sitis

166 3593 425 3662 (Philipp.
459 3593 512 3647 4.
545 3592 598 3647 5.
625 3592 704 3663 6).
737 3590 843 3647 Sed
889 3593 1045 3647 nobis
1091 3592 1229 3648 forte
1268 3603 1453 3647 contra
1485 3593 1773 3649 dicendum

166 3693 264 3749 est,
302 3684 563 3737 Dominus
595 3697 764 3753 prope
791 3693 895 3747 est,
930 3683 1143 3738 solliciti
1180 3693 1373 3739 estote.
1422 3684 1501 3740 llli
1541 3702 1773 3757 namque

166 3790 289 3834 tunc
334 3779 563 3849 pulchre
585 3779 896 3847 audiebant,
949 3778 1102 3834 Nihil
1137 3781 1341 3836 solliciti
1393 3785 1528 3851 sitis,
1580 3786 1669 3855 qui
1720 3787 1771 3840 in

164 3872 448 3938 aerumnis,
482 3872 779 3937 laboribus,
808 3874 1194 3929 certaminibus
1224 3875 1509 3945 degebant.
1552 3877 1652 3944 Qui
1675 3893 1772 3933 au-

165 3974 266 4019 tem
302 3968 356 4020 in
406 3966 608 4035 rapinis
651 3975 957 4031 versantur,
1006 3965 1059 4020 in
1103 3967 1398 4037 voluptate,
1448 3972 1537 4038 qui
1581 3984 1772 4040 graves

164 4056 423 4111 reddituri
469 4065 593 4110 sunt
649 4058 906 4123 rationes,
954 4072 1059 4110 non
1105 4055 1231 4121 hoc,
1280 4058 1373 4113 sed
1418 4059 1547 4114 illud
1577 4061 1771 4115 merito

164 4148 450 4213 audierint,
488 4147 745 4202 Dominus
784 4163 952 4217 prope
982 4156 1102 4202 est:
1145 4148 1366 4205 solliciti
1403 4160 1599 4206 eatote.
1650 4150 1768 4206 Non

158 4363 429 4474 κέαζῗὲἔε
445 4362 640 4413 uncinis
656 4360 964 4425 clauduntur,
977 4363 1158 4415 desunt
1181 4366 1231 4416 in
1251 4367 1395 4419 Savil.
1410 4375 1463 4419 et
1478 4370 1769 4434 quibusdam

1142 363 1203 418 ΙΝ
1246 359 1559 417 .lOANNEM
1603 355 1835 413 llOlillL.
1879 352 2101 410 XXXV.
2143 352 2215 407 al.
2259 348 2503 407 XXXIV.

3394 350 3495 407 193

1889 468 2033 521 enim
2061 469 2220 533 longe
2248 477 2276 515 a
2308 456 2776 517 consutmnatiune
2816 458 3073 515 absumus
3103 460 3203 529 (a).
3232 461 3323 516 sed
3348 467 3413 519 ad
3445 469 3504 521 li-

1888 572 2009 611 nem
2043 554 2153 623 jam
2202 554 2439 607 mundus
2488 553 2683 623 vergit.
2743 551 2856 607 lloc
2906 554 3263 622 praenuntiant
3317 554 3498 623 bella,

1886 661 2163 707 arumnis,
2214 653 2371 698 terra:
2399 655 2597 704 motus,
2640 643 2741 698 hoc
2780 644 3046 699 exstincta
3089 646 3307 700 caritas.
3351 645 3503 701 Sicut

1887 738 2031 792 enim
2060 750 2258 805 corpus
2299 735 2581 803 exspirans
2612 744 2666 789 et
2694 734 2853 789 morti
2887 735 3191 804 proximum
3224 736 3369 791 mille
3400 738 3502 791 do-

1884 828 2091 885 loribus
2135 827 2387 893 afﬁcitur,
2439 838 2493 881 et
2536 827 2742 881 ruitura
2784 827 2979 883 domus
3013 831 3178 883 multa
3222 832 3502 899 praemittit

1884 937 2005 991 quire.
2036 936 2100 975 ex
2127 929 2267 975 tecto
2292 927 2347 974 et
2376 936 2442 975 ex
2484 919 2783 989 parietibus
2808 920 3065 976 decidunt
3094 944 3105 975 :
3136 924 3214 977 sic
3242 938 3498 978 consmn-

1884 1015 2053 1068 matio
2081 1014 2227 1068 orbis
2248 1015 2358 1083 jam
2391 1030 2555 1084 prope
2581 1027 2629 1069 et
2669 1030 2765 1083 pro
2805 1013 3009 1071 foribus
3039 1025 3123 1071 est
3153 1034 3165 1068 :
3206 1017 3328 1071 ideo
3360 1020 3498 1073 mala

1884 1107 2121 1173 undique
2147 1106 2320 1175 ipsum
2348 1106 2625 1160 invadunt.
2659 1106 2792 1161 Nam
2816 1108 2859 1161 si
2895 1119 3021 1163 tunc
3045 1108 3305 1163 Dominus
3334 1125 3501 1180 prope

1883 1208 2021 1259 erat.
2055 1200 2224 1253 multo
2252 1202 2420 1270 magis
2469 1215 2610 1254 nunc
2640 1216 2806 1269 prope
2839 1211 2943 1256 est.
2981 1202 3035 1257 Si
3086 1210 3211 1257 ante
3242 1192 3501 1273 quadrii-

1882 1302 2074 1362 gentos
2105 1293 2121 1324 ¹
2164 1306 2338 1361 annos
2390 1308 2510 1347 cum
2555 1293 2673 1347 haec
2719 1293 3064 1359 dicerentur,
3114 1306 3325 1364 tempus
3368 1296 3497 1351 illud

1881 1384 2270 1455 plenitudinem
2317 1395 2621 1455 temporum
2658 1386 2855 1440 Paulus
2897 1378 3148 1451 vocabat,
3185 1388 3355 1442 tntiltu
3384 1406 3503 1442 ma-

1883 1477 1966 1546 gis
1992 1490 2231 1544 prmsens
2265 1484 2476 1545 tempus
2521 1478 2590 1531 ita
2627 1479 2952 1531 vocandum.
2994 1481 3062 1532 At
3095 1478 3337 1533 fortassis
3381 1481 3501 1537 ideo

1883 1570 2097 1637 quidam
2130 1586 2233 1623 non
2277 1570 2524 1625 credunt.
2566 1572 2728 1641 Atqui
2777 1570 2897 1625 ideo
2936 1570 3108 1642 magis
3134 1570 3493 1626 credendum.

1883 1660 2037 1716 Unde
2066 1662 2225 1724 nosti,
2258 1662 2325 1715 mi
2354 1663 2535 1725 homo,
2566 1661 2725 1717 fluem
2757 1671 2811 1716 et
2841 1678 2999 1732 supra
3029 1662 3169 1717 dicta
3200 1677 3305 1717 non
3330 1678 3501 1733 prope

1881 1754 2044 1809 esse?
2072 1754 2231 1809 Certe
2264 1764 2321 1808 ut
2349 1756 2473 1808 anni
2506 1756 2667 1809 tinem
2700 1771 2805 1809 non
2830 1756 2970 1811 iliem
2998 1758 3242 1828 ultimum
3270 1759 3501 1813 dicimus

1882 1860 2024 1910 esse,
2055 1846 2149 1901 sed
2181 1847 2341 1901 etiam
2373 1846 2619 1901 ultimum
2669 1862 2933 1907 mensem.
2976 1857 3031 1903 et
3061 1848 3106 1903 si
3140 1848 3353 1917 triginta
3384 1849 3502 1905 die-

1882 1952 2001 1991 rum
2035 1938 2105 1990 sit
2135 1956 2147 1992 :
2182 1937 2252 1991 ita
2284 1938 2326 1992 si
2363 1947 2437 1993 tot
2462 1954 2727 1993 annorum
2761 1939 3349 2009 quadringentesimum
3376 1956 3499 1998 esse

1882 2027 2043 2083 finem
2074 2028 2392 2094 dixerimus,
2423 2044 2532 2084 non
2563 2030 2960 2085 aberrabimus.
3007 2029 3191 2100 Itaque
3225 2031 3337 2101 jam
3371 2040 3500 2088 tunc

1878 2120 1973 2175 ille
1996 2120 2153 2176 finem
2182 2121 2584 2191 prmmmtiavit.
2612 2122 2977 2179 Coerceamus
3002 2124 3161 2195 igitur
3186 2140 3284 2180 nos
3310 2126 3456 2195 ipsos
3481 2144 3494 2178 :

1881 2210 2127 2275 ltetemur
2155 2211 2207 2266 in
2251 2213 2442 2266 timore
2491 2212 2604 2268 Dei.
2660 2214 2870 2268 Etenim
2919 2214 3075 2269 nobis
3114 2230 3236 2269 cum
3282 2216 3497 2271 licentia

1880 2303 2244 2369 versantibus,
2274 2319 2380 2359 non
2412 2304 2569 2360 valde
2608 2305 2945 2371 curantibus,
2980 2322 3086 2360 non
3128 2318 3495 2376 exspectanti-

1881 2393 2003 2459 bus,
2039 2410 2262 2465 repente
2304 2396 2479 2451 aderit
2518 2397 2612 2453 Dei
2660 2398 2967 2454 adventus:
2999 2399 3141 2470 quod
3186 2400 3498 2469 signiﬁcans

1881 2488 2132 2545 Christus
2174 2488 2389 2545 dicebat
2426 2508 2440 2544 :
2487 2491 2637 2546 Sicut
2677 2493 2812 2546 enim
2858 2496 3050 2563 factum
3108 2505 3179 2548 est
3220 2495 3273 2547 in
3322 2495 3498 2548 diebus

1884 2577 2020 2642 Noe,
2051 2590 2096 2633 et
2122 2580 2175 2633 in
2204 2580 2379 2635 diebus
2404 2581 2522 2646 Lat,
2543 2583 2616 2637 sic
2642 2584 2742 2640 erit.
2776 2584 2828 2637 in
2860 2588 3293 2640 consummatione
3323 2588 3498 2641 δωρειιί

1883 2670 2037 2741 hujus
2064 2672 2273 2741 (Matth.
2300 2673 2398 2729 24.
2433 2675 2548 2747 57).
2601 2677 2716 2731 lloc
2766 2689 2820 2732 ct
2864 2678 3062 2733 Paulus
3108 2681 3184 2734 sic
3212 2680 3447 2736 declarat
3480 2680 3507 2736 ς’

1883 2760 2011 2816 Cum
2041 2764 2281 2830 dixerint,
2314 2765 2431 2819 Pas:
2457 2777 2501 2821 et
2526 2770 2793 2833 securitas,
2826 2780 2946 2823 tunc
2976 2772 3271 2843 repentinus
3307 2775 3377 2825 eis
3402 2789 3496 2825 suo

1883 2855 2135 2922 perveniet
2183 2856 2453 2921 interitus,
2502 2858 2633 2912 sicut
2667 2860 2816 2913 dolor
2864 2862 2916 2914 in
2966 2872 3109 2917 utero
3140 2864 3369 2918 habentis
3416 2865 3493 2934 (Ι.

1887 2944 2062 3001 Thess.
2094 2949 2147 3003 5.
2183 2947 2262 3022 5).
2294 2950 2431 3018 Quid
2474 2962 2557 3006 est
2584 2952 2752 3008 Dolor
2778 2956 2830 3008 in
2861 2967 3006 3010 utero
3033 2958 3263 3011 habentis
3288 2957 3312 3010 ?
3337 2957 3495 3027 Saepe

1884 3050 2226 3109 prazgnantes
2264 3042 2541 3107 mulieres,
2572 3044 2697 3099 dum
2732 3046 2941 3113 ludunt,
2984 3048 3274 3117 prandent,
3300 3050 3351 3104 in
3382 3050 3497 3105 bal-

1882 3146 2008 3197 neo,
2044 3133 2095 3186 in
2126 3132 2243 3188 foro
2264 3144 2409 3200 sunt,
2446 3137 2513 3191 de
2554 3137 2735 3195 futuro
2777 3141 2909 3197 nihil
2940 3144 3261 3213 cogitantes.
3295 3161 3494 3215 repen-

1884 3222 2009 3277 tinis
2036 3223 2360 3279 invaduntur
2391 3226 2691 3283 doloribus.
2724 3228 2861 3284 Cum
2889 3247 3019 3303 ergo
3042 3233 3282 3301 ejusdem
3314 3237 3497 3291 condi-

1882 3314 2044 3369 tionis
2071 3330 2157 3368 res
2184 3326 2383 3370 nostra:
2409 3319 2538 3385 sint,
2564 3320 2733 3375 simus
2750 3337 2968 3391 semper
2997 3326 3185 3393 parati.
3210 3325 3326 3381 Non
3349 3329 3491 3385 enim

1881 3420 2100 3474 semper
2126 3404 2241 3461 base
2268 3407 2575 3473 audiemus,
2609 3426 2717 3466 non
2748 3428 2964 3483 semper
3003 3414 3142 3472 hanc
3169 3398 3494 3483 potestatem

1883 3497 2217 3552 habebimus.
2256 3488 2336 3553 In
2381 3501 2614 3572 inferno,
2664 3504 2857 3573 inquit,
2900 3508 3014 3576 quis
3056 3509 3380 3575 conﬁtebitur
3406 3513 3496 3566 tibi

1883 3587 2053 3660 (I’sal.
2088 3589 2142 3644 6.
2191 3589 2294 3663 8)?
2343 3591 2441 3646 Hic
2484 3594 2664 3665 itaque
2714 3597 3090 3665 paenitentiam
3142 3615 3386 3671 agamus.
3438 3615 3497 3661 ut

1880 3680 1960 3735 sic
2014 3681 2179 3736 Deum
2226 3684 2514 3753 propitium
2564 3686 2881 3755 habeamus,
2914 3705 2979 3745 ac
3023 3690 3236 3759 plenam
3265 3694 3496 3751 delicto-

1880 3787 1999 3825 rum
2052 3774 2262 3835 veniam
2316 3790 2714 3847 consequamur
2768 3796 2782 3832 :
2836 3796 2996 3851 quam
3052 3784 3255 3838 utinam
3305 3802 3493 3846 onues

1880 3864 2249 3934 impetremus,
2279 3870 2450 3939 gratia
2485 3880 2539 3925 et
2566 3871 2899 3942 benignitate
2930 3875 3141 3931 Domini
3168 3880 3336 3934 nostri
3365 3880 3496 3936 Jcsu

1878 3955 2103 4024 Christi,
2144 3959 2232 4015 cui
2255 3960 2426 4032 gloria
2457 3971 2513 4017 et
2539 3963 2822 4034 imperium
2853 3967 2905 4021 in
2924 3969 3120 4024 srecula
3144 3973 3491 4029 saeculorum.

1880 4050 2079 4108 Amen.

1942 4272 2137 4352 '“Savll.
2161 4276 2363 4352 habet,
2391 4287 2655 4339 trecentos,
2682 4288 2735 4333 et
2767 4285 2836 4334 sic
2858 4285 2957 4336 duo
2976 4292 3086 4338 Mss.
3114 4292 3169 4337 At
3202 4288 3375 4352 plures
3400 4292 3486 4342 ha-

1873 4335 2015 4401 bent,
2040 4338 2436 4401 quadringentos.

1938 4392 2012 4462 (a)
2048 4392 2641 4466 Putabat'Cbrysostomus
2672 4420 2769 4457 non
2793 4406 2945 4472 longe
2971 4424 3086 4461 esse
3110 4412 3260 4463 tinem
3297 4417 3487 4465 mundi.

160 4580 3481 4644 .___________________________

1452 4679 1798 4747 HOMILIA
1854 4688 2127 4750 XXXV.

156 4815 244 4872 40.
281 4815 407 4870 Cum
447 4818 702 4873 venissent
741 4835 861 4890 ergo
887 4820 954 4874 ad
983 4821 1131 4876 illum
1170 4822 1489 4880 Samaritani
1511 4868 1526 4891 ,
1558 4845 1766 4901 rogave-

226 4920 349 4962 runt
375 4927 491 4963 eum
514 4922 567 4962 ut
594 4913 664 4965 ibi
685 4924 932 4967 maneret.
958 4914 1024 4967 Et
1051 4918 1234 4970 mansit
1261 4918 1330 4971 ibi
1355 4920 1484 4974 duos
1510 4922 1637 4976 dies.
1672 4926 1761 4981 41.

228 5000 299 5055 Et
331 5006 492 5057 multo
522 5005 694 5073 plures
722 5006 1043 5060 crediderunt
1069 5008 1124 5061 in
1163 5026 1277 5062 eum
1323 5025 1527 5081 propter
1573 5032 1766 5070 sermo-

224 5112 344 5148 nem
372 5098 525 5164 ejus;
557 5097 649 5153 42.
680 5108 729 5151 et
771 5100 972 5153 mulieri
1006 5101 1237 5157 dicebant
1286 5121 1306 5158 :
1337 5106 1477 5172 Quia
1510 5108 1625 5177 jam
1668 5127 1768 5164 non

224 5200 437 5256 promer
454 5198 594 5241 tuam
625 5190 877 5259 loquelam
898 5194 1150 5248 credimus
1175 5211 1194 5248 :
1212 5197 1312 5263 ipsi
1327 5199 1459 5251 enim
1482 5200 1767 5256 audivimus

222 5287 274 5329 et
300 5280 511 5344 scimus,
537 5283 655 5347 quia
683 5282 766 5335 hic
796 5293 868 5336 est
896 5299 1015 5338 vere
1041 5285 1283 5341 Salvator
1312 5290 1486 5343 mundi
1510 5292 1764 5350 Christus.

218 5370 319 5425 45.
352 5369 420 5424 Et
443 5383 557 5442 post
578 5374 687 5428 dies
708 5374 839 5430 duos
860 5378 1068 5431 excessit
1101 5378 1218 5433 inde
1241 5423 1256 5440 .
1288 5390 1334 5434 et
1362 5382 1483 5435 abiit
1527 5385 1579 5438 in
1621 5384 1763 5439 Gali-

219 5464 394 5517 leam.

227 5556 277 5609 l.
304 5554 751 5613 Samaritanorum
772 5559 1172 5633 Judteorutuque
1192 5582 1311 5639 erga
1328 5566 1417 5623 Chi
1434 5570 1587 5624 istum
1607 5589 1764 5641 agun-

153 5647 207 5699 di
227 5647 456 5700 rationes
479 5664 848 5718 comparantur
875 5669 893 5707 :
916 5655 1190 5711 laudantur
1215 5662 1432 5728 priores,
1452 5664 1763 5733 redarguun-

155 5746 239 5787 ίαν
266 5732 469 5790 Judtei.
497 5738 640 5796 Nihil
673 5742 872 5798 invidia
900 5752 954 5799 et
986 5746 1152 5803 livore
1198 5750 1382 5818 pejus,
1433 5752 1565 5806 nihil
1608 5732 1760 5808 inani

156 5825 321 5897 gloria
358 5827 589 5889 deterius
619 5851 631 5887 :
663 5833 781 5890 lucc
813 5834 1093 5893 innumera
1120 5854 1468 5914 corrumpere
1496 5844 1632 5902 solet
1664 5846 1729 5902 bu

1881 4851 1970 4887 na.
1999 4833 2171 4891 Judazi
2204 4854 2334 4908 ergo
2362 4856 2482 4896 eum
2518 4846 2779 4913 majorem
2811 4865 2972 4919 quam
3019 4852 3345 4912 Samaritani
3392 4874 3489 4914 cu-

1876 4928 2169 4997 gnitionem
2218 4932 2511 5002 haberent,
2563 4950 2616 4994 et
2664 4957 2786 4996 cum
2835 4946 3117 5016 prophetis
3160 4952 3374 5006 educati
3406 4970 3490 5011 es-

1876 5030 1997 5074 sent
2019 5062 2033 5084 ,
2068 5021 2176 5077 illis
2209 5033 2387 5080 tamen
2421 5028 2547 5084 hinc
2576 5030 2859 5089 inferiores
2886 5035 3123 5094 fuerunt.
3157 5041 3487 5103 Samaritani

1876 5114 2186 5171 testimonio
2229 5118 2470 5175 mulieris
2527 5120 2687 5177 fidem
2741 5125 3016 5197 habuere,
3069 5133 3326 5205 nulloque
3370 5139 3491 5192 viso

1875 5204 2030 5273 signo
2059 5215 2263 5261 exeunt
2285 5214 2520 5277 rogaturi
2562 5213 2836 5273 Christum
2869 5230 2928 5275 ttt
2974 5238 3158 5279 secum
3202 5204 3442 5283 maneret
3473 5247 3488 5293 ;

1872 5292 2045 5349 Judaei
2078 5311 2245 5366 vero,
2286 5301 2448 5355 etiam
2479 5305 2609 5359 visis
2659 5308 2935 5365 miraculis
2960 5353 2975 5377 ,
3025 5330 3132 5368 non
3176 5318 3337 5374 modo
3380 5336 3487 5375 non

1874 5383 2023 5439 illmn
2047 5388 2187 5455 apud
2217 5405 2275 5443 se
2298 5392 2638 5451 retinuerunt
2660 5439 2675 5463 ,
2706 5400 2800 5455 sed
2828 5404 2991 5458 etiam
3039 5406 3212 5475 ipsum
3259 5412 3481 5480 expule-

1874 5491 1997 5531 runt
2018 5520 2032 5541 ,
2064 5480 2303 5552 nihilque
2336 5500 2440 5538 non
2474 5499 2700 5556 egerunt
2732 5502 2789 5545 ut
2833 5494 3013 5563 ipsum
3046 5514 3077 5552 e
3122 5501 3344 5571 regione
3386 5518 3481 5556 sua

1879 5571 2240 5629 eliminat-ent.
2274 5578 2494 5635 Etiamsi
2528 5582 2740 5639 illorum
2793 5590 2964 5656 gratia
3012 5596 3281 5661 venisset,
3333 5598 3481 5653 illum

1872 5662 2225 5721 nihilominus
2257 5670 2575 5741 ejecerunt;
2606 5675 2659 5731 hi
2690 5690 2877 5735 contra
2911 5693 2967 5737 ut
2995 5686 3134 5753 apud
3156 5703 3214 5743 se
3240 5702 3479 5747 manere!

1870 5767 2147 5825 rogarunt.
2181 5758 2319 5815 Num
2352 5778 2480 5834 ergo
2511 5766 2578 5820 ad
2628 5768 2725 5825 hos
2770 5783 3023 5843 rogantes
3066 5794 3173 5833 non
3215 5783 3483 5838 acceden-

1872 5846 1995 5903 dum
2026 5847 2157 5921 fuit,
2190 5853 2283 5909 sed
2317 5855 2457 5921 illis,
2489 5860 2579 5929 qui
2608 5861 2707 5918 sibi
2740 5862 2875 5921 bene
2923 5866 3107 5925 affecti
3152 5884 3339 5940 erant,
3386 5894 3474 5933 t‘c-
