4164 6324
701 315 799 371 [99

695 433 834 487 lictis
853 474 868 497 ,
898 429 1036 503 apud
1064 427 1404 485 insidiatores
1428 438 1484 484 et
1509 427 1850 483 adversarios
1873 440 2093 484 manere
2115 440 2267 497 Opor-

694 521 830 576 tuitt
859 523 923 576 At
953 534 1056 575 non
1085 517 1276 574 fuisset
1305 516 1435 573 illud
1481 517 1600 588 ejus
1645 515 1978 586 providentia
2023 515 2261 588 dignum.

693 613 814 666 ideo
838 625 1037 666 morem
1059 609 1226 682 gessit
1248 619 1303 666 et
1321 608 1525 682 mansit
1550 607 1690 679 apud
1699 622 1797 664 eos
1823 607 2032 664 duobus
2054 607 2263 666 diebus.

688 701 789 771 ipsi
819 701 1032 771 quidem
1060 677 1358 758 voluissem
1383 700 1531 756 illum
1559 677 1816 770 perpetuo
1845 699 2108 756 retinere:
2134 698 2264 754 illud

686 792 828 846 enim
855 791 1053 848 indicat
1080 783 1405 862 evangelista
1433 790 1516 846 bis
1543 790 1718 845 verbis
1745 802 1762 844 :
1795 787 2118 862 negauerunt
2148 806 2262 844 eum

683 894 740 938 at
770 882 838 938 ibi
864 893 1119 950 maneret;
1149 885 1260 955 ipse
1282 899 1409 939 vero
1432 881 1622 948 noluit,
1644 881 1739 938 sed
1759 880 1896 938 duos
1922 891 2124 938 tantum
2146 881 2263 938 dies

678 989 800 1029 cum
827 975 931 1028 illis
957 975 1170 1037 mansit,
1201 984 1256 1030 et
1284 974 1377 1028 illo
1411 973 1668 1044 temporis
1694 973 1870 1042 spatio
1897 973 2053 1044 longe
2076 971 2260 1043 plures

678 1060 1022 1120 crediderunt
1048 1065 1098 1117 in
1126 1080 1270 1120 eum.
1303 1063 1463 1136 Atqui
1492 1077 1598 1118 non
1627 1063 1920 1119 verisimile
1943 1072 2093 1129 erat,
2136 1063 2259 1121 illos

678 1170 800 1212 esse
818 1155 1115 1211 credituros
1135 1196 1150 1218 ,
1180 1163 1290 1210 tum
1317 1153 1460 1226 quod
1501 1154 1704 1210 nullum
1733 1155 1947 1226 signum
1974 1154 2254 1224 vidissem,

679 1256 789 1300 tum
819 1247 958 1315 quod
988 1245 1204 1300 Judteos
1226 1244 1351 1302 odio
1392 1243 1674 1302 haberent.
1719 1247 1971 1302 Attamen
2012 1246 2134 1315 quia
2176 1247 2259 1302 di.

679 1349 884 1393 clarum
928 1335 1067 1390 illius
1096 1337 1378 1392 veritatem
1413 1336 1557 1409 justo
1594 1336 1959 1404 aastimarunt,
2003 1336 2086 1392 his
2124 1335 2256 1392 nihil

676 1427 1069 1492 omcientibus,
1098 1428 1408 1484 sublimiora
1457 1429 1525 1483 de
1571 1429 1663 1485 illo
1709 1428 2048 1500 cogitarunt,
2093 1443 2253 1498 quam

673 1534 792 1590 qua:
821 1528 1040 1589 possent
1067 1517 1370 1587 hujusmodi
1395 1519 1637 1576 obicibus
1669 1519 1914 1590 impediri
1936 1561 1953 1586 ,
1983 1534 2045 1574 ac
2066 1527 2245 1576 certa-

675 1612 768 1665 tim
796 1610 940 1665 illum
963 1609 1131 1680 magis
1156 1624 1218 1666 ac
1248 1610 1420 1681 magis
1445 1610 1869 1666 admirabantur.
1888 1610 2023 1666 Nam
2044 1611 2253 1668 Mulieri

672 1701 939 1759 dicebant:
963 1698 1082 1755 Non
1090 1701 1202 1771 jam
1228 1711 1435 1772 propter
1461 1711 1600 1756 tuam
1631 1703 1878 1773 loquelam
1903 1704 1952 1758 ei
1971 1704 2251 1760 credimus:

669 1793 768 1860 ipsi
809 1792 941 1846 enim
975 1791 1256 1846 audivimus
1295 1802 1342 1846 et
1383 1793 1569 1848 scimus
1589 1833 1602 1858 ,
1631 1793 1750 1862 quia
1774 1793 1856 1848 hic
1881 1803 1956 1848 est
1985 1810 2094 1849 aere
2124 1794 2248 1850 Sal-

670 1893 812 1937 vator
836 1883 1006 1936 mundi
1034 1883 1280 1938 Christus.
1319 1884 1571 1956 Discipuli
1621 1884 1700 1956 (a)
1752 1887 2057 1956 magistram
2102 1887 2246 1941 illam

668 1986 1009 2043 superarunt.
1046 1974 1106 2028 lli
1145 1990 1375 2045 namque
1403 1974 1618 2030 Judaeos
1659 1976 1782 2045 jure
1821 1991 2075 2032 accusare
2121 1992 2245 2046 pos-

666 2075 821 2128 sunt,
857 2065 1070 2136 etquod
1101 2067 1427 2121 crediderint
1453 2077 1509 2122 et
1553 2067 1695 2138 quod
1747 2082 1869 2124 eum
1915 2071 2240 2139 acceperint.

666 2154 743 2212 llli
765 2171 988 2226 quorum
1010 2157 1182 2227 gratia
1205 2164 1376 2211 totum
1399 2156 1501 2213 hoc
1520 2171 1655 2228 opus
1699 2167 2010 2228 susceperat
2035 2199 2050 2225 ,
2096 2175 2242 2230 saepe

665 2248 834 2316 ipsum
868 2247 1274 2317 lapidaverunt;
1305 2247 1358 2304 bi
1386 2265 1515 2304 vero
1547 2265 1654 2305 non
1679 2250 2019 2306 accedentem
2067 2253 2134 2307 ad
2182 2267 2241 2308 se

663 2351 939 2418 traxerunt
968 2359 981 2394 :
1013 2342 1086 2396 illi
1114 2343 1241 2397 visis
1268 2343 1431 2413 signis
1458 2344 1758 2412 pertinaces
1787 2352 2023 2410 manent,
2042 2342 2098 2398 hi
2123 2345 2239 2402 sine

657 2433 823 2502 signis
848 2450 1090 2504 magnam
1113 2451 1238 2506 erga
1263 2436 1408 2490 illum
1439 2435 1598 2491 iidem
1621 2437 1915 2516 exhibent,
1963 2445 2020 2492 et
2065 2451 2125 2492 ea
2171 2437 2240 2493 de

657 2541 814 2580 causa
855 2527 1172 2598 gloriantur,
1205 2529 1347 2599 quod
1374 2530 1493 2585 sine
1535 2531 1702 2600 signis
1749 2530 2108 2597 crediderint;
2161 2533 2235 2588 illi

657 2631 783 2672 vero
813 2618 968 2673 llnem
998 2634 1103 2673 non
1134 2618 1335 2675 faciunt
1359 2621 1598 2676 tentandi
1640 2631 1695 2677 et
1733 2622 1884 2691 signa
1935 2622 2234 2693 quaerendi.

656 2709 729 2764 Ita
759 2725 974 2781 semper
1002 2712 1167 2782 probe
1192 2711 1383 2768 affecta
1415 2713 1593 2768 anima
1641 2728 1778 2784 opus
1821 2723 1905 2770 est
1940 2731 1953 2768 :
1985 2729 2143 2780 quam
2186 2714 2232 2769 si

655 2803 849 2856 veritas
872 2800 1061 2865 adeat,
1093 2801 1248 2858 facile
1267 2802 1585 2872 occupabit;
1617 2804 1660 2857 si
1706 2819 1811 2858 non
1859 2812 2125 2874 occupet,
2176 2802 2229 2858 id

652 2907 757 2946 non
783 2906 850 2947 ex
878 2893 1118 2947 veritatis
1163 2893 1508 2960 infimitate,
1546 2892 1639 2949 sed
1678 2910 1743 2950 ex
1777 2894 1894 2965 ejus
1933 2896 2229 2967 pervicacia

647 2986 840 3040 oritur.
868 2983 1001 3040 Nam
1028 2995 1082 3039 et
1106 2985 1183 3039 sol
1217 3000 1378 3054 puros
1407 2985 1594 3042 oculos
1622 2984 1780 3041 facile
1807 2987 2104 3054 illuminat;
2144 2989 2228 3044 sin

650 3079 828 3132 minus
850 3117 864 3142 ,
893 3078 1170 3133 oculorum
1194 3078 1377 3147 culpa,
1429 3092 1534 3132 non
1569 3078 1699 3133 solis
1747 3078 2078 3134 imbecillitas
2120 3090 2224 3135 est.

649 3169 783 3224 Audi
811 3171 968 3239 igitur
993 3169 1118 3239 quid
1148 3169 1199 3222 hi
1231 3169 1412 3224 dicunt
1434 3210 1450 3235 ,
1482 3168 1686 3224 Scimus
1706 3172 1823 3238 quia
1868 3171 1950 3224 hic
1995 3179 2066 3224 est
2115 3186 2228 3225 vere

646 3259 887 3316 Saluator
915 3261 1090 3314 mundi
1120 3259 1370 3315 Christus.
1394 3259 1585 3315 Videnâ€™
1609 3276 1766 3330 quam
1796 3261 1904 3315 cito
1934 3269 2218 3334 noverunt,

646 3351 816 3420 ipsum
843 3350 1026 3406 orbem
1060 3361 1321 3406 terrarum
1351 3361 1701 3407 attracturum
1728 3367 1848 3408 esse
1871 3361 1927 3408 et
1962 3352 2030 3408 ad
2069 3367 2222 3409 com-

645 3459 860 3500 munem
886 3445 1211 3515 operaudam
1248 3446 1474 3501 salutem
1523 3446 1770 3510 venisse;
1813 3445 2062 3517 quodque
2110 3461 2220 3502 non

645 3537 696 3589 in
725 3537 855 3591 solis
876 3534 1075 3592 Judmis
1100 3537 1218 3605 ejus
1246 3536 1576 3604 providentia
1604 3535 2099 3602 circumcludenda,
2126 3536 2221 3594 sed

645 3626 860 3680 verbum
881 3625 998 3695 ejus
1020 3626 1212 3696 ubique
1237 3625 1691 3681 disseminandum
1719 3625 1894 3681 iuret?
1935 3628 2006 3681 At
2045 3626 2217 3682 Judaai

643 3732 747 3770 non
775 3717 932 3782 item;
960 3717 1067 3770 imo
1093 3717 1218 3768 dum
1261 3725 1564 3784 quaererent
1608 3711 1866 3785 justitiam
1907 3732 2056 3772 suam
2107 3728 2220 3774 sta-

645 3819 794 3863 tuere
815 3849 830 3872 ,
855 3809 1073 3878 justitia:
1104 3807 1194 3861 Dei
1224 3814 1333 3861 non
1361 3806 1586 3875 subjecti
1616 3806 1846 3862 fuerunt.
1878 3799 1943 3862 lli
1973 3823 2104 3864 vero
2146 3809 2222 3863 fa-

641 3909 818 3954 tentur
839 3914 1024 3953 omnes
1047 3898 1098 3951 in
1126 3898 1279 3967 culpa
1310 3913 1430 3953 esse
1452 3939 1466 3962 ,
1499 3898 1624 3953 illud
1653 3900 1998 3969 apostolicum
2028 3917 2139 3971 pra:
2158 3915 2219 3957 se

641 3992 874 4044 lerentes
902 4007 915 4041 :
948 3987 1134 4043 Omnes
1189 3999 1550 4060 peccaverunt,
1602 3998 1648 4044 et
1692 3999 1835 4060 egent
1878 3991 2041 4061 gloria
2081 3991 2178 4047 Dei
2198 4033 2213 4056 ,

630 4079 899 4149 justi/irati
917 4081 1074 4149 gratis
1092 4097 1179 4148 per
1202 4081 1417 4151 gratiam
1441 4081 1601 4149 ipsius
1631 4079 1813 4150 (Rom.
1846 4082 1931 4137 l0.
1958 4083 2011 4138 5.
2034 4081 2214 4153 ).Cum

637 4171 816 4227 dicunt
841 4175 981 4227 enim
1014 4173 1184 4243 ipsum
1231 4189 1350 4228 esse
1383 4173 1709 4230 Salvatorem
1758 4174 1978 4242 mundi,
2028 4185 2212 4232 osten-

637 4265 768 4318 dunt
817 4265 1071 4318 mundum
1121 4264 1385 4334 periisse;
1441 4273 1496 4318 et
1546 4281 1651 4319 non
1697 4265 1857 4319 modo
1885 4264 2215 4336 Salvatorem

635 4371 777 4421 esse,
805 4355 898 4410 sed
924 4368 977 4410 et
1003 4357 1055 4410 in
1078 4357 1236 4411 rebus
1266 4355 1538 4413 maximis.
1570 4355 1841 4411 Venerunt
1880 4358 2021 4411 enim
2064 4347 2222 4414 multi

637 4456 696 4500 ut
723 4445 966 4500 homines
994 4446 1171 4500 salvos
1197 4446 1464 4511 facerent,
1507 4446 1816 4516 prepltetai,
1860 4450 2062 4519 angeli;
2116 4450 2213 4505 sed

635 4554 794 4595 verus
817 4538 1061 4594 Salvator
1084 4539 1171 4594 hic
1198 4547 1313 4604 est,
1347 4539 1551 4609 inquit,
1584 4540 1670 4609 qui
1699 4555 1876 4594 veram
1904 4541 2103 4609 praebet
2127 4556 2214 4596 sa-

635 4634 797 4688 lutem
821 4675 837 4699 ,
870 4648 975 4687 non
1007 4633 1178 4688 solum
1206 4643 1380 4688 autem
1413 4641 1828 4702 temporaneam.
1852 4632 1963 4687 Hoc
1989 4634 2212 4689 sincerae

635 4723 757 4778 ï¬dei
787 4731 1155 4793 argumentum
1183 4731 1284 4778 est.
1320 4722 1575 4792 Utriuque
1598 4724 1738 4778 enim
1768 4724 2039 4780 mirabiles
2063 4734 2207 4794 sunt,

630 4824 686 4869 ct
710 4813 854 4883 quod
877 4812 1198 4870 crediderint
1217 4856 1232 4877 ,
1261 4823 1314 4869 et
1335 4815 1473 4885 quod
1501 4814 1617 4869 sine
1643 4815 1808 4885 signis
1849 4817 2205 4884 crediderint;

630 4918 765 4972 quos
806 4912 860 4960 et
896 4903 1138 4960 Christus
1184 4904 1369 4960 beatos
1406 4903 1659 4976 pradicet
1702 4903 1787 4961 his
1815 4907 2032 4964 verbis:
2063 4909 2211 4964 Beati

629 4995 718 5062 qui
759 5011 859 5050 non
897 4995 1158 5062 uiderunt,
1201 5004 1247 5050 et
1271 4996 1588 5050 crediderunt
1611 4997 1629 5069 (
1652 4996 1800 5055 Rom.
1834 4999 1887 5055 5.
1925 4999 2015 5055 23.
2060 5001 2125 5055 M
2151 5000 2203 5072 );

632 5087 848 5157 etquod
879 5090 1038 5144 etiam
1063 5089 1272 5144 sincere
1299 5088 1646 5144 crediderint.
1678 5089 1812 5146 Cum
1857 5093 1999 5147 enim
2050 5095 2205 5148 audi-

636 5186 755 5233 rent
782 5177 1054 5232 mulierem
1085 5179 1247 5234 dubie
1282 5180 1585 5249 loquentem
1607 5221 1622 5248 ,
1673 5180 1935 5247 Numquid
1984 5186 2093 5256 ipse
2132 5197 2207 5242 est

629 5266 900 5322 Christus?
931 5284 1034 5322 non
1056 5269 1304 5326 dixerunt
1326 5311 1341 5337 ,
1369 5270 1475 5327 Nos
1499 5287 1711 5342 quoquc
1740 5273 2041 5330 dubitamus
2064 5318 2080 5342 ,
2111 5292 2206 5332 ne.

628 5373 734 5426 que
759 5358 828 5412 ita
859 5358 1255 5427 existimamus,
1289 5362 1417 5428 sed,
1453 5362 1690 5430 Scimus;
1722 5380 1894 5436 neque
1940 5368 2041 5424 hoc
2084 5378 2202 5425 tan-

627 5457 738 5503 tum
764 5488 778 5512 ,
807 5447 900 5503 sed
931 5449 1092 5504 etiam
1111 5491 1126 5515 ,
1156 5449 1254 5504 llic
1282 5462 1353 5506 est
1380 5469 1491 5507 vere
1509 5453 1751 5509 Salvator
1776 5458 1970 5512 mundi.
2017 5458 2205 5530 Neque

627 5539 768 5596 enim
794 5537 1063 5597 Christum
1095 5552 1152 5598 ut
1180 5559 1340 5598 unum
1371 5560 1400 5600 e
1444 5546 1599 5616 vulgo
1641 5548 2031 5607 conï¬tebantur
2053 5592 2069 5620 ,
2109 5552 2202 5610 sed

688 5721 762 5783 (a)
795 5719 929 5774 lianc
953 5733 1119 5776 vocem
1142 5722 1204 5776 de
1226 5725 1529 5779 Samaritanus
1561 5728 1801 5792 intellige.

1369 317 1428 372 8.
1462 310 1738 372 Î´Î¿Î‘ÎºÎÎ¹Îµ
1764 309 2233 368 Î¿Î¹Î¹Îºá¿–ÎµÎ¿ÎµÏ„Î¿Î¹Î¹Î¹
2273 309 2591 371 ARClliEP.
2631 314 3166 378 CONSTANTINOP.

3856 335 3964 396 tua

2378 441 2508 484 vere
2532 424 2868 487 Salvatorem
2895 431 3169 490 dicebant.
3198 433 3357 508 Atqui
3385 452 3546 510 quem
3570 440 3640 498 ab
3666 443 3760 501 illo
3781 459 3963 504 serva-

2375 523 2487 573 tum
2517 519 2805 577 viderant?
2843 521 3016 580 Verba
3068 537 3274 583 tantum
3319 529 3644 601 audierant,
3679 544 3736 591 et
3782 548 3960 595 tamen

2371 614 2435 656 ea
2466 601 2579 675 ipsa
2612 603 2892 675 proferunt
2913 624 3032 678 qua:
3057 608 3354 678 dixissent,
3401 615 3447 670 si
3485 616 3747 674 uidissent
3791 624 3960 679 multa

2369 706 2670 765 magnaque
2709 698 2983 755 miracula.
3006 699 3074 756 Et
3099 717 3199 758 cur
3221 705 3559 776 evangelista:
3585 724 3692 765 non
3722 711 3962 770 referunt

2369 797 2431 838 ea
2472 801 2595 856 qua:
2633 787 2806 857 dixit,
2839 806 3062 862 qumque
3107 793 3371 850 mirabilia
3413 799 3611 853 erant?
3663 799 3735 857 Ut
3776 802 3960 861 discas

2369 873 2514 944 ipsos
2540 878 2705 934 multa
2738 895 2806 936 ex
2835 884 3044 955 magnis
3072 885 3232 938 rebus
3261 890 3708 957 praetermittere;
3752 893 3846 949 sed
3888 911 3955 951 es

2367 976 2565 1023 eventu
2613 977 2786 1026 totum
2832 971 3361 1031 demonstraverunt.
3423 976 3612 1035 Verbis
3654 983 3798 1038 enim
3841 986 3958 1042 suis

2367 1063 2537 1113 totum
2570 1061 2823 1130 populum
2844 1103 2861 1130 ,
2896 1063 3308 1136 universamque
3352 1067 3622 1124 civitatem
3666 1075 3954 1131 convertit.

2364 1145 2463 1202 Ubi
2489 1158 2667 1204 autem
2712 1151 2984 1210 auditores
3028 1169 3136 1211 non
3190 1156 3607 1230 obtemperant,
3660 1170 3786 1219 tunc
3829 1179 3955 1236 qua:

2362 1238 2608 1297 Christus
2661 1241 2859 1300 dixerit
2906 1245 3111 1304 referre
3151 1260 3450 1320 coguntur,
3521 1267 3592 1310 ne
3640 1253 3950 1312 auditorum

2360 1327 2624 1399 ignaviam
2653 1333 3140 1394 inconcionantem
3194 1340 3314 1410 quis
3365 1341 3586 1399 referat.
3641 1343 3773 1401 Post
3821 1347 3954 1404 duos

2358 1431 2524 1476 autem
2543 1423 2650 1480 dies
2671 1426 2797 1482 exiit
2819 1428 2976 1496 inde,
3002 1439 3049 1484 et
3083 1430 3207 1486 abiit
3245 1432 3304 1486 in
3344 1431 3636 1491 Galilcans.
3681 1436 3772 1493 Îœ.
3828 1437 3954 1511 Ipsa

2357 1515 2491 1569 enim
2513 1513 2749 1573 Christus
2775 1521 3115 1576 testimonium
3138 1524 3425 1593 perhibuit,
3453 1527 3574 1598 quia
3601 1515 3858 1598 propheta?
3890 1533 3951 1587 in

2357 1609 2522 1675 patria
2549 1625 2643 1663 sua
2688 1611 2928 1668 honorem
2977 1631 3079 1670 non
3121 1615 3291 1672 habet.
3346 1618 3458 1673 Cur
3504 1620 3606 1676 hoc
3655 1623 3953 1693 adjicitur?

2355 1697 2487 1764 Quia
2517 1701 2569 1754 in
2597 1699 2935 1772 Capernaum
2961 1721 3067 1761 non
3096 1707 3264 1773 abiit,
3292 1709 3387 1765 sed
3428 1710 3479 1764 in
3531 1710 3841 1781 Gallium,
3891 1725 3950 1773 et

2355 1789 2478 1847 inde
2504 1792 2556 1846 in
2588 1791 2756 1849 Catia.
2786 1795 2864 1851 Ne
2891 1811 3102 1867 quaeras
3128 1800 3274 1854 enim
3296 1840 3314 1867 ,
3346 1815 3444 1856 cur
3475 1817 3581 1858 non
3612 1804 3754 1874 apud
3776 1821 3909 1863 suos
3928 1849 3949 1875 ,

2351 1883 2445 1938 sed
2474 1885 2612 1955 apud
2639 1886 3004 1946 Samaritanos
3029 1901 3241 1948 maneat
3265 1931 3282 1956 ,
3315 1907 3531 1949 causam
3575 1896 3762 1965 adest,
3798 1901 3948 1971 quod

2353 1988 2544 2043 nempe
2575 1975 2749 2046 ipsum
2797 1993 2903 2033 non
2948 1980 3217 2036 audirent.
3256 1981 3385 2038 Ideo
3416 1985 3574 2055 igitur
3619 2002 3726 2044 non
3765 2006 3834 2047 eo
3888 2006 3948 2048 se

2349 2064 2593 2131 contulit,
2624 2081 2692 2122 ne
2719 2069 2937 2138 gravius
2955 2070 3219 2139 judicium
3244 2073 3508 2131 subirent.

2417 2154 2471 2209 2.
2503 2156 2638 2212 Puto
2659 2158 2802 2213 enim
2853 2159 2938 2216 hic
2984 2163 3210 2232 patriam
3255 2178 3405 2219 suam
3457 2165 3683 2240 intelligi
3735 2170 3945 2242 Caper-

2346 2260 2504 2300 naum
2535 2262 2548 2298 :
2578 2247 2724 2319 quod
2751 2259 2929 2306 autem
2965 2252 3034 2306 ibi
3080 2254 3230 2309 nullo
3255 2269 3378 2310 eum
3425 2256 3631 2334 honore
3679 2273 3944 2334 exceptus

2344 2337 2415 2393 sit
2435 2377 2452 2403 ,
2483 2337 2606 2394 autï¬
2631 2341 2803 2410 ipsum
2832 2341 3100 2399 dicentem
3132 2362 3145 2398 :
3181 2343 3246 2399 Et
3275 2355 3328 2399 tu
3349 2388 3364 2412 ,
3411 2331 3734 2417 Capei'naum
3755 2394 3772 2419 ,
3818 2331 3945 2422 qua:

2343 2444 2500 2496 usque
2525 2429 2594 2483 ad
2621 2432 2802 2486 calum
2830 2431 3055 2488 excitata
3097 2451 3149 2489 es
3172 2476 3187 2502 ,
3235 2452 3393 2506 usque
3431 2439 3501 2491 ad
3544 2441 3800 2511 infernum
3844 2445 3942 2499 de-

2343 2519 2548 2574 scenda
2577 2520 2745 2592 (Luc.
2781 2524 2870 2578 10.
2899 2523 2966 2579 i5
2987 2522 3032 2596 ).
3063 2524 3296 2582 Patriam
3328 2542 3458 2585 vero
3482 2545 3633 2587 suum
3657 2543 3817 2590 vocat
3846 2552 3941 2593 se.

2343 2612 2577 2667 eundum
2622 2617 2939 2672 oeconomia:
2964 2618 3247 2687 rationem,
3274 2621 3394 2691 quia
3425 2622 3622 2679 diutius
3653 2625 3722 2681 ibi
3749 2642 3941 2684 versaâ€”

2340 2707 2427 2757 tus
2456 2702 2650 2758 fuerat.
2673 2703 2812 2773 Quid
2838 2707 3004 2777 ergo?
3031 2706 3271 2777 inquies,
3311 2725 3491 2767 almon
3539 2715 3739 2770 multos
3781 2717 3942 2776 vide-

2337 2805 2472 2857 mus,
2493 2794 2581 2863 qui
2610 2795 2747 2863 apud
2773 2796 3058 2867 populares
3083 2813 3212 2858 suos
3241 2801 3589 2860 admirationi
3629 2803 3944 2867 habentur?

2338 2880 2592 2939 Videmus
2616 2885 2839 2956 utique;
2869 2888 2964 2944 sed
3009 2905 3108 2959 per
3159 2905 3222 2946 ea
3274 2907 3396 2963 qum
3438 2909 3565 2950 raro
3611 2899 3942 2970 contingunt

2335 2989 2441 3030 non
2472 2985 2556 3030 est
2581 2978 2844 3032 sententia
2873 2979 3117 3036 ferenda.
3149 2982 3302 3050 Quod
3328 2986 3374 3039 si
3397 2986 3614 3055 quidam
3665 2989 3716 3044 in
3758 2993 3941 3060 patria

2333 3080 2428 3121 sua
2457 3066 2716 3123 honorem
2742 3078 2868 3124 sunt
2888 3074 3225 3143 consequuti,
3246 3076 3414 3131 multo
3434 3078 3603 3149 magis
3634 3079 3686 3135 in
3715 3083 3895 3138 aliena
3920 3102 3936 3140 :

2329 3159 2662 3215 consuetudo
2707 3177 2939 3232 namque
2979 3175 3342 3236 contemptum
3393 3182 3582 3238 parere
3624 3173 3783 3229 solet.
3833 3175 3937 3232 45.

2328 3237 2457 3304 Cum
2479 3267 2598 3322 ergo
2621 3252 2833 3306 venisset
2854 3254 2907 3307 in
2930 3253 3201 3311 Galilteam
3221 3299 3238 3323 ,
3265 3237 3572 3328 exceperunt
3615 3278 3730 3318 eum
3779 3264 3942 3321 Gali-

2327 3339 2410 3394 hei
2428 3381 2444 3406 ,
2489 3357 2604 3395 cum
2646 3343 2887 3398 vidissent
2929 3346 3099 3399 omnia
3141 3362 3260 3418 qua
3293 3352 3484 3421 fecerat
3502 3349 3846 3426 Jerosolymis
3875 3361 3936 3413 in

2328 3430 2413 3486 die
2435 3429 2562 3500 festo
2591 3451 2612 3486 Îµ
2635 3433 2738 3504 ipsi
2763 3434 2898 3489 enim
2924 3447 3164 3491 venerant
3189 3437 3259 3491 ad
3296 3439 3431 3493 diem
3469 3443 3679 3513 festum.
3733 3445 3938 3503 Viden'

2329 3523 2599 3590 quomodo
2625 3524 2659 3578 ii
2686 3526 2775 3593 qui
2805 3528 2947 3582 male
2976 3526 3305 3596 audiebant,
3334 3529 3433 3599 ipsi
3483 3533 3719 3590 maxime
3759 3534 3934 3593 Chri-

2327 3621 2468 3666 stum
2500 3615 2732 3670 adeant?
2759 3615 2890 3670 Nam
2921 3616 3007 3671 hic
3029 3617 3244 3687 quidem
3273 3621 3598 3692 evangelista
3629 3623 3760 3680 dicit
3785 3645 3802 3681 :
3841 3628 3934 3685 Î•..

2329 3702 2557 3760 Nazaret
2577 3716 2737 3776 potest
2761 3708 2955 3778 aliquid
2981 3708 3101 3762 boni
3129 3725 3238 3764 esse
3263 3712 3281 3780 (
3302 3709 3458 3768 Joan.
3487 3715 3540 3770 Î™.
3579 3716 3646 3772 47
3674 3718 3739 3786 )â€˜f
3781 3721 3939 3778 alius

2325 3803 2501 3850 autem
2522 3838 2536 3861 ,
2569 3798 2813 3853 Scrutare
2837 3809 2883 3853 et
2903 3800 3046 3867 uide,
3077 3803 3198 3873 quia
3227 3805 3476 3874 prapheta
3496 3823 3529 3860 a
3551 3806 3767 3865 Galila-a
3810 3829 3938 3868 non

2323 3888 2482 3957 surgit
2529 3887 2725 3958 (Joan.
2767 3890 2818 3945 7.
2849 3891 2958 3962 52)
2991 3908 3004 3946 :
3032 3892 3176 3962 quod
3222 3894 3278 3948 in
3322 3898 3706 3955 contumeliam
3749 3900 3940 3972 ipsius

2322 3977 2589 4034 dicebant.
2634 3980 2778 4035 Multi
2811 3997 3041 4052 namque
3071 3984 3328 4054 putabant
3354 3986 3531 4057 ipsum
3572 4004 3640 4045 es
3686 3991 3938 4052 Nasarct

2321 4084 2443 4125 esse
2472 4087 2485 4123 :
2516 4080 2675 4140 atque
2718 4073 2766 4127 ei
2813 4082 3082 4143 tamquam
3111 4073 3452 4132 Samaritano
3491 4082 3934 4150 exprobrabant.

2325 4162 2684 4217 Samaritanus
2736 4180 2822 4230 es,
2873 4165 3120 4231 aiebant,
3171 4175 3219 4219 et
3271 4165 3578 4222 dternonium
3604 4171 3777 4227 habes.
3810 4172 3939 4231 Sed

2323 4266 2450 4305 ecce
2481 4292 2495 4316 ,
2548 4253 2752 4322 inquit,
2814 4254 3134 4309 Samaritani
3185 4265 3241 4311 et
3288 4254 3494 4314 Galilzni
3552 4261 3783 4317 credunt
3855 4267 3937 4322 ad

2322 4342 2664 4413 ignominiam
2708 4345 3054 4412 Judmorum;
3122 4347 3230 4404 imo
3291 4349 3610 4409 Samaritani
3675 4354 3940 4415 Galilei:

2321 4436 2568 4491 meliores
2612 4436 3124 4506 deprehenduntur:
3155 4441 3230 4495 illi
3251 4442 3398 4498 enim
3423 4459 3490 4498 ex
3537 4445 3778 4504 mulieris
3831 4467 3941 4508 so-

2319 4525 2427 4580 lum
2470 4528 2772 4584 testimonio
2811 4531 2987 4599 ipsum
3027 4541 3384 4601 acceperunt;
3445 4532 3499 4589 bi
3548 4550 3707 4606 vero,
3761 4553 3936 4609 post-

2316 4631 2477 4686 quam
2518 4619 2669 4689 signa
2714 4620 2783 4676 ab
2819 4621 2909 4674 illo
2955 4621 3090 4676 facta
3133 4622 3393 4679 viderant.
3450 4625 3539 4681 i6.
3601 4626 3748 4684 Venit
3791 4649 3940 4707 ergo

2315 4707 2466 4764 Iesus
2489 4711 2669 4764 iterum
2693 4713 2746 4766 in
2770 4712 2912 4768 Cana
2934 4712 3162 4770 Galilteat
3183 4757 3199 4781 ,
3231 4717 3313 4770 ubi
3337 4718 3455 4788 fecit
3483 4738 3669 4794 aquam
3712 4727 3942 4787 sinum.

2317 4803 2627 4860 Miraculum
2664 4805 2716 4860 in
2767 4808 3078 4862 memoriam
3124 4819 3363 4877 revocat,
3395 4812 3463 4868 ad
3508 4815 3769 4884 majorem
3819 4820 3940 4877 Sa-

2317 4893 2696 4951 maritanorum
2754 4897 2989 4953 laudem.
3042 4897 3105 4953 Hi
3161 4914 3393 4971 namque
3444 4913 3568 4974 post
3635 4907 3788 4979 signa
3873 4925 3940 4971 ct

2312 4982 2655 5057 Jerosolymis
2684 4996 2739 5043 et
2777 4988 2917 5059 apud
2958 5004 3019 5046 se
3059 4990 3238 5059 edita,
3288 4993 3460 5064 ipsum
3505 5010 3881 5066 susceperunt
3919 5026 3937 5064 :

2313 5078 2632 5136 Samaritani
2664 5097 2790 5138 vero
2815 5096 2882 5138 ex
2922 5081 3164 5139 doctrina
3209 5091 3437 5141 tantum.
3496 5085 3641 5145 istuc
3693 5097 3939 5156 venisse

2311 5181 2529 5238 narrat;
2560 5189 2662 5244 qua
2690 5175 2759 5230 de
2803 5190 2963 5231 causa
3011 5176 3223 5233 venerit
3275 5193 3382 5236 non
3430 5181 3632 5252 adjicit.
3688 5184 3748 5239 In
3799 5187 3937 5246 Î±Î¸-

2311 5263 2503 5319 lilmam
2565 5265 2706 5320 enim
2769 5277 2986 5337 propter
3040 5267 3350 5325 Judaeorum
3401 5272 3654 5330 invidiam
3719 5282 3936 5347 venit;

2308 5357 2402 5412 sed
2431 5372 2528 5413 cur
2567 5357 2620 5413 in
2662 5356 2856 5414 Caua?
2902 5360 3142 5418 Primum
3189 5372 3414 5419 vocatus
3451 5366 3516 5421 ad
3557 5370 3780 5438 nuptias
3815 5373 3934 5431 illo

2307 5457 2647 5504 concesserat
2685 5464 2700 5514 ;
2747 5449 2843 5506 sed
2871 5466 3012 5507 nunc
3036 5468 3204 5522 quare
3231 5454 3256 5507 Ï„
3285 5455 3412 5511 Mihi
3441 5458 3656 5527 quidem
3689 5465 3940 5524 venis-ue

2308 5541 2516 5598 videtur
2555 5552 2611 5598 ut
2652 5543 2810 5598 ï¬dem
2847 5547 3040 5615 patrati
3083 5547 3328 5603 miraculi
3367 5553 3651 5620 prasentia
3679 5571 3782 5612 sua
3819 5560 3938 5616 fir-

2308 5647 2514 5700 maret,
2545 5645 2709 5707 utque
2749 5653 2854 5692 nou
2887 5648 3108 5695 vocatus
3136 5645 3423 5710 accedens,
3470 5647 3640 5718 magis
3669 5649 3802 5708 illos
3836 5657 3938 5711 al-

2311 5727 2522 5794 liceret,
2552 5743 2674 5783 cum
2699 5728 2885 5785 relicta
2915 5731 3083 5800 patria
3105 5773 3120 5800 ,
3151 5733 3270 5788 illos
3295 5735 3406 5791 suis
3434 5742 3745 5799 anteferret.
3777 5745 3942 5810 Eme
