4164 6324
203 382 304 440 1111

208 505 376 550 autem
403 493 615 564 quidam
647 490 874 561 regulus,
897 487 1044 556 cujus
1068 485 1204 549 ﬁlius
1229 481 1586 550 iit/innabatur
1622 476 1815 545 Caper-

210 603 388 640 naum.
433 583 525 639 47.
576 583 681 636 llic
725 598 840 634 cum
879 579 1098 632 audisset
1146 577 1263 644 quia
1303 573 1456 627 Jesus
1499 569 1754 624 adveniret
1783 583 1816 618 η

209 677 401 731 Jttdtea
431 676 484 727 in
526 672 799 728 Galilaeam
825 714 837 733 ,
871 671 1000 723 venit
1040 669 1107 721 ad
1132 684 1242 720 eum
1263 707 1277 730 ,
1308 677 1356 718 et
1383 663 1592 733 rogabat
1618 677 1729 712 eunt
1761 667 1813 710 ut

208 771 570 831 descenderet,
618 776 666 819 et
707 771 911 818 sanaret
955 761 1119 828 ﬁlium
1170 759 1282 828 ejus
1312 775 1327 826 ;
1357 757 1469 808 sive
1521 769 1584 807 ex
1617 764 1815 822 genere

208 863 363 931 regio
392 875 514 914 cum
565 868 754 921 esset,
792 855 870 910 vel
921 870 985 908 ex
1017 851 1246 922 quadam
1295 848 1551 917 dignitate
1599 843 1816 914 regulus

209 953 598 1022 appellaretur.
633 949 858 1016 Quidam
909 955 1097 1013 putant
1145 943 1285 995 hunc
1336 941 1511 1008 ipsum
1557 950 1678 990 esse
1724 933 1814 1003 qui

209 1053 547 1098 metuoratur
593 1057 620 1091 a
655 1038 903 1094 Manlia-0
933 1055 947 1100 ;
981 1035 1072 1089 sed
1120 1034 1259 1087 alius
1284 1045 1403 1085 esse
1429 1028 1684 1099 probatur
1707 1041 1814 1079 non

207 1150 276 1188 ex
327 1133 588 1202 dignitate
629 1131 790 1188 modo
815 1170 827 1192 ,
861 1128 954 1182 sed
985 1128 1144 1181 etiam
1187 1140 1249 1180 ex
1283 1124 1404 1177 fide.
1448 1120 1543 1176 Ille
1585 1133 1816 1188 namque

209 1227 487 1279 Clu-istum
531 1225 613 1279 ire
657 1223 961 1285 volentem,
994 1236 1059 1272 ne
1103 1227 1188 1270 0111
1219 1225 1407 1285 rogat;
1439 1214 1526 1267 hic
1570 1227 1669 1267 nec
1696 1225 1817 1265 sese

207 1317 555 1377 offerentem,
588 1317 806 1370 domum
834 1311 1013 1367 trahit.
1036 1311 1131 1366 Ille
1160 1309 1310 1372 dicit,
1345 1306 1466 1360 Non
1498 1323 1608 1359 sum
1632 1305 1817 1374 dignus

210 1417 264 1460 ut
293 1409 452 1460 intres
479 1407 570 1458 sub
602 1415 781 1457 tectum
811 1419 1012 1464 ntetnn;
1038 1401 1122 1453 hic
1147 1408 1296 1467 urget
1319 1397 1526 1458 dicens,
1560 1394 1816 1448 Descende

212 1505 512 1572 priusquam
563 1501 808 1551 moriatur
855 1497 993 1563 ﬁlius
1036 1510 1176 1548 meus
1220 1491 1449 1561 (Matth.
1483 1491 1535 1544 8.
1571 1489 1669 1556 8).
1727 1488 1818 1541 llle

211 1610 280 1650 ne
333 1601 521 1648 monte
574 1589 908 1645 descendens
948 1585 1281 1650 Capt-rnatum
1329 1583 1511 1645 venit;
1561 1581 1645 1633 hic
1691 1594 1819 1633 vero

209 1708 235 1740 a
269 1686 539 1747 Samaria,
575 1699 680 1736 non
731 1682 781 1733 in
813 1681 1173 1748 Capernanm,
1207 1675 1300 1730 sed
1337 1676 1387 1727 in
1419 1675 1562 1728 Cana
1597 1672 1818 1725 venien-

210 1789 316 1830 tem
349 1776 481 1827 adit.
519 1775 668 1826 Illius
712 1787 844 1840 puer
888 1769 1115 1840 paralysi
1151 1768 1457 1829 laborabat,
1493 1763 1650 1832 hujus
1679 1764 1819 1816 filius

210 1867 366 1920 febri.
415 1865 484 1918 Et
516 1866 718 1918 veniens
750 1863 957 1931 rogabat
989 1877 1101 1912 eum
1148 1870 1200 1911 ut
1237 1866 1439 1910 sanaret
1466 1855 1628 1923 ﬁlium
1656 1856 1766 1921 ejus
1801 1871 1818 1907 :

207 1958 485 2024 incipit-bat
537 1957 668 2009 enirn
711 1955 859 2007 mori.
905 1953 1040 2019 Quid
1091 1968 1220 2020 ergo
1247 1949 1533 2004 Christus?
1565 1949 1651 2002 48.
1701 1946 1819 2000 Nisi

207 2054 357 2122 signa
404 2059 450 2102 ct
496 2047 736 2117 prodigia
783 2045 1004 2098 videritis
1031 2085 1044 2106 ,
1079 2060 1179 2095 non
1221 2042 1447 2096 creditis.
1484 2040 1643 2109 Atqui
1675 2039 1818 2109 quod

208 2141 422 2194 veniret
465 2148 520 2193 et
565 2146 819 2206 rogaret,
857 2135 906 2188 id
940 2135 1072 2189 111108
1111 2145 1218 2188 01111
1251 2151 1264 2197 ;
1299 2142 1353 2186 01
1385 2144 1568 2201 postea
1603 2134 1701 2186 1100
1737 2135 1816 2201 ip-

208 2251 328 2288 sum
370 2232 690 2287 testiﬁcatur
735 2230 1060 2298 evangelista
1107 2231 1292 2283 dicens
1329 2247 1340 2281 :
1385 2227 1518 2282 Cum
1549 2227 1706 2281 Jesus
1737 2226 1817 2278 di-

212 2329 406 2389 xisset,
445 2324 604 2387 Vade,
635 2325 774 2392 ﬁlius
821 2335 935 2376 tuus
974 2325 1124 2388 vivit,
1156 2323 1366 2375 credidit
1412 2324 1629 2374 sermoni
1671 2323 1814 2391 ejus,

209 2430 251 2471 ct
299 2421 424 2472 ibat.
461 2418 598 2485 Quid
640 2434 768 2487 ergo
805 2417 902 2471 sibi
948 2419 1057 2470 vult
1091 2417 1227 2470 hic?
1263 2417 1354 2470 ΥοΙ
1389 2419 1488 2468 hoc
1517 2415 1818 2469 Samarita-

211 2528 332 2572 nos,
365 2511 460 2579 qtti
502 2511 616 2564 81110
649 2509 813 2578 signis
840 2508 1205 2573 crediderunt,
1241 2507 1514 2560 admirans
1545 2507 1699 2567 dixit,
1737 2506 1818 2558 vel

211 2620 353 2660 eam.
386 2617 508 2669 qu:e
534 2617 628 2653 sua
663 2600 942 2654 videbatur
970 2616 1110 2666 esse,
1143 2600 1442 2665 civitatem,
1474 2601 1816 2668 Capernaum

212 2709 430 2762 tieittpc.
461 2695 789 2764 perstringit.
817 2694 1093 2761 Siquidem
1129 2710 1250 2748 cum
1294 2694 1428 2747 alius
1453 2694 1591 2761 apud
1618 2693 1816 2748 Lucam

213 2788 289 2857 (u)
333 2789 579 2851 diceret,
632 2785 820 2848 Credo,
872 2786 1120 2850 Domine,
1163 2786 1352 2857 adjuva
1413 2785 1820 2839 incredulitatem

212 2897 377 2933 meum
411 2878 623 2949 (Marc.
655 2879 706 2931 9.
752 2878 822 2932 25
843 2879 882 2948 ),
918 2879 1106 2933 iisdem
1138 2895 1263 2933 usus
1291 2890 1372 2932 est
1403 2878 1602 2931 verbis.
1636 2876 1820 2948 Itaque

214 2973 338 3026 licet
381 2971 469 3024 hic
519 2970 850 3036 crediderit,
902 2985 1006 3025 non
1056 2978 1232 3024 tamen
1281 2971 1436 3040 plene
1467 2982 1516 3025 et
1565 2971 1818 3040 integre:

213 3065 355 3133 quod
385 3065 627 3119 declarat
654 3079 774 3119 cmn
805 3064 1128 3126 sciscitatur,
1159 3078 1264 3126 qua
1292 3063 1421 3116 hora
1460 3063 1674 3131 reliquit
1697 3078 1820 3117 emn

217 3157 404 3210 tehris.
445 3154 671 3210 Volebat
700 3155 844 3209 enim
890 3155 1092 3219 dicere,
1136 3171 1262 3209 num
1309 3166 1501 3223 Sponte
1547 3170 1661 3218 sua,
1694 3169 1820 3207 num

214 3267 273 3300 rx
304 3249 505 3302 Chris‘i
539 3259 808 3317 111-10001110
837 3247 998 3302 febris
1020 3248 1386 3302 abscessisset.
1416 3246 1482 3301 Ut
1509 3263 1622 3300 vero
1645 3263 1825 3316 cogno-

215 3342 279 3390 t-it
309 3339 431 3408 quia
462 3341 572 3392 lteri
619 3341 747 3391 liora
786 3339 1023 3409 septima,
1051 3338 1265 3392 credidit
1295 3339 1404 3407 ipse
1431 3350 1475 3391 et
1504 3339 1683 3392 domus
1715 3340 1824 3408 ejus

219 3442 342 3484 tota.
402 3430 590 3485 Vidcn'
643 3431 790 3483 illmn
839 3430 1156 3494 credidisse,
1212 3431 1382 3484 servis
1429 3430 1820 3493 nuntiantibus,

219 3539 322 3577 non
356 3520 574 3575 Christo
616 3521 912 3592 loquente?
937 3521 1166 3577 Mentem
1199 3537 1329 3593 ergo
1359 3522 1496 3592 ejus,
1526 3538 1629 3590 qua
1661 3538 1823 3576 vene-

219 3627 319 3678 rat,
355 3616 536 3686 arguit
566 3635 578 3668 :
625 3617 697 3670 ita
741 3615 882 3670 enim
915 3615 1084 3687 magis
1121 3616 1270 3670 illum
1303 3615 1369 3668 ad
1400 3616 1558 3670 ﬁdem
1605 3617 1823 3670 induce-

218 3709 306 3761 bat
351 3727 364 3760 :
411 3717 539 3761 ante
594 3708 806 3776 signum
863 3708 1006 3761 enim
1057 3723 1164 3762 non
1211 3707 1498 3762 admodum
1546 3709 1821 3764 credebat.

217 3801 370 3866 Quod
401 3801 444 3854 si
483 3811 537 3855 et
570 3802 778 3854 venerit
807 3803 1182 3872 et'rogaverit.
1219 3801 1351 3855 nihil
1385 3802 1604 3854 mirum.
1636 3801 1826 3857 Solent

219 3893 362 3943 1·1ιί111
410 3900 593 3961 patres
633 3891 841 3946 ardenti
886 3907 1072 3946 amore
1117 3892 1260 3945 ducti
1289 3932 1304 3953 ,
1352 3906 1456 3945 non
1486 3893 1658 3944 solum
1691 3908 1822 3956 eos,

219 3982 414 4048 quibus
444 3983 634 4046 fidunt,
670 3981 905 4036 mediCOs
946 3982 1116 4044 adire,
1150 3997 1334 4036 verum
1379 3983 1540 4037 etiam
1587 3998 1681 4036 eos
1710 3984 1826 4053 qui-

224 4075 322 4126 bus
369 4088 474 4126 non
509 4074 581 4126 ita
621 4071 790 4125 fidunt
811 4116 825 4135 ,
857 4088 924 4126 ne
948 4073 1221 4143 quidpiam
1252 4074 1578 4144 praeteriisse
1609 4075 1827 4127 videan-

225 4176 326 4217 tur.
352 4164 630 4231 Siquidcm
657 4164 835 4218 oblata
857 4166 1029 4217 solum
1054 4167 1339 4220 occasione
1362 4166 1589 4220 accessit
1613 4166 1828 4234 quando

224 4258 374 4308 venit
405 4256 495 4309 ille
545 4256 596 4308 in
640 4254 917 4309 Galilzeam
955 4274 967 4309 :
1003 4262 1093 4325 qui
1136 4255 1180 4309 si
1211 4255 1501 4310 admodum
1544 4257 1616 4310 illi
1651 4256 1827 4309 credi-

223 4346 390 4402 disset
417 4387 432 4408 ,
468 4345 576 4400 tilio
620 4348 670 4399 in
715 4348 974 4402 extremis
1003 4348 1282 4402 laborante
1308 4389 1322 4413 ,
1368 4364 1472 4402 non
1501 4348 1829 4418 neglexisset

224 4439 279 4492 in
304 4439 552 4494 Iudaeam
596 4441 799 4493 venire.
830 4439 981 4506 Quod
1012 4440 1054 4492 si
1083 4440 1323 4506 timebat,
1359 4457 1533 4510 neque
1576 4440 1705 4494 illud
1730 4457 1830 4494 ex-

223 4530 526 4585 cusandum
579 4537 716 4584 erat.
767 4528 1091 4584 Consideres
1147 4531 1330 4595 velim,
1381 4533 1466 4587 vel
1507 4532 1617 4600 ipsa
1668 4533 1827 4585 verba

224 4637 482 4693 quantam
523 4623 900 4677 demonstrent
948 4623 1047 4676 viri
1080 4622 1466 4677 infirmitatem.
1501 4624 1631 4677 Cum
1665 4640 1828 4692 opor-

224 4716 413 4768 tuisset
439 4714 583 4768 enim
605 4755 620 4775 ,
655 4715 698 4766 si
732 4729 834 4765 non
865 4714 1010 4781 prius
1030 4752 1052 4773 .
1077 4713 1266 4768 saltem
1298 4725 1416 4782 post
1446 4714 1828 4784 reprehensam

224 4808 386 4860 animi
433 4808 516 4860 sui
544 4807 896 4872 sententiam,
927 4822 1177 4876 magnmn
1207 4807 1480 4876 quidpiam
1510 4807 1576 4860 de
1613 4808 1830 4860 Christo

224 4903 464 4971 cogitare
488 4941 502 4966 ,
529 4900 654 4954 audi
683 4900 954 4968 quomodo
983 4900 1158 4954 adlme
1191 4901 1336 4953 humi
1368 4911 1570 4968 serpat.
1600 4900 1688 4954 49.
1727 4900 1831 4951 οιτ-

229 4996 428 5058 scende,
474 4994 670 5061 inquit,
698 4995 993 5062 priusquam
1027 4994 1274 5047 moriatur
1313 4992 1452 5061 ﬁlius
1491 5011 1652 5058 meus,
1681 4995 1833 5062 quasi

230 5101 336 5138 non
386 5093 575 5154 posset
600 5095 874 5140 mortuum
907 5086 1172 5140 suscitare
1195 5128 1208 5148 ,
1241 5094 1294 5139 et
1323 5087 1475 5154 quasi
1511 5103 1616 5138 11011
1651 5094 1832 5139 nosset

230 5193 336 5246 quo
380 5185 522 5230 statu
571 5192 708 5246 puer
745 5185 909 5232 esset.
960 5178 1084 5232 Ideo
1116 5178 1266 5232 illum
1294 5179 1568 5248 coarguit,
1603 5186 1659 5233 et
1701 5194 1834 5233 con-

231 5273 514 5326 scientiam
561 5273 873 5342 perstringit
898 5315 912 5334 ,
946 5274 1241 5328 ostendens
1269 5276 1419 5344 signa
1448 5277 1642 5329 anima:
1671 5291 1836 5330 causa

234 5367 470 5421 nissime
497 5365 607 5421 edi.
644 5365 743 5421 Hic
780 5367 924 5420 enim
955 5382 1058 5421 non
1088 5368 1264 5422 minus
1298 5379 1502 5436 patrem
1545 5369 1728 5420 animo
1756 5368 1835 5420 la-

235 5458 516 5514 borantem
539 5467 717 5520 curat,
751 5473 909 5526 quam
945 5457 1110 5512 lilium
1138 5477 1151 5523 ;
1184 5470 1240 5512 ut
1269 5460 1422 5513 nobis
1455 5459 1697 5526 suadeat,
1729 5475 1836 5512 non

237 5563 347 5606 tam
393 5551 562 5621 signis
585 5591 602 5616 ,
645 5567 804 5621 quam
837 5551 1093 5606 doctrina:
1123 5553 1238 5622 ejus
1266 5553 1649 5609 attendendum
1693 5567 1836 5606 esse.

313 5705 389 5764 (a)
421 5705 499 5752 sle
528 5704 695 5752 omnia
728 5704 1030 5767 exemplaria
1056 5706 1256 5757 habent.
1273 5707 1363 5757 Sed
1395 5707 1630 5757 memoria
1662 5705 1843 5757 labitur

239 5766 638 5878 ihs-squamam:
669 5779 779 5815 nam
815 5766 918 5816 hac
943 5781 1037 5818 non
1061 5770 1188 5832 apud
1225 5777 1423 5831 [111-11111,
1456 5771 1544 5819 sed
1568 5773 1694 5833 apud
1719 5778 1837 5820 )lar-

271 5840 350 5872 11111
391 5842 518 5878 11111111
557 5843 615 5878 11⁵,

271 5840 350 5872 IIII:
371 5840 615 5889 Iugulus".

1181 368 1244 424 IN
1283 365 1594 424 .IOANNEM
1635 358 1866 418 IIOMIL.
1909 356 2125 412 XXXV.
2169 361 2238 414 al.
2285 358 2527 414 XXXIV.

3429 353 3534 411 202

1931 472 2092 540 Signa
2122 472 2321 541 quippe
2373 489 2478 527 non
2513 470 2762 527 fidelibus
2790 511 2804 534 .
2835 469 2929 525 sed
2961 468 3270 525 infidelibus
3298 478 3352 524 ct
3387 483 3538 523 cras-

1925 564 2158 618 sioribus
2188 577 2371 634 parata
2394 577 2539 621 sunt.
3075 543 3091 566 ’

2006 658 2057 710 5.
2103 641 2252 714 Τ11110
2296 659 2384 712 illc
2412 665 2639 712 manus
2669 671 2772 710 non
2806 657 3033 710 multum
3079 653 3238 708 dictis
3279 652 3528 708 111101111οι

1927 754 2040 820 11111,
2068 753 2170 806 nisi
2203 751 2268 806 iis
2314 766 2433 819 quin
2481 749 2546 804 ad
2581 749 2748 802 lilium
2780 749 3120 818 Spectabunt.
3167 747 3358 801 Postea
3405 761 3536 802 vero

1926 846 2012 900 illa
2066 846 2120 898 in
2164 853 2399 896 mentem
2446 851 2801 896 revocaturus
2843 848 2992 905 erat,
3036 849 3197 909 atque
3248 838 3368 892 111110
3419 855 3534 892 11111-

1927 952 2089 1008 gnum
2137 944 2572 1004 consequuturos
2622 933 2868 987 lucrum:
2903 933 3046 1001 quod
3088 941 3142 986 et
3181 932 3380 985 evenit.
3430 929 3538 984 Cur

1925 1037 2106 1082 autem
2148 1027 2398 1082 Christus
2429 1025 2730 1081 centurioni
2776 1040 2834 1078 se
2865 1024 3006 1077 ultro
3047 1022 3242 1078 obtulit
3291 1024 3486 1076 iturutu
3521 1041 3536 1077 :

1927 1121 2014 1175 hic
2041 1131 2220 1174 autem
2252 1136 2320 1175 ne
2351 1130 2566 1190 rogatus
2598 1119 2815 1189 quidem
2849 1119 2873 1169 ’ἶ
2916 1118 3050 1183 Quia
3081 1118 3151 1172 ibi
3184 1117 3318 1172 lides
3351 1119 3524 1189 perfe-

1926 1225 2011 1268 cta
2039 1223 2176 1268 erat.
2212 1212 2336 1267 Ideo
2368 1228 2426 1268 se
2458 1214 2654 1267 iturmn
2681 1213 2914 1276 obtulit,
2961 1223 3018 1266 ut
3059 1214 3156 1266 viri
3209 1213 3534 1281 probitatem

1926 1306 2293 1360 edisceremus
2344 1323 2356 1358 :
2401 1315 2457 1359 at
2509 1304 2726 1375 regulus
2770 1304 2947 1358 adhuc
2998 1305 3346 1374 imperfecms
3396 1316 3536 1359 erat.

1926 1399 2058 1464 Quia
2088 1413 2216 1466 ergo
2245 1397 2533 1451 admodum
2579 1396 2814 1450 instabat
2843 1396 3057 1458 dicens,
3097 1395 3385 1464 Descende,
3411 1413 3538 1452 nec-

1926 1490 2053 1543 dum
2107 1491 2310 1544 sciebat
2361 1491 2535 1559 ipsum
2582 1491 2664 1543 vel
2699 1490 2978 1544 absentem
3013 1503 3170 1557 posse
3219 1505 3450 1553 Sanare;
3486 1491 3534 1543 id

1926 1595 1985 1635 se
2018 1597 2177 1650 posse
2209 1583 2481 1647 ostendit;
2519 1592 2574 1635 ut
2614 1597 2772 1650 quam
2808 1597 2901 1649 per
2932 1596 2989 1632 se
3018 1582 3260 1633 Centurio
3293 1583 3534 1634 notitiam

1927 1672 2178 1739 habebat,
2209 1690 2326 1727 eam
2357 1675 2571 1744 regulus
2600 1689 2704 1726 non
2734 1672 3027 1726 accedente
3051 1672 3182 1726 Jesu
3207 1674 3532 1742 acquireret.

1924 1763 2058 1817 Cum
2089 1766 2267 1831 itaque
2295 1766 2444 1828 dicit,
2477 1764 2599 1816 Nisi
2624 1764 2772 1834 signa
2803 1773 2847 1815 et
2889 1763 3124 1832 prodigia
3152 1765 3398 1844 videritis,
3427 1783 3528 1819 non

1925 1860 2129 1911 creditis
2155 1900 2167 1924 ,
2204 1858 2307 1911 hoc
2351 1859 2649 1926 signitiCat,
2684 1859 3001 1926 congruenti
3051 1857 3153 1910 11110
3183 1860 3419 1912 nondum
3453 1861 3536 1912 in-

1933 1951 2124 2004 structi
2165 1951 2296 2004 estis
2330 1967 2343 2016 ;
2380 1951 2474 2004 sed
2507 1951 2682 2004 adhuc
2729 1966 2815 2004 me
2847 1959 2905 2004 ut
2939 1950 3252 2019 prophetam
3306 1952 3534 2007 habetis.

1931 2042 2062 2109 Quis
2093 2057 2222 2111 ergo
2251 2043 2366 2109 ipse
2390 2042 2460 2094 sit
2489 2042 2775 2106 rcvelans,
2805 2051 2860 2096 et
2900 2044 3194 2096 ostendens
3227 2044 3388 2096 etiam
3422 2045 3538 2098 sine

1928 2133 2204 2187 miraculis
2227 2134 2328 2187 sibi
2359 2133 2692 2187 credendum
2721 2148 2863 2198 esse,
2897 2133 3086 2187 eadem
3121 2135 3230 2202 111811
3264 2150 3382 2203 qum
3413 2134 3536 2188 Pill-

1928 2227 2076 2295 Iippo
2105 2226 2241 2280 dixit
2279 2248 2289 2279 :
2325 2225 2448 2279 Non
2495 2227 2661 2280 credis
2707 2227 2825 2296 quia
2869 2244 2960 2296 ego
2998 2230 3050 2279 in
3081 2225 3274 2292 Putre,
3304 2239 3352 2280 et
3386 2227 3540 2282 Pater

1926 2321 1979 2371 in
2011 2335 2090 2370 me
2120 2329 2192 2371 est
2224 2319 2249 2370 ?
2295 2317 2408 2371 Etsi
2439 2319 2562 2370 milii
2593 2335 2694 2370 non
2723 2317 2873 2371 vultis
2905 2318 3127 2382 credere,
3160 2321 3396 2388 operibus
3426 2335 3538 2372 crc-

1927 2413 2030 2464 dite
2061 2410 2258 2483 (Joan.
2292 2412 2376 2466 14.
2414 2410 2539 2480 I0).
2576 2411 2698 2464 dum
2725 2422 2896 2465 autem
2923 2428 2982 2464 eo
3028 2412 3381 2474 descendente,
3412 2414 3538 2467 serui

1927 2514 2256 2558 occurrerunt
2305 2505 2351 2556 ei
2397 2504 2659 2568 dicentes,
2708 2504 2827 2571 quia
2869 2503 3012 2570 [ilius
3044 2505 3152 2572 cjus
3191 2505 3398 2560 viveret.
3445 2505 3536 2562 5.2.

1929 2597 2287 2668 Interrogabat
2315 2614 2437 2665 ergo
2467 2597 2646 2651 horam
2675 2599 2738 2650 ab
2760 2598 2850 2657 eis,
2877 2599 2926 2650 in
2953 2614 3052 2667 qua
3081 2599 3260 2650 melius
3282 2598 3538 2651 habuerit.

1930 2690 1997 2743 Et
2047 2692 2284 2745 dixerunt
2324 2691 2393 2754 ei,
2442 2690 2577 2757 Quia
2607 2690 2717 2742 lteri
2762 2690 2889 2742 liora
2919 2693 3137 2756 septima
3176 2689 3378 2756 reliquit
3426 2706 3540 2742 eunt

1930 2783 2105 2854 febris.
2143 2784 2230 2839 5'5.
2265 2783 2511 2854 Cognovit
2550 2798 2672 2853 ergo
2714 2793 2878 2853 pater,
2919 2783 3037 2852 quia
3061 2783 3152 2836 illa
3177 2783 3302 2836 liora
3331 2793 3457 2845 erat,
3487 2785 3540 2837 in

1928 2893 2028 2947 qua
2047 2877 2172 2943 dixit
2196 2878 2238 2929 ei
2259 2875 2436 2941 Iesus,
2457 2875 2592 2943 quod
2608 2876 2746 2943 ﬁlius
2763 2876 2872 2944 ejus
2886 2876 3086 2929 viveret.
3100 2873 3162 2927 Et
3179 2875 3388 2927 credidit
3411 2876 3540 2943 ipse,

1928 2979 1976 3021 et
2008 2971 2188 3020 domus
2215 2969 2326 3036 ejus
2354 2977 2476 3020 tota.
2510 2967 2701 3022 Viden’
2724 2983 2831 3036 quo
2861 2976 3015 3034 pacto
3041 2966 3358 3021 miraculmn
3391 2967 3544 3020 evul-

1929 3073 2111 3133 gatum
2141 3063 2257 3114 sit?
2285 3061 2467 3131 Neque
2500 3061 2709 3130 vulgari
2749 3060 2909 3114 modo
2947 3075 2976 3114 a
3009 3059 3253 3129 periculo
3284 3060 3541 3114 liberatus

1931 3166 2046 3220 est,
2097 3155 2189 3208 sed
2232 3155 2554 3220 confestim,
2591 3155 2659 3206 ita
2694 3161 2751 3206 ut
2780 3154 2980 3223 liqueat
3012 3169 3125 3208 rem
3159 3168 3262 3208 11011
3296 3169 3360 3207 ex
3397 3165 3543 3206 natu-

1931 3249 2028 3301 rali
2079 3248 2240 3310 serie,
2288 3248 2383 3300 sed
2437 3263 2500 3300 ex
2548 3247 2744 3300 Christi
2778 3246 3092 3315 operatione
3144 3245 3342 3300 factam
3395 3263 3538 3302 esse.

1930 3340 2061 3394 Nam
2093 3356 2213 3395 cum
2246 3341 2310 3392 ad
2343 3341 2454 3408 ipsa
2503 3340 2692 3392 mortis
2730 3339 2912 3391 limina
2946 3339 3305 3408 pervenisset,
3353 3349 3407 3392 ut
3449 3338 3544 3393 110-

1931 3433 2155 3489 claravit
2186 3443 2337 3501 pater
2365 3432 2448 3485 his
2474 3432 2676 3495 verbis,
2715 3431 2996 3495 Descende,
3026 3432 3323 3502 priusquam
3353 3433 3542 3486 moria-

1933 3535 2017 3577 tur
2060 3525 2198 3590 ﬁlius
2247 3540 2419 3588 meus,
2453 3524 2634 3577 subito
2664 3539 2728 3576 ex
2776 3522 2969 3577 morbo
2998 3533 3217 3592 ereptus
3260 3531 3345 3577 est
3377 3541 3389 3578 :
3421 3539 3543 3595 quae

1932 3623 2020 3670 res
2065 3620 2224 3670 etiam
2271 3631 2458 3670 servos
2489 3616 2762 3670 excitavit.
2799 3616 2954 3670 Servi
2983 3617 3128 3670 enim
3177 3616 3404 3670 fortasse
3435 3634 3541 3674 non

1933 3718 1990 3760 ut
2023 3708 2317 3761 nuntiaturi
2367 3719 2598 3773 tantum,
2632 3709 2725 3762 sed
2768 3719 2825 3762 ut
2852 3708 3184 3778 superfluum
3214 3710 3412 3764 Christi
3445 3713 3544 3766 ad-

1934 3810 2150 3854 ventum
2202 3813 2472 3870 putantes,
2506 3802 2718 3856 obviam
2764 3811 3048 3856 venerunt.
3098 3804 3353 3860 Sciebant
3399 3806 3543 3860 enim

1935 3893 2107 3961 ipsum
2131 3893 2240 3962 jatn
2270 3893 2398 3944 illuc
2420 3892 2716 3952 adventare
2743 3916 2756 3951 :
2779 3894 2919 3949 unde
2950 3896 3139 3949 eodem
3173 3898 3362 3952 itinere
3389 3899 3543 3953 illum

1934 3994 2326 4037 convenerunt.
2375 3984 2612 4053 Regulus
2643 3995 2856 4049 autem,
2895 3989 3070 4054 posito
3104 3989 3298 4043 timore
3326 4033 3339 4055 ,
3374 3989 3440 4044 ad
3476 3990 3543 4044 Ii-

1934 4076 2056 4128 dem
2088 4077 2336 4139 accedit,
2376 4086 2429 4129 111
2469 4076 2720 4129 ostendat
2753 4093 2817 4130 ex
2873 4077 3042 4144 ipsius
3073 4078 3407 4147 profectione
3435 4081 3539 4137 hoc

1935 4183 2070 4236 Opus
2112 4179 2394 4236 sequutum
2442 4184 2584 4232 esse,
2634 4185 2697 4221 ac.
2747 4171 2966 4224 demum
3012 4171 3060 4224 id
3089 4172 3379 4242 diligenter
3409 4178 3537 4242 agit,

1935 4270 1994 4314 ut
2034 4276 2102 4315 ne
2134 4260 2375 4314 videatur
2405 4261 2577 4330 ipsum
2621 4260 2816 4316 frustra
2863 4263 3160 4329 profeetmn
3191 4280 3350 4332 esse;
3378 4283 3548 4337 quare

1937 4361 2186 4406 accurate
2229 4351 2406 4406 otnnia
2441 4353 2760 4406 sciscitatur.
2800 4352 2868 4406 Et
2901 4356 3115 4408 credidit
3162 4359 3302 4424 ipse,
3352 4370 3399 4411 et
3448 4363 3545 4412 du-

1937 4461 2049 4497 mus
2095 4445 2207 4512 ejus
2253 4453 2375 4498 tota.
2433 4445 2567 4499 Nam
2615 4446 2742 4499 nulli
2798 4463 3021 4515 prorsus
3053 4449 3217 4503 dubio
3249 4451 3542 4507 obnoxium

1937 4546 2055 4590 erat
2101 4537 2488 4590 testimOnium.
2520 4537 2619 4606 Qui
2653 4539 2794 4592 enim
2830 4555 3004 4608 neque
3035 4541 3340 4609 adfuerant,
3371 4560 3550 4615 neque

1938 4628 2210 4682 Christum
2242 4630 2543 4696 audierant,
2575 4645 2747 4700 neque
2782 4641 2990 4702 tempus
3023 4646 3306 4699 noverant,
3346 4637 3431 4690 ubi
3479 4641 3548 4692 ab

1943 4721 2074 4773 hero
2105 4736 2204 4775 suo
2232 4721 2556 4780 didicerunt.
2588 4723 2727 4775 idem
2777 4725 2948 4792 ipsum
2991 4741 3113 4780 esse
3160 4738 3393 4796 tempus,
3429 4745 3546 4784 eer-

1944 4813 2202 4866 Iissitnam
2225 4813 2461 4867 habuere
2487 4814 2684 4867 Christi
2712 4817 2964 4885 potentia:
2986 4816 3506 4875 demonstrationem
3532 4837 3551 4886 ;

1943 4903 2065 4958 ideo
2090 4913 2144 4959 et
2181 4906 2278 4973 ipsi
2308 4905 2672 4960 crediderunt.

2017 4995 2156 5050 Deus
2176 5015 2289 5051 cum
2311 4999 2362 5050 in
2392 5002 2648 5070 prasperis
2675 5011 2782 5053 111111
2805 5003 2855 5054 in
2874 5003 3101 5056 adversis
3122 5005 3413 5076 diligendus
3435 5020 3508 5062 cst
3533 5025 3553 5063 .'

1946 5091 2075 5144 nihil
2111 5109 2202 5144 nos
2242 5093 2303 5144 ab
2335 5093 2433 5147 ista
2471 5095 2736 5148 dilectione
2763 5087 3385 5165 avet'terEdebet.——Qttid
3422 5118 3556 5172 ergo

1949 5200 2044 5254 per
2086 5185 2201 5239 111110
2240 5186 2546 5240 docemur?
2573 5187 2648 5241 Ne
2681 5189 2935 5242 miracula
2982 5201 3380 5259 exspectemus,
3413 5210 3555 5248 neve

1947 5277 2144 5330 divina:
2206 5279 2458 5345 potentiae
2512 5280 2732 5347 pignora
2791 5297 3120 5350 qtueramns.
3177 5282 3272 5336 IIic
3322 5300 3556 5355 namque

1951 5369 2148 5423 mul:os
2177 5369 2335 5423 video
2355 5410 2368 5431 ,
2392 5370 2481 5440 qui
2509 5386 2630 5424 cum
2661 5371 2746 5425 vel
2780 5371 2892 5425 111111
2924 5373 3008 5427 vel
3043 5390 3210 5429 uxore
3237 5388 3558 5446 a‘grotante,

1950 5461 2150 5530 aliquid
2198 5461 2373 5516 solatii
2402 5477 2661 5532 accepere
2682 5506 2696 5528 ,
2729 5463 2989 5533 majorem
3019 5482 3143 5536 erga
3179 5468 3344 5523 Deum
3379 5468 3554 5541 picta:

1954 5561 2059 5604 tem
2089 5551 2476 5607 exhibuerunt.
2518 5554 2742 5608 Etiamsi
2777 5571 2904 5609 vero
2943 5571 3048 5610 non
3097 5559 3469 5622 exaudiamur,
3501 5561 3557 5613 in

1951 5641 2240 5712 gratiarum
2286 5645 2498 5705 actione
2524 5655 2575 5698 01
2601 5645 2758 5699 laude
2793 5663 3140 5716 perseverare.
3171 5667 3266 5718 par
3293 5661 3396 5706 est.
3444 5652 3561 5707 Hoc

1953 5733 2149 5801 quippe
2200 5733 2436 5787 fidelium
2484 5750 2767 5790 servorum
2819 5750 2939 5803 cst,
2988 5741 3088 5794 hoc
3128 5743 3460 5810 diligentiam
3503 5759 3558 5799 et

1959 5826 2237 5881 Dominum
2272 5836 2328 5880 ut
2361 5841 2454 5897 par
2492 5837 2572 5882 081
2597 5832 2910 5893 amantium.
2944 5847 2995 5888 ut
3029 5852 3130 5890 non
3156 5836 3312 5890 modo
3334 5836 3382 5889 in
3417 5847 3556 5890 tran-
