4164 6324
680 357 784 415 ’205

681 469 972 538 quillitsle,
1003 466 1096 525 sed
1126 465 1284 534 etiam
1315 463 1368 518 in
1411 461 1663 516 (erumnis
1692 459 1756 514 ad
1783 458 1929 513 illum
1958 466 2258 510 accurrunt.

681 563 805 617 llaec
844 560 1041 632 quippe
1065 565 1188 612 sunt
1218 555 1310 611 Dei
1341 553 1690 624 providentia:
1714 564 1875 620 opera
1901 568 1913 602 :
1949 547 2107 613 Quem
2133 547 2263 600 enim

679 654 843 724 diligit
885 649 1163 714 Dominus,
1211 647 1468 716 castigat:
1499 643 1725 715 ﬂagellat
1765 652 1929 695 autent
1975 653 2170 692 onmem
2199 636 2265 705 ﬁ-

679 740 837 806 lium,
876 755 1022 809 quem
1051 737 1263 808 suscipit
1289 740 1307 809 (
1331 736 1484 790 llebr.
1515 733 1599 790 12.
1631 732 1723 802 6).
1762 732 1862 798 Qui
1901 740 2076 782 autetu
2109 727 2259 782 illutn

675 833 725 886 in
763 830 1142 901 tranquillitate
1185 829 1356 883 solum
1397 826 1553 889 colit,
1589 840 1692 878 non
1723 821 1850 875 tanti
1879 819 2075 872 amoris
2112 819 2261 886 signa

673 922 906 985 exhibet,
936 936 1116 988 neque
1147 936 1276 989 pure
1303 919 1570 973 Christum
1603 922 1764 968 amat.
1800 910 2002 980 Ecquid
2050 909 2117 964 de
2162 925 2259 965 va-

673 1015 928 1079 letudine,
972 1013 1041 1066 de
1078 1012 1267 1082 opibus
1309 1010 1514 1077 loquor,
1575 1007 1700 1078 quid
1749 1006 1815 1059 tle
1856 1011 2167 1072 paupertate
2209 1007 2264 1054 et

675 1105 859 1160 morbo
884 1104 907 1157 2
934 1103 1081 1158 Licet
1108 1102 1253 1157 enim
1284 1099 1604 1169 gehennam,
1636 1099 1761 1153 licet
1801 1096 1945 1149 aliud
1985 1092 2258 1165 quidpiam

682 1217 3806 1243 ΨΜἮ-

1294 416 1296 419 τ
1378 351 1437 408 8.
1474 345 1751 406 ιοΑΝΝιε
1772 343 2248 402 CllilYSOS'l'Olll
2280 342 2602 400 AllClllEP.
2632 344 3166 405 CONSTANTINOP.

2359 455 2731 523 gravissimum
2757 457 2990 512 audieris
3019 475 3033 524 ;
3073 472 3246 530 neque
3279 461 3357 515 sic
3380 475 3409 515 a
3442 461 3551 518 Deo
3582 461 3827 520 laudibus
3853 480 3962 522 ee-

2356 546 2615 604 lehrando
2637 550 2998 606 absistendum
3021 569 3034 615 ;
3059 551 3154 607 sed
3184 552 3361 606 omnia
3393 568 3492 621 pro
3518 555 3635 625 ejus
3663 556 3964 614 dilectione

2360 637 2602 694 ferenda.
2635 640 2745 695 Hoc
2784 641 2955 696 ﬁdelis
2985 645 3156 708 servi,
3201 643 3304 700 hoc
3328 647 3626 701 constantis
3647 647 3812 703 animi
3839 658 3959 707 est.

2356 731 2456 800 Qui
2489 733 2591 788 hoc
2624 733 2844 788 allectus
2878 735 3037 790 modo
3067 746 3170 798 est,
3213 746 3268 790 et
3294 738 3579 806 praesentia
3608 737 3765 795 facile
3791 739 3958 796 susti-

2358 821 2539 886 nebit,
2588 833 2643 877 et
2691 824 2860 878 futura
2904 835 3263 895 consequetur
3308 829 3567 892 bona,et
3610 830 3773 884 multa
3814 832 3960 903 apud

2356 911 2519 967 Deum
2551 914 2738 970 ﬁducia
2779 916 3006 978 fruetur,
3041 932 3198 986 quam
3226 933 3323 971 nos
3353 933 3544 974 omnes
3577 921 3789 990 assequi
3820 935 3960 975 con-

2357 1002 2546 1071 tingat,
2571 1005 2738 1072 gratia
2765 1013 2821 1060 et
2842 1005 3168 1076 benignitate
3200 1007 3410 1062 Domini
3445 1010 3610 1063 nostri
3637 1010 3763 1066 Jesu
3793 1009 3958 1066 Chri-

2357 1093 2447 1160 sti,
2477 1095 2561 1149 cui
2591 1096 2757 1166 gloria
2790 1097 2841 1151 in
2870 1098 3066 1152 sarcula
3093 1099 3431 1154 saeculorum.
3467 1103 3660 1157 Amen.

3813 1227 3949 1241 ...πῆ

1973 1273 2320 1336 ΗΟΜιιιΑ
2365 1275 2665 1342 XXXVI.

670 1435 760 1492 54.
802 1431 913 1489 Hoc
935 1433 1114 1488 iterm
1139 1432 1418 1488 secundum
1444 1433 1649 1501 signum
1683 1425 1987 1499 [θάλειαι.
2017 1440 2130 1476 cum
2160 1438 2245 1477 rc-

743 1527 894 1579 nissct
926 1543 956 1577 a
993 1522 1181 1578 ludam
1214 1526 1267 1576 in
1295 1521 1580 1576 Galilaeam.
1626 1518 1774 1592 (Cap.
1806 1519 1861 1587 5)
1891 1518 1944 1573 l.
1975 1513 2103 1569 Post
2142 1513 2248 1567 lucc

740 1627 846 1672 erat
876 1616 981 1670 dies
1008 1617 1163 1686 {estus
1189 1612 1512 1680 Judaorum,
1555 1622 1604 1666 et
1649 1611 1869 1665 ascendit
1904 1608 2055 1662 Jesus
2096 1604 2249 1659 Jero-

853 1722 1006 1760 mam.

853 1724 866 1756 ι
904 1722 1006 1760 am.

737 1711 982 1851 :thl‘iltil
1021 1796 1073 1847 in
1110 1793 1269 1848 sacris
1299 1791 1582 1860 Scripturis
1611 1791 1780 1845 leviter
1817 1787 2241 1860 prwterenudum.

672 1889 877 1942 Piscina
905 1887 1162 1956 probatica
1202 1894 1527 1955 comparatur
1569 1900 1683 1937 cum
1709 1882 1972 1952 Baptismo
2002 1880 2146 1951 cujus
2182 1878 2248 1947 ﬁ-

631 1988 633 1990 ’
664 1999 792 2054 gnra
835 1990 960 2034 erat.
993 1979 1190 2033 Monita
1218 1978 1432 2032 moralia
1471 1976 1815 2031 dissertatioui
1856 1976 2245 2027 interseruntur.

664 2069 1205 2139 -—-Quemadmodum
1248 2071 1300 2122 in
1331 2068 1446 2122 auri
1487 2067 1715 2121 metallis
1755 2065 1929 2135 quivis
1959 2063 2139 2118 hacin
2183 2077 2244 2118 re

667 2164 866 2232 peritus
911 2175 977 2214 ne
1007 2160 1278 2212 minimam
1321 2157 1535 2227 quidem
1565 2171 1754 2211 venam
1797 2155 2115 2224 neglexerit,
2158 2162 2242 2206 ut-

664 2265 787 2322 pote
811 2266 931 2306 cum
951 2249 1074 2305 hinc
1100 2265 1305 2320 magna:
1339 2249 1544 2318 possint
1571 2247 1767 2301 hauriri
1798 2246 1996 2301 divitize
2034 2263 2047 2298 :
2085 2245 2163 2299 sic
2189 2253 2243 2298 et

665 2346 716 2399 in
752 2343 944 2398 divinis
968 2343 1256 2412 Scripturis
1295 2355 1364 2396 ne
1389 2341 1602 2410 quidem
1635 2340 1742 2396 iota
1775 2355 1936 2395 unum
1967 2339 2048 2394 vel
2076 2353 2238 2392 unum

662 2437 866 2507 apicem
901 2437 1018 2491 sine
1057 2436 1252 2489 damno
1297 2443 1716 2504 praetercurras;
1761 2431 1855 2486 sed
1897 2432 2074 2486 omnia
2117 2439 2240 2484 sunt

659 2530 1003 2600 exploranda.
1032 2528 1162 2584 Nam
1198 2544 1227 2582 a
1257 2528 1455 2598 Spiritu
1481 2538 1668 2584 sancto
1697 2529 1809 2582 lucc
1834 2526 2008 2581 omnia
2036 2527 2236 2596 prolata

657 2631 819 2686 sunt,
853 2619 1092 2689 nihilque
1132 2619 1204 2673 ibi
1250 2633 1724 2689 supervacaneum.
1768 2616 1867 2672 llic
1895 2631 2023 2670 vero
2062 2615 2239 2670 consi-

658 2713 787 2767 tlcra
835 2711 961 2782 quid
995 2713 1139 2766 dicat
1185 2711 1508 2780 evangelista
1541 2730 1554 2764 :
1592 2709 1706 2764 Hoc
1744 2711 1925 2763 iterum
1956 2709 2233 2762 secundant

655 2805 850 2871 signum
872 2801 990 2873 fecit
1018 2801 1188 2864 .lesus,
1223 2818 1336 2855 cum
1362 2801 1571 2855 uenisset
1599 2817 1631 2853 a
1655 2799 1841 2852 luda'a
1871 2799 1921 2851 in
1947 2796 2232 2851 Gtt/illrum.

655 2890 838 2959 Neque
869 2892 1009 2945 enim
1037 2891 1328 2946 Secundum
1355 2892 1468 2945 sine
1495 2905 1652 2943 causa
1683 2889 1882 2943 addidit
1907 2906 1919 2952 ;
1949 2887 2042 2942 sed
2064 2887 2235 2942 adhuc

656 2981 1109 3035 Samaritanorum
1134 2981 1444 3034 miraculum
1464 2979 1721 3047 celebrat,
1739 2978 2026 3034 ostendens
2051 2978 2150 3032 hos
2166 2995 2235 3035 ne

653 3082 772 3142 post
815 3072 1037 3126 alterum
1069 3071 1279 3140 quidem
1328 3071 1536 3142 signum
1579 3070 1646 3125 ad
1691 3086 1808 3126 eam
1853 3070 2232 3124 sublimitatem

651 3164 946 3228 devenisse,
980 3163 1045 3216 ad
1071 3178 1228 3233 quam
1263 3162 1589 3218 devenerant
1618 3163 1648 3216 ii
1689 3162 1779 3233 qui
1811 3161 1938 3215 nihil
1969 3161 2229 3216 viderant.

651 3253 776 3307 Post
815 3253 921 3306 lucc
950 3261 1056 3306 erat
1082 3254 1262 3324 festum
1291 3251 1611 3307 Iudaeorum.
1642 3253 1792 3321 Quod
1827 3252 2018 3307 festum
2042 3253 2064 3305 ?
2092 3253 2231 3308 Pett-

651 3355 896 3407 tecnstcs,
929 3355 986 3398 ut
1014 3345 1142 3399 mihi
1172 3346 1398 3400 videtur.
1432 3345 1498 3398 Et
1522 3345 1747 3400 ascendit
1777 3344 1928 3399 Jesus
1964 3343 2229 3415 Jerosoly-

648 3457 803 3493 mam.
851 3439 1179 3509 Frequenter
1233 3441 1284 3493 in
1329 3438 1755 3494 solemnitatibus
1799 3437 2117 3492 versabatur
2171 3439 2223 3492 in

646 3533 895 3599 civitate,
941 3542 1048 3586 tum
1078 3539 1134 3584 ut
1177 3531 1449 3586 videretur
1475 3547 1594 3586 cum
1645 3531 1746 3585 illis
1788 3530 1980 3585 festum
2031 3547 2220 3601 agere,

646 3633 756 3676 ttnn
787 3631 844 3676 ut
887 3622 1181 3690 simplicem
1233 3621 1622 3675 multitudinem
1667 3620 1978 3675 attraheret.
2025 3621 2079 3675 lu
2123 3622 2226 3678 illis

644 3716 784 3768 enim
817 3715 1044 3767 maxime
1072 3713 1259 3767 diebus
1290 3715 1303 3744 ¹
1335 3713 1367 3766 ii
1396 3712 1486 3782 qui
1515 3713 1838 3783 simpliciore
1867 3723 2021 3767 erant
2046 3714 2224 3767 animo

642 3805 1050 3859 concurrebant.
1091 3805 1143 3858 2.
1196 3802 1286 3858 Est
1344 3813 1510 3858 autem
1561 3803 1893 3874 Jerosolymis
1952 3803 2224 3859 Probatica

643 3897 854 3966 piscina,
898 3911 1012 3965 qum
1049 3895 1433 3965 cognominatur
1474 3893 1722 3948 Hebraice
1749 3893 2045 3961 Bethsaida,
2076 3896 2224 3964 quin-

641 4004 737 4053 que
775 3989 993 4056 porticus
1021 3988 1226 4041 habens.
1259 3984 1325 4039 In
1366 3986 1444 4039 Itis
1476 3988 1683 4054 jacebat
1721 3987 1994 4040 multitudo
2036 4004 2221 4057 magna

641 4079 1004 4148 languentium,
1052 4093 1319 4141 ancoram,
1361 4077 1681 4143 claudorum,
1727 4079 2006 4145 aridorum,
2039 4095 2220 4149 exspe-

637 4169 878 4222 ctantium
919 4184 1063 4238 aqua!
1100 4179 1308 4223 motum.
1355 4169 1486 4236 Quis
1529 4169 1613 4223 ltic
1653 4170 1944 4224 curationis
1979 4170 2218 4226 modus?

637 4259 795 4329 quale
841 4260 1148 4329 mysterium
1194 4259 1561 4314 subindicatur
1600 4261 1623 4312 ?
1666 4258 1850 4329 Neque
1907 4249 2048 4314 enim
2103 4262 2219 4316 sine

591 4407 596 4411 _
637 4364 796 4404 causa
845 4349 958 4403 hazc
979 4350 1173 4417 scripta
1213 4358 1380 4415 sunt;
1417 4349 1511 4403 sed
1554 4349 1728 4404 futura
1772 4351 1925 4404 nobis
1968 4353 2116 4420 quasi
2163 4355 2216 4408 itt

639 4444 804 4512 ﬁgura
831 4451 884 4495 et
913 4440 1139 4510 imagine
1158 4440 1446 4504 describit;
1473 4455 1538 4496 ne
1567 4441 1610 4494 si
1643 4457 1727 4496 res
1749 4443 2028 4512 stupenda,
2063 4445 2216 4501 inex-

635 4542 870 4602 spectata
915 4532 1200 4596 accideret,
1228 4531 1528 4585 auditorum
1576 4532 1860 4587 multorum
1906 4532 2062 4589 ﬁdem
2113 4537 2213 4590 ali-

635 4632 898 4692 quatenus
945 4621 1305 4676 labefactaret.
1346 4621 1599 4687 Quccitam
1648 4623 1804 4692 igitur
1849 4623 1963 4679 inec
2005 4625 2212 4681 descri-

637 4715 798 4784 ptio?
855 4712 1113 4767 Futurum
1170 4713 1430 4796 baptisma
1494 4713 1725 4768 dandum
1783 4727 1937 4783 erat,
1991 4718 2209 4787 plenum

636 4809 827 4861 virtute
851 4815 905 4860 et
924 4808 1090 4875 gratia
1124 4807 1370 4869 maxima,
1401 4807 1660 4876 baptisma
1682 4810 1821 4880 quod
1852 4822 2062 4879 peccata
2093 4828 2205 4867 om-

634 4900 720 4952 nia
766 4896 1038 4960 ablueret,
1070 4896 1209 4964 quod
1246 4913 1309 4952 ex
1356 4898 1583 4953 mortuis
1615 4900 1759 4955 vivos
1791 4902 2056 4957 redderet.
2085 4903 2210 4960 Haec

629 5005 758 5058 ergo
789 4999 847 5042 ut
886 4988 937 5041 in
968 4989 1196 5056 imagine
1226 4989 1580 5059 depinguntur
1607 4991 1657 5044 in
1696 4992 1893 5060 piscina
1931 5005 1984 5049 et
2009 4995 2060 5048 in
2091 4996 2208 5050 aliis

629 5080 826 5133 multis.
861 5079 927 5133 Et
965 5079 1135 5148 primo
1174 5080 1385 5148 quidem
1427 5098 1614 5151 aquam
1643 5082 1820 5149 dedit,
1854 5100 1972 5155 qua:
2013 5100 2208 5154 corpo-

627 5188 745 5228 rum
768 5171 999 5226 maculas
1025 5170 1282 5235 ablueret,
1312 5172 1601 5242 sordesqne
1629 5189 1732 5226 non
1755 5190 1930 5240 veras,
1955 5175 2046 5230 sed
2074 5176 2207 5231 tales

632 5263 963 5318 existimatas
992 5280 1006 5327 ;
1034 5279 1098 5318 ex
1129 5262 1314 5318 funere
1346 5279 1558 5334 nempe,
1588 5279 1653 5321 ex
1678 5267 1846 5336 lepra,
1873 5279 1924 5321 et
1954 5269 2156 5323 similes
2187 5288 2200 5324 :

628 5354 900 5424 multaque
935 5355 1113 5409 videre
1155 5366 1236 5409 est
1269 5357 1454 5411 eadem
1498 5360 1564 5410 de
1605 5374 1763 5411 causa
1813 5361 1862 5412 in
1897 5363 2060 5414 veteri
2091 5363 2203 5431 lege

630 5441 728 5515 iter
753 5459 940 5512 aquam
979 5445 1248 5498 mundata.
1276 5447 1380 5500 Sed
1421 5448 1485 5500 ad
1521 5451 1848 5516 propositum
1877 5451 1984 5519 jam
2016 5453 2202 5506 redea-

635 5549 776 5590 mus.
811 5536 990 5589 Primo
1026 5536 1222 5605 itaque,
1257 5546 1309 5590 ut
1349 5537 1599 5602 diximus,
1627 5555 1911 5610 corporum
1943 5546 2197 5608 maeulas,

629 5626 819 5683 deinde
843 5622 1370 5683 variasinﬁrmitates
1409 5645 1501 5699 per
1527 5647 1715 5701 aquam
1757 5635 1890 5688 solvi
1925 5646 2092 5690 curat.
2132 5637 2199 5692 Ut

686 5760 705 5796 ⁸
735 5758 902 5811 Morel.
926 5758 1049 5822 legit
1075 5800 1088 5820 ,
1126 5761 1331 5813 staaime
1354 5762 1477 5815 enim
1501 5757 1548 5809 έη
1568 5771 1912 5830 feminalibus.

2357 1423 2499 1479 enim
2527 1441 2624 1481 nos
2653 1427 2792 1484 Deus
2819 1429 2886 1485 ad
2933 1428 3183 1500 baptismi
3212 1432 3434 1502 gratiam
3467 1433 3484 1466 ⁸
3515 1432 3736 1503 propius
3785 1435 3950 1490 redu-

2356 1526 2524 1582 ceret,
2557 1533 2663 1571 non
2686 1518 2797 1587 jam
2827 1520 3063 1575 maculas
3097 1522 3294 1588 solum,
3323 1521 3419 1578 sed
3445 1533 3500 1578 et
3530 1524 3747 1580 morbos
3772 1537 3947 1582 sanat.

2354 1604 2616 1676 Imagines
2645 1608 2786 1661 enim
2825 1625 2944 1680 qua:
2989 1612 3209 1680 propius
3254 1611 3321 1666 ad
3359 1614 3635 1669 veritatem
3661 1616 3945 1681 accedunt,

2353 1705 2408 1750 et
2438 1697 2488 1749 itt
2517 1696 2835 1766 baptismate
2860 1710 2915 1756 et
2939 1701 2992 1755 in
3022 1704 3273 1772 passione
3304 1711 3357 1758 et
3380 1703 3434 1757 in
3463 1704 3584 1758 aliis
3615 1708 3786 1776 magis
3815 1722 3945 1761 con-

2351 1786 2547 1854 spicua:
2574 1798 2718 1854 sunt,
2753 1805 2911 1858 quam
2942 1793 3282 1847 vetustiores.
3306 1793 3768 1862 Quemadmodum
3797 1799 3942 1852 enim

2353 1875 2442 1945 qui
2476 1892 2643 1947 prope
2689 1893 2868 1949 regem
2900 1891 3021 1936 sunt
3052 1883 3313 1938 satellites
3336 1923 3353 1949 ,
3402 1886 3782 1942 remotioribus
3821 1900 3946 1945 sunt

2355 1963 2726 2024 honoratiores
2759 1986 2769 2021 :
2796 1969 2864 2023 ita
2892 1981 2942 2025 et
2973 1971 3024 2026 in
3055 1971 3238 2041 ﬁguris
3262 1972 3457 2030 laetum
3488 1983 3588 2030 est.
3623 1977 3688 2032 Et
3717 1981 3947 2050 angelus

2349 2056 2678 2112 descendens
2706 2060 2948 2115 turbabat
2974 2077 3166 2132 aquam
3187 2105 3202 2130 ,
3228 2072 3282 2117 et
3318 2065 3542 2121 sanandi
3574 2068 3683 2121 vim
3719 2069 3948 2128 indebat

2349 2145 2469 2214 ipsi,
2496 2158 2551 2201 ut
2581 2147 2848 2204 discerent
2891 2150 3082 2215 Judrei,
3125 2153 3433 2224 angelorum
3473 2155 3752 2213 Dominum
3771 2161 3948 2218 multo

2347 2239 2515 2308 magis
2543 2254 2699 2308 posse
2723 2242 2914 2298 anima:
2939 2247 3154 2300 morbos
3175 2263 3364 2304 omnes
3388 2263 3596 2305 curare.
3624 2250 3732 2307 Sed
3753 2268 3947 2323 quem-

2345 2327 2628 2385 admodum
2653 2332 2736 2387 hic
2751 2350 3010 2405 aquarum
3036 2348 3223 2392 natura
3248 2355 3352 2394 non
3370 2341 3680 2410 simpliciter
3693 2347 3942 2414 curabat;

2343 2419 2575 2490 alioquin
2607 2423 2750 2478 enim
2795 2442 3010 2496 semper
3050 2428 3100 2482 id
3129 2427 3332 2485 faceret
3360 2445 3377 2496 ;
3404 2432 3498 2486 sed
3530 2434 3708 2504 angeli
3748 2453 3947 2505 opera-

2347 2511 2490 2568 tione
2518 2515 2539 2545 '
2581 2514 2632 2568 id
2680 2516 2876 2573 ﬁebat:
2918 2519 3076 2574 sicin
3117 2521 3274 2576 nobis
3302 2537 3410 2578 non
3455 2539 3592 2594 aqua
3620 2527 3948 2597 simplicita-

2346 2613 2617 2672 Operatur,
2659 2607 2752 2662 sed
2795 2619 3074 2679 postquam
3104 2611 3336 2682 Spiritus
3361 2617 3588 2685 gratiam
3622 2628 3894 2690 accept-rit
3922 2662 3939 2687 ,

2348 2702 2475 2749 tunc
2511 2697 2686 2752 omnia
2733 2699 2891 2754 solvit
2920 2712 3157 2770 peccata.
3186 2703 3340 2760 Circa
3372 2705 3510 2763 hanc
3539 2710 3799 2778 piscinam
3839 2713 3944 2768 Ja-

2339 2784 2479 2838 cebat
2524 2789 2796 2842 multitudo
2843 2807 3029 2861 magna
3074 2794 3424 2864 inﬁrmorum,
3467 2813 3735 2868 decorum,
3781 2804 3940 2858 clau-

2340 2875 2557 2944 dorum,
2603 2881 2899 2950 aridorum,
2949 2900 3100 2956 aqua
3138 2897 3330 2943 motum
3359 2895 3776 2962 exspectantium.
3825 2896 3943 2954 Sed

2340 2980 2466 3026 tunc
2506 2972 2787 3030 inﬁrmitas
2833 2968 3218 3047 impedimento
3247 2992 3398 3050 erat,
3439 2988 3725 3055 quominus
3767 2991 3812 3045 is
3843 2994 3942 3063 qui

2338 3064 2499 3117 vellet
2517 3076 2796 3121 sanaretur
2817 3085 2832 3122 :
2857 3085 2997 3126 nunc
3012 3080 3190 3126 autem
3217 3076 3582 3148 unusquisque
3604 3090 3938 3149 potestatem

2337 3156 2624 3212 accedendi
2675 3157 2853 3214 habet.
2891 3162 3008 3218 Non
3056 3167 3202 3220 enim
3232 3169 3453 3239 angelus
3483 3167 3685 3242 est‘qui
3732 3190 3938 3246 aquam

2338 3259 2548 3314 movet,
2580 3249 2674 3304 sed
2705 3252 3016 3322 angelorum
3060 3256 3315 3313 Dominus
3359 3263 3539 3317 omnia
3581 3264 3767 3321 efﬁcit.
3815 3268 3941 3327 Nec

2333 3335 2511 3393 dicere
2539 3354 2844 3409 possumus,
2896 3345 3026 3398 Dum
3057 3359 3157 3416 ego
3198 3350 3400 3405 accedo
3424 3393 3440 3420 ,
3492 3353 3629 3410 alius
3667 3368 3792 3412 ante
3843 3376 3941 3417 me

2332 3427 2628 3483 descendit.
2681 3429 2785 3486 Sed
2831 3433 2876 3487 si
2922 3441 3065 3490 totus
3105 3437 3252 3492 orbis
3299 3442 3545 3510 venerit,
3587 3447 3757 3514 gratia
3818 3465 3937 3506 non

2331 3521 2680 3586 consumitur,
2717 3540 2890 3596 neque
2919 3529 3001 3583 vis
3027 3530 3111 3583 vel
3143 3533 3389 3600 Operatio
3415 3534 3614 3604 deﬁcit,
3655 3540 3750 3595 sed
3790 3557 3941 3598 scm-

2333 3626 2427 3679 per
2471 3613 2656 3669 eadem
2700 3627 2898 3672 manet.
2937 3621 3015 3674 Ac
3054 3623 3504 3690 quemadmodum
3549 3630 3754 3686 salares
3785 3636 3936 3691 radii

2331 3703 2570 3770 quotidie
2613 3705 2946 3774 illuminant,
2996 3726 3097 3765 nec
3127 3713 3514 3784 absumuntur,
3563 3736 3734 3790 neque
3775 3728 3936 3792 quod

2332 3795 2512 3850 tnultis
2536 3796 3026 3868 sulnninistrentur,
3059 3804 3189 3858 lucis
3215 3807 3484 3877 quidpiam
3506 3812 3759 3868 amittunt
3783 3834 3795 3866 :
3823 3820 3936 3884 sic,

2329 3886 2437 3942 imo
2467 3889 2634 3943 multo
2662 3892 2836 3945 minus
2876 3891 3106 3962 Spiritus
3130 3899 3374 3966 Operatio
3415 3903 3672 3958 tttinuitttr
3707 3920 3737 3958 a
3776 3911 3941 3963 mul-

2329 3978 2555 4034 titudine
2581 3983 2976 4050 accipientium.
3011 3986 3123 4042 Hoc
3154 3998 3330 4046 autem
3360 3993 3557 4048 factum
3580 4006 3682 4060 est,
3731 4009 3789 4053 ut
3832 4003 3938 4071 qui

2325 4069 2596 4127 discerent
2627 4075 2677 4127 in
2720 4090 2856 4144 aqua
2884 4079 3151 4134 curandos
3171 4096 3292 4137 esse
3325 4088 3569 4156 corporis
3599 4069 3940 4157 morbos—et

2328 4161 2427 4216 hac
2478 4165 2528 4218 in
2571 4180 2629 4220 re
2667 4166 2759 4220 diu
2809 4171 3088 4224 exercitati
3129 4184 3337 4238 essent,
3387 4177 3594 4232 [acilius
3632 4181 3940 4240 crederent

2326 4256 2486 4310 etiam
2533 4258 2754 4312 morbos
2785 4260 2948 4314 animi
2994 4276 3151 4330 posse
3178 4265 3375 4320 curari.
3412 4267 3520 4321 Cur
3546 4283 3706 4338 porro
3735 4274 3940 4332 missis

2325 4350 2533 4403 caeteris
2561 4350 2809 4405 omnibus
2834 4351 2990 4409 Jesus
3031 4355 3096 4409 ad
3127 4370 3271 4423 eum,
3299 4357 3390 4427 qui
3424 4361 3639 4428 triginta
3673 4376 3800 4420 octo
3824 4382 3940 4424 an-

2326 4455 2422 4492 nos
2446 4442 2756 4509 a~grotabat,
2781 4443 2926 4499 venit
2947 4444 2971 4498 Τ
2992 4459 3089 4500 cur
3117 4448 3427 4519 interrogat,
3474 4450 3557 4508 Vis
3576 4471 3733 4510 sanus
3758 4459 3889 4524 ﬁeri
3911 4463 3944 4518 .’

2320 4529 2435 4585 Non
2465 4543 2518 4586 ut
2560 4533 2611 4587 id
2647 4534 2876 4590 disceret
2907 4552 2922 4602 ;
2955 4536 3083 4591 illud
3109 4539 3252 4594 enim
3281 4555 3742 4611 supervacaneum
3781 4549 3941 4607 fuis-

2319 4632 2400 4676 set
2430 4640 2443 4688 ;
2485 4623 2579 4678 sed
2613 4633 2668 4678 ut
2709 4625 2866 4694 hujus
2897 4634 3347 4702 perseverantiam
3381 4635 3690 4693 ostenderet
3719 4680 3736 4707 ,
3769 4649 3830 4696 et
3875 4655 3944 4700 ut

2319 4712 2580 4767 sciremus
2620 4715 2740 4768 ideo
2767 4717 2964 4785 ipsum,
2990 4721 3202 4775 caneris
3227 4721 3442 4780 omissis
3462 4768 3477 4792 ,
3504 4725 3646 4782 hunc
3686 4728 3936 4790 adiisse.

2319 4805 2452 4869 Quid
2502 4821 2631 4876 ergo
2674 4807 2964 4864 inﬁrmus?
2996 4811 3276 4880 Respondit
3318 4833 3360 4869 ei
3408 4857 3421 4870 .
3470 4816 3706 4889 Domine,
3741 4823 3939 4881 Itami-

2318 4913 2431 4950 nem
2466 4915 2565 4952 non
2595 4900 2753 4954 habeo
2786 4900 2837 4966 ³,
2882 4911 2934 4955 ut
2959 4919 3073 4956 cum
3105 4908 3308 4961 turbata
3354 4911 3507 4978 fuerit
3545 4929 3699 4983 aqua.
3743 4918 3940 4976 mittat

2316 5005 2396 5043 me
2418 4989 2470 5043 in
2509 4992 2755 5061 piscinam
2790 5010 2808 5048 :
2847 4995 2969 5050 dum
2997 4999 3141 5051 venio
3180 5000 3314 5053 enim
3339 5017 3430 5070 ego
3453 5044 3466 5065 ,
3511 5004 3642 5058 alius
3681 5018 3807 5063 ante
3841 5030 3942 5068 me

2316 5083 2590 5138 descendit.
2640 5085 2763 5141 Ideo
2791 5089 3153 5159 interrogavit,
3196 5090 3282 5145 Vis
3322 5109 3479 5148 sanus
3511 5097 3624 5163 ﬁeri
3645 5099 3671 5150 7
3709 5111 3766 5154 ut
3794 5102 3937 5161 ltzuc

2319 5177 2641 5233 ediscamus.
2669 5179 2852 5249 Neque
2882 5182 3048 5248 dixit,
3083 5182 3176 5238 Vis
3216 5194 3269 5238 ιιι
3318 5195 3369 5240 te
3397 5200 3581 5242 senem
3610 5191 3633 5243 ἲ
3664 5194 3936 5253 nondum

2313 5269 2456 5321 enim
2488 5278 2630 5324 tanta
2663 5269 2729 5325 de
2761 5273 2875 5341 ipso
2906 5273 3201 5329 habebatur
3229 5276 3409 5345 opinio
3439 5295 3455 5342 ;
3481 5279 3597 5346 sed,
3636 5279 3728 5337 Vis
3743 5301 3933 5346 suum

2313 5361 2424 5426 ﬁeri
2449 5361 2476 5414 ἵ
2501 5361 2771 5430 Stupenda
2796 5380 3014 5433 prorsus
3044 5376 3126 5420 est
3153 5370 3427 5440 paralytici
3460 5379 3880 5440 perseverantia
3913 5401 3932 5438 :

2314 5465 2408 5519 per
2437 5453 2648 5522 triginta
2680 5466 2733 5509 et
2757 5466 2878 5510 octo
2903 5473 3095 5525 annos,
3124 5459 3250 5514 dum
3279 5471 3520 5530 speraret
3546 5465 3778 5536 singulis
3816 5488 3932 5530 an.

2375 5594 2388 5657 ξ
2427 5591 2567 5657 ξυγη.
2594 5592 2759 5657 habet,
2787 5591 2954 5654 ﬁdem,
2977 5606 3083 5654 pro,
3105 5595 3332 5657 gratiam.

2373 5655 2392 5684 ²
2430 5653 2478 5701 ln
2505 5654 2668 5702 Morel.
2694 5653 2893 5714 legitur,
2918 5653 3002 5705 sed
3035 5653 3192 5712 anaeli
3217 5658 3466 5709 descensu.

2375 5717 2393 5746 ³
2428 5715 2568 5785 Sat-il.
2596 5718 2668 5784 sic
2692 5716 2837 5765 habet
2866 5731 2875 5764 :
2901 5720 3020 5785 Quid
3047 5732 3161 5780 ergo
3183 5718 3265 5769 ille
3283 5721 3306 5768 ζ’
3335 5722 3503 5780 Etiam,
3530 5723 3702 5785 inquit,

2655 5734 2668 5784 ξ
2692 5734 2837 5765 [taliet
2866 5734 2875 5764 :
2901 5734 3019 5788 quia
3047 5734 3161 5780 ergo
3183 5734 3265 5769 me
3283 5734 3304 5768 .'
3335 5734 3503 5780 etiam,
3530 5734 3702 5785 lnqull,
3750 5734 3950 5788 Domi-

2313 5787 2398 5835 nr;
2425 5780 2509 5827 sed
2534 5777 2768 5828 hominem
2793 5790 2885 5828 non
2909 5780 3076 5831 habeo.
3103 5777 3121 5780 ’⁷
3494 5777 3502 5780 “
3598 5777 3612 5785 ’
3828 5777 3924 5838 ”’“.
