4164 6324
205 409 298 464 903
1196 398 1263 455 IN
1300 396 1615 457 JOANNEM
1659 395 1889 453 IlOMlL.
1935 394 2176 451 XXXVI.
2218 395 2292 452 al.
2327 393 2548 453 XXXV.
2608 458 2611 459 ν

202 519 279 575 nis
331 520 402 574 ab
447 516 772 589 mgritudine
820 515 1059 583 liberari,
1106 514 1337 580 mansit,
1384 527 1485 568 nec
1525 510 1795 568 discessit.

206 611 423 666 Etiamsi
452 611 599 666 enim
628 625 736 665 non
784 607 1057 680 prmterita
1079 649 1095 674 ,
1126 620 1303 661 annon
1333 604 1508 660 futura
1553 614 1804 675 poterant

202 705 344 758 illtuu
374 718 405 756 a
451 702 571 759 loco
609 701 877 757 abducere
896 742 909 764 ,
938 699 1039 753 nisi
1070 698 1491 769 patientissimus
1518 696 1707 753 fuisset
1733 699 1746 728 '
1777 696 1801 752 ?

201 794 381 865 Cogita
415 795 559 849 enim
588 808 711 849 cum
733 802 927 863 quanta
948 807 1074 846 cura
1114 789 1294 845 cteteri
1330 789 1459 860 agri
1493 788 1800 859 vigilarent.

201 887 382 957 Neque
428 902 570 941 enim
605 894 816 955 tempus
840 899 947 954 quo
982 882 1231 953 agitanda
1262 889 1381 937 erat
1404 897 1541 953 aqua
1567 922 1582 947 ,
1614 890 1799 936 notum

200 990 365 1041 erat;
425 977 520 1033 sed
572 978 791 1043 claudi,
844 987 899 1032 et
944 976 1111 1029 mutili
1156 976 1447 1031 observare
1506 982 1796 1045 poterant;

199 1070 323 1123 caici
358 1084 488 1123 vero
517 1068 789 1140 quomodo
820 1067 1101 1134 vidissent,
1128 1068 1229 1122 nisi
1271 1066 1502 1121 fortasse
1543 1082 1611 1122 cx
1651 1075 1799 1121 motu

200 1161 541 1215 didicissent.
1203 1157 1207 1160 ’

263 1250 319 1305 2.
369 1252 761 1305 Erubescamus
810 1265 978 1321 ergo,
1025 1249 1440 1314 erubescamus,
1486 1249 1667 1305 dilecti
1685 1260 1708 1318 ,'
1747 1260 1801 1306 et

200 1346 478 1413 lugeamus
510 1342 580 1397 de
621 1352 798 1396 nostra
837 1352 976 1396 tanta
1008 1342 1255 1412 segnitie.
1301 1342 1391 1396 llle
1433 1343 1646 1413 triginta
1677 1352 1801 1398 octo

199 1437 352 1489 anuis
374 1435 761 1506 perseveravit.
786 1450 886 1490 nec
905 1434 1049 1504 quod
1072 1435 1282 1495 volebat
1302 1447 1604 1507 acceperat,
1627 1453 1803 1508 neque

198 1536 373 1580 tamen
401 1526 651 1582 discessit
673 1546 686 1579 :
711 1542 886 1597 neque
910 1542 981 1582 ex
1006 1526 1329 1597 negligentia
1357 1543 1451 1583 sua
1480 1543 1586 1583 non
1610 1543 1802 1584 censeo

200 1628 393 1688 quntus
433 1629 552 1682 est;
592 1620 685 1674 sed
726 1621 846 1673 aliis
875 1620 1287 1690 impedientibus
1316 1621 1530 1690 vimque
1572 1635 1799 1693 passus;

199 1725 373 1778 neque
404 1718 585 1765 tamen
618 1719 898 1779 propterea
926 1709 1162 1765 animum
1192 1696 1481 1781 despondit
1508 1730 1522 1765 :
1548 1727 1648 1767 nos
1672 1728 1802 1768 vero

200 1802 239 1854 si
268 1786 461 1856 decem
492 1801 679 1856 diebus
716 1816 1120 1872 perseveremus
1151 1819 1248 1873 pro
1274 1819 1331 1858 re
1360 1804 1535 1874 aliqua
1571 1820 1801 1875 precan-

201 1904 308 1959 tes,
345 1909 448 1949 nec
482 1893 863 1963 impetremus,
891 1894 1085 1950 deinde
1114 1903 1389 1965 torpcmus
1414 1896 1465 1950 in
1489 1897 1679 1952 eodem
1710 1898 1805 1953 ad-

201 1988 433 2042 hibendo
462 1988 660 2043 studio.
703 1988 771 2043 Et
798 1989 888 2059 qui
919 1988 1226 2053 hominibus
1255 2000 1362 2044 tam
1395 1992 1646 2046 diuturno
1670 2003 1806 2047 tem-

200 2096 328 2149 pore
371 2081 675 2144 hazretnus,
722 2079 1052 2147 militantes,
1096 2081 1150 2135 in
1192 2082 1448 2136 aerumnis
1484 2094 1801 2149 versantes,

199 2172 411 2226 servilia
443 2172 736 2227 ministeria
765 2182 1111 2239 exercentes,
1144 2182 1198 2229 ct
1225 2175 1275 2229 in
1307 2175 1413 2230 fine
1440 2192 1584 2246 smpe
1612 2179 1681 2232 ab
1718 2177 1803 2231 illa

198 2279 290 2333 spe
319 2263 690 2329 concidimus;
724 2266 861 2335 apud
892 2266 1176 2321 Dominum
1200 2277 1441 2323 nostrum
1464 2272 1508 2336 ⁸,
1534 2271 1622 2325 ubi
1646 2272 1804 2341 lenge

202 2359 371 2426 major
396 2373 611 2413 merces
642 2359 913 2429 sequitur,
942 2375 1101 2429 quam
1132 2360 1242 2416 sint
1268 2362 1366 2432 ipsi
1398 2364 1609 2419 labores
1638 2383 1650 2417 :
1680 2381 1803 2420 nam

200 2451 350 2519 Spes,
382 2452 585 2521 inquit,
614 2469 713 2505 nou
739 2452 1009 2522 confundit
1031 2452 1209 2523 (llam.
1233 2454 1282 2511 5.
1316 2455 1411 2525 5);
1441 2471 1562 2510 cum
1588 2471 1672 2519 eo,
1698 2472 1807 2527 quo

200 2558 291 2609 par
312 2553 461 2597 esset
484 2543 661 2597 studio
684 2559 1028 2613 perseverare
1053 2562 1157 2600 nou
1181 2547 1530 2603 sustinemus.
1557 2548 1621 2603 Et
1644 2564 1807 2619 quan-

199 2645 253 2688 to
280 2651 385 2690 non
414 2636 682 2705 supplicio
709 2638 821 2691 lucc
842 2638 873 2691 d
895 2652 998 2708 gna
1030 2636 1267 2693 fuerint?
1286 2638 1418 2693 Nam
1441 2651 1487 2695 ct
1499 2641 1649 2695 iamsi
1675 2642 1806 2696 nihil

195 2730 473 2797 accepturi
509 2743 752 2783 essemus
776 2769 791 2793 ,
823 2730 906 2785 vel
950 2729 1051 2784 hoc
1096 2730 1271 2800 ipsum
1316 2732 1457 2801 quod
1498 2732 1809 2804 frequenter

198 2819 601 2888 alloiptcrcmur
634 2835 756 2875 eum
784 2862 797 2885 ,
828 2835 1006 2876 annon
1048 2821 1200 2877 bonis
1240 2822 1536 2878 innumeris
1571 2827 1809 2895 arquipo-

198 2912 426 2965 randum
454 2911 767 2968 csset?Sed
797 2915 1036 2984 precatio
1065 2914 1331 2969 laboriosa
1360 2924 1414 2970 et
1439 2915 1655 2971 assidua
1686 2932 1808 2973 cs~e

196 3004 399 3059 debet?
450 3004 650 3075 Ecquid
698 3006 750 3060 in
782 3006 978 3062 virtute
1020 3022 1125 3061 non
1173 3007 1500 3063 laboriosum
1546 3011 1667 3064 est?
1713 3010 1807 3066 Vel

195 3096 297 3150 hoc
328 3097 534 3166 ipsum,
560 3095 788 3167 inquies,
814 3097 967 3153 valde
993 3098 1210 3153 anxium
1232 3099 1429 3165 reddit,
1449 3102 1593 3171 quod
1621 3102 1809 3171 nequi-

196 3188 323 3241 tiam
352 3188 604 3257 voluptas
630 3229 643 3251 .
675 3188 921 3265 virtutem
959 3189 1110 3243 labor
1145 3191 1433 3245 comitetur
1460 3208 1474 3250 :
1504 3193 1811 3263 multosque

192 3280 433 3333 arbitror
471 3279 699 3346 idipsum
732 3296 993 3349 quzercrc.
1028 3281 1285 3350 Qumnam
1330 3284 1493 3354 igitur
1521 3282 1695 3353 ‘hujus
1731 3286 1807 3339 rt-i

191 3387 359 3426 causa
390 3382 473 3427 est
498 3371 553 3426 '?
582 3371 738 3427 Initio
768 3374 915 3428 dedit
944 3375 1097 3429 nobis
1128 3375 1268 3430 Deus
1298 3377 1460 3430 vitam
1492 3378 1809 3433 sollicitudi-

190 3478 259 3518 nc
303 3462 693 3533 laboribusque
734 3478 953 3518 vacuam
982 3464 1168 3521 :dono
1195 3466 1347 3520 abusi
1391 3482 1611 3533 sumus;
1645 3478 1809 3538 atque

188 3571 255 3607 ex
305 3555 505 3609 inertia
548 3565 696 3609 tanto
734 3556 907 3611 eversi
949 3557 1126 3622 bono,
1158 3558 1467 3630 paradisum
1507 3562 1807 3616 amisimus.

190 3643 322 3698 ideo
371 3645 697 3700 laboriosam
742 3645 1047 3700 hominibus
1078 3650 1237 3707 vitam
1270 3649 1540 3715 reddidit,
1571 3660 1627 3706 et
1667 3652 1806 3720 apud
1839 3693 1846 3699 .

189 3739 495 3789 humanum
522 3752 693 3807 genus
717 3737 819 3791 hoc
848 3736 960 3792 fere
988 3739 1148 3795 modo
1175 3754 1296 3795 sese
1326 3749 1517 3811 purgat
1541 3760 1554 3796 :
1582 3743 1811 3799 Delicias

184 3842 210 3879 a
243 3828 524 3895 principio
548 3828 672 3882 dedi
695 3829 880 3894 vobis;
907 3829 1001 3885 sed
1030 3846 1093 3885 ex
1122 3831 1341 3886 lenitate
1363 3848 1479 3887 mea
1508 3831 1811 3890 deteriores

138 3940 141 3943 ·
183 3920 449 3973 evasistis
478 3937 493 3973 :
523 3918 643 3973 ideo
688 3920 961 3975 laboribus
999 3936 1094 3973 vos
1133 3921 1526 3994 sudoribusque
1553 3924 1732 3980 addixi
1763 3925 1808 3980 ⁸.

184 4008 323 4063 Cum
352 4019 540 4063 autem
570 4024 639 4064 uc
665 4010 754 4065 ille
775 4009 989 4079 quidem
1018 4010 1168 4066 labor
1190 4028 1287 4067 vos
1307 4012 1608 4079 cohiberet,
1637 4014 1811 4089 legent

183 4116 388 4155 rursus
414 4101 561 4156 dedit
586 4112 852 4172 praecepta
877 4104 1042 4158 multa
1067 4105 1516 4175 complectentem
1534 4123 1553 4172 -;
1577 4122 1674 4161 ceu
1697 4109 1812 4162 cui-

180 4192 309 4247 dam
344 4192 619 4271 indomito
642 4208 781 4263 equo
806 4193 1014 4249 frenum
1044 4205 1100 4251 et
1127 4196 1438 4265 compedes,
1472 4207 1527 4250 ut
1554 4198 1671 4268 ejus
1705 4200 1809 4253 im-

180 4301 377 4351 pmnui
410 4294 694 4346 coerceat;
722 4284 799 4340 sic
825 4284 1023 4339 faciunt
1050 4300 1310 4355 equorum
1338 4288 1652 4344 domitores.
1687 4289 1813 4345 Ideo
1841 4327 1843 4330 ι

182 4386 289 4428 vita
320 4375 600 4429 laboriosa
626 4375 862 4430 instituta
883 4384 987 4438 est.
1006 4378 1130 4446 quia
1150 4379 1318 4433 otium
1341 4396 1439 4435 nos
1461 4396 1811 4453 corrumpere

177 4472 348 4523 solet.
402 4468 606 4523 Natura
635 4469 833 4538 quippe
863 4478 1047 4524 nostra
1090 4469 1353 4527 desidiam
1398 4488 1503 4527 non
1544 4474 1682 4542 fert,
1714 4476 1809 4531 sed

180 4564 348 4617 facile
385 4562 454 4615 ad
493 4562 620 4615 vitia
658 4560 917 4617 deflectit.
960 4562 1228 4617 Ponamus
1257 4566 1398 4618 enini
1449 4568 1767 4635 temperanti
1792 4609 1808 4633 ,

177 4669 232 4709 ut
266 4674 387 4712 nec
414 4657 551 4711 alias
580 4657 807 4711 virtutes
830 4657 1126 4717 exercenti.
1159 4656 1362 4711 uulhuu
1388 4674 1511 4714 esse
1536 4662 1808 4721 laborem;

175 4750 273 4802 sed
325 4747 741 4803 dormientibus
783 4748 961 4801 omnia
994 4748 1196 4818 optime
1235 4750 1430 4804 cedere
1466 4768 1477 4803 :
1518 4768 1626 4821 quo
1654 4765 1811 4821 pacto

176 4844 279 4895 hac
333 4852 566 4895 utemur
611 4839 979 4910 indulgentia?
1021 4856 1200 4897 nonne
1240 4843 1304 4896 ad
1351 4848 1709 4915 arrogantiam
1758 4857 1811 4901 et

173 4935 513 5003 superbiam
536 4933 559 4986 ?
1224 4962 1227 4963 ν
1630 4984 1631 4987 η

251 5030 453 5094 Quare
482 5025 760 5095 nequitiam
789 5025 1041 5093 voluptas,
1070 5025 1303 5078 virtutem
1334 5025 1476 5079 labor
1504 5028 1769 5081 comitetur
1792 5046 1811 5093 ;

174 5124 333 5173 labor
367 5129 448 5172 est
475 5098 775 5169 attributum
801 5116 996 5170 virtutis
1021 5118 1419 5171 constitutirum.
1458 5117 1682 5173 Desidia:
1702 5137 1809 5173 mo-

172 5216 306 5265 tum.
355 5210 631 5279 Nequitia:
659 5211 894 5278 voluptas
924 5208 1112 5271 brevis;
1144 5209 1341 5261 virtutis
1370 5209 1657 5263 immortale
1686 5228 1811 5281 gou-

240 5332 257 5360 ι
304 5332 435 5377 rost
458 5324 566 5370 bzec
590 5319 867 5380 verba,m'si
889 5318 1262 5381 patientissimus
1276 5319 1459 5382 fuisset,
1475 5322 1525 5371 in
1547 5335 1634 5373 sua
1659 5324 1813 5374 inter-

172 5389 490 5454 pretatione
512 5382 681 5454 adjicit
704 5382 781 5452 Fr.
808 5381 1041 5454 Aretiqus
1065 5395 1077 5430 :
1097 5381 1361 5454 'Quoniunt.
1384 5382 1667 5453 incredibile
1705 5400 1749 5454 es
1766 5395 1809 5437 ut

172 5444 414 5507 hlium
442 5453 652 5509 tegi-atas
680 5446 895 5509 priorem
916 5444 1056 5509 illius;
1089 5444 1283 5509 ingredi
1307 5444 1609 5497 dimissuros.
1642 5450 1733 5498 sed
1759 5456 1805 5498 tu

174 5515 344 5562 nullis
369 5512 415 5561 G
426 5506 577 5577 raetiis
588 5571 597 5577 ι
610 5506 982 5577 exemplaribus
993 5507 1109 5577 ‘htec
1134 5506 1495 5568 exprimuntur.

239 5577 280 5627 ³,
301 5571 494 5623 Morel.
523 5571 690 5623 habet.
716 5569 1098 5625 misericordem,
1124 5582 1228 5631 pro,
1252 5576 1485 5618 nostrum.
1516 5629 1522 5631 _
1558 5576 1561 5579 '

240 5640 265 5671 ³
305 5632 495 5684 Morel.
534 5632 665 5679 hunc
688 5631 845 5679 locum
868 5632 939 5679 sic
962 5629 1186 5678 θῆαι-ιλ..
1211 5636 1434 5680 virtutem
1454 5629 1589 5681 labor
1613 5634 1807 5683 comite-

175 5710 277 5749 tur.
322 5710 338 5741 ι
356 5707 524 5747 rrum
546 5691 830 5742 wiutionem
864 5692 1068 5753 accipe:
1097 5692 1235 5741 illam
1265 5693 1412 5751 enim,
1438 5702 1608 5743 vesti-te
1631 5696 1803 5745 rarita-

175 5764 239 5812 u'x
256 5758 477 5821 gratia,
498 5768 625 5821 nime
650 5753 887 5805 dubious.
914 5765 1140 5821 Quanam
1164 5753 1484 5821 igitur-causa
1505 5766 1575 5821 est
1601 5756 1624 5804 ?

241 5817 272 5854 θ’
305 5819 496 5871 μυῖαι.
528 5817 776 5866 habet”...
806 5819 1035 5866 sensistis.
1076 5824 1240 5878 Itaque
1261 5819 1389 5876 quod
1425 5818 1633 5866 restabat
1668 5819 1759 5878 feri
1788 5832 1806 5869 :

178 5880 517 5932 Pirrmudr'dt
545 5892 623 5928 ros
650 5879 803 5927 labori
825 5893 890 5925 τηε
914 5886 957 5927 rt
977 5877 1251 5927 sudoribus.

537 5977 815 6038 Parant.
851 5975 981 6051 Gn.
1019 5975 1177 6060 LIX.

3410 396 3517 452 200

1910 511 2075 566 dium.
2101 541 2173 552 —
2197 510 2301 567 sed
2328 527 2445 578 cur,
2480 510 2712 582 inquies,
2739 518 2889 566 tanta
2916 509 3160 581 voluptas
3191 510 3482 580 nequitiam
3499 552 3521 573 .

1911 614 2093 659 tantus
2136 603 2291 658 labor
2338 613 2392 659 et
2435 603 2601 660 sudor
2644 603 2897 661 virtutem
2949 602 3281 659 comitatur?
3336 601 3519 673 Ecqua

1912 695 2004 750 tibi
2031 695 2200 765 gratia
2231 694 2476 750 habenda
2506 703 2650 751 esset
2674 736 2690 761 ,
2722 702 2777 751 et
2802 694 2959 766 cujus
2986 695 3068 750 rei
3092 693 3398 750 mercedem
3427 708 3519 749 ac-

1908 788 2155 859 ciperes,
2206 789 2305 844 nisi
2359 788 2624 845 laboriosa
2674 788 2847 844 virtus
2898 788 3085 845 esset?
3128 786 3325 842 Multos
3373 786 3518 843 enim

1911 880 2146 935 indicare
2190 881 2422 949 possint,
2463 881 2552 951 qui
2595 889 2784 935 natura
2825 894 2921 936 sua
2965 880 3254 935 mulierum
3296 866 3523 935 horrent

1909 973 2352 1027 consuetudinem
2375 1016 2387 1036 ,
2424 974 2768 1044 ipsarumque
2791 973 3055 1044 colloquia
3084 988 3186 1028 ceu
3217 987 3331 1028 rem
3359 987 3520 1027 exse-

1910 1064 2165 1119 crandam
2206 1064 2484 1120 devitant:
2512 1050 2716 1132 hosne,
2753 1080 2971 1137 qumso,
3010 1074 3192 1120 castos
3228 1062 3523 1134 appellabi-

1882 1170 2069 1221 mus,
2117 1164 2212 1210 aut
2252 1156 2634 1211 coronabimus
2684 1155 3225 1228 celebrabimusque?
3277 1155 3521 1210 Minime.

1909 1247 2139 1302 Castitas
2166 1248 2309 1303 enim
2342 1256 2425 1303 est
2455 1249 2809 1319 temperantia
2838 1259 2891 1304 et
2922 1264 3095 1320 pugna
3122 1248 3191 1303 ad
3217 1248 3523 1317 voluptates

1908 1340 2261 1411 superandos.
2304 1342 2361 1397 In
2409 1342 2562 1397 bellis
2601 1358 2764 1412 porro
2788 1384 2803 1409 ,
2837 1343 2925 1395 ubi
2960 1341 3365 1397 vehementiora
3397 1350 3525 1396 sunt

1910 1435 2205 1489 certamina
2234 1477 2249 1503 ,
2299 1436 2367 1490 ibi
2418 1444 2617 1506 troptea
2665 1436 3029 1507 splendidiora
3086 1454 3098 1491 :
3143 1450 3300 1493 secus
3346 1451 3519 1501 vero,

1910 1525 2127 1596 quando
2160 1542 2324 1583 nemo
2361 1528 2581 1583 resistit.
2614 1528 2755 1584 Sunt
2793 1529 2945 1583 multi
2988 1538 3177 1584 natura
3216 1528 3474 1585 socordes
3504 1548 3517 1584 :

1910 1615 2082 1673 hosne
2114 1628 2424 1675 mansuetos
2447 1618 2734 1675 dicemus?
2761 1618 3001 1675 Minime.
3035 1618 3240 1676 Idcirco
3268 1619 3521 1675 Christus

1913 1708 2081 1763 tribus
2113 1709 2403 1779 propositis
2440 1709 2810 1765 cunuchorum
2855 1710 3182 1781 generibus,
3211 1710 3349 1766 duos
3377 1712 3523 1766 inco-

1912 1810 2132 1854 ronatos
2172 1801 2462 1872 relinquit,
2494 1818 2658 1857 unum
2700 1803 2753 1856 in
2796 1817 3023 1873 regnum
3068 1802 3274 1857 inducit
3300 1801 3519 1873 (Matth.

1912 1894 1999 1949 19.
2031 1883 2144 1961 12).
2177 1894 2314 1961 Sed,
2345 1894 2590 1964 inquies,
2618 1894 2747 1964 quid
2774 1908 2911 1964 opus
2939 1904 3020 1950 est
3050 1885 3293 1949 malitia?
3325 1895 3436 1950 lloc
3465 1906 3512 1947 et

1910 2002 2011 2056 ego
2049 1986 2193 2041 dico.
2236 1987 2433 2057 Ecquis
2472 2002 2603 2058 ergo
2644 1988 2898 2057 nequitia:
2937 1987 3159 2057 opifex?
3196 1987 3336 2058 Quid
3376 1987 3503 2043 aliut

1911 2094 2072 2147 quam
2103 2079 2311 2149 ignavia
2340 2094 2459 2149 qua:
2483 2095 2547 2134 ex
2580 2080 2856 2134 voluntate
2882 2078 3281 2149 proficiscitur?
3306 2081 3376 2133 At
3395 2120 3411 2145 ,
3444 2080 3495 2133 in

1911 2173 2104 2241 quies,
2153 2172 2325 2227 bonos
2370 2182 2578 2227 tantum
2622 2187 2742 2228 esse
2787 2182 3084 2244 oporteret.
3132 2173 3338 2244 Ecquid
3384 2173 3497 2229 bon.

1914 2264 2189 2335 proprium
2214 2306 2230 2331 ,
2261 2283 2329 2319 an
2360 2268 2728 2322 continentem
2760 2282 2883 2323 esse
2908 2279 2962 2323 et
2992 2268 3215 2338 vigilare
3236 2310 3251 2333 ,
3284 2284 3351 2322 an
3394 2267 3493 2322 dor

1914 2359 2050 2413 mire
2080 2367 2135 2411 et
2172 2359 2443 2413 stertere?
2475 2359 2537 2413 Et
2568 2374 2667 2414 cur
2688 2394 2704 2426 ,
2742 2361 2952 2431 inquies
2976 2402 2990 2425 ,
3024 2374 3133 2414 non
3166 2360 3235 2415 ita
3267 2369 3502 2415 statutun

1913 2460 1996 2503 est
2020 2492 2034 2514 ,
2065 2460 2122 2503 ut
2162 2450 2281 2506 sine
2327 2451 2513 2505 labore
2554 2462 2701 2506 recte
2740 2452 3136 2521 operaretnur?
3164 2452 3330 2520 Digna
3363 2454 3503 2507 verh.

1916 2543 2199 2612 pecoribus
2244 2553 2405 2615 atque
2448 2546 2513 2600 iis
2556 2545 2643 2612 qui
2686 2556 2932 2601 ventrm
2976 2545 3139 2601 deum
3170 2545 3501 2601 arbitrantur

1918 2637 1984 2691 Ut
2024 2638 2203 2692 discas
2234 2639 2388 2692 enim
2440 2638 2554 2692 lucc
2584 2638 2744 2693 verba
2779 2638 3030 2701 inertium
3059 2653 3185 2695 esse
3207 2680 3224 2706 ,
3258 2640 3502 2709 respondi

1917 2733 2067 2787 mihi.
2105 2734 2373 2789 Ponamus
2403 2748 2525 2788 esse
2556 2748 2735 2803 regem
2766 2743 2820 2787 et
2845 2733 3059 2797 ducem,
3087 2747 3217 2802 rege
3245 2748 3376 2787 vero
3402 2732 3514 2785 dor-

1918 2827 2117 2885 miente
2155 2837 2209 2882 et
2237 2827 2484 2882 ebrietati
2519 2842 2742 2897 operam
2773 2826 2969 2894 dante,
3002 2826 3195 2881 ducem
3223 2841 3418 2896 magno
3452 2828 3529 2880 la-

1918 2918 2049 2975 bore
2080 2930 2278 2989 tropaza
2309 2920 2551 2975 erexisse
2584 2939 2598 2975 :
2627 2919 2712 2974 cui
2740 2920 3020 2974 victoriam
3050 2918 3382 2989 imputares?
3410 2930 3530 2972 uter

1918 3026 2019 3081 pro
2045 3028 2102 3066 re
2126 3002 2277 3081 gesta
2305 3012 2591 3081 voluptatis
2619 3010 2849 3067 fructum
2874 3009 3173 3082 decerpat?
3203 3009 3387 3065 Viden”
3411 2999 3531 3063 ani-

1918 3120 2065 3158 mum
2093 3105 2237 3158 circa
2272 3104 2356 3157 illa
2390 3104 2558 3174 magis
2587 3103 2839 3158 affectum
2870 3117 3015 3167 esse,
3040 3088 3163 3172 qua:
3192 3116 3316 3156 cum
3346 3101 3532 3155 labore

1918 3196 2165 3265 peperit?
2208 3195 2332 3250 ldco
2370 3195 2459 3249 ille
2491 3195 2671 3249 virtuti
2715 3194 2929 3249 labores
2959 3193 3245 3248 admiscuit
3272 3236 3289 3254 ,
3321 3202 3376 3246 ιιι
3406 3192 3527 3246 aui-

1918 3305 2059 3342 tuam
2092 3289 2271 3343 virtuti
2298 3288 2682 3343 assus-laceret.
2714 3288 2920 3341 Idcirco
2947 3287 3200 3341 virtutem
3230 3286 3526 3345 miramur.

1918 3382 2043 3435 licet
2068 3382 2210 3435 illam
2236 3396 2342 3434 uou
2366 3389 2664 3449 sectentur;
2697 3380 2988 3449 nequitiam
3016 3394 3164 3444 vero,
3189 3379 3289 3431 etsi
3316 3378 3519 3432 suavis-

1916 3473 2146 3539 simam,
2174 3471 2516 3525 damnamus.
2544 3470 2696 3537 Quod
2727 3470 2771 3523 si
2802 3469 3005 3524 dixeris
3034 3486 3047 3521 :
3076 3468 3185 3523 Cur
3214 3481 3321 3523 non
3356 3469 3533 3538 potius

1916 3581 2011 3621 cos
2042 3566 2301 3619 miramur
2328 3565 2415 3635 qui
2450 3575 2642 3618 natura
2675 3564 2799 3619 boui
2829 3573 2973 3634 sunt,
3003 3579 3163 3634 quam
3191 3577 3287 3618 eos
3315 3562 3405 3632 qui
3436 3578 3533 3612 vu-

1920 3657 2163 3711 luutatc?
2190 3657 2315 3727 quia
2355 3657 2561 3726 justum
2601 3666 2684 3709 est
2731 3655 3065 3711 laborantem
3115 3671 3222 3709 non
3266 3656 3532 3709 laboranti

1916 3747 2209 3803 anteferre.
2255 3748 2323 3801 Et
2350 3763 2519 3818 quare
2542 3789 2558 3811 ,
2588 3747 2766 3817 inquis
2789 3787 2805 3813 ,
2840 3762 2985 3801 nunc
3015 3747 3359 3801 laboramus?
3396 3745 3531 3814 Quia

1920 3857 2024 3896 non
2067 3841 2412 3905 laborantes,
2450 3839 2731 3895 moderate
2770 3856 2876 3893 non
2916 3840 3143 3909 egimus.
3190 3837 3303 3891 lmo
3330 3852 3461 3892 vero
3487 3837 3532 3890 si

1916 3933 2038 4003 quis
2078 3948 2189 3987 rem
2218 3932 2524 3987 accuratius
2551 3931 2798 4001 exploret
2824 3973 2838 3995 ,
2872 3931 2982 3985 alio
3006 3930 3169 3985 modo
3198 3945 3297 3985 nos
3325 3929 3532 3985 desidia

1919 4026 2144 4096 perdere
2164 4027 2323 4089 solet,
2347 4025 2686 4095 multumque
2709 4025 2910 4079 laboris
2931 4023 3149 4081 inferre.
3176 4024 3241 4080 Et
3259 4024 3307 4079 si
3329 4024 3526 4095 placet.

1920 4118 2258 4172 includatuus
2286 4117 2559 4173 hominem
2580 4159 2595 4183 ,
2624 4118 2797 4172 solum
2826 4118 3033 4172 alamus
3053 4160 3067 4178 ,
3096 4117 3411 4187 ventrisque
3434 4132 3528 4171 vo-

1919 4210 2123 4280 luptate
2162 4210 2455 4265 obruamus
2479 4251 2494 4276 ,
2524 4225 2623 4265 nec
2651 4209 2929 4264 ambulare
2952 4251 2966 4274 ,
3001 4225 3102 4266 nec
3137 4210 3356 4281 aliquod
3396 4226 3533 4279 opus

1917 4317 2173 4357 exercere
2198 4303 2475 4365 sinamus;
2510 4301 2604 4355 sed
2638 4317 2823 4355 mensa
2856 4300 3095 4365 fruatur,
3127 4302 3266 4355 lecto
3286 4344 3300 4364 ,
3335 4317 3531 4371 perpe-

1920 4394 2129 4464 tuisque
2168 4393 2377 4448 deliciis
2409 4413 2423 4448 :
2454 4394 2581 4463 quid
2625 4392 2725 4447 hac
2765 4392 2870 4447 vita
2918 4392 3281 4448 miserabilius
3326 4392 3533 4447 fuerit?

1920 4489 1989 4540 At
2018 4484 2161 4541 aliud
2190 4494 2273 4541 est
2299 4488 2512 4554 operari
2539 4527 2555 4551 ,
2588 4486 2797 4554 inquies
2820 4526 2833 4549 ,
2868 4484 3015 4539 aliud
3045 4483 3297 4539 laborare
3330 4503 3341 4538 :
3374 4494 3530 4553 pote-

1922 4590 2111 4650 ratque
2147 4581 2300 4633 initio
2331 4578 2495 4633 homo
2516 4580 2729 4646 opt-rari
2760 4580 2877 4632 sine
2905 4577 3109 4633 labore.
3149 4579 3343 4632 Annon
3376 4586 3530 4649 pote-

1919 4674 2037 4725 rat?
2083 4672 2193 4724 lmo
2224 4680 2466 4739 poterat;
2510 4681 2561 4723 et
2610 4672 2679 4723 ita
2719 4670 2861 4723 Deus
2902 4669 3156 4733 volebat,
3188 4668 3283 4723 sed
3326 4678 3383 4723 tu
3424 4684 3530 4723 non

1920 4777 2111 4832 passus
2137 4779 2215 4816 es.
2245 4761 2446 4816 Statuit
2472 4763 2613 4815 enim
2646 4773 2697 4816 te
2725 4772 2775 4815 ut
2806 4762 3113 4831 paradisum
3137 4759 3368 4827 celeres,
3394 4775 3533 4829 Opus

1868 4870 1871 4871 '
1919 4856 2012 4908 tibi
2046 4855 2294 4924 iniunxit,
2319 4854 2412 4908 sed
2442 4854 2681 4907 laborem
2708 4868 2813 4907 non
2842 4853 3148 4908 admiscuit.
3175 4851 3361 4922 Neque
3382 4854 3527 4906 enim
3558 4906 3559 4909 η

1920 4948 1963 5001 si
2004 4947 2153 4999 initio
2188 4945 2483 5000 laborasset
2527 4945 2691 4998 homo
2715 4986 2729 5005 .
2761 4944 2865 5000 hoc
2902 4945 2979 4999 illi
3011 4946 3063 5000 in
3094 4959 3311 5018 pinnam
3340 4956 3530 5014 mtas

1920 5042 2215 5095 statuisset.
2263 5040 2448 5094 P0test
2486 5041 2630 5093 enim
2662 5040 2782 5109 quis
2812 5038 2970 5093 simul
2999 5048 3056 5094 et
3090 5038 3305 5107 operari
3335 5047 3391 5091 ct
3421 5053 3531 5092 non

1922 5135 2188 5196 laborare,
2222 5116 2677 5201 quemadmodum
2710 5130 2906 5201 angeli.
2933 5129 3090 5198 Quod
3116 5130 3262 5185 enim
3292 5144 3531 5201 operen-

1922 5238 2004 5280 Iur
2022 5228 2143 5279 audi
2168 5244 2178 5276 :
2208 5225 2441 5277 Potentes
2464 5225 2663 5289 virtute,
2688 5225 2929 5294 facientes
2956 5222 3160 5275 verbum
3186 5222 3325 5276 illius
3346 5221 3527 5289 (Paul.

1924 5319 2045 5373 ibi.
2074 5319 2143 5372 20
2168 5317 2208 5387 ).
2239 5318 2389 5370 Nunc
2418 5328 2566 5371 certe
2596 5318 2836 5371 minores
2866 5316 3007 5369 vires
3038 5329 3259 5384 gravem
3289 5314 3531 5369 efficiunt

1923 5416 2195 5473 laborem;
2230 5423 2355 5465 tunc
2394 5427 2523 5465 vero
2554 5425 2712 5465 secus
2751 5426 2840 5465 res
2880 5424 2940 5465 se
2980 5408 3233 5463 habebat.
3274 5406 3408 5462 Nam
3440 5408 3528 5477 qui

1922 5507 2195 5573 ingressus
2227 5516 2309 5557 es:
2344 5504 2393 5557 in
2429 5503 2670 5572 requiem
2702 5518 2879 5566 suam,
2915 5500 3193 5569 Requievit,
3227 5498 3433 5568 inquit,
3464 5499 3529 5549 ab

1919 5598 2153 5666 aperibus
2183 5599 2285 5651 suis
2317 5596 2335 5668 (
2366 5596 2521 5648 Hebr.
2554 5597 2607 5649 4.
2637 5595 2670 5648 4
2693 5593 2735 5665 ),
2767 5595 2905 5647 sicut
2931 5603 2986 5649 et
3014 5607 3043 5645 a
3073 5592 3184 5645 suis
3211 5591 3374 5651 Deus.
3409 5588 3527 5641 Non

1919 5690 2179 5743 desidiam
2211 5688 2297 5741 hic
2324 5688 2611 5757 signiticat,
2642 5685 2735 5739 sed
2766 5686 3004 5739 laborem
3036 5698 3143 5738 non
3178 5681 3361 5735 fuisse.
3392 5677 3525 5732 Nam

1922 5782 2061 5835 Deus
2088 5781 2247 5834 etiam
2293 5794 2434 5831 nunc
2462 5788 2715 5848 operatur
2735 5821 2749 5843 ,
2795 5788 2852 5829 ttt
2888 5776 3137 5829 Christus
3163 5772 3293 5826 dicit
3322 5790 3335 5825 :
3362 5769 3529 5824 Pater

1924 5889 2060 5927 uirus
2090 5888 2244 5940 usque
2270 5870 2419 5925 modo
2446 5882 2705 5941 operatur.
2728 5880 2775 5923 et
2800 5888 2896 5942 ego
2918 5885 3096 5937 operor
3118 5866 3298 5930 (Jmm.
3325 5864 3374 5916 5.
3408 5863 3517 5929 l7).

3122 5964 3195 6023 13
