4164 6324
726 408 829 466 i-Io‘t

722 536 1055 596 Quapropter
1084 542 1230 597 rogo,
1262 525 1476 594 depulsa
1505 524 1646 576 omni
1678 521 1904 583 desidia,
1936 523 2181 572 Virtutem
2215 533 2298 572 se-

723 637 949 678 ctemur.
997 622 1253 690 Nequitia:
1295 619 1436 674 enim
1485 619 1730 686 voluptas
1775 615 1951 670 brevis
1993 624 2075 668 est
2101 654 2114 678 ,
2146 612 2302 666 dolor

725 731 850 768 vero
883 721 1165 781 perpetuus
1198 728 1210 761 :
1240 709 1449 763 virtutis
1478 721 1660 763 contra
1689 704 1984 759 inmortale
2013 702 2261 772 gaudium
2285 741 2298 761 ,

724 815 1098 871 temporaneus
1148 800 1313 855 labor.
1367 799 1492 853 llaec
1539 806 1663 852 ante
1705 809 1931 850 coronas
1981 801 2299 847 sectatorem

723 908 874 946 suum
905 891 1092 961 erigit,
1122 905 1322 958 speque
1351 890 1479 954 alit;
1513 889 1596 941 illa
1624 894 1804 940 contra
1832 895 1956 939 aute
1983 883 2299 952 supplicium

722 983 946 1048 cruciat,
976 982 1352 1037 conscientiam
1379 988 1586 1048 torquet
1612 993 1675 1031 ex
1702 984 1972 1046 gestorum
2004 974 2255 1027 memoria
2284 1013 2299 1037 ,

721 1079 1006 1143 omniaque
1033 1082 1273 1141 suspecta
1303 1071 1494 1125 reddit.
1525 1069 1682 1139 Atqui
1713 1069 1825 1123 hare
1852 1078 1980 1137 quot
2008 1065 2298 1125 laboribus,

722 1175 853 1233 quot
897 1164 1174 1219 sudoribus
1210 1162 1473 1216 deteriora
1514 1159 1674 1215 sunt?
1705 1159 1855 1226 Quod
1887 1159 1929 1213 si
1963 1159 2042 1211 his
2068 1156 2302 1225 depulsis

725 1257 965 1322 voluptas
997 1262 1196 1310 tantum
1239 1252 1448 1307 adesset
1474 1293 1487 1315 ,
1518 1250 1643 1320 quid
1673 1251 1760 1305 illa
1789 1250 1980 1303 vilius?
2007 1247 2195 1302 Statim
2225 1255 2302 1298 at-

725 1361 828 1413 que
856 1353 1092 1413 apparet,
1119 1343 1314 1405 avolat,
1348 1342 1654 1406 marcescit,
1693 1341 1820 1410 fugit
1849 1353 2126 1406 antequam
2158 1351 2300 1391 com-

743 1462 848 1474 —~_

1547 406 1821 462 JUANNIS
1860 400 2328 461 (λιξιιγςοςτωιιι
2372 389 2682 454 .ἱῗκ21ἰ1ἰ’·ζί³.
2712 399 3239 454 (ἱΟΝὲιΤΧῩΠΝΗΡ.
3898 399 3988 453 grai

2413 516 2771 587 prehendatur
2801 533 2812 568 :
2841 515 2940 569 etsi
2972 515 3212 583 corporis
3231 553 3246 580 ,
3274 513 3374 569 etsi
3405 525 3633 575 mensm,
3663 513 3760 566 etsi
3790 512 3990 565 divitia-

2411 626 2528 663 rum
2581 607 2905 678 voluptatem
2954 609 3194 671 dixeris,
3246 621 3351 660 non
3400 616 3575 660 cessat
3629 606 3714 658 illa
3764 605 3991 672 quotidie.

2410 713 2709 753 senescere.
2741 697 2873 752 Cum
2917 708 3092 750 autem
3126 697 3207 750 his
3237 698 3397 751 etiam
3429 695 3654 749 addatur
3679 695 3988 763 supplicium

2409 801 2464 844 et
2512 792 2810 853 cruciatus,
2839 787 2965 857 quid
3026 788 3130 842 illis
3189 788 3544 842 miserabilius
3585 785 3674 856 qui
3714 787 3881 855 ipsam
3913 803 3986 840 Sc-

2410 883 2658 937 ctantur?
2689 883 2813 934 Ihcc
2844 895 2962 934 cum
2995 881 3246 945 sciamus,
3278 880 3455 933 omnia
3486 895 3586 948 pro
3613 880 3808 932 virtute
3839 878 3994 930 susti-

2413 988 2662 1033 neamus;
2695 973 2770 1026 sic
2800 973 2940 1025 enim
2981 986 3105 1024 vera
3138 971 3409 1038 voluptate
3440 969 3678 1024 fruemur
3700 1011 3717 1034 ,
3749 969 3917 1038 gratia
3945 980 3992 1022 et

2413 1064 2735 1135 benignitate
2762 1064 2968 1118 Domini
3004 1063 3167 1116 nostri
3198 1062 3323 1116 Jesu
3347 1062 3544 1116 Christi
3568 1104 3580 1126 ,
3609 1063 3821 1131 quicum
3858 1060 3990 1114 Patri

2411 1155 2598 1223 gloria,
2629 1169 2838 1225 unaque
2868 1163 3053 1209 saneto
3074 1153 3321 1221 Spiritui,
3352 1154 3402 1208 in
3432 1155 3625 1209 Stccula
3654 1153 3986 1208 Strculoruut.

2416 1251 2605 1304 Arnen.

2831 1458 3302 1469 -—_————.-——.-—--n
3335 1458 3418 1468 bo.-

2558 1459 2826 1469 -——_—.—_—

1963 1543 2301 1607 HOMlLIA
2344 1540 2680 1602 XXXVII.

725 1694 776 1744 6.
824 1691 956 1746 Dicit
985 1697 1027 1746 ei
1052 1693 1200 1746 Jcsns
1223 1710 1240 1744 :
1275 1693 1356 1746 Vis
1383 1709 1534 1746 sanus
1562 1692 1672 1759 ﬁeri
1693 1691 1717 1743 ?
1739 1691 1788 1743 7.
1815 1688 2093 1757 Respondit
2118 1687 2163 1739 ei
2187 1687 2299 1738 lan-

792 1785 975 1851 guidus
1000 1799 1018 1836 :
1045 1783 1244 1847 Etiam,
1275 1782 1526 1847 Domine;
1557 1781 1646 1836 sed
1685 1781 1935 1834 hominem
1977 1795 2074 1830 non
2107 1776 2293 1842 habeo,

795 1887 844 1926 ut
873 1891 984 1926 cum
1015 1875 1208 1927 turbata
1232 1874 1381 1942 fuerit
1408 1889 1559 1944 aqua,
1593 1872 1754 1925 mittat
1779 1887 1858 1924 me
1883 1871 1935 1923 in
1964 1870 2223 1937 piscinam.

796 2051 844 2102 1.
876 2051 1142 2120 Scriptura
1173 2067 1317 2104 sacra
1352 2051 1574 2104 omnium
1614 2049 1975 2101 medicinarum
2014 2047 2295 2101 thesaurus.

728 2142 1004 2213 I’m'alytici
1033 2143 1099 2194 ad
1128 2143 1369 2211 piscinam
1394 2141 1605 2204 iacentis
1633 2141 1891 2208 patientia,
1920 2139 2179 2200 modestia,
2214 2154 2297 2191 sa-

723 2234 860 2285 natio
890 2233 1150 2286 mirabilis.
1189 2233 1330 2285 Alius
1361 2231 1666 2301 paralyticos
1701 2230 1781 2282 hic
1799 2268 1814 2294 ,
1841 2231 1974 2283 alius
2001 2228 2089 2282 ille
2112 2229 2175 2282 de
2200 2243 2299 2297 quo

722 2324 890 2392 agitur
917 2325 1054 2392 apud
1085 2322 1400 2375 Matt/tarum.
1425 2320 1650 2375 Christus
1678 2329 1916 2388 quantum
1943 2329 2174 2372 accurate
2198 2320 2297 2371 mi-

723 2415 1010 2467 raculorum
1035 2430 1243 2468 suorum
1275 2413 1426 2482 [idem
1457 2415 1755 2467 adstrueret.
1783 2443 1853 2452 —
1883 2413 2123 2482 Magnum
2155 2412 2298 2468 Scri-

728 2515 996 2573 pturarum
1027 2520 1294 2561 sacrarum
1326 2507 1553 2570 lucrum,
1585 2506 1780 2560 utilitas
1810 2506 2087 2566 immensa,
2116 2513 2170 2559 ut
2202 2506 2295 2560 de-

721 2595 887 2648 clarat
913 2595 1106 2649 Paulus
1133 2596 1214 2650 his
1239 2596 1415 2650 verbis
1441 2615 1453 2649 :
1485 2595 1819 2665 Quacumque
1850 2597 2037 2666 scripta
2066 2607 2202 2660 sunt,
2232 2599 2300 2648 ad

724 2695 943 2737 nostram
971 2685 1250 2739 doctrinam
1284 2686 1469 2754 scripta
1499 2696 1614 2738 sunt
1632 2724 1647 2750 ,
1676 2685 1743 2737 ad
1781 2701 1903 2753 quos
1933 2686 2058 2753 ﬁnes
2085 2686 2298 2740 saculo—

724 2791 836 2826 rum
874 2776 1173 2830 devenerunt
1208 2787 1305 2830 :ut
1352 2794 1439 2846 per
1482 2778 1774 2846 patientiam
1818 2789 1862 2832 et
1907 2779 2299 2833 consolationem

726 2865 1107 2935 Scripturarum
1143 2884 1282 2936 spem
1321 2867 1590 2922 habeamus
1620 2868 1791 2938 (Rom.
1829 2870 1911 2925 15.
1943 2871 2020 2941 4).
2051 2869 2298 2925 Omnium

722 2957 862 3010 enim
891 2957 1269 3011 medicinarum
1303 2960 1581 3014 thesaurus
1609 2961 1802 3015 divime
1829 2960 2115 3029 Scriptura:
2142 2972 2292 3027 sunt;

723 3048 791 3100 ita
819 3055 876 3101 ut
899 3046 943 3101 si
970 3048 1322 3118 arrogantiam
1352 3051 1689 3120 exstinguere
1710 3066 1842 3120 opus
1857 3053 1946 3115 sit,
1975 3052 2019 3106 si
2046 3053 2298 3122 concupi-

722 3139 977 3192 scentiam
1007 3140 1195 3196 sedare
1216 3180 1231 3205 ,
1264 3143 1306 3195 si
1336 3143 1676 3210 pecuniarum
1716 3159 1950 3199 amorem
1980 3144 2186 3199 calcare
2206 3186 2219 3209 ,
2252 3146 2296 3200 si

723 3226 962 3282 dolorem
995 3229 1290 3297 deSpiCere,
1321 3231 1365 3284 si
1400 3231 1634 3285 animum
1665 3241 1939 3287 strenuum
1969 3243 2221 3300 statuere,
2251 3237 2295 3289 si

722 3320 1023 3388 patientiam
1063 3319 1277 3376 firmare
1305 3340 1318 3376 :
1351 3323 1472 3376 hinc
1511 3339 1696 3378 ansam
1739 3341 1978 3395 magnam
2009 3328 2129 3396 quis
2162 3341 2294 3382 nan-

719 3411 968 3468 ciscatur.
1000 3411 1127 3477 Quis
1149 3413 1292 3466 enim
1327 3413 1404 3468 vel
1436 3429 1500 3469 ex
1532 3414 1593 3468 iis
1613 3416 1700 3484 qui
1727 3432 1846 3469 cum
1876 3427 2183 3485 paupertate
2205 3418 2292 3472 diu

718 3509 1109 3568 concertarent,
1140 3504 1217 3556 vel
1250 3504 1394 3573 gravi
1425 3505 1611 3558 morbo
1640 3506 1835 3560 detenti
1864 3519 2006 3572 sunt,
2039 3507 2135 3562 hac
2159 3509 2290 3565 lecta

716 3588 949 3644 clausula
975 3606 1078 3646 non
1105 3608 1288 3664 magna
1310 3595 1569 3650 afficiatur
1592 3599 1994 3654 consolatione?
2021 3600 2116 3656 llic
2140 3603 2293 3672 quip-

719 3696 783 3746 pe
813 3682 1021 3750 triginta
1049 3694 1169 3738 octo
1212 3689 1364 3740 annis
1401 3689 1725 3759 paralyticus
1745 3730 1757 3753 ,
1787 3691 2111 3760 singulisque
2139 3695 2292 3746 annis

715 3770 848 3824 alios
889 3770 1072 3826 videns
1113 3774 1466 3829 valetudinem
1509 3778 1762 3846 adeptos,
1797 3794 1854 3833 se
1893 3791 2066 3834 autem
2107 3782 2292 3835 niorbo

716 3860 989 3916 detentum
1014 3904 1029 3929 ,
1060 3879 1162 3917 non
1191 3867 1456 3930 concidit,
1490 3883 1658 3939 neque
1699 3871 1930 3925 animum
1959 3872 2240 3941 despondit
2276 3893 2288 3927 :

715 3951 812 4004 etsi
854 3955 1238 4021 praeteritorum
1281 3971 1508 4024 mceror,
1541 3971 1595 4014 et
1626 3960 1922 4016 futurorum
1966 3965 2288 4032 exspectatio

713 4045 855 4098 muni
879 4044 1121 4113 adempta
1147 4062 1260 4116 spe,
1293 4060 1509 4117 possent
1536 4051 1679 4104 illum
1710 4061 1977 4121 torquere.
2006 4054 2141 4108 Audi
2161 4070 2288 4123 ergo

713 4139 837 4204 quid
869 4140 1030 4207 dicat,
1059 4152 1110 4195 et
1138 4158 1250 4196 rem
1280 4143 1528 4210 tragicam
1565 4146 1759 4198 ediscc.
1793 4147 1924 4198 Cum
1953 4149 2091 4200 enim
2119 4147 2285 4201 dixis-

713 4238 794 4279 sct
825 4228 1067 4283 Christus
1099 4247 1112 4281 :
1148 4230 1232 4285 Vis
1260 4249 1412 4285 sanus
1439 4234 1587 4299 ﬁeri?
1613 4234 1880 4302 respondit
1912 4253 1923 4288 :
1959 4236 2145 4304 Etiam,
2177 4235 2286 4290 Do-

710 4316 878 4380 mine;
918 4318 1006 4371 sed
1035 4319 1285 4372 hominem
1329 4338 1424 4375 non
1457 4322 1612 4376 habeo
1632 4365 1645 4388 ,
1674 4334 1726 4375 ut
1753 4340 1866 4377 cum
1905 4326 2102 4378 turbata
2137 4329 2284 4394 fuerit

709 4423 858 4476 aqua.
889 4409 1049 4461 mittat
1078 4425 1155 4461 me
1180 4412 1229 4461 in
1258 4411 1521 4478 piscinam.
1545 4413 1678 4476 Quid
1705 4412 1784 4466 his
1806 4414 1982 4467 verbis
2005 4416 2285 4469 miserius?

707 4499 832 4564 quid
874 4499 1002 4562 ipsis
1039 4500 1195 4553 rebus
1224 4501 1622 4558 ealainitosius?
1655 4503 1838 4557 Viden’
1862 4504 2096 4559 animum
2127 4506 2283 4575 longo

709 4599 947 4656 tempore
989 4591 1327 4645 Confectum?
1359 4592 1530 4646 riden’
1557 4608 1915 4661 compressam
1957 4607 2009 4649 et
2044 4597 2278 4652 sedatam

705 4679 1066 4733 iracundiam?
1107 4680 1285 4750 Neque
1322 4684 1459 4735 enim
1503 4683 1868 4752 hlasphemnnt
1899 4687 2166 4756 quidpiam
2198 4689 2277 4742 lo-

701 4782 899 4839 quutus
927 4780 1026 4834 est,
1059 4772 1231 4840 qualia
1266 4772 1314 4826 in
1342 4775 1591 4826 terumnis
1613 4789 1640 4826 a
1672 4775 1852 4828 nmltis
1875 4776 1975 4830 dici
2000 4778 2274 4843 audimus;

704 4880 811 4917 non
842 4863 1110 4917 maledixit
1136 4864 1237 4918 diei
1268 4880 1375 4917 sua:
1402 4884 1414 4929 ;
1447 4882 1548 4918 non
1582 4866 1795 4936 indigne
1827 4869 1943 4921 tulit
1983 4871 2276 4940 interroga-

700 4954 935 5020 tionem,
976 4971 1146 5026 neque
1175 4957 1307 5011 dixit
1333 4975 1345 5006 :
1377 4958 1444 5013 Ut
1482 4974 1579 5013 nos
1607 4960 1909 5014 traduceres
1944 4971 1997 5014 et
2027 4963 2277 5018 irrideres

701 5046 923 5109 venisti,
957 5046 1079 5100 dum
1114 5047 1442 5118 interrogas,
1477 5067 1599 5103 num
1626 5051 1779 5104 velim
1807 5067 1966 5106 sanus
1999 5052 2106 5106 fieri
2133 5067 2147 5117 ;
2181 5053 2272 5106 sed

698 5148 973 5192 mansuete
995 5151 1043 5192 et
1068 5141 1304 5195 modeste
1328 5141 1609 5197 admodum
1636 5145 1925 5212 respondit,
1953 5144 2140 5207 Etiam,
2173 5145 2274 5199 Do-

695 5245 846 5281 mine.
892 5230 1106 5284 litianisi
1153 5248 1256 5285 non
1296 5242 1477 5287 nosset
1516 5235 1634 5303 quis
1677 5236 1762 5289 ille
1801 5248 1939 5290 esset
1977 5238 2063 5305 qui
2101 5237 2270 5306 ipsum

697 5321 1071 5390 interrogabat,
1104 5324 1476 5395 ignoraretque
1503 5340 1561 5380 se
1586 5327 1652 5380 ab
1683 5328 1769 5381 illo
1801 5330 2092 5382 sanandum
2125 5328 2266 5396 fore;

694 5421 927 5464 attamen
957 5410 1143 5466 leniter
1164 5416 1339 5468 omnia
1368 5425 1564 5479 narrat,
1597 5433 1693 5472 nec
1719 5419 1984 5487 quidpiam
2019 5421 2266 5488 postulat,

693 5509 748 5553 ut
774 5500 806 5553 ii
838 5501 924 5570 qui
959 5502 1220 5558 medicum
1251 5506 1606 5574 alloquuntur,
1640 5510 1731 5562 sed
1760 5509 1928 5564 morbi
1958 5512 2037 5564 sui
2069 5521 2267 5566 tantum

697 5591 953 5644 rationem
994 5594 1240 5660 explicat.
1293 5595 1644 5664 Exspectabat
1690 5599 1911 5655 fortasse
1957 5601 2006 5654 id
2049 5602 2264 5657 subsidii

693 5683 971 5736 allaturum
1004 5685 1098 5752 ipsi
1130 5685 1394 5741 Christum
1419 5705 1552 5752 esse,
1581 5704 1634 5744 ut
1667 5692 1714 5744 in
1747 5708 1934 5762 aquam
1959 5694 2260 5762 conjicerct,

693 5783 741 5826 ct
775 5773 918 5829 hisce
955 5776 1126 5830 verbis
1158 5779 1363 5832 volebat
1407 5781 1569 5850 ipsum
1613 5783 1676 5837 ad
1717 5800 1831 5838 eam
1875 5803 1983 5840 rem
2031 5787 2255 5840 aliicvrr.

2408 1683 2542 1750 Quid
2591 1698 2718 1751 ergo
2763 1682 3050 1737 Christus?
3091 1682 3144 1756 [‘
3181 1682 3481 1739 Ostendens
3519 1697 3576 1738 se
3616 1683 3777 1737 verbo
3817 1683 3991 1768 onutia

2410 1772 2610 1846 posse,]
2642 1775 2692 1829 8.
2727 1774 2908 1846 Surge,
2943 1776 3128 1845 inquit,
3160 1778 3280 1830 tolle
3305 1777 3600 1846 grabbatum
3629 1786 3792 1843 tuum,
3819 1786 3865 1830 et
3889 1793 3992 1829 am-

2407 1865 2547 1918 bula.
2581 1865 2805 1930 Quidam
2853 1876 3038 1935 putant
3085 1867 3226 1920 hunc
3262 1867 3508 1922 eumdem
3551 1868 3720 1934 ipsum
3761 1882 3880 1924 esse
3910 1870 3998 1937 qui

2409 1956 2544 2026 apud
2574 1957 2877 2011 Matthzeum
2905 1958 3070 2026 jacet.
3105 1960 3171 2012 At
3197 1975 3302 2013 non
3333 1968 3449 2025 est,
3484 1968 3540 2012 ut
3568 1959 3806 2028 pluribus
3837 1975 3993 2029 argu-

2408 2050 2602 2102 mentis
2630 2048 3046 2103 demonstratur.
3079 2049 3258 2104 Primo
3292 2050 3430 2120 quod
3473 2050 3560 2105 hic
3601 2051 3871 2105 neminem
3901 2053 3996 2104 ha-

2408 2138 2560 2192 beret
2586 2153 2646 2192 se
2674 2149 2948 2193 curantem
2977 2182 2989 2201 .
3031 2140 3120 2193 ille
3156 2155 3282 2194 vero
3323 2142 3518 2196 multos
3546 2143 3633 2211 qui
3663 2157 3722 2196 se
3747 2153 3998 2196 curarent

2405 2238 2563 2296 atque
2599 2239 2871 2297 gestarent
2901 2247 2913 2281 :
2949 2230 3173 2299 ideoque
3207 2231 3291 2284 hic
3320 2231 3529 2286 dicebat
3550 2273 3564 2296 ,
3598 2231 3866 2285 Hominem
3899 2248 3999 2285 non

2404 2319 2582 2373 habeo.
2617 2320 2817 2375 Deinde
2843 2335 2908 2374 ex
2946 2322 3296 2389 reSponsione
3323 2323 3504 2392 liquet.
3534 2322 3628 2377 Ille
3660 2338 3893 2392 namque
3922 2324 4001 2376 ni.

2406 2410 2478 2465 hil
2529 2412 2791 2481 loquitur,
2823 2411 2918 2466 hic
2965 2413 3141 2467 omnia
3187 2413 3252 2466 ad
3296 2427 3356 2467 se
3394 2414 3686 2484 spectantia
3727 2423 3997 2468 recenset.

2405 2501 2586 2557 Tertio
2610 2519 2673 2557 ex
2708 2513 2966 2572 tempore.
3001 2501 3098 2558 Hic
3126 2505 3268 2558 enim
3313 2504 3362 2558 in
3405 2504 3540 2560 festo
3570 2515 3622 2560 et
3651 2506 3874 2564 sabbato
3912 2520 4003 2558 sa-

2407 2603 2561 2647 natus
2585 2603 2687 2658 est,
2714 2593 2803 2650 ille
2834 2595 2885 2648 in
2913 2594 3000 2649 die
3028 2595 3151 2649 alia.
3184 2594 3354 2650 Locus
3380 2610 3589 2666 quoque
3619 2594 3867 2651 diversas
3895 2607 4000 2650 est.

2406 2684 2537 2738 Nam
2565 2685 2656 2739 ille
2684 2685 2849 2749 domi,
2885 2686 2971 2740 hic
2998 2686 3064 2740 ad
3098 2685 3354 2756 piscinam
3383 2696 3620 2741 curatur.
3648 2687 3835 2741 Modus
3866 2705 4009 2757 quo-

2404 2791 2507 2846 que
2536 2777 2827 2830 curationis
2857 2776 3099 2832 diversus
3127 2789 3227 2833 est.
3268 2777 3378 2833 Illic
3407 2780 3547 2833 enim
3577 2778 3726 2843 dicit,
3760 2779 3894 2847 Fili,
3927 2799 4007 2835 re-

2403 2867 2668 2920 mittuntur
2697 2867 2786 2920 tibi
2825 2877 3030 2936 peccata
3059 2867 3273 2941 (Matth.
3304 2869 3354 2924 9.
3385 2869 3440 2940 ἓ)
3465 2886 3480 2934 ;
3512 2869 3600 2924 hic
3637 2886 3765 2925 vero
3798 2887 4013 2941 corpus

2403 2958 2575 3026 primo
2604 2969 2777 3025 sanat,
2807 2969 3096 3030 posteaque
3121 2960 3552 3016 animamtcurat.
3577 2960 3686 3016 lllic
3712 2965 4010 3028 remissio;

2403 3064 2523 3102 nam
2567 3049 2675 3115 ait,
2724 3048 3070 3103 Remittuntur
3117 3051 3205 3104 tibi
3249 3063 3494 3120 peccata;
3534 3053 3619 3106 hic
3656 3055 3930 3110 monitum
3961 3067 4014 3110 ct

2402 3141 2764 3205 comminatio,
2791 3152 2848 3195 ut
2877 3143 2976 3197 sibi
3006 3143 3054 3196 in
3085 3155 3358 3213 posterum
3385 3156 3591 3201 caveat.
3624 3146 3752 3200 Noli
3773 3149 4015 3217 amplius

2403 3247 2641 3298 peccare,
2675 3231 2879 3303 inquit,
2910 3249 2972 3286 ne
3001 3234 3087 3285 tibi
3113 3232 3308 3302 aliquid
3338 3235 3556 3289 deterius
3585 3239 3875 3308 contingat.
3911 3239 4017 3294 Ju-

2401 3319 2636 3373 d.corunt
2673 3338 2885 3391 qudque
2924 3325 3291 3380 accusationes
3319 3325 3549 3382 diversa:
3577 3338 3723 3385 sunt.
3757 3330 3861 3384 llic
3894 3348 4016 3384 rem

2402 3409 2452 3462 in
2479 3411 2702 3465 sabbato
2733 3413 2920 3468 tactam
2950 3423 3211 3481 arguunt,
3243 3414 3349 3470 illic
3375 3431 3497 3471 eum
3527 3417 3888 3487 blasphemia:
3918 3434 4021 3476 ac-

2399 3512 2605 3556 cusant.
2631 3501 2708 3556 Tu
2734 3517 2861 3557 vero
2885 3503 3014 3557 mihi
3035 3505 3344 3562 consideres
3366 3507 3634 3575 ingentem
3659 3509 3754 3563 Dei
3783 3513 4024 3580 sapien-

2401 3593 2547 3647 tiam.
2571 3593 2686 3648 Non
2719 3595 2860 3648 enim
2891 3597 3070 3651 statim
3103 3598 3273 3666 ipsum
3299 3598 3609 3665 suscitavit;
3636 3601 3730 3655 sed
3763 3603 4024 3672 primum

2398 3684 2721 3740 sciscitando
2741 3685 2840 3738 sibi
2866 3684 3177 3742 familiarem
3201 3687 3391 3753 reddit,
3417 3697 3472 3743 ut
3495 3689 3614 3743 fidei
3641 3693 3783 3746 viam
3807 3704 4022 3762 paret:

2401 3787 2573 3841 neque
2601 3773 2760 3828 modo
2789 3775 3011 3829 suscitat
3035 3787 3087 3830 et
3115 3764 3302 3841 sanat;
3337 3779 3428 3832 sed
3458 3780 3617 3833 etiam
3645 3781 3799 3849 jubet
3827 3783 4023 3838 lectu-

2399 3862 2504 3915 lum
2549 3863 2765 3929 tollere,
2801 3878 2859 3919 ut
2892 3866 3153 3922 miraculo
3183 3865 3340 3923 fidem
3377 3870 3633 3935 adderet,
3669 3888 3770 3928 nec
3815 3887 4028 3944 posset

2395 3953 2657 4021 quispiam
2696 3954 2810 4010 hzec
2853 3957 3086 4026 speciem
3114 3969 3168 4013 et
3194 3957 3458 4014 fallaciam
3499 3971 3703 4017 tantum
3742 3980 3882 4021 esse
3916 3985 4024 4022 su-

2396 4044 2611 4111 spicari.
2641 4043 2754 4100 Nisi
2798 4048 2941 4100 enim
2984 4048 3222 4103 membra
3259 4051 3410 4105 firma
3454 4051 3780 4122 robustaque
3812 4071 4028 4114 essent

2395 4131 2531 4188 facta
2557 4177 2572 4201 ,
2608 4151 2712 4191 non
2742 4147 2950 4206 poterat
2981 4138 3178 4195 lectum
3206 4141 3413 4196 tollere.
3447 4142 3558 4198 Hoc
3586 4160 3714 4200 vero
3742 4146 4028 4204 Clu-inus

2392 4241 2533 4294 saepe
2556 4228 2698 4294 facit,
2729 4238 2786 4283 ut
2810 4230 2978 4300 magis
3005 4230 3390 4301 impudentimn
3418 4236 3886 4294 calumniatorum
3919 4258 4029 4297 ora

2391 4318 2651 4374 obstruat.
2681 4319 2812 4373 Nam
2846 4319 2897 4373 in
2931 4335 3126 4389 panum
3157 4323 3428 4378 miraculis
3448 4367 3463 4392 ,
3493 4341 3562 4381 ne
3586 4341 3704 4396 quis
3741 4328 3985 4386 diceret
4011 4375 4027 4396 ,

2394 4408 2602 4462 turbam
2649 4419 2847 4464 tantam
2893 4413 3137 4466 satiatam
3178 4412 3344 4470 fuisse
3369 4457 3383 4478 ,
3417 4432 3638 4486 remque
3672 4419 3834 4476 illam
3888 4441 4032 4482 esse

2391 4497 2745 4566 phantasiam,
2778 4503 2980 4556 curavit
3009 4503 3098 4559 ille
3127 4512 3183 4558 ut
3215 4506 3395 4560 multae
3433 4506 3880 4577 fragmentorum
3917 4533 4024 4571 re-

2390 4589 2564 4657 liquia:
2602 4603 2946 4659 superessent
2981 4612 2994 4647 :
3025 4594 3242 4664 leproso
3280 4606 3456 4652 autem
3502 4601 3762 4656 mundato
3806 4605 3972 4663 dicit
4013 4630 4028 4664 :

2397 4679 2553 4747 Vade,
2580 4684 2785 4737 ostende
2812 4695 2861 4739 te
2885 4687 3135 4740 sacerdoti
3163 4687 3375 4758 (Matth.
3400 4691 3451 4744 8.
3485 4692 3579 4759 4);
3616 4707 3673 4748 ut
3703 4695 3891 4753 sin'tul
3922 4718 4031 4756 cu-

2387 4774 2608 4827 rationis
2652 4774 2854 4827 lirmam
2902 4777 3059 4831 fidem
3104 4776 3341 4846 faceret,
3381 4790 3435 4835 et
3475 4798 3660 4838 eorum
3701 4789 3802 4854 qui
3848 4788 4033 4848 dice-

2386 4861 2543 4927 bant,
2580 4863 2748 4931 ipsum
2791 4867 2880 4919 Dei
2926 4869 3207 4936 praeceptis
3245 4870 3557 4938 adversari,
3592 4875 4030 4944 impudentiam

2383 4957 2774 5024 comprimeret.
2812 4958 3040 5028 ldipsum
3085 4961 3206 5015 fecit
3235 4964 3448 5032 quando
3479 4966 3659 5021 vinum
3693 4969 3748 5022 in
3787 4987 4033 5044 aquam

2381 5049 2659 5102 convertit.
2693 5049 2806 5104 Non
2839 5052 2998 5107 modo
3029 5052 3169 5107 enim
3198 5055 3374 5109 vinum
3404 5058 3653 5122 ostendit,
3683 5061 3789 5115 sed
3825 5069 4037 5123 archi-

2383 5139 2588 5192 triclino
2615 5140 2750 5194 mitti
2773 5144 2998 5209 curarit,
3023 5155 3080 5198 ut
3101 5145 3145 5198 is
3164 5145 3253 5214 qui
3278 5145 3406 5199 nihil
3433 5157 3707 5216 gestorum
3732 5168 3803 5208 se
3835 5173 4038 5216 noss"

2378 5229 2754 5296 confiteretur,
2810 5234 3027 5288 minime
3075 5246 3380 5305 suspectum
3426 5239 3675 5296 redderet
3723 5250 4033 5306 testimo-

2380 5319 2544 5373 nium.
2581 5320 2702 5376 Ideo
2735 5323 2873 5377 dixit
2911 5327 3237 5396 evangelista
3274 5345 3286 5380 :
3320 5328 3600 5386 Nescrehat
3645 5337 4037 5402 architricli-

2377 5427 2476 5465 nus
2519 5415 2656 5469 unde
2686 5427 2865 5483 esset,
2900 5419 3086 5488 sicque
3115 5422 3335 5476 omnino
3364 5433 3565 5478 certum
3600 5429 4033 5493 uadimonium

2376 5502 2685 5558 declaravit.
2715 5505 2782 5560 Et
2814 5518 3092 5578 postquam
3122 5522 3392 5567 mortuum
3431 5516 3828 5588 suscitarent,
3873 5528 4032 5587 alibi

2374 5595 2501 5648 dicit
2533 5613 2545 5647 :
2575 5597 2701 5651 Date
2742 5598 2811 5652 illi
2846 5601 3166 5656 manducare
3193 5601 3344 5671 (Luc.
3378 5605 3429 5657 8.
3460 5605 3571 5675 55),
3604 5618 3658 5660 ut
3690 5610 4032 5675 indubita-

2377 5695 2482 5740 tum
2533 5691 2936 5746 resurrectionis
2987 5704 3352 5762 argumentum
3411 5696 3708 5753 exhiberet.
3774 5705 4032 5775 Quibus

2441 5803 2453 5832 ¹
2495 5800 2543 5850 in
2572 5801 2707 5851 ~‘-a\'il.
2733 5803 2908 5852 desunt
2935 5820 3040 5866 qna-
3067 5806 3253 5854 uncinis
3277 5806 3576 5857 claudantur.
