4164 6324
233 300 333 355 Ξοθ

230 408 480 466 omnibus
511 405 597 461 vel
634 402 1091 475 insipientioribus
1120 399 1339 463 suadet,
1370 413 1429 453 se
1457 414 1561 451 non
1594 395 1834 451 fallacem

235 504 317 559 vel
343 499 793 572 pmﬁgiatorem
819 510 960 560 esse,
986 492 1079 549 sed
1098 492 1168 547 ad
1190 506 1534 546 communem
1562 487 1836 542 hominum

230 598 465 651 salutem
493 594 737 648 venisse.

302 690 359 742 2.
386 684 624 743 Christus
661 700 762 738 non
799 682 953 749 ﬁdem
990 679 1269 751 requirebat
1294 676 1358 729 ab
1388 675 1450 729 iis
1474 676 1566 745 qui
1590 671 1840 727 miracula

225 782 345 849 eius
372 794 477 833 ttott
504 776 755 831 viderant.
783 771 1065 842 Paralytici
1095 769 1223 837 ﬁdes
1247 778 1292 821 et
1319 768 1465 838 [ortis
1490 767 1709 819 animus.
1739 760 1839 814 Ju-

224 872 461 925 ὀαηινι
476 868 793 940 improbitas.
814 864 921 919 Cur
941 864 1192 930 Christus,
1211 870 1390 915 sanato
1412 857 1713 928 paralytico,
1734 864 1841 908 sta-

227 967 323 1018 tius
362 963 643 1019 recesserit.
672 989 745 1001 ——-
767 958 873 1015 Sed
898 973 997 1013 cur
1025 956 1093 1010 ab
1120 970 1187 1009 eo
1229 954 1387 1007 ﬁdem
1433 966 1539 1005 non
1572 947 1836 1018 requirit,

225 1072 288 1111 ut
326 1071 358 1110 a
394 1055 556 1112 caecis
580 1055 597 1085 ⁸
638 1051 831 1123 quibus
867 1048 1007 1105 dixit
1036 1066 1050 1102 :
1079 1044 1299 1104 Creditis
1339 1046 1478 1115 quod
1515 1042 1612 1095 hoc
1650 1039 1837 1111 possim

229 1152 403 1215 facere
434 1144 649 1217 (Matth.
678 1143 732 1198 9.
761 1142 897 1213 28)?
922 1141 1056 1207 Quia
1088 1139 1177 1194 ille
1207 1136 1446 1193 nondum
1483 1134 1688 1189 sciebat
1716 1132 1838 1203 quis

228 1242 346 1311 ipse
370 1248 541 1297 esset.
569 1237 754 1308 Neque
782 1236 924 1291 enim
951 1244 1079 1289 ante
1100 1273 1116 1297 ,
1149 1232 1243 1287 sed
1289 1239 1408 1301 post
1447 1227 1701 1283 miracula
1735 1224 1838 1278 hoc

227 1336 411 1387 facere
453 1332 613 1386 solet.
656 1328 787 1384 Nam
828 1328 860 1382 ii
891 1326 982 1396 qui
1024 1326 1076 1380 in
1116 1322 1330 1380 caneris
1370 1329 1688 1390 potestatem
1718 1320 1837 1386 ejus

227 1424 502 1485 viderant,
530 1422 653 1491 jure
682 1422 782 1474 hoc
808 1417 1131 1483 audiebant;
1160 1416 1247 1485 qui
1281 1428 1410 1468 vero
1439 1410 1674 1465 nondum
1701 1408 1838 1463 didi-

225 1525 417 1571 cerant
444 1516 564 1586 quis
590 1522 769 1578 esset,
802 1511 897 1568 sed
937 1528 1004 1569 ex
1042 1507 1207 1581 signis
1236 1505 1465 1563 docendi
1496 1513 1685 1569 erant,
1718 1512 1838 1572 post

228 1610 315 1661 illa
347 1607 494 1662 edita
522 1606 588 1661 ad
625 1606 783 1659 Iidem
819 1614 1095 1658 vocantur.
1128 1600 1252 1656 Ideo
1282 1598 1566 1654 Mattheus
1598 1612 1702 1650 non
1736 1595 1838 1648 ini-

227 1712 303 1755 lto
344 1700 627 1770 signorum
676 1699 880 1754 inducit
922 1696 1193 1751 Christum
1243 1695 1343 1748 hoc
1384 1692 1694 1753 dicentem;
1740 1686 1835 1742 sed

228 1803 517 1864 [mstquam
565 1792 762 1846 multos
806 1797 1125 1853 curaverat,
1166 1786 1217 1841 id
1263 1784 1395 1841 solis
1432 1782 1643 1839 duobus
1676 1780 1837 1836 cacis

226 1888 378 1940 dicit.
409 1885 490 1941 'l‘u
522 1901 651 1940 vero
680 1884 765 1939 hic
793 1882 1070 1954 paralytici
1100 1880 1257 1935 fidem
1286 1877 1673 1933 animadverte.
1702 1875 1834 1930 Cum

228 1978 463 2042 audiret,
496 1976 640 2032 Tolle
659 1979 679 2008 '
707 1975 1002 2046 grabbattnn
1030 1984 1194 2037 tuum,
1224 1980 1271 2025 et
1297 1969 1501 2023 ambula
1524 1983 1544 2033 ;
1575 1983 1680 2020 non
1711 1966 1835 2020 irri-

227 2086 253 2122 s
278 2080 317 2132 t,
342 2081 450 2124 nec
477 2067 633 2133 dixit,
658 2066 794 2135 Quid
828 2066 928 2121 hoc
954 2076 1031 2121 est
1053 2064 1077 2116 1
1101 2063 1324 2134 angelus
1348 2060 1625 2116 descendit
1647 2068 1702 2113 et
1725 2069 1836 2112 tur-

228 2164 318 2216 bat
345 2176 544 2232 aquam
564 2201 580 2226 ,
611 2175 883 2229 unumque
913 2169 1119 2215 tantum
1156 2166 1311 2211 sanat
1348 2173 1361 2209 :
1394 2165 1447 2209 tu
1481 2168 1606 2208 vero
1626 2195 1641 2217 ,
1673 2152 1837 2205 homo

227 2268 347 2305 eum
382 2252 497 2315 sis,
531 2267 639 2306 uno
672 2260 940 2320 pra-cepto
968 2251 1086 2321 plus
1114 2264 1271 2317 quam
1314 2246 1561 2316 angelum
1595 2256 1645 2298 te
1678 2259 1837 2313 posse

224 2344 453 2411 speras?
476 2343 577 2398 hoc
602 2344 878 2413 superbia,
902 2342 1003 2397 hoc
1029 2340 1197 2396 fastus
1217 2349 1320 2406 εει,
1347 2340 1566 2408 risuque
1589 2338 1831 2406 dignum.

231 2437 427 2491 \‘erum
461 2436 592 2490 nihil
631 2435 822 2489 horum
859 2435 993 2490 dixit
1032 2434 1112 2488 vel
1149 2432 1440 2503 cogitavit;
1476 2430 1568 2485 sed
1602 2430 1687 2482 ubi
1724 2428 1834 2497 pri-

226 2542 371 2581 tuum
392 2527 622 2593 audivit,
646 2528 902 2592 surrexit,
925 2537 979 2582 et
1006 2542 1167 2581 sanus
1196 2524 1384 2591 factus,
1412 2523 1636 2592 impigre
1664 2520 1838 2590 paruit

219 2620 432 2689 jubenti
460 2638 473 2673 :
506 2619 693 2690 Surge,
725 2618 845 2673 tolle
869 2619 1168 2690 grubbatum
1193 2628 1355 2681 tuum,
1379 2626 1427 2671 et
1449 2614 1676 2668 ambula.
1703 2612 1835 2667 Illttd

221 2721 369 2768 certe
396 2712 704 2767 mirandum
732 2723 814 2767 est
839 2728 852 2776 ;
882 2712 977 2766 sed
1008 2726 1128 2781 quas
1156 2720 1454 2780 sequuntur
1487 2709 1642 2778 longe
1671 2706 1834 2761 mira-

225 2804 452 2868 biliora;
481 2803 591 2857 imo
615 2818 746 2857 vero
770 2803 909 2873 quod
936 2801 1089 2859 initio
1116 2805 1330 2856 nemine
1353 2801 1698 2867 obstrepente
1719 2812 1833 2852 cre-

222 2896 445 2959 diderit,
468 2911 576 2950 non
604 2896 675 2950 ita
700 2894 945 2952 mitab'tle
966 2905 1069 2960 est,
1094 2906 1152 2949 ut
1173 2911 1293 2950 eum
1322 2903 1504 2963 postea
1534 2893 1835 2947 furentibus

222 2989 452 3056 ludatis,
484 2988 721 3058 undique
759 2989 1096 3049 instantibus.
1136 2987 1537 3049 accusantibus,
1571 2985 1830 3039 obsiden-

225 3083 367 3137 tibus
396 3096 467 3137 ac
490 3080 794 3136 dicentibus
816 3123 829 3145 ,
865 3078 988 3134 Non
1031 3080 1147 3133 licet
1186 3079 1274 3132 tibi
1314 3078 1494 3133 tollere
1534 3077 1833 3149 grabbatum

224 3186 389 3240 tum,
420 3189 531 3230 non
564 3173 729 3227 modo
754 3173 965 3228 illorum
996 3171 1257 3226 insaniant
1287 3170 1551 3239 despexit,
1585 3167 1678 3223 sed
1710 3183 1831 3221 cunt

225 3283 415 3338 magna
442 3267 635 3321 fiducia
662 3269 715 3320 in
739 3264 915 3320 medio
938 3264 1150 3319 theatro
1176 3262 1473 3317 bene-ticum
1500 3259 1830 3330 prtcdicavit,

226 3363 552 3431 illorumque
598 3358 985 3431 impudentiam
1035 3357 1330 3426 repressit;
1383 3354 1433 3408 id
1482 3363 1629 3408 certe
1680 3351 1833 3406 fortis

226 3453 386 3508 animi
422 3468 548 3509 esse
585 3452 727 3507 dico.
772 3450 1095 3506 lnstantihus
1139 3450 1281 3503 enim
1325 3446 1561 3509 .Indmis.
1606 3462 1669 3501 ac
1706 3460 1830 3499 cum

224 3546 469 3600 convicio
495 3553 554 3599 et
579 3544 881 3613 arrOgantia
912 3542 1214 3597 dicentibus
1242 3557 1253 3593 :
1288 3541 1571 3595 Sabbatum
1600 3548 1702 3600 est;
1730 3554 1831 3591 non

228 3639 335 3689 licet
356 3636 450 3689 tibi
473 3635 651 3689 tollere
669 3635 966 3704 grabbatum
990 3644 1129 3687 tuum
1150 3649 1169 3697 ;
1189 3631 1312 3686 audi
1331 3631 1455 3701 quid
1476 3629 1827 3699 respondeat:

231 3732 310 3785 il.
339 3730 445 3799 Qui
469 3746 549 3783 nte
568 3745 747 3782 sanum
771 3730 907 3798 fecit,
934 3727 1023 3781 ille
1046 3724 1172 3779 mihi
1192 3727 1339 3789 dixit,
1366 3724 1514 3779 Tolle
1532 3724 1831 3796 grabbatum

229 3833 382 3882 tuum,
413 3832 465 3877 et
494 3820 737 3883 ambula;
767 3829 974 3874 tantum
1002 3833 1108 3873 non
1141 3818 1347 3881 d'cens,
1382 3817 1543 3871 Deliri
1574 3824 1628 3870 et
1657 3815 1829 3869 insani

228 3916 371 3974 estis.
403 3912 533 3965 dntn
558 3911 760 3979 jubctis
790 3927 876 3966 tne
911 3911 1058 3965 illum
1090 3912 1178 3979 qui
1211 3927 1298 3965 tne
1325 3926 1353 3963 a
1386 3918 1491 3964 tam
1524 3910 1691 3980 gravi,
1721 3918 1827 3963 tam

228 4004 479 4055 diuturno
518 4000 707 4054 morbo
748 4000 1030 4063 liberavit,
1065 4016 1169 4053 non
1203 4012 1454 4068 reputare
1482 4000 1827 4071 magistrum,

230 4110 319 4149 nec
340 4096 494 4165 jussa
528 4094 645 4161 cjus
668 4093 846 4147 omnia
873 4094 1118 4161 exsequi.
1146 4094 1305 4163 Atqui
1336 4094 1378 4145 si
1411 4092 1641 4163 maligne
1670 4107 1829 4161 agere

228 4186 499 4248 voluisset,
537 4193 743 4252 poterat
780 4183 887 4239 alio
915 4184 1076 4239 modo
1101 4184 1285 4238 dicere
1317 4201 1330 4237 :
1358 4184 1474 4238 Non
1508 4184 1697 4239 lubens
1727 4182 1829 4238 hoc

228 4278 391 4344 facio,
424 4277 522 4330 sed
553 4275 660 4330 alio
695 4276 923 4346 jubente
963 4292 979 4330 :
1016 4276 1060 4330 si
1098 4285 1375 4347 peccatum
1406 4286 1519 4342 est,
1546 4276 1826 4344 jubentetn

226 4378 493 4431 accusate,
522 4375 580 4421 et
606 4366 801 4421 lectum
833 4366 1099 4435 deponam
1128 4383 1142 4432 ;
1171 4366 1257 4421 vel
1286 4366 1425 4423 forte
1461 4367 1705 4422 sanitatis
1732 4368 1826 4422 be-

226 4458 475 4513 nelicium
502 4456 850 4513 occultasset.
873 4457 1005 4512 Nam
1035 4458 1203 4528 probe
1232 4458 1436 4513 sciebat
1460 4460 1605 4529 ipsos
1628 4474 1732 4513 non
1759 4460 1826 4513 ita

224 4551 286 4606 de
314 4551 519 4605 violato
546 4550 771 4604 sabbato
811 4550 1043 4605 morderi
1071 4592 1085 4616 ,
1116 4557 1173 4605 ut
1200 4549 1269 4605 de
1298 4566 1444 4620 τρεΓο
1481 4560 1690 4606 curato.
1721 4549 1826 4605 Sed

228 4660 396 4712 neque
441 4643 547 4696 hoc
591 4641 917 4707 occultavit,
951 4657 1049 4695 nec
1088 4642 1217 4695 illud
1262 4641 1430 4702 dixit.
1472 4657 1570 4696 nec
1617 4643 1826 4698 veniam

228 4737 408 4804 petiit;
434 4733 531 4789 sed
560 4732 839 4801 Splendida
868 4748 995 4787 voce
1024 4732 1340 4787 beneficium
1368 4733 1651 4789 confessus
1672 4742 1756 4787 est
1776 4742 1830 4789 ct

226 4827 555 4897 pra-dicavit.
586 4826 661 4881 Ita
690 4827 1035 4898 paralyticus.
1067 4828 1139 4881 1111
1168 4842 1295 4880 vero
1322 4843 1478 4897 quam
1508 4828 1750 4895 improbe
1772 4843 1829 4883 se

224 4928 509 4993 gesserint,
535 4921 848 4977 consideres
874 4922 1054 4975 velint.
1085 4919 1201 4975 Non
1232 4922 1374 4974 enim
1403 4899 1673 4983 dixcr’unt,
1698 4920 1829 4986 Quis

226 5027 275 5069 te
300 5030 492 5068 sanum
527 5012 690 5067 fecit?
717 5013 810 5066 scd
842 5015 941 5066 hoc
967 5011 1186 5074 omisso,
1222 5027 1345 5065 cum
1378 5013 1607 5077 strepitu
1637 5026 1829 5080 magno

229 5104 707 5174 transgressionem
756 5101 899 5156 illam
951 5103 1001 5155 in
1049 5102 1281 5155 medium
1328 5101 1685 5157 adducebant.
1738 5102 1823 5155 12.

232 5199 351 5263 Quis
378 5206 454 5248 est
495 5194 583 5247 ille
610 5196 698 5253 qui
728 5195 855 5247 dixit
885 5194 975 5246 tibi
995 5236 1009 5258 ,
1053 5193 1196 5247 Tolle
1231 5194 1529 5264 grabbatum
1571 5206 1745 5256 tuum,
1784 5204 1828 5246 et

234 5289 425 5339 νησιηιια
447 5286 471 5337 .’
493 5286 581 5340 13.
618 5283 671 5338 Is
700 5295 869 5337 autem
893 5286 979 5353 qui
1004 5301 1160 5339 sanus
1184 5290 1348 5355 fuerat
1379 5285 1607 5351 effectus.
1642 5287 1829 5339 nescie-

234 5379 306 5429 bat
332 5378 443 5447 quis
472 5386 623 5430 esset.
652 5374 808 5430 Jessts
836 5388 1004 5431 autem
1032 5376 1299 5429 declinavit
1326 5393 1356 5429 a
1388 5377 1531 5430 turba
1559 5380 1830 5432 cons.’ituta

295 5512 307 5541 '
342 5509 485 5559 Savil.
510 5507 789 5573 etgquitlam
814 5516 938 5563 MSS.,
962 5513 1012 5557 ut
1032 5506 1093 5557 ab
1114 5507 1243 5558 aliis.
1268 5511 1433 5573 Lectio
1458 5511 1658 5573 Moretti,
1682 5524 1827 5573 quam

238 5580 516 5628 retinemus.
542 5571 737 5633 aliquot
760 5572 1188 5633 Manuscrijtorum
1213 5572 1502 5633 auctoritate
1526 5571 1760 5621 firmatur.

294 5636 311 5664 ¹
344 5634 503 5685 ttorel.
531 5635 605 5682 sic
629 5631 782 5681 elfert
804 5631 931 5680 bunc
952 5632 1109 5681 locum
1136 5645 1148 5679 ε
1186 5640 1305 5680 Cum
1351 5632 1547 5681 atalirrt
1588 5634 1830 5683 t‘hnstum

239 5694 313 5743 tibi
332 5710 438 5745 rum
460 5701 696 5758 iurante
720 5700 765 5743 et
791 5692 837 5741 in
862 5708 951 5742 νηυ-
966 5708 1042 5743 rm
1066 5693 1346 5755 imperantis
1370 5695 1624 5752 dicentrm,
1652 5695 1826 5753 dolia,

237 5768 258 5800 1*
269 5768 318 5807 ιβ,

1201 288 1265 342 IN
1302 285 1614 343 JU.\NNI:JM
1660 284 1889 339 IlOlllI..
1934 282 2200 339 XXXVII.
2245 282 2317 337 al.
2362 279 2602 336 XXXVI.

3450 281 3555 336 sto

1952 394 2005 447 in
2032 395 2164 447 loco.
2194 394 2261 449 Et
2287 408 2383 448 cur
2409 393 2691 449 abscondit
2723 408 2782 449 se
2808 392 3099 449 Christus?
3128 392 3311 449 Primo
3348 404 3403 448 ut
3444 394 3557 464 ipso

1944 485 2169 541 absente
2213 486 2579 540 testimonium
2626 486 2936 556 suspicione
2974 500 3205 540 vacuum
3246 494 3426 550 esset;
3466 488 3557 556 qui

1943 582 2093 635 enim
2117 595 2337 635 sensum
2363 581 2625 635 restituta:
2645 580 2891 635 sanitatis
2919 580 3173 647 habebat,
3204 578 3449 634 bcuettcii
3479 588 3560 633 te.-

1944 672 2042 727 stis
2066 682 2182 727 erat
2204 672 2309 728 fide
2330 672 2545 744 dignus.
2577 673 2660 727 Ad
2691 673 2826 739 lucc,
2857 689 2923 729 ne
2950 674 3211 743 majorem
3240 672 3293 729 io
3318 674 3556 742 ipsorum

1944 763 2139 819 animis
2165 766 2200 820 ll
2220 782 2435 820 nnmam
2460 764 2822 829 accenderet;
2852 774 3078 821 noverat
3102 766 3246 821 enim
3276 766 3357 822 vel
3385 766 3556 820 solam

1944 858 2062 929 ejus
2092 860 2177 913 cui
2223 859 2490 914 invidetur
2529 860 2911 929 przesentiam,
2944 876 3053 915 non
3098 874 3315 929 parvam
3364 858 3559 913 invidis

1944 950 2233 1005 scintillam
2262 952 2520 1006 excitare.
2554 950 2678 1007 Ideo
2722 950 3001 1018 secedens,
3039 951 3252 1021 reliquit
3286 950 3415 1021 ipsis
3442 965 3556 1005 rem

1943 1042 2085 1113 apud
2129 1059 2190 1097 se
2231 1042 2601 1108 tractandam;
2633 1043 2703 1097 ita
2734 1052 2793 1098 ut
2820 1042 2952 1097 nihil
2993 1043 3108 1113 ipse
3134 1042 3204 1098 de
3233 1057 3293 1096 se
3318 1040 3556 1106 diceret,

1943 1132 2039 1190 sed
2071 1134 2105 1188 ii
2136 1144 2339 1189 tantum
2368 1133 2459 1205 qui
2484 1134 2657 1190 curati
2685 1135 2899 1190 fuerant
2923 1149 3048 1190 cum
3076 1134 3459 1189 accusantibus
3481 1134 3558 1187 Io-

1943 1236 2261 1297 qncrentur.
2286 1225 2419 1282 Nam
2448 1236 2499 1282 ct
2533 1225 2585 1281 hi
2614 1242 2829 1297 quoque
2856 1227 3116 1282 miraculo
3139 1226 3379 1298 prmhent
3408 1227 3558 1282 testi-

1945 1318 2206 1372 monium.
2236 1317 2353 1373 Non
2395 1318 2539 1373 enim
2570 1319 2785 1385 dicunt,
2814 1317 2925 1375 Cur
2964 1320 3081 1375 ba‘c
3117 1319 3325 1389 jussisti
3356 1319 3470 1375 fieri
3505 1321 3554 1373 in

1943 1411 2169 1465 sabbato
2189 1410 2216 1463 ’ἒ
2237 1411 2332 1466 sed
2359 1455 2372 1474 ,
2404 1411 2513 1466 Cur
2542 1411 2655 1467 lucc
2686 1412 2818 1467 facis
2844 1413 2897 1467 in
2929 1413 3199 1469 sabbato?
3237 1430 3345 1467 non
3377 1422 3555 1468 trans—

1942 1506 2276 1575 gressionem
2298 1504 2517 1577 indigne
2545 1508 2802 1574 ferentes,
2830 1507 2924 1563 sed
2949 1507 3232 1580 paralytici
3260 1507 3555 1562 valetudini

1947 1598 2269 1654 invidentes.
2299 1600 2458 1670 Atqui
2486 1599 2531 1653 si
2563 1599 2854 1654 humanum
2886 1616 3022 1671 opus
3050 1609 3284 1670 spectes,
3316 1600 3441 1654 illttd
3472 1615 3558 1667 po-

1945 1692 2071 1757 tius,
2098 1691 2242 1763 quod
2274 1692 2599 1763 paralyticos
2626 1692 2773 1755 fecit,
2804 1701 2922 1748 erat
2948 1708 3076 1747 vero
3100 1708 3280 1761 opus;
3309 1692 3557 1747 Clll’isltts

1942 1782 2087 1838 enim
2116 1785 2341 1839 verbum
2370 1790 2580 1838 tantum
2611 1785 2889 1839 emiserat.
2923 1783 3020 1839 llic
3047 1784 3207 1838 alitrr
3237 1783 3389 1853 jubet
3422 1784 3555 1838 solvi

1942 1875 2264 1940 sabbatum;
2292 1876 2420 1931 alibi
2453 1893 2584 1931 vero
2627 1893 2723 1947 per
2750 1876 2987 1947 seipsnm
3031 1876 3192 1932 solvit
3232 1876 3360 1931 illud
3385 1918 3399 1941 ,
3432 1893 3558 1930 cum

1945 1969 2115 2023 lutum
2147 1970 2357 2035 miscet,
2389 1978 2443 2025 et
2473 1969 2661 2023 oculos
2687 1968 2863 2026 illinit.
2898 1969 3031 2025 Illud
3060 1982 3238 2024 an‘em
3269 1968 3415 2030 facit,
3446 1984 3555 2022 non

1944 2061 2378 2132 transgrediens,
2406 2061 2499 2116 sed
2533 2061 2950 2132 supergrediens
2982 2062 3176 2132 legem.
3211 2061 3284 2115 De
3316 2060 3398 2115 his
3430 2076 3557 2115 vero

1944 2162 2153 2222 postea.
2199 2152 2385 2223 Neque
2423 2154 2566 2207 enim
2617 2153 2813 2222 ubique
2857 2153 3017 2208 simili
3060 2153 3224 2207 modo
3264 2152 3333 2207 tle
3378 2153 3558 2208 rolnto

1942 2248 2169 2302 sabbato
2196 2258 2480 2303 accusatus
2513 2264 2633 2304 sese
2664 2259 2855 2320 purgat
2886 2268 2898 2303 :
2934 2250 2984 2302 id
3014 2247 3157 2319 quod
3187 2262 3439 2303 accurate
3467 2248 3557 2300 ob-

1942 2341 2265 2396 servandum
2293 2352 2395 2397 est.

2015 2434 2070 2487 3.
2123 2431 2330 2487 Invidia
2374 2445 2619 2503 quantum
2662 2436 2876 2488 malunt.
2912 2434 3112 2490 Caritas
3142 2436 3550 2489 commendatur.

1941 2553 2013 2562 —
2036 2523 2257 2580 Interim
2280 2534 2459 2580 autem
2492 2526 2769 2580 videamus
2795 2536 3057 2595 quantum
3086 2528 3289 2582 malum
3316 2528 3388 2583 sit
3420 2528 3557 2580 invi-

1942 2614 2029 2669 dia
2056 2634 2070 2671 :
2102 2630 2211 2687 quo
2240 2626 2398 2687 pacto
2427 2619 2627 2674 mentis
2646 2619 2835 2674 oculos
2856 2619 2920 2674 ad
2947 2620 3243 2690 perniciem
3265 2619 3432 2674 invidi
3455 2635 3553 2673 ex.

1941 2719 2127 2766 rmcet.
2161 2710 2626 2778 Quemadmodum
2676 2714 2819 2768 enim
2861 2714 3045 2768 furiosi
3099 2715 3339 2783 gladium
3379 2715 3430 2769 in
3461 2729 3549 2770 sc-

1943 2804 2090 2872 ipsos
2111 2818 2257 2873 smpe
2275 2812 2620 2870 convertunt,
2647 2805 2715 2859 ita
2739 2821 2954 2876 quoque
2978 2806 3171 2870 invidi,
3188 2820 3351 2860 unam
3373 2806 3551 2859 solum

1941 2902 2249 2961 Spectantes
2278 2893 2420 2948 illius
2443 2895 2527 2950 cui
2554 2895 2815 2960 invident,
2844 2896 3158 2965 perniciem,
3182 2906 3371 2952 contra
3396 2912 3549 2951 suam

1942 2983 2169 3037 salutem
2196 2983 2354 3039 bruto
2385 2985 2589 3055 impetu
2622 2985 2889 3041 feruntur.
2924 2986 2989 3041 Ili
3016 2986 3101 3043 vel
3130 2985 3263 3043 feris
3296 2996 3422 3043 sunt
3455 2990 3550 3043 de-

1942 3075 2191 3131 teriores.
2216 3075 2351 3131 Nam
2377 3077 2479 3132 illa:
2500 3119 2515 3143 ,
2541 3078 2624 3133 vel
2650 3078 2791 3148 quod
2815 3078 2939 3134 cibo
2962 3086 3190 3150 egeant,
3222 3079 3305 3135 vel
3334 3095 3363 3135 a
3393 3080 3549 3135 nobis

1943 3168 2166 3224 irritata:
2188 3212 2203 3235 ,
2236 3179 2425 3225 contra
2457 3185 2557 3225 nos
2592 3182 2908 3237 armantur;
2945 3171 2997 3225 hi
3026 3183 3206 3228 autem
3237 3175 3401 3228 etiam
3429 3182 3552 3243 post

1940 3272 2159 3330 accepta
2184 3261 2465 3327 beneficia,
2490 3262 2763 3318 benelicos
2785 3279 2931 3332 smpe
2956 3280 3053 3333 pro
3075 3264 3307 3321 inimicis
3326 3263 3545 3321 habent.

1943 3351 2093 3408 Feris
2113 3367 2243 3409 sane
2266 3352 2317 3407 hi
2344 3354 2645 3409 deteriores
2670 3365 2795 3410 sunt
2812 3397 2824 3421 ,
2851 3355 3189 3413 daemonibus
3213 3373 3405 3428 pares;
3438 3360 3549 3412 imo

1942 3445 2080 3499 forte
2110 3447 2321 3516 pejores
2352 3447 2475 3501 illis.
2508 3445 2585 3501 1111
2630 3464 2864 3518 namque
2893 3448 3187 3504 adversum
3221 3464 3320 3504 nos
3352 3452 3545 3519 impla-

1938 3539 2145 3594 Cabiles
2162 3547 2422 3595 exercent
2452 3540 2783 3607 inimicitias,
2814 3540 2908 3596 sed
2932 3542 3014 3596 sui
3045 3543 3315 3597 similibus
3345 3542 3549 3598 daemo-

1941 3633 2097 3686 nibus
2126 3648 2231 3687 non
2262 3633 2617 3699 insidiantur;
2653 3634 2885 3704 ideoque
2909 3638 3033 3690 hinc
3057 3635 3307 3691 Christus
3328 3636 3549 3691 intimos

1938 3722 2272 3791 confutavit,
2304 3740 2426 3779 cum
2455 3726 2699 3781 dicerent
2726 3726 2903 3797 ipsum
2940 3729 2991 3781 in
3023 3728 3324 3783 Beelzebub
3348 3728 3548 3797 ejicere

1938 3816 2223 3872 daemonia.
2253 3818 2315 3873 lli
2342 3833 2469 3872 vero
2496 3835 2561 3873 ne
2591 3830 2798 3874 natura:
2824 3820 3043 3891 quidem
3072 3836 3184 3875 sua:
3210 3822 3543 3877 consortium

1940 3920 2257 3964 reverentur
2278 3951 2291 3973 ,
2325 3927 2502 3982 neque
2528 3912 2630 3966 sibi
2663 3912 2794 3982 ipsis
2828 3923 3070 3984 parcunt.
3106 3912 3240 3969 Nam
3268 3925 3395 3969 ante
3423 3916 3542 3969 ani-

1940 4016 2081 4053 mam
2108 4017 2257 4054 suam
2280 4042 2292 4063 ,
2318 4018 2477 4071 quam
2501 4018 2596 4058 cos
2617 4004 2812 4073 quibus
2848 4004 3116 4070 invident,
3151 4005 3352 4059 liedunt
3370 4048 3383 4070 ,
3414 4006 3543 4061 dum

1938 4092 2081 4145 illam
2106 4094 2301 4148 frustra
2333 4097 2560 4151 tumultu
2586 4112 2650 4151 ac
2676 4112 2911 4153 mtnrore
2935 4099 3166 4169 replent.
3195 4097 3323 4163 Cur,
3346 4101 3415 4151 mi
3448 4100 3546 4153 lto-

1938 4200 2029 4238 nto
2051 4226 2065 4248 ,
2094 4184 2162 4241 de
2188 4186 2415 4255 proximi
2442 4187 2597 4243 bonis
2618 4190 2923 4243 cruciaris?
2954 4190 3147 4246 Dolere
3173 4202 3452 4261 Oportcret
3477 4194 3545 4247 de

1938 4278 2096 4332 malis
2128 4280 2327 4332 nostris
2349 4326 2364 4347 ,
2394 4294 2501 4335 non
2534 4281 2601 4336 de
2634 4282 2866 4352 proximi
2901 4283 3173 4337 felicitate.
3206 4288 3543 4356 Quapropter

1940 4369 2043 4423 hoc
2072 4381 2350 4437 peccatum
2382 4373 2538 4427 venia
2568 4389 2791 4442 prorsus
2823 4375 3086 4443 privatur.
3115 4375 3251 4431 Nam
3276 4387 3542 4433 scortator

1937 4470 2117 4531 potest
2143 4463 2637 4531 concupiscentiam
2666 4465 2963 4523 obtendere
2986 4510 3002 4532 ,
3035 4467 3120 4523 fur
3146 4480 3543 4540 paupertatem,

1940 4555 2204 4610 homicida
2232 4557 2364 4611 irtnn
2388 4574 2402 4621 ;
2433 4558 2813 4616 excusationes
2836 4560 3048 4631 quidem
3076 4562 3294 4633 frigidas
3316 4572 3367 4616 ct
3392 4564 3539 4617 insa-

1938 4662 2057 4709 nas,
2082 4646 2177 4701 sed
2202 4663 2321 4717 qua:
2344 4657 2523 4703 tatnen
2547 4666 2596 4721 p.
2612 4650 2775 4706 oferri
2801 4663 3025 4719 queunt.
3054 4654 3133 4708 'I‘u
3158 4671 3309 4720 vero,
3332 4671 3541 4726 quwso,

1938 4755 2099 4807 quam
2121 4754 2338 4794 causam
2369 4741 2668 4799 obtendes?
2698 4742 2909 4798 Nullam
2932 4747 3156 4802 omnino
3176 4790 3191 4813 ,
3223 4748 3326 4802 nisi
3359 4748 3545 4819 ingen-

1939 4840 2047 4884 tcm
2081 4830 2399 4901 nequitiam.
2435 4833 2565 4889 Nam
2610 4834 2655 4889 si
2704 4835 2951 4891 inimicos
2981 4836 3208 4909 diligere
3249 4838 3503 4909 jnbemut'
3529 4883 3544 4907 ,

1937 4922 1981 4973 si
2012 4922 2216 4975 amicos
2245 4920 2372 4999 odio
2402 4922 2699 4979 habeamus
2720 4968 2734 4991 ,
2765 4943 2873 4996 quo
2905 4944 3011 4982 non
3060 4930 3326 5001 supplicio
3357 4932 3547 5001 punico

1940 5012 2098 5063 mur?
2132 5011 2197 5065 Et
2228 5013 2270 5065 si
2308 5013 2350 5066 is
2380 5014 2469 5081 qui
2520 5018 2724 5071 amicos
2769 5032 2897 5073 suos
2938 5019 3143 5091 diligit,
3196 5038 3304 5076 non
3354 5022 3546 5078 melius

1938 5119 2100 5171 quam
2129 5112 2317 5173 gentes
2348 5103 2571 5160 affectus
2592 5115 2709 5173 est;
2735 5111 2824 5177 qui
2848 5126 2908 5166 se
2936 5112 3067 5167 nihil
3096 5112 3419 5171 laedentibus
3444 5132 3544 5171 no-

1938 5208 2015 5249 t'el
2030 5238 2042 5259 ,
2063 5213 2223 5266 quam
2243 5208 2326 5252 est
2345 5198 2625 5255 habiturus
2644 5203 2877 5268 veniant,
2896 5221 3056 5275 quam
3078 5207 3547 5264 consolationem?

1940 5288 2075 5341 Audi
2105 5288 2331 5343 Paulum
2356 5289 2625 5347 dicentem
2652 5310 2664 5346 :
2702 5294 2763 5349 Si
2786 5296 3047 5351 tradidero
3074 5316 3263 5368 corpus
3286 5319 3451 5354 meum
3477 5303 3546 5355 ita

1939 5390 1992 5432 ut
2023 5383 2272 5447 ardeam,
2305 5384 2572 5439 caritatem
2612 5397 2783 5441 autem
2823 5406 2927 5444 non
2956 5392 3181 5447 habuero
3204 5436 3218 5460 ,
3250 5396 3380 5449 nihil
3421 5398 3545 5449 nti/ti

1940 5472 2142 5539 prodest
2169 5474 2259 5541 (1.
2292 5472 2411 5528 Cor.
2442 5476 2532 5531 15.
2562 5477 2595 5531 5
2616 5477 2658 5548 ).
2690 5478 2843 5546 Quod
2872 5492 3051 5537 autem
3086 5484 3174 5540 ubi
3208 5486 3345 5541 livor
3373 5496 3428 5541 et
3458 5488 3542 5540 iu-

1940 5563 2079 5618 vidia
2127 5574 2245 5631 est,
2296 5566 2495 5623 caritas
2526 5582 2749 5637 prorsus
2798 5573 3008 5628 sublata
3041 5576 3144 5645 sit,
3199 5578 3401 5632 nemini
3437 5594 3541 5634 non

1940 5668 2124 5711 notum
2156 5666 2259 5711 est.
2292 5658 2403 5713 lloc
2436 5661 2626 5715 vitium
2676 5673 2757 5719 est
2806 5664 3162 5725 fornicatione
3196 5682 3250 5727 et
3278 5672 3545 5727 adultetio

1949 5752 2117 5819 pejus.
2144 5751 2275 5807 Nam
2302 5753 2429 5808 illud
2466 5755 2515 5810 in
2542 5768 2801 5827 operante
2826 5763 3099 5818 con~istit.
3128 5764 3340 5822 iovtrlizc
3366 5776 3546 5821 autem
