  <div class='ocr_page' id='page_1' title='image "/cluster/home/n/w/nwhite01/storage/ocr_20150623/59/pst.000005712595/209.png"; bbox 0 0 4164 6324; ppageno 0'>
   <div class='ocr_carea' id='block_1_1' title="bbox 625 248 2229 340">
    <p class='ocr_par' dir='ltr' id='par_1_1' title="bbox 625 253 2229 340">
     <span class='ocr_line' id='line_1_1' title="bbox 625 253 2229 340; baseline -0.019 -3"><span class='ocrx_word' id='word_1_1' title='bbox 625 287 719 340; x_wconf 69' lang='grc' dir='ltr'>ΞΗ</span> <span class='ocrx_word' id='word_1_2' title='bbox 1391 277 1446 329; x_wconf 80' lang='lat' dir='ltr'><strong>S.</strong></span> <span class='ocrx_word' id='word_1_3' title='bbox 1489 265 1761 325; x_wconf 61' lang='grc' dir='ltr'>ιοιΝΝιδ</span> <span class='ocrx_word' id='word_1_4' title='bbox 1798 253 2229 317; x_wconf 63' lang='grc' dir='ltr'><strong>ωηιιῖεὶοδῖολι</strong></span> 
     </span>
    </p>
   </div>
   <div class='ocr_carea' id='block_1_2' title="bbox 2337 248 3186 340">
    <p class='ocr_par' dir='ltr' id='par_1_2' title="bbox 2337 248 3186 306">
     <span class='ocr_line' id='line_1_2' title="bbox 2337 248 3186 306; baseline -0.009 0"><span class='ocrx_word' id='word_1_5' title='bbox 2337 251 2616 306; x_wconf 55' lang='grc' dir='ltr'>,πριιιῐίιι</span> <span class='ocrx_word' id='word_1_6' title='bbox 2661 248 3186 305; x_wconf 70' lang='lat' dir='ltr'><strong>CONSTANTNN’.</strong></span> 
     </span>
    </p>
   </div>
   <div class='ocr_carea' id='block_1_3' title="bbox 622 368 2203 462">
    <p class='ocr_par' dir='ltr' id='par_1_3' title="bbox 622 368 2203 462">
     <span class='ocr_line' id='line_1_3' title="bbox 622 368 2203 462; baseline -0.017 -17"><span class='ocrx_word' id='word_1_7' title='bbox 622 411 631 441; x_wconf 88' lang='grc' dir='ltr'><strong>ι</strong></span> <span class='ocrx_word' id='word_1_8' title='bbox 655 394 862 446; x_wconf 67' lang='grc' dir='ltr'><strong>ιιΊιεΙΙΙίδ</strong></span> <span class='ocrx_word' id='word_1_9' title='bbox 889 393 1156 462; x_wconf 76' lang='lat' dir='ltr'><strong>Ecclesias</strong></span> <span class='ocrx_word' id='word_1_10' title='bbox 1180 391 1408 457; x_wconf 81' lang='lat' dir='ltr'><strong>integras</strong></span> <span class='ocrx_word' id='word_1_11' title='bbox 1429 378 1723 439; x_wconf 87' lang='lat' dir='ltr'><strong>subvertit,</strong></span> <span class='ocrx_word' id='word_1_12' title='bbox 1747 385 1800 428; x_wconf 90' lang='lat' dir='ltr'><strong>et</strong></span> <span class='ocrx_word' id='word_1_13' title='bbox 1823 381 1992 426; x_wconf 85' lang='lat' dir='ltr'><strong>totum</strong></span> <span class='ocrx_word' id='word_1_14' title='bbox 2017 368 2203 426; x_wconf 85' lang='lat' dir='ltr'><strong>orbem</strong></span> 
     </span>
    </p>
   </div>
   <div class='ocr_carea' id='block_1_4' title="bbox 629 458 2199 538">
    <p class='ocr_par' dir='ltr' id='par_1_4' title="bbox 629 458 2199 538">
     <span class='ocr_line' id='line_1_4' title="bbox 629 458 2199 538; baseline -0.015 -2"><span class='ocrx_word' id='word_1_15' title='bbox 629 486 980 538; x_wconf 75' lang='lat' dir='ltr'><strong>tabefactzwit.</strong></span> <span class='ocrx_word' id='word_1_16' title='bbox 1013 484 1133 537; x_wconf 83' lang='lat' dir='ltr'><strong>lla-c</strong></span> <span class='ocrx_word' id='word_1_17' title='bbox 1174 481 1336 536; x_wconf 72' lang='lat' dir='ltr'><strong>cedis</strong></span> <span class='ocrx_word' id='word_1_18' title='bbox 1367 484 1537 529; x_wconf 89' lang='lat' dir='ltr'><strong>mater</strong></span> <span class='ocrx_word' id='word_1_19' title='bbox 1566 479 1648 524; x_wconf 87' lang='lat' dir='ltr'><strong>est</strong></span> <span class='ocrx_word' id='word_1_20' title='bbox 1680 487 1690 521; x_wconf 94' lang='lat'><strong>:</strong></span> <span class='ocrx_word' id='word_1_21' title='bbox 1733 465 1835 518; x_wconf 89' lang='lat' dir='ltr'><strong>hac</strong></span> <span class='ocrx_word' id='word_1_22' title='bbox 1866 472 2040 516; x_wconf 84' lang='lat' dir='ltr'><strong>motus</strong></span> <span class='ocrx_word' id='word_1_23' title='bbox 2069 458 2199 510; x_wconf 76' lang='lat' dir='ltr'><strong>Cain</strong></span> 
     </span>
    </p>
   </div>
   <div class='ocr_carea' id='block_1_5' title="bbox 627 547 2203 630">
    <p class='ocr_par' dir='ltr' id='par_1_5' title="bbox 627 547 2203 630">
     <span class='ocr_line' id='line_1_5' title="bbox 627 547 2203 630; baseline -0.018 0"><span class='ocrx_word' id='word_1_24' title='bbox 627 579 838 630; x_wconf 76' lang='lat' dir='ltr'><strong>fratrem</strong></span> <span class='ocrx_word' id='word_1_25' title='bbox 869 573 1062 630; x_wconf 88' lang='lat' dir='ltr'><strong>occidit</strong></span> <span class='ocrx_word' id='word_1_26' title='bbox 1092 591 1104 626; x_wconf 87' lang='lat'>:</span> <span class='ocrx_word' id='word_1_27' title='bbox 1153 573 1236 624; x_wconf 91' lang='lat' dir='ltr'><strong>illa</strong></span> <span class='ocrx_word' id='word_1_28' title='bbox 1268 569 1574 625; x_wconf 87' lang='lat' dir='ltr'><strong>concitante</strong></span> <span class='ocrx_word' id='word_1_29' title='bbox 1604 558 1865 615; x_wconf 84' lang='lat' dir='ltr'><strong>Jacobum</strong></span> <span class='ocrx_word' id='word_1_30' title='bbox 1904 553 2042 606; x_wconf 74' lang='lat' dir='ltr'><strong>Esau</strong></span> <span class='ocrx_word' id='word_1_31' title='bbox 2065 593 2079 613; x_wconf 96' lang='lat'><strong>,</strong></span> <span class='ocrx_word' id='word_1_32' title='bbox 2111 547 2203 604; x_wconf 80' lang='lat' dir='ltr'><strong>Jo-</strong></span> 
     </span>
    </p>
   </div>
   <div class='ocr_carea' id='block_1_6' title="bbox 625 649 2205 739">
    <p class='ocr_par' dir='ltr' id='par_1_6' title="bbox 625 649 2205 739">
     <span class='ocr_line' id='line_1_6' title="bbox 625 649 2205 739; baseline -0.018 -15"><span class='ocrx_word' id='word_1_33' title='bbox 625 672 844 739; x_wconf 73' lang='lat' dir='ltr'><strong>si-phum</strong></span> <span class='ocrx_word' id='word_1_34' title='bbox 876 669 1069 721; x_wconf 84' lang='lat' dir='ltr'><strong>fratres</strong></span> <span class='ocrx_word' id='word_1_35' title='bbox 1093 709 1105 725; x_wconf 91' lang='lat'><strong>.</strong></span> <span class='ocrx_word' id='word_1_36' title='bbox 1137 665 1426 718; x_wconf 87' lang='lat' dir='ltr'><strong>humanum</strong></span> <span class='ocrx_word' id='word_1_37' title='bbox 1456 672 1626 728; x_wconf 88' lang='lat' dir='ltr'><strong>genus</strong></span> <span class='ocrx_word' id='word_1_38' title='bbox 1648 649 1894 708; x_wconf 81' lang='lat' dir='ltr'><strong>diabolus</strong></span> <span class='ocrx_word' id='word_1_39' title='bbox 1922 657 2205 715; x_wconf 71' lang='lat' dir='ltr'><strong>aggressus</strong></span> 
     </span>
    </p>
   </div>
   <div class='ocr_carea' id='block_1_7' title="bbox 625 734 2207 818">
    <p class='ocr_par' dir='ltr' id='par_1_7' title="bbox 625 734 2207 818">
     <span class='ocr_line' id='line_1_7' title="bbox 625 734 2207 818; baseline -0.017 -5"><span class='ocrx_word' id='word_1_40' title='bbox 625 774 724 816; x_wconf 69' lang='lat' dir='ltr'><strong>est.</strong></span> <span class='ocrx_word' id='word_1_41' title='bbox 760 763 825 814; x_wconf 77' lang='lat' dir='ltr'><strong>At</strong></span> <span class='ocrx_word' id='word_1_42' title='bbox 858 770 910 813; x_wconf 91' lang='lat' dir='ltr'><strong>tu</strong></span> <span class='ocrx_word' id='word_1_43' title='bbox 953 776 1056 813; x_wconf 92' lang='lat' dir='ltr'><strong>non</strong></span> <span class='ocrx_word' id='word_1_44' title='bbox 1107 754 1400 818; x_wconf 83' lang='lat' dir='ltr'><strong>interficis,</strong></span> <span class='ocrx_word' id='word_1_45' title='bbox 1437 747 1529 803; x_wconf 81' lang='lat' dir='ltr'><strong>sed</strong></span> <span class='ocrx_word' id='word_1_46' title='bbox 1575 744 1720 800; x_wconf 68' lang='lat' dir='ltr'><strong>caede</strong></span> <span class='ocrx_word' id='word_1_47' title='bbox 1765 743 1921 807; x_wconf 87' lang='lat' dir='ltr'><strong>longe</strong></span> <span class='ocrx_word' id='word_1_48' title='bbox 1964 734 2207 805; x_wconf 77' lang='lat' dir='ltr'><strong>graviora</strong></span> 
     </span>
    </p>
   </div>
   <div class='ocr_carea' id='block_1_8' title="bbox 629 827 2187 921">
    <p class='ocr_par' dir='ltr' id='par_1_8' title="bbox 629 827 2187 921">
     <span class='ocr_line' id='line_1_8' title="bbox 629 827 2187 921; baseline -0.019 -16"><span class='ocrx_word' id='word_1_49' title='bbox 629 865 933 921; x_wconf 75' lang='lat' dir='ltr'><strong>perpetras,</strong></span> <span class='ocrx_word' id='word_1_50' title='bbox 961 851 1083 903; x_wconf 89' lang='lat' dir='ltr'><strong>dum</strong></span> <span class='ocrx_word' id='word_1_51' title='bbox 1115 848 1348 918; x_wconf 76' lang='lat' dir='ltr'><strong>precaris</strong></span> <span class='ocrx_word' id='word_1_52' title='bbox 1381 851 1434 896; x_wconf 91' lang='lat' dir='ltr'><strong>ut</strong></span> <span class='ocrx_word' id='word_1_53' title='bbox 1468 841 1630 894; x_wconf 90' lang='lat' dir='ltr'><strong>frater</strong></span> <span class='ocrx_word' id='word_1_54' title='bbox 1675 831 1966 903; x_wconf 76' lang='lat' dir='ltr'><strong>ignominia</strong></span> <span class='ocrx_word' id='word_1_55' title='bbox 1999 827 2187 881; x_wconf 79' lang='lat' dir='ltr'><strong>afficia-</strong></span> 
     </span>
    </p>
   </div>
   <div class='ocr_carea' id='block_1_9' title="bbox 631 917 2210 1009">
    <p class='ocr_par' dir='ltr' id='par_1_9' title="bbox 631 917 2210 1009">
     <span class='ocr_line' id='line_1_9' title="bbox 631 917 2210 1009; baseline -0.016 -15"><span class='ocrx_word' id='word_1_56' title='bbox 631 958 744 1001; x_wconf 88' lang='lat' dir='ltr'><strong>tur,</strong></span> <span class='ocrx_word' id='word_1_57' title='bbox 780 943 905 995; x_wconf 91' lang='lat' dir='ltr'><strong>dum</strong></span> <span class='ocrx_word' id='word_1_58' title='bbox 939 941 1154 1009; x_wconf 85' lang='lat' dir='ltr'><strong>laqueos</strong></span> <span class='ocrx_word' id='word_1_59' title='bbox 1183 938 1278 1005; x_wconf 83' lang='lat' dir='ltr'><strong>ipsi</strong></span> <span class='ocrx_word' id='word_1_60' title='bbox 1313 932 1487 987; x_wconf 85' lang='lat' dir='ltr'><strong>tendis</strong></span> <span class='ocrx_word' id='word_1_61' title='bbox 1524 926 1794 996; x_wconf 85' lang='lat' dir='ltr'><strong>undique,</strong></span> <span class='ocrx_word' id='word_1_62' title='bbox 1824 921 1949 976; x_wconf 89' lang='lat' dir='ltr'><strong>dum</strong></span> <span class='ocrx_word' id='word_1_63' title='bbox 1982 933 2082 990; x_wconf 87' lang='lat' dir='ltr'><strong>pro</strong></span> <span class='ocrx_word' id='word_1_64' title='bbox 2105 917 2210 969; x_wconf 84' lang='lat' dir='ltr'><strong>vir-</strong></span> 
     </span>
    </p>
   </div>
   <div class='ocr_carea' id='block_1_10' title="bbox 629 1007 2206 1100">
    <p class='ocr_par' dir='ltr' id='par_1_10' title="bbox 629 1007 2206 1100">
     <span class='ocr_line' id='line_1_10' title="bbox 629 1007 2206 1100; baseline -0.014 -16"><span class='ocrx_word' id='word_1_65' title='bbox 629 1045 738 1085; x_wconf 86' lang='lat' dir='ltr'><strong>tute</strong></span> <span class='ocrx_word' id='word_1_66' title='bbox 767 1043 1044 1100; x_wconf 80' lang='lat' dir='ltr'><strong>susceptos</strong></span> <span class='ocrx_word' id='word_1_67' title='bbox 1075 1030 1283 1082; x_wconf 84' lang='lat' dir='ltr'><strong>labores</strong></span> <span class='ocrx_word' id='word_1_68' title='bbox 1315 1024 1540 1079; x_wconf 88' lang='lat' dir='ltr'><strong>resolvis</strong></span> <span class='ocrx_word' id='word_1_69' title='bbox 1562 1061 1576 1082; x_wconf 98' lang='lat'><strong>,</strong></span> <span class='ocrx_word' id='word_1_70' title='bbox 1607 1034 1728 1072; x_wconf 87' lang='lat' dir='ltr'><strong>cum</strong></span> <span class='ocrx_word' id='word_1_71' title='bbox 1760 1029 1900 1084; x_wconf 73' lang='lat' dir='ltr'><strong>mgre</strong></span> <span class='ocrx_word' id='word_1_72' title='bbox 1931 1012 2037 1066; x_wconf 86' lang='lat' dir='ltr'><strong>fers</strong></span> <span class='ocrx_word' id='word_1_73' title='bbox 2065 1007 2206 1078; x_wconf 84' lang='lat' dir='ltr'><strong>quod</strong></span> 
     </span>
    </p>
   </div>
   <div class='ocr_carea' id='block_1_11' title="bbox 628 1105 2204 1188">
    <p class='ocr_par' dir='ltr' id='par_1_11' title="bbox 628 1105 2204 1188">
     <span class='ocr_line' id='line_1_11' title="bbox 628 1105 2204 1188; baseline -0.013 -15"><span class='ocrx_word' id='word_1_74' title='bbox 628 1125 772 1176; x_wconf 80' lang='lat' dir='ltr'><strong>orbis</strong></span> <span class='ocrx_word' id='word_1_75' title='bbox 797 1125 1018 1176; x_wconf 81' lang='lat' dir='ltr'><strong>Domino</strong></span> <span class='ocrx_word' id='word_1_76' title='bbox 1051 1122 1272 1188; x_wconf 84' lang='lat' dir='ltr'><strong>placeat.</strong></span> <span class='ocrx_word' id='word_1_77' title='bbox 1299 1115 1413 1170; x_wconf 75' lang='lat' dir='ltr'><strong>Non</strong></span> <span class='ocrx_word' id='word_1_78' title='bbox 1445 1113 1591 1168; x_wconf 89' lang='lat' dir='ltr'><strong>illum</strong></span> <span class='ocrx_word' id='word_1_79' title='bbox 1615 1123 1763 1178; x_wconf 84' lang='lat' dir='ltr'><strong>ergo.</strong></span> <span class='ocrx_word' id='word_1_80' title='bbox 1788 1105 1880 1159; x_wconf 88' lang='lat' dir='ltr'><strong>sed</strong></span> <span class='ocrx_word' id='word_1_81' title='bbox 1903 1119 2023 1157; x_wconf 84' lang='lat' dir='ltr'><strong>cuiu</strong></span> <span class='ocrx_word' id='word_1_82' title='bbox 2047 1115 2204 1170; x_wconf 86' lang='lat' dir='ltr'><strong>quem</strong></span> 
     </span>
    </p>
   </div>
   <div class='ocr_carea' id='block_1_12' title="bbox 632 1193 2208 1281">
    <p class='ocr_par' dir='ltr' id='par_1_12' title="bbox 632 1193 2208 1281">
     <span class='ocr_line' id='line_1_12' title="bbox 632 1193 2208 1281; baseline -0.013 -17"><span class='ocrx_word' id='word_1_83' title='bbox 632 1218 742 1281; x_wconf 85' lang='lat' dir='ltr'><strong>ipse</strong></span> <span class='ocrx_word' id='word_1_84' title='bbox 767 1214 893 1267; x_wconf 91' lang='lat' dir='ltr'><strong>colit</strong></span> <span class='ocrx_word' id='word_1_85' title='bbox 923 1214 1201 1281; x_wconf 83' lang='lat' dir='ltr'><strong>impugnas</strong></span> <span class='ocrx_word' id='word_1_86' title='bbox 1230 1227 1241 1260; x_wconf 90' lang='lat'><strong>:</strong></span> <span class='ocrx_word' id='word_1_87' title='bbox 1286 1208 1432 1260; x_wconf 91' lang='lat' dir='ltr'><strong>illum</strong></span> <span class='ocrx_word' id='word_1_88' title='bbox 1478 1199 1798 1259; x_wconf 73' lang='lat' dir='ltr'><strong>contumelia</strong></span> <span class='ocrx_word' id='word_1_89' title='bbox 1842 1194 2012 1249; x_wconf 81' lang='lat' dir='ltr'><strong>amcis</strong></span> <span class='ocrx_word' id='word_1_90' title='bbox 2035 1234 2050 1257; x_wconf 95' lang='lat'><strong>,</strong></span> <span class='ocrx_word' id='word_1_91' title='bbox 2083 1193 2208 1245; x_wconf 88' lang='lat' dir='ltr'><strong>dum</strong></span> 
     </span>
    </p>
   </div>
   <div class='ocr_carea' id='block_1_13' title="bbox 633 1288 2210 1364">
    <p class='ocr_par' dir='ltr' id='par_1_13' title="bbox 633 1288 2210 1364">
     <span class='ocr_line' id='line_1_13' title="bbox 633 1288 2210 1364; baseline -0.013 -8"><span class='ocrx_word' id='word_1_92' title='bbox 633 1309 888 1359; x_wconf 82' lang='lat' dir='ltr'><strong>honorem</strong></span> <span class='ocrx_word' id='word_1_93' title='bbox 919 1315 1063 1358; x_wconf 89' lang='lat' dir='ltr'><strong>tuum</strong></span> <span class='ocrx_word' id='word_1_94' title='bbox 1089 1303 1228 1356; x_wconf 85' lang='lat' dir='ltr'><strong>illius</strong></span> <span class='ocrx_word' id='word_1_95' title='bbox 1253 1298 1441 1353; x_wconf 83' lang='lat' dir='ltr'><strong>honori</strong></span> <span class='ocrx_word' id='word_1_96' title='bbox 1471 1292 1751 1364; x_wconf 84' lang='lat' dir='ltr'><strong>anteponis</strong></span> <span class='ocrx_word' id='word_1_97' title='bbox 1778 1308 1790 1344; x_wconf 89' lang='lat'><strong>:</strong></span> <span class='ocrx_word' id='word_1_98' title='bbox 1820 1288 2069 1358; x_wconf 78' lang='lat' dir='ltr'><strong>quodque</strong></span> <span class='ocrx_word' id='word_1_99' title='bbox 2089 1299 2210 1353; x_wconf 81' lang='lat' dir='ltr'><strong>gra-</strong></span> 
     </span>
    </p>
   </div>
   <div class='ocr_carea' id='block_1_14' title="bbox 633 1379 2208 1461">
    <p class='ocr_par' dir='ltr' id='par_1_14' title="bbox 633 1379 2208 1461">
     <span class='ocr_line' id='line_1_14' title="bbox 633 1379 2208 1461; baseline -0.017 -9"><span class='ocrx_word' id='word_1_100' title='bbox 633 1401 902 1453; x_wconf 81' lang='lat' dir='ltr'><strong>vissimum</strong></span> <span class='ocrx_word' id='word_1_101' title='bbox 936 1411 1047 1459; x_wconf 74' lang='grc' dir='ltr'><strong>ρει,</strong></span> <span class='ocrx_word' id='word_1_102' title='bbox 1083 1397 1250 1448; x_wconf 87' lang='lat' dir='ltr'><strong>levem</strong></span> <span class='ocrx_word' id='word_1_103' title='bbox 1295 1401 1447 1461; x_wconf 91' lang='lat' dir='ltr'><strong>putas</strong></span> <span class='ocrx_word' id='word_1_104' title='bbox 1477 1402 1596 1442; x_wconf 89' lang='lat' dir='ltr'><strong>esse</strong></span> <span class='ocrx_word' id='word_1_105' title='bbox 1625 1385 1874 1452; x_wconf 76' lang='lat' dir='ltr'><strong>culpam,</strong></span> <span class='ocrx_word' id='word_1_106' title='bbox 1923 1379 2046 1431; x_wconf 90' lang='lat' dir='ltr'><strong>licet</strong></span> <span class='ocrx_word' id='word_1_107' title='bbox 2090 1392 2208 1428; x_wconf 90' lang='lat' dir='ltr'><strong>om-</strong></span> 
     </span>
    </p>
   </div>
   <div class='ocr_carea' id='block_1_15' title="bbox 632 1468 2208 1544">
    <p class='ocr_par' dir='ltr' id='par_1_15' title="bbox 632 1468 2208 1544">
     <span class='ocr_line' id='line_1_15' title="bbox 632 1468 2208 1544; baseline -0.017 0"><span class='ocrx_word' id='word_1_108' title='bbox 632 1492 774 1544; x_wconf 77' lang='lat' dir='ltr'><strong>nium</strong></span> <span class='ocrx_word' id='word_1_109' title='bbox 804 1489 1088 1542; x_wconf 77' lang='lat' dir='ltr'><strong>deterrima</strong></span> <span class='ocrx_word' id='word_1_110' title='bbox 1125 1487 1208 1540; x_wconf 88' lang='lat' dir='ltr'><strong>sit.</strong></span> <span class='ocrx_word' id='word_1_111' title='bbox 1243 1484 1374 1539; x_wconf 66' lang='lat' dir='ltr'><strong>Nam</strong></span> <span class='ocrx_word' id='word_1_112' title='bbox 1399 1483 1440 1536; x_wconf 93' lang='lat' dir='ltr'><strong>si</strong></span> <span class='ocrx_word' id='word_1_113' title='bbox 1473 1480 1568 1533; x_wconf 88' lang='lat' dir='ltr'><strong>des</strong></span> <span class='ocrx_word' id='word_1_114' title='bbox 1597 1479 2020 1543; x_wconf 82' lang='lat' dir='ltr'><strong>eleemosynam,</strong></span> <span class='ocrx_word' id='word_1_115' title='bbox 2053 1468 2096 1519; x_wconf 94' lang='lat' dir='ltr'><strong>si</strong></span> <span class='ocrx_word' id='word_1_116' title='bbox 2126 1468 2208 1519; x_wconf 73' lang='lat' dir='ltr'><strong>vi-</strong></span> 
     </span>
    </p>
   </div>
   <div class='ocr_carea' id='block_1_16' title="bbox 633 1560 2208 1648">
    <p class='ocr_par' dir='ltr' id='par_1_16' title="bbox 633 1560 2208 1648">
     <span class='ocr_line' id='line_1_16' title="bbox 633 1560 2208 1648; baseline -0.015 -13"><span class='ocrx_word' id='word_1_117' title='bbox 633 1585 794 1647; x_wconf 67' lang='lat' dir='ltr'><strong>giles,</strong></span> <span class='ocrx_word' id='word_1_118' title='bbox 836 1583 876 1636; x_wconf 89' lang='lat' dir='ltr'><strong>si</strong></span> <span class='ocrx_word' id='word_1_119' title='bbox 918 1581 1160 1648; x_wconf 86' lang='lat' dir='ltr'><strong>jejnnes,</strong></span> <span class='ocrx_word' id='word_1_120' title='bbox 1209 1577 1445 1629; x_wconf 85' lang='lat' dir='ltr'><strong>nomium</strong></span> <span class='ocrx_word' id='word_1_121' title='bbox 1493 1568 1935 1627; x_wconf 87' lang='lat' dir='ltr'><strong>seelcratissimus</strong></span> <span class='ocrx_word' id='word_1_122' title='bbox 1962 1576 2050 1624; x_wconf 86' lang='lat' dir='ltr'><strong>es,</strong></span> <span class='ocrx_word' id='word_1_123' title='bbox 2084 1560 2208 1612; x_wconf 90' lang='lat' dir='ltr'><strong>dum</strong></span> 
     </span>
    </p>
   </div>
   <div class='ocr_carea' id='block_1_17' title="bbox 637 1651 2211 1725">
    <p class='ocr_par' dir='ltr' id='par_1_17' title="bbox 637 1651 2211 1725">
     <span class='ocr_line' id='line_1_17' title="bbox 637 1651 2211 1725; baseline -0.015 -2"><span class='ocrx_word' id='word_1_124' title='bbox 637 1673 780 1725; x_wconf 82' lang='lat' dir='ltr'><strong>fratri</strong></span> <span class='ocrx_word' id='word_1_125' title='bbox 811 1671 1033 1724; x_wconf 76' lang='lat' dir='ltr'><strong>invides.</strong></span> <span class='ocrx_word' id='word_1_126' title='bbox 1063 1668 1113 1721; x_wconf 92' lang='lat' dir='ltr'><strong>Id</strong></span> <span class='ocrx_word' id='word_1_127' title='bbox 1142 1668 1223 1720; x_wconf 88' lang='lat' dir='ltr'><strong>vel</strong></span> <span class='ocrx_word' id='word_1_128' title='bbox 1257 1667 1378 1719; x_wconf 87' lang='lat' dir='ltr'><strong>inde</strong></span> <span class='ocrx_word' id='word_1_129' title='bbox 1401 1671 1628 1718; x_wconf 75' lang='lat' dir='ltr'><strong>constat.</strong></span> <span class='ocrx_word' id='word_1_130' title='bbox 1657 1662 1932 1712; x_wconf 81' lang='lat' dir='ltr'><strong>SCOI‘L‘IIIIS</strong></span> <span class='ocrx_word' id='word_1_131' title='bbox 1959 1661 2038 1706; x_wconf 81' lang='lat' dir='ltr'><strong>est</strong></span> <span class='ocrx_word' id='word_1_132' title='bbox 2063 1651 2211 1720; x_wconf 83' lang='lat' dir='ltr'><strong>quis-</strong></span> 
     </span>
    </p>
   </div>
   <div class='ocr_carea' id='block_1_18' title="bbox 636 1745 2210 1831">
    <p class='ocr_par' dir='ltr' id='par_1_18' title="bbox 636 1745 2210 1831">
     <span class='ocr_line' id='line_1_18' title="bbox 636 1745 2210 1831; baseline -0.011 -19"><span class='ocrx_word' id='word_1_133' title='bbox 636 1767 772 1831; x_wconf 80' lang='lat' dir='ltr'><strong>piam</strong></span> <span class='ocrx_word' id='word_1_134' title='bbox 799 1763 934 1831; x_wconf 88' lang='lat' dir='ltr'><strong>apttd</strong></span> <span class='ocrx_word' id='word_1_135' title='bbox 980 1761 1320 1824; x_wconf 86' lang='lat' dir='ltr'><strong>Corinthios;</strong></span> <span class='ocrx_word' id='word_1_136' title='bbox 1365 1757 1456 1812; x_wconf 89' lang='lat' dir='ltr'><strong>sed</strong></span> <span class='ocrx_word' id='word_1_137' title='bbox 1501 1763 1782 1808; x_wconf 84' lang='lat' dir='ltr'><strong>accusatus</strong></span> <span class='ocrx_word' id='word_1_138' title='bbox 1823 1750 1930 1803; x_wconf 89' lang='lat' dir='ltr'><strong>cito</strong></span> <span class='ocrx_word' id='word_1_139' title='bbox 1961 1745 2210 1813; x_wconf 86' lang='lat' dir='ltr'><strong>rcsipuit.</strong></span> 
     </span>
    </p>
   </div>
   <div class='ocr_carea' id='block_1_19' title="bbox 637 1833 2211 1916">
    <p class='ocr_par' dir='ltr' id='par_1_19' title="bbox 637 1833 2211 1916">
     <span class='ocr_line' id='line_1_19' title="bbox 637 1833 2211 1916; baseline -0.014 -8"><span class='ocrx_word' id='word_1_140' title='bbox 637 1855 782 1908; x_wconf 71' lang='grc' dir='ltr'>Λικιιὶ</span> <span class='ocrx_word' id='word_1_141' title='bbox 809 1855 935 1908; x_wconf 87' lang='lat' dir='ltr'><strong>Cain</strong></span> <span class='ocrx_word' id='word_1_142' title='bbox 966 1853 1150 1906; x_wconf 86' lang='lat' dir='ltr'><strong>invidit</strong></span> <span class='ocrx_word' id='word_1_143' title='bbox 1182 1868 1195 1912; x_wconf 86' lang='lat'><strong>;</strong></span> <span class='ocrx_word' id='word_1_144' title='bbox 1231 1861 1286 1904; x_wconf 84' lang='lat' dir='ltr'><strong>ct</strong></span> <span class='ocrx_word' id='word_1_145' title='bbox 1311 1863 1597 1916; x_wconf 84' lang='lat' dir='ltr'><strong>numquam</strong></span> <span class='ocrx_word' id='word_1_146' title='bbox 1626 1842 1938 1899; x_wconf 76' lang='lat' dir='ltr'><strong>emendatus</strong></span> <span class='ocrx_word' id='word_1_147' title='bbox 1967 1846 2085 1898; x_wconf 89' lang='lat' dir='ltr'><strong>est;</strong></span> <span class='ocrx_word' id='word_1_148' title='bbox 2118 1833 2211 1888; x_wconf 80' lang='lat' dir='ltr'><strong>sed</strong></span> 
     </span>
    </p>
   </div>
   <div class='ocr_carea' id='block_1_20' title="bbox 638 1924 2209 2010">
    <p class='ocr_par' dir='ltr' id='par_1_20' title="bbox 638 1924 2209 2010">
     <span class='ocr_line' id='line_1_20' title="bbox 638 1924 2209 2010; baseline -0.015 -14"><span class='ocrx_word' id='word_1_149' title='bbox 638 1951 756 1999; x_wconf 61' lang='grc' dir='ltr'>ιιι-γι</span> <span class='ocrx_word' id='word_1_150' title='bbox 789 1946 924 1997; x_wconf 68' lang='grc' dir='ltr'>υνιις</span> <span class='ocrx_word' id='word_1_151' title='bbox 958 1945 1051 2010; x_wconf 82' lang='lat' dir='ltr'><strong>ipsi</strong></span> <span class='ocrx_word' id='word_1_152' title='bbox 1088 1942 1393 2010; x_wconf 80' lang='lat' dir='ltr'><strong>freptenter</strong></span> <span class='ocrx_word' id='word_1_153' title='bbox 1426 1939 1525 1990; x_wconf 74' lang='lat' dir='ltr'><strong>hoc</strong></span> <span class='ocrx_word' id='word_1_154' title='bbox 1553 1937 1700 1989; x_wconf 86' lang='lat' dir='ltr'><strong>ulcus</strong></span> <span class='ocrx_word' id='word_1_155' title='bbox 1729 1937 2081 1987; x_wconf 80' lang='lat' dir='ltr'><strong>memoraret,</strong></span> <span class='ocrx_word' id='word_1_156' title='bbox 2119 1924 2209 1976; x_wconf 85' lang='lat' dir='ltr'><strong>ille</strong></span> 
     </span>
    </p>
   </div>
   <div class='ocr_carea' id='block_1_21' title="bbox 648 2280 2218 2355">
    <p class='ocr_par' dir='ltr' id='par_1_21' title="bbox 648 2280 2218 2355">
     <span class='ocr_line' id='line_1_21' title="bbox 648 2280 2218 2355; baseline -0.011 -7"><span class='ocrx_word' id='word_1_157' title='bbox 648 2302 704 2348; x_wconf 71' lang='grc' dir='ltr'>Η</span> <span class='ocrx_word' id='word_1_158' title='bbox 768 2298 949 2353; x_wconf 73' lang='lat' dir='ltr'><strong>I&#39;uslcu</strong></span> <span class='ocrx_word' id='word_1_159' title='bbox 990 2298 1171 2348; x_wconf 79' lang='lat' dir='ltr'><strong>iurruit</strong></span> <span class='ocrx_word' id='word_1_160' title='bbox 1206 2314 1314 2348; x_wconf 75' lang='lat' dir='ltr'><strong>rum</strong></span> <span class='ocrx_word' id='word_1_161' title='bbox 1363 2294 1512 2344; x_wconf 74' lang='lat' dir='ltr'><strong>Jrsirs</strong></span> <span class='ocrx_word' id='word_1_162' title='bbox 1541 2311 1589 2341; x_wconf 84' lang='lat' dir='ltr'><strong>tit</strong></span> <span class='ocrx_word' id='word_1_163' title='bbox 1647 2287 1861 2355; x_wconf 71' lang='lat' dir='ltr'><strong>tmtplo.</strong></span> <span class='ocrx_word' id='word_1_164' title='bbox 1896 2294 1940 2336; x_wconf 79' lang='lat' dir='ltr'><strong>et</strong></span> <span class='ocrx_word' id='word_1_165' title='bbox 1973 2283 2102 2335; x_wconf 77' lang='lat' dir='ltr'><strong>(fiin</strong></span> <span class='ocrx_word' id='word_1_166' title='bbox 2129 2280 2174 2333; x_wconf 76' lang='lat' dir='ltr'><strong>ei</strong></span> <span class='ocrx_word' id='word_1_167' title='bbox 2203 2294 2218 2331; x_wconf 87' lang='lat'><em>:</em></span> 
     </span>
    </p>
   </div>
   <div class='ocr_carea' id='block_1_22' title="bbox 715 2371 2221 2453">
    <p class='ocr_par' dir='ltr' id='par_1_22' title="bbox 715 2371 2221 2453">
     <span class='ocr_line' id='line_1_22' title="bbox 715 2371 2221 2453; baseline -0.013 -15"><span class='ocrx_word' id='word_1_168' title='bbox 715 2387 843 2438; x_wconf 65' lang='lat' dir='ltr'><strong>[fere</strong></span> <span class='ocrx_word' id='word_1_169' title='bbox 883 2403 1034 2438; x_wconf 71' lang='lat' dir='ltr'><strong>sanus</strong></span> <span class='ocrx_word' id='word_1_170' title='bbox 1080 2389 1241 2453; x_wconf 78' lang='lat' dir='ltr'><strong>factus</strong></span> <span class='ocrx_word' id='word_1_171' title='bbox 1288 2401 1371 2443; x_wconf 75' lang='lat' dir='ltr'><strong>es;</strong></span> <span class='ocrx_word' id='word_1_172' title='bbox 1399 2385 1507 2452; x_wconf 81' lang='lat' dir='ltr'><strong>jam</strong></span> <span class='ocrx_word' id='word_1_173' title='bbox 1543 2380 1644 2430; x_wconf 84' lang='lat' dir='ltr'><strong>noli</strong></span> <span class='ocrx_word' id='word_1_174' title='bbox 1700 2390 1931 2444; x_wconf 73' lang='lat' dir='ltr'><strong>peccare,</strong></span> <span class='ocrx_word' id='word_1_175' title='bbox 1983 2389 2043 2424; x_wconf 83' lang='lat' dir='ltr'><strong>ne</strong></span> <span class='ocrx_word' id='word_1_176' title='bbox 2084 2371 2221 2423; x_wconf 66' lang='lat' dir='ltr'><strong>dete-</strong></span> 
     </span>
    </p>
   </div>
   <div class='ocr_carea' id='block_1_23' title="bbox 715 2477 1488 2546">
    <p class='ocr_par' dir='ltr' id='par_1_23' title="bbox 715 2477 1488 2546">
     <span class='ocr_line' id='line_1_23' title="bbox 715 2477 1488 2546; baseline -0.008 -16"><span class='ocrx_word' id='word_1_177' title='bbox 715 2482 817 2531; x_wconf 78' lang='lat' dir='ltr'><strong>rius</strong></span> <span class='ocrx_word' id='word_1_178' title='bbox 849 2480 1041 2546; x_wconf 77' lang='lat' dir='ltr'><strong>aliquid</strong></span> <span class='ocrx_word' id='word_1_179' title='bbox 1079 2479 1161 2529; x_wconf 74' lang='lat' dir='ltr'><strong>tibi</strong></span> <span class='ocrx_word' id='word_1_180' title='bbox 1211 2477 1488 2540; x_wconf 70' lang='lat' dir='ltr'><strong>rotatiugat.</strong></span> 
     </span>
    </p>
   </div>
   <div class='ocr_carea' id='block_1_24' title="bbox 721 2557 2225 2640">
    <p class='ocr_par' dir='ltr' id='par_1_24' title="bbox 721 2557 2225 2640">
     <span class='ocr_line' id='line_1_24' title="bbox 721 2557 2225 2640; baseline -0.013 -16"><span class='ocrx_word' id='word_1_181' title='bbox 721 2576 766 2624; x_wconf 81' lang='grc'><strong>1.</strong></span> <span class='ocrx_word' id='word_1_182' title='bbox 805 2571 935 2624; x_wconf 74' lang='lat' dir='ltr'><strong>Deus</strong></span> <span class='ocrx_word' id='word_1_183' title='bbox 967 2588 1146 2640; x_wconf 63' lang='grc' dir='ltr'><strong>(οι-ρων</strong></span> <span class='ocrx_word' id='word_1_184' title='bbox 1177 2570 1390 2637; x_wconf 72' lang='lat' dir='ltr'><strong>castigat</strong></span> <span class='ocrx_word' id='word_1_185' title='bbox 1421 2567 1479 2616; x_wconf 86' lang='lat' dir='ltr'><strong>ob</strong></span> <span class='ocrx_word' id='word_1_186' title='bbox 1514 2567 1694 2616; x_wconf 64' lang='lat' dir='ltr'><strong>animo}</strong></span> <span class='ocrx_word' id='word_1_187' title='bbox 1724 2569 1944 2630; x_wconf 67' lang='lat' dir='ltr'><strong>peccata.</strong></span> <span class='ocrx_word' id='word_1_188' title='bbox 1974 2557 2225 2610; x_wconf 61' lang='grc' dir='ltr'>(ἐσΙιιίιηιιυ</span> 
     </span>
    </p>
   </div>
   <div class='ocr_carea' id='block_1_25' title="bbox 649 2649 2224 2734">
    <p class='ocr_par' dir='ltr' id='par_1_25' title="bbox 649 2649 2224 2734">
     <span class='ocr_line' id='line_1_25' title="bbox 649 2649 2224 2734; baseline -0.009 -18"><span class='ocrx_word' id='word_1_189' title='bbox 649 2667 895 2734; x_wconf 68' lang='lat' dir='ltr'><strong>supplit&#39;irt</strong></span> <span class='ocrx_word' id='word_1_190' title='bbox 941 2676 1127 2717; x_wconf 76' lang='lat' dir='ltr'><strong>(eterna</strong></span> <span class='ocrx_word' id='word_1_191' title='bbox 1157 2671 1268 2715; x_wconf 76' lang='lat' dir='ltr'><strong>sunt</strong></span> <span class='ocrx_word' id='word_1_192' title='bbox 1301 2674 1344 2712; x_wconf 85' lang='lat' dir='ltr'><strong>et</strong></span> <span class='ocrx_word' id='word_1_193' title='bbox 1373 2663 1526 2729; x_wconf 65' lang='lat' dir='ltr'><strong>iusta.</strong></span> <span class='ocrx_word' id='word_1_194' title='bbox 1588 2660 1683 2724; x_wconf 77' lang='lat' dir='ltr'><strong>Qui</strong></span> <span class='ocrx_word' id='word_1_195' title='bbox 1727 2660 1837 2724; x_wconf 82' lang='lat' dir='ltr'><strong>jam</strong></span> <span class='ocrx_word' id='word_1_196' title='bbox 1889 2670 1980 2721; x_wconf 83' lang='lat' dir='ltr'><strong>pro</strong></span> <span class='ocrx_word' id='word_1_197' title='bbox 2011 2649 2224 2721; x_wconf 67' lang='lat' dir='ltr'><strong>percutis</strong></span> 
     </span>
    </p>
   </div>
   <div class='ocr_carea' id='block_1_26' title="bbox 651 2742 2216 2825">
    <p class='ocr_par' dir='ltr' id='par_1_26' title="bbox 651 2742 2216 2825">
     <span class='ocr_line' id='line_1_26' title="bbox 651 2742 2216 2825; baseline -0.013 -14"><span class='ocrx_word' id='word_1_198' title='bbox 651 2761 781 2825; x_wconf 47' lang='lat' dir='ltr'><strong>ﬁeri</strong></span> <span class='ocrx_word' id='word_1_199' title='bbox 804 2761 852 2810; x_wconf 83' lang='lat' dir='ltr'><strong>iu</strong></span> <span class='ocrx_word' id='word_1_200' title='bbox 877 2759 1049 2808; x_wconf 77' lang='lat' dir='ltr'><strong>eadem</strong></span> <span class='ocrx_word' id='word_1_201' title='bbox 1075 2757 1300 2807; x_wconf 74' lang='lat' dir='ltr'><strong>recidunt</strong></span> <span class='ocrx_word' id='word_1_202' title='bbox 1323 2796 1338 2815; x_wconf 82' lang='grc'>,</span> <span class='ocrx_word' id='word_1_203' title='bbox 1366 2755 1577 2822; x_wconf 73' lang='lat' dir='ltr'><strong>nmjores</strong></span> <span class='ocrx_word' id='word_1_204' title='bbox 1600 2751 1788 2801; x_wconf 78' lang='lat' dir='ltr'><strong>dabunt</strong></span> <span class='ocrx_word' id='word_1_205' title='bbox 1817 2764 2004 2816; x_wconf 68' lang='lat' dir='ltr'><strong>pinnas.</strong></span> <span class='ocrx_word' id='word_1_206' title='bbox 2053 2742 2216 2796; x_wconf 72' lang='lat' dir='ltr'><strong>Morbi</strong></span> 
     </span>
    </p>
   </div>
   <div class='ocr_carea' id='block_1_27' title="bbox 654 2839 2223 2914">
    <p class='ocr_par' dir='ltr' id='par_1_27' title="bbox 654 2839 2223 2914">
     <span class='ocr_line' id='line_1_27' title="bbox 654 2839 2223 2914; baseline -0.011 -16"><span class='ocrx_word' id='word_1_207' title='bbox 654 2850 854 2913; x_wconf 69' lang='lat' dir='ltr'><strong>riui-imi</strong></span> <span class='ocrx_word' id='word_1_208' title='bbox 892 2865 949 2900; x_wconf 68' lang='grc' dir='ltr'><strong>σιτ</strong></span> <span class='ocrx_word' id='word_1_209' title='bbox 996 2857 1195 2914; x_wconf 73' lang='lat' dir='ltr'><strong>peccato</strong></span> <span class='ocrx_word' id='word_1_210' title='bbox 1226 2846 1473 2897; x_wconf 79' lang='lat' dir='ltr'><strong>oriuntur.</strong></span> <span class='ocrx_word' id='word_1_211' title='bbox 1509 2872 1574 2880; x_wconf 89' lang='lat'><strong>——</strong></span> <span class='ocrx_word' id='word_1_212' title='bbox 1610 2841 1712 2894; x_wconf 74' lang='lat' dir='ltr'><strong>lies</strong></span> <span class='ocrx_word' id='word_1_213' title='bbox 1744 2839 1917 2906; x_wconf 76' lang='lat' dir='ltr'><strong>gravis</strong></span> <span class='ocrx_word' id='word_1_214' title='bbox 1951 2843 2223 2902; x_wconf 77' lang='lat' dir='ltr'><strong>peccatum</strong></span> 
     </span>
    </p>
   </div>
   <div class='ocr_carea' id='block_1_28' title="bbox 652 2925 2224 3004">
    <p class='ocr_par' dir='ltr' id='par_1_28' title="bbox 652 2925 2224 3004">
     <span class='ocr_line' id='line_1_28' title="bbox 652 2925 2224 3004; baseline -0.011 -16"><span class='ocrx_word' id='word_1_215' title='bbox 652 2951 725 2991; x_wconf 65' lang='lat' dir='ltr'><strong>est</strong></span> <span class='ocrx_word' id='word_1_216' title='bbox 755 2981 769 3001; x_wconf 88' lang='lat'><strong>,</strong></span> <span class='ocrx_word' id='word_1_217' title='bbox 800 2954 883 2990; x_wconf 87' lang='lat' dir='ltr'><strong>res</strong></span> <span class='ocrx_word' id='word_1_218' title='bbox 926 2945 1078 2989; x_wconf 82' lang='lat' dir='ltr'><strong>certe</strong></span> <span class='ocrx_word' id='word_1_219' title='bbox 1115 2935 1289 3004; x_wconf 86' lang='lat' dir='ltr'><strong>gravis</strong></span> <span class='ocrx_word' id='word_1_220' title='bbox 1321 2944 1373 2985; x_wconf 89' lang='lat' dir='ltr'><strong>et</strong></span> <span class='ocrx_word' id='word_1_221' title='bbox 1414 2932 1603 2984; x_wconf 66' lang='lat' dir='ltr'><strong>anitum</strong></span> <span class='ocrx_word' id='word_1_222' title='bbox 1648 2929 1940 2996; x_wconf 73' lang='lat' dir='ltr'><strong>pernicies;</strong></span> <span class='ocrx_word' id='word_1_223' title='bbox 1978 2925 2046 2976; x_wconf 87' lang='lat' dir='ltr'><strong>ita</strong></span> <span class='ocrx_word' id='word_1_224' title='bbox 2079 2932 2131 2973; x_wconf 90' lang='lat' dir='ltr'><strong>ut</strong></span> <span class='ocrx_word' id='word_1_225' title='bbox 2162 2936 2224 2972; x_wconf 80' lang='lat' dir='ltr'><strong>ex</strong></span> 
     </span>
    </p>
   </div>
   <div class='ocr_carea' id='block_1_29' title="bbox 656 3015 2231 3096">
    <p class='ocr_par' dir='ltr' id='par_1_29' title="bbox 656 3015 2231 3096">
     <span class='ocr_line' id='line_1_29' title="bbox 656 3015 2231 3096; baseline -0.011 -15"><span class='ocrx_word' id='word_1_226' title='bbox 656 3031 998 3081; x_wconf 70' lang='lat' dir='ltr'><strong>redundantia</strong></span> <span class='ocrx_word' id='word_1_227' title='bbox 1023 3042 1162 3096; x_wconf 79' lang='lat' dir='ltr'><strong>sa-pe</strong></span> <span class='ocrx_word' id='word_1_228' title='bbox 1189 3027 1346 3078; x_wconf 86' lang='lat' dir='ltr'><strong>etiam</strong></span> <span class='ocrx_word' id='word_1_229' title='bbox 1376 3038 1596 3092; x_wconf 86' lang='lat' dir='ltr'><strong>corpora</strong></span> <span class='ocrx_word' id='word_1_230' title='bbox 1632 3021 1805 3072; x_wconf 77' lang='lat' dir='ltr'><strong>la-dat.</strong></span> <span class='ocrx_word' id='word_1_231' title='bbox 1835 3017 1967 3083; x_wconf 75' lang='lat' dir='ltr'><strong>Quia</strong></span> <span class='ocrx_word' id='word_1_232' title='bbox 2001 3015 2143 3068; x_wconf 88' lang='lat' dir='ltr'><strong>enim</strong></span> <span class='ocrx_word' id='word_1_233' title='bbox 2175 3023 2231 3065; x_wconf 89' lang='lat' dir='ltr'><strong>ut</strong></span> 
     </span>
    </p>
   </div>
   <div class='ocr_carea' id='block_1_30' title="bbox 659 3107 2227 3189">
    <p class='ocr_par' dir='ltr' id='par_1_30' title="bbox 659 3107 2227 3189">
     <span class='ocr_line' id='line_1_30' title="bbox 659 3107 2227 3189; baseline -0.012 -15"><span class='ocrx_word' id='word_1_234' title='bbox 659 3123 938 3189; x_wconf 89' lang='lat' dir='ltr'><strong>plurimum</strong></span> <span class='ocrx_word' id='word_1_235' title='bbox 985 3128 1272 3188; x_wconf 75' lang='lat' dir='ltr'><strong>:rgrotantc</strong></span> <span class='ocrx_word' id='word_1_236' title='bbox 1304 3117 1476 3168; x_wconf 86' lang='lat' dir='ltr'><strong>anima</strong></span> <span class='ocrx_word' id='word_1_237' title='bbox 1498 3156 1512 3176; x_wconf 95' lang='lat'><strong>,</strong></span> <span class='ocrx_word' id='word_1_238' title='bbox 1545 3113 1690 3166; x_wconf 91' lang='lat' dir='ltr'><strong>nullo</strong></span> <span class='ocrx_word' id='word_1_239' title='bbox 1718 3111 1978 3162; x_wconf 77' lang='lat' dir='ltr'><strong>al‘licimur</strong></span> <span class='ocrx_word' id='word_1_240' title='bbox 2005 3107 2188 3158; x_wconf 88' lang='lat' dir='ltr'><strong>dolore</strong></span> <span class='ocrx_word' id='word_1_241' title='bbox 2214 3119 2227 3163; x_wconf 88' lang='lat'><strong>;</strong></span> 
     </span>
    </p>
   </div>
   <div class='ocr_carea' id='block_1_31' title="bbox 655 3198 2231 3282">
    <p class='ocr_par' dir='ltr' id='par_1_31' title="bbox 655 3198 2231 3282">
     <span class='ocr_line' id='line_1_31' title="bbox 655 3198 2231 3282; baseline -0.013 -14"><span class='ocrx_word' id='word_1_242' title='bbox 655 3221 697 3268; x_wconf 74' lang='lat' dir='ltr'><strong>si</strong></span> <span class='ocrx_word' id='word_1_243' title='bbox 725 3233 847 3271; x_wconf 84' lang='lat' dir='ltr'><strong>vero</strong></span> <span class='ocrx_word' id='word_1_244' title='bbox 876 3229 1070 3282; x_wconf 79' lang='lat' dir='ltr'><strong>Corpus</strong></span> <span class='ocrx_word' id='word_1_245' title='bbox 1103 3211 1365 3266; x_wconf 87' lang='lat' dir='ltr'><strong>tantillum</strong></span> <span class='ocrx_word' id='word_1_246' title='bbox 1399 3209 1604 3260; x_wconf 81' lang='lat' dir='ltr'><strong>laboret</strong></span> <span class='ocrx_word' id='word_1_247' title='bbox 1633 3246 1647 3269; x_wconf 93' lang='lat'><strong>,</strong></span> <span class='ocrx_word' id='word_1_248' title='bbox 1677 3218 1887 3256; x_wconf 82' lang='lat' dir='ltr'><strong>oinnem</strong></span> <span class='ocrx_word' id='word_1_249' title='bbox 1917 3198 2231 3252; x_wconf 82' lang='lat' dir='ltr'><strong>adhibemus</strong></span> 
     </span>
    </p>
   </div>
   <div class='ocr_carea' id='block_1_32' title="bbox 656 3286 2229 3375">
    <p class='ocr_par' dir='ltr' id='par_1_32' title="bbox 656 3286 2229 3375">
     <span class='ocr_line' id='line_1_32' title="bbox 656 3286 2229 3375; baseline -0.015 -11"><span class='ocrx_word' id='word_1_250' title='bbox 656 3323 872 3375; x_wconf 79' lang='lat' dir='ltr'><strong>operam</strong></span> <span class='ocrx_word' id='word_1_251' title='bbox 902 3316 956 3358; x_wconf 90' lang='lat' dir='ltr'><strong>ut</strong></span> <span class='ocrx_word' id='word_1_252' title='bbox 987 3307 1156 3374; x_wconf 83' lang='lat' dir='ltr'><strong>ipsum</strong></span> <span class='ocrx_word' id='word_1_253' title='bbox 1188 3302 1254 3356; x_wconf 82' lang='lat' dir='ltr'><strong>ab</strong></span> <span class='ocrx_word' id='word_1_254' title='bbox 1295 3286 1602 3353; x_wconf 85' lang='lat' dir='ltr'><strong>inﬁrmitate</strong></span> <span class='ocrx_word' id='word_1_255' title='bbox 1649 3296 1932 3349; x_wconf 86' lang='lat' dir='ltr'><strong>liberemus</strong></span> <span class='ocrx_word' id='word_1_256' title='bbox 1953 3332 1968 3353; x_wconf 94' lang='lat'><strong>,</strong></span> <span class='ocrx_word' id='word_1_257' title='bbox 1996 3306 2061 3343; x_wconf 86' lang='lat' dir='ltr'><strong>eo</strong></span> <span class='ocrx_word' id='word_1_258' title='bbox 2091 3287 2229 3358; x_wconf 84' lang='lat' dir='ltr'><strong>quod</strong></span> 
     </span>
    </p>
   </div>
   <div class='ocr_carea' id='block_1_33' title="bbox 659 3383 2232 3458">
    <p class='ocr_par' dir='ltr' id='par_1_33' title="bbox 659 3383 2232 3458">
     <span class='ocr_line' id='line_1_33' title="bbox 659 3383 2232 3458; baseline -0.011 -8"><span class='ocrx_word' id='word_1_259' title='bbox 659 3404 798 3453; x_wconf 81' lang='lat' dir='ltr'><strong>illam</strong></span> <span class='ocrx_word' id='word_1_260' title='bbox 823 3399 1146 3456; x_wconf 83' lang='lat' dir='ltr'><strong>sentiamus;</strong></span> <span class='ocrx_word' id='word_1_261' title='bbox 1181 3395 1298 3448; x_wconf 90' lang='lat' dir='ltr'><strong>ideo</strong></span> <span class='ocrx_word' id='word_1_262' title='bbox 1326 3385 1462 3446; x_wconf 82' lang='lat' dir='ltr'><strong>Deus</strong></span> <span class='ocrx_word' id='word_1_263' title='bbox 1484 3404 1680 3458; x_wconf 88' lang='lat' dir='ltr'><strong>corpus</strong></span> <span class='ocrx_word' id='word_1_264' title='bbox 1701 3388 1923 3455; x_wconf 79' lang='lat' dir='ltr'><strong>castigat</strong></span> <span class='ocrx_word' id='word_1_265' title='bbox 1947 3385 2017 3442; x_wconf 86' lang='lat' dir='ltr'><strong>ob</strong></span> <span class='ocrx_word' id='word_1_266' title='bbox 2043 3383 2232 3435; x_wconf 80' lang='lat' dir='ltr'><strong>anima:</strong></span> 
     </span>
    </p>
   </div>
   <div class='ocr_carea' id='block_1_34' title="bbox 660 3470 2232 3558">
    <p class='ocr_par' dir='ltr' id='par_1_34' title="bbox 660 3470 2232 3558">
     <span class='ocr_line' id='line_1_34' title="bbox 660 3470 2232 3558; baseline -0.013 -15"><span class='ocrx_word' id='word_1_267' title='bbox 660 3499 871 3558; x_wconf 85' lang='lat' dir='ltr'><strong>peccata</strong></span> <span class='ocrx_word' id='word_1_268' title='bbox 915 3528 929 3551; x_wconf 96' lang='lat'><strong>,</strong></span> <span class='ocrx_word' id='word_1_269' title='bbox 963 3496 1017 3539; x_wconf 89' lang='lat' dir='ltr'><strong>ut</strong></span> <span class='ocrx_word' id='word_1_270' title='bbox 1061 3484 1326 3539; x_wconf 87' lang='lat' dir='ltr'><strong>inferioris</strong></span> <span class='ocrx_word' id='word_1_271' title='bbox 1368 3481 1532 3550; x_wconf 92' lang='lat' dir='ltr'><strong>partis</strong></span> <span class='ocrx_word' id='word_1_272' title='bbox 1557 3477 1944 3545; x_wconf 68' lang='lat' dir='ltr'><strong>castigatione,</strong></span> <span class='ocrx_word' id='word_1_273' title='bbox 1971 3470 2232 3540; x_wconf 82' lang='lat' dir='ltr'><strong>Superiori</strong></span> 
     </span>
    </p>
   </div>
   <div class='ocr_carea' id='block_1_35' title="bbox 663 3560 2237 3646">
    <p class='ocr_par' dir='ltr' id='par_1_35' title="bbox 663 3560 2237 3646">
     <span class='ocr_line' id='line_1_35' title="bbox 663 3560 2237 3646; baseline -0.01 -18"><span class='ocrx_word' id='word_1_274' title='bbox 663 3580 1015 3634; x_wconf 74' lang='lat' dir='ltr'><strong>valetudinem</strong></span> <span class='ocrx_word' id='word_1_275' title='bbox 1061 3577 1247 3646; x_wconf 84' lang='lat' dir='ltr'><strong>pariat.</strong></span> <span class='ocrx_word' id='word_1_276' title='bbox 1301 3573 1388 3626; x_wconf 77' lang='lat' dir='ltr'><strong>Sic</strong></span> <span class='ocrx_word' id='word_1_277' title='bbox 1417 3583 1467 3624; x_wconf 82' lang='lat' dir='ltr'><strong>et</strong></span> <span class='ocrx_word' id='word_1_278' title='bbox 1499 3569 1634 3638; x_wconf 90' lang='lat' dir='ltr'><strong>apud</strong></span> <span class='ocrx_word' id='word_1_279' title='bbox 1691 3565 2000 3620; x_wconf 70' lang='lat' dir='ltr'><strong>Corinthios</strong></span> <span class='ocrx_word' id='word_1_280' title='bbox 2071 3560 2237 3616; x_wconf 87' lang='lat' dir='ltr'><strong>forni-</strong></span> 
     </span>
    </p>
   </div>
   <div class='ocr_carea' id='block_1_36' title="bbox 661 3654 2233 3729">
    <p class='ocr_par' dir='ltr' id='par_1_36' title="bbox 661 3654 2233 3729">
     <span class='ocr_line' id='line_1_36' title="bbox 661 3654 2233 3729; baseline -0.009 -9"><span class='ocrx_word' id='word_1_281' title='bbox 661 3683 894 3724; x_wconf 61' lang='lat' dir='ltr'><strong>catorem</strong></span> <span class='ocrx_word' id='word_1_282' title='bbox 952 3669 1145 3722; x_wconf 83' lang='lat' dir='ltr'><strong>Paulus</strong></span> <span class='ocrx_word' id='word_1_283' title='bbox 1200 3663 1535 3723; x_wconf 82' lang='lat' dir='ltr'><strong>emendavit,</strong></span> <span class='ocrx_word' id='word_1_284' title='bbox 1596 3676 1688 3729; x_wconf 87' lang='lat' dir='ltr'><strong>per</strong></span> <span class='ocrx_word' id='word_1_285' title='bbox 1737 3659 1914 3712; x_wconf 89' lang='lat' dir='ltr'><strong>carnis</strong></span> <span class='ocrx_word' id='word_1_286' title='bbox 1964 3654 2233 3710; x_wconf 78' lang='lat' dir='ltr'><strong>interitum</strong></span> 
     </span>
    </p>
   </div>
   <div class='ocr_carea' id='block_1_37' title="bbox 663 3751 2238 3816">
    <p class='ocr_par' dir='ltr' id='par_1_37' title="bbox 663 3751 2238 3816">
     <span class='ocr_line' id='line_1_37' title="bbox 663 3751 2238 3816; baseline -0.009 -2"><span class='ocrx_word' id='word_1_287' title='bbox 663 3765 857 3816; x_wconf 69' lang='lat' dir='ltr'><strong>animm</strong></span> <span class='ocrx_word' id='word_1_288' title='bbox 885 3761 1126 3813; x_wconf 77' lang='lat' dir='ltr'><strong>morbum</strong></span> <span class='ocrx_word' id='word_1_289' title='bbox 1152 3757 1428 3811; x_wconf 84' lang='lat' dir='ltr'><strong>cohibens.</strong></span> <span class='ocrx_word' id='word_1_290' title='bbox 1458 3754 1588 3808; x_wconf 84' lang='lat' dir='ltr'><strong>Nam</strong></span> <span class='ocrx_word' id='word_1_291' title='bbox 1619 3754 1823 3805; x_wconf 87' lang='lat' dir='ltr'><strong>invecta</strong></span> <span class='ocrx_word' id='word_1_292' title='bbox 1850 3751 1901 3803; x_wconf 91' lang='lat' dir='ltr'><strong>in</strong></span> <span class='ocrx_word' id='word_1_293' title='bbox 1929 3762 2125 3816; x_wconf 90' lang='lat' dir='ltr'><strong>corpus</strong></span> <span class='ocrx_word' id='word_1_294' title='bbox 2149 3761 2238 3800; x_wconf 89' lang='lat' dir='ltr'><strong>se-</strong></span> 
     </span>
    </p>
   </div>
   <div class='ocr_carea' id='block_1_38' title="bbox 660 3842 2238 3917">
    <p class='ocr_par' dir='ltr' id='par_1_38' title="bbox 660 3842 2238 3917">
     <span class='ocr_line' id='line_1_38' title="bbox 660 3842 2238 3917; baseline -0.006 -15"><span class='ocrx_word' id='word_1_295' title='bbox 660 3855 836 3907; x_wconf 66' lang='lat' dir='ltr'><strong>ctione</strong></span> <span class='ocrx_word' id='word_1_296' title='bbox 857 3895 873 3917; x_wconf 92' lang='lat'><strong>,</strong></span> <span class='ocrx_word' id='word_1_297' title='bbox 896 3853 972 3905; x_wconf 82' lang='lat' dir='ltr'><strong>sic</strong></span> <span class='ocrx_word' id='word_1_298' title='bbox 995 3850 1188 3904; x_wconf 86' lang='lat' dir='ltr'><strong>malum</strong></span> <span class='ocrx_word' id='word_1_299' title='bbox 1213 3847 1523 3915; x_wconf 81' lang='lat' dir='ltr'><strong>compressit</strong></span> <span class='ocrx_word' id='word_1_300' title='bbox 1559 3865 1570 3898; x_wconf 92' lang='lat'>:</span> <span class='ocrx_word' id='word_1_301' title='bbox 1607 3842 1742 3896; x_wconf 91' lang='lat' dir='ltr'><strong>haud</strong></span> <span class='ocrx_word' id='word_1_302' title='bbox 1767 3857 1923 3896; x_wconf 89' lang='lat' dir='ltr'><strong>secus</strong></span> <span class='ocrx_word' id='word_1_303' title='bbox 1945 3855 2102 3910; x_wconf 85' lang='lat' dir='ltr'><strong>quam</strong></span> <span class='ocrx_word' id='word_1_304' title='bbox 2128 3851 2238 3894; x_wconf 86' lang='lat' dir='ltr'><strong>me-</strong></span> 
     </span>
    </p>
   </div>
   <div class='ocr_carea' id='block_1_39' title="bbox 665 3931 2243 4012">
    <p class='ocr_par' dir='ltr' id='par_1_39' title="bbox 665 3931 2243 4012">
     <span class='ocr_line' id='line_1_39' title="bbox 665 3931 2243 4012; baseline -0.01 -15"><span class='ocrx_word' id='word_1_305' title='bbox 665 3948 814 3997; x_wconf 87' lang='lat' dir='ltr'><strong>dicus</strong></span> <span class='ocrx_word' id='word_1_306' title='bbox 845 3943 1096 4012; x_wconf 81' lang='lat' dir='ltr'><strong>optimus,</strong></span> <span class='ocrx_word' id='word_1_307' title='bbox 1126 3940 1212 4009; x_wconf 86' lang='lat' dir='ltr'><strong>qui</strong></span> <span class='ocrx_word' id='word_1_308' title='bbox 1237 3954 1356 3992; x_wconf 88' lang='lat' dir='ltr'><strong>cum</strong></span> <span class='ocrx_word' id='word_1_309' title='bbox 1387 3935 1694 4006; x_wconf 76' lang='lat' dir='ltr'><strong>hydropisin</strong></span> <span class='ocrx_word' id='word_1_310' title='bbox 1724 3942 1813 3986; x_wconf 88' lang='lat' dir='ltr'><strong>aut</strong></span> <span class='ocrx_word' id='word_1_311' title='bbox 1835 3933 2075 4000; x_wconf 87' lang='lat' dir='ltr'><strong>splenem</strong></span> <span class='ocrx_word' id='word_1_312' title='bbox 2105 3931 2243 3984; x_wconf 76' lang='lat' dir='ltr'><strong>inte-</strong></span> 
     </span>
    </p>
   </div>
   <div class='ocr_carea' id='block_1_40' title="bbox 668 4024 2238 4102">
    <p class='ocr_par' dir='ltr' id='par_1_40' title="bbox 668 4024 2238 4102">
     <span class='ocr_line' id='line_1_40' title="bbox 668 4024 2238 4102; baseline -0.008 -14"><span class='ocrx_word' id='word_1_313' title='bbox 668 4038 897 4088; x_wconf 70' lang='lat' dir='ltr'><strong>riorihus</strong></span> <span class='ocrx_word' id='word_1_314' title='bbox 941 4033 1238 4102; x_wconf 87' lang='lat' dir='ltr'><strong>pharmaeis</strong></span> <span class='ocrx_word' id='word_1_315' title='bbox 1265 4047 1368 4084; x_wconf 91' lang='lat' dir='ltr'><strong>non</strong></span> <span class='ocrx_word' id='word_1_316' title='bbox 1401 4029 1594 4082; x_wconf 88' lang='lat' dir='ltr'><strong>ccdcrc</strong></span> <span class='ocrx_word' id='word_1_317' title='bbox 1636 4026 1776 4080; x_wconf 85' lang='lat' dir='ltr'><strong>videt</strong></span> <span class='ocrx_word' id='word_1_318' title='bbox 1802 4067 1817 4090; x_wconf 89' lang='lat'><strong>,</strong></span> <span class='ocrx_word' id='word_1_319' title='bbox 1848 4025 2084 4078; x_wconf 73' lang='lat' dir='ltr'><strong>exterius</strong></span> <span class='ocrx_word' id='word_1_320' title='bbox 2113 4024 2238 4076; x_wconf 88' lang='lat' dir='ltr'><strong>urit.</strong></span> 
     </span>
    </p>
   </div>
   <div class='ocr_carea' id='block_1_41' title="bbox 671 4113 2242 4194">
    <p class='ocr_par' dir='ltr' id='par_1_41' title="bbox 671 4113 2242 4194">
     <span class='ocr_line' id='line_1_41' title="bbox 671 4113 2242 4194; baseline -0.01 -16"><span class='ocrx_word' id='word_1_321' title='bbox 671 4130 761 4181; x_wconf 70' lang='lat' dir='ltr'><strong>Sic</strong></span> <span class='ocrx_word' id='word_1_322' title='bbox 790 4142 910 4194; x_wconf 77' lang='lat' dir='ltr'><strong>erga</strong></span> <span class='ocrx_word' id='word_1_323' title='bbox 943 4123 1286 4193; x_wconf 80' lang='lat' dir='ltr'><strong>paralyticum</strong></span> <span class='ocrx_word' id='word_1_324' title='bbox 1328 4124 1434 4188; x_wconf 83' lang='lat' dir='ltr'><strong>egit</strong></span> <span class='ocrx_word' id='word_1_325' title='bbox 1457 4118 1718 4172; x_wconf 87' lang='lat' dir='ltr'><strong>Christus.</strong></span> <span class='ocrx_word' id='word_1_326' title='bbox 1748 4117 1820 4169; x_wconf 86' lang='lat' dir='ltr'><strong>Ac</strong></span> <span class='ocrx_word' id='word_1_327' title='bbox 1847 4113 1966 4167; x_wconf 87' lang='lat' dir='ltr'><strong>vide</strong></span> <span class='ocrx_word' id='word_1_328' title='bbox 2013 4127 2242 4182; x_wconf 88' lang='lat' dir='ltr'><strong>quomo-</strong></span> 
     </span>
    </p>
   </div>
   <div class='ocr_carea' id='block_1_42' title="bbox 672 4203 2244 4276">
    <p class='ocr_par' dir='ltr' id='par_1_42' title="bbox 672 4203 2244 4276">
     <span class='ocr_line' id='line_1_42' title="bbox 672 4203 2244 4276; baseline -0.011 -9"><span class='ocrx_word' id='word_1_329' title='bbox 672 4219 742 4269; x_wconf 91' lang='lat' dir='ltr'><strong>do</strong></span> <span class='ocrx_word' id='word_1_330' title='bbox 773 4215 822 4270; x_wconf 87' lang='lat' dir='ltr'><strong>id</strong></span> <span class='ocrx_word' id='word_1_331' title='bbox 871 4215 1138 4268; x_wconf 84' lang='lat' dir='ltr'><strong>declaret:</strong></span> <span class='ocrx_word' id='word_1_332' title='bbox 1175 4211 1302 4264; x_wconf 66' lang='lat' dir='ltr'><strong>lfcre</strong></span> <span class='ocrx_word' id='word_1_333' title='bbox 1325 4225 1480 4265; x_wconf 75' lang='lat' dir='ltr'><strong>sanus</strong></span> <span class='ocrx_word' id='word_1_334' title='bbox 1509 4209 1671 4276; x_wconf 77' lang='lat' dir='ltr'><strong>[actus</strong></span> <span class='ocrx_word' id='word_1_335' title='bbox 1691 4222 1743 4258; x_wconf 80' lang='lat' dir='ltr'><strong>es</strong></span> <span class='ocrx_word' id='word_1_336' title='bbox 1765 4221 1781 4266; x_wconf 88' lang='lat'><strong><em>;</em></strong></span> <span class='ocrx_word' id='word_1_337' title='bbox 1799 4208 1910 4273; x_wconf 82' lang='lat' dir='ltr'><strong>jam</strong></span> <span class='ocrx_word' id='word_1_338' title='bbox 1939 4203 2042 4255; x_wconf 83' lang='lat' dir='ltr'><strong>noli</strong></span> <span class='ocrx_word' id='word_1_339' title='bbox 2067 4217 2244 4268; x_wconf 77' lang='lat' dir='ltr'><strong>pecca-</strong></span> 
     </span>
    </p>
   </div>
   <div class='ocr_carea' id='block_1_43' title="bbox 669 4290 2247 4370">
    <p class='ocr_par' dir='ltr' id='par_1_43' title="bbox 669 4290 2247 4370">
     <span class='ocr_line' id='line_1_43' title="bbox 669 4290 2247 4370; baseline -0.01 -10"><span class='ocrx_word' id='word_1_340' title='bbox 669 4326 723 4361; x_wconf 79' lang='lat' dir='ltr'><strong>re</strong></span> <span class='ocrx_word' id='word_1_341' title='bbox 742 4351 754 4370; x_wconf 97' lang='lat'><strong>,</strong></span> <span class='ocrx_word' id='word_1_342' title='bbox 789 4324 847 4359; x_wconf 86' lang='lat' dir='ltr'><strong>uc</strong></span> <span class='ocrx_word' id='word_1_343' title='bbox 877 4307 1094 4357; x_wconf 80' lang='lat' dir='ltr'><strong>deterius</strong></span> <span class='ocrx_word' id='word_1_344' title='bbox 1123 4304 1208 4354; x_wconf 84' lang='lat' dir='ltr'><strong>tibi</strong></span> <span class='ocrx_word' id='word_1_345' title='bbox 1239 4299 1430 4367; x_wconf 84' lang='lat' dir='ltr'><strong>aliquid</strong></span> <span class='ocrx_word' id='word_1_346' title='bbox 1459 4299 1737 4366; x_wconf 83' lang='lat' dir='ltr'><strong>contingat.</strong></span> <span class='ocrx_word' id='word_1_347' title='bbox 1771 4293 1906 4361; x_wconf 82' lang='lat' dir='ltr'><strong>Quid</strong></span> <span class='ocrx_word' id='word_1_348' title='bbox 1935 4294 2094 4362; x_wconf 91' lang='lat' dir='ltr'><strong>igitur</strong></span> <span class='ocrx_word' id='word_1_349' title='bbox 2124 4290 2247 4345; x_wconf 83' lang='lat' dir='ltr'><strong>inde</strong></span> 
     </span>
    </p>
   </div>
   <div class='ocr_carea' id='block_1_44' title="bbox 669 4384 2242 4460">
    <p class='ocr_par' dir='ltr' id='par_1_44' title="bbox 669 4384 2242 4460">
     <span class='ocr_line' id='line_1_44' title="bbox 669 4384 2242 4460; baseline -0.01 -11"><span class='ocrx_word' id='word_1_350' title='bbox 669 4401 942 4453; x_wconf 91' lang='lat' dir='ltr'><strong>discimus.</strong></span> <span class='ocrx_word' id='word_1_351' title='bbox 976 4397 1248 4457; x_wconf 79' lang='lat' dir='ltr'><strong>Primum,</strong></span> <span class='ocrx_word' id='word_1_352' title='bbox 1279 4408 1342 4445; x_wconf 79' lang='lat' dir='ltr'><strong>ex</strong></span> <span class='ocrx_word' id='word_1_353' title='bbox 1376 4398 1593 4460; x_wconf 90' lang='lat' dir='ltr'><strong>peccato</strong></span> <span class='ocrx_word' id='word_1_354' title='bbox 1625 4389 1720 4456; x_wconf 87' lang='lat' dir='ltr'><strong>ipsi</strong></span> <span class='ocrx_word' id='word_1_355' title='bbox 1753 4397 1931 4440; x_wconf 91' lang='lat' dir='ltr'><strong>natum</strong></span> <span class='ocrx_word' id='word_1_356' title='bbox 1963 4384 2242 4443; x_wconf 86' lang='lat' dir='ltr'><strong>morbum;</strong></span> 
     </span>
    </p>
   </div>
   <div class='ocr_carea' id='block_1_45' title="bbox 671 4477 2244 4551">
    <p class='ocr_par' dir='ltr' id='par_1_45' title="bbox 671 4477 2244 4551">
     <span class='ocr_line' id='line_1_45' title="bbox 671 4477 2244 4551; baseline -0.01 -9"><span class='ocrx_word' id='word_1_357' title='bbox 671 4489 939 4551; x_wconf 76' lang='lat' dir='ltr'><strong>secundo,</strong></span> <span class='ocrx_word' id='word_1_358' title='bbox 973 4502 1096 4539; x_wconf 86' lang='lat' dir='ltr'><strong>vere</strong></span> <span class='ocrx_word' id='word_1_359' title='bbox 1149 4483 1470 4538; x_wconf 84' lang='lat' dir='ltr'><strong>credendam</strong></span> <span class='ocrx_word' id='word_1_360' title='bbox 1510 4495 1628 4535; x_wconf 88' lang='lat' dir='ltr'><strong>esse</strong></span> <span class='ocrx_word' id='word_1_361' title='bbox 1672 4479 2001 4547; x_wconf 83' lang='lat' dir='ltr'><strong>gehennam;</strong></span> <span class='ocrx_word' id='word_1_362' title='bbox 2054 4477 2244 4538; x_wconf 85' lang='lat' dir='ltr'><strong>tertio,</strong></span> 
     </span>
    </p>
   </div>
   <div class='ocr_carea' id='block_1_46' title="bbox 671 4567 2240 4644">
    <p class='ocr_par' dir='ltr' id='par_1_46' title="bbox 671 4567 2240 4644">
     <span class='ocr_line' id='line_1_46' title="bbox 671 4567 2240 4644; baseline -0.007 -14"><span class='ocrx_word' id='word_1_363' title='bbox 671 4582 972 4632; x_wconf 88' lang='lat' dir='ltr'><strong>diuturnmn</strong></span> <span class='ocrx_word' id='word_1_364' title='bbox 997 4591 1154 4644; x_wconf 88' lang='lat' dir='ltr'><strong>atque</strong></span> <span class='ocrx_word' id='word_1_365' title='bbox 1179 4583 1486 4643; x_wconf 84' lang='lat' dir='ltr'><strong>perpetuum</strong></span> <span class='ocrx_word' id='word_1_366' title='bbox 1508 4587 1626 4625; x_wconf 88' lang='lat' dir='ltr'><strong>esse</strong></span> <span class='ocrx_word' id='word_1_367' title='bbox 1657 4571 1993 4640; x_wconf 86' lang='lat' dir='ltr'><strong>supplicium.</strong></span> <span class='ocrx_word' id='word_1_368' title='bbox 2015 4567 2240 4622; x_wconf 84' lang='lat' dir='ltr'><strong>Ubinam</strong></span> 
     </span>
    </p>
   </div>
   <div class='ocr_carea' id='block_1_47' title="bbox 672 4660 2246 4737">
    <p class='ocr_par' dir='ltr' id='par_1_47' title="bbox 672 4660 2246 4737">
     <span class='ocr_line' id='line_1_47' title="bbox 672 4660 2246 4737; baseline -0.008 -18"><span class='ocrx_word' id='word_1_369' title='bbox 672 4685 799 4737; x_wconf 73' lang='lat' dir='ltr'><strong>ergo</strong></span> <span class='ocrx_word' id='word_1_370' title='bbox 829 4678 948 4720; x_wconf 89' lang='lat' dir='ltr'><strong>sunt</strong></span> <span class='ocrx_word' id='word_1_371' title='bbox 980 4668 1050 4720; x_wconf 91' lang='lat' dir='ltr'><strong>illi</strong></span> <span class='ocrx_word' id='word_1_372' title='bbox 1083 4667 1168 4735; x_wconf 87' lang='lat' dir='ltr'><strong>qui</strong></span> <span class='ocrx_word' id='word_1_373' title='bbox 1201 4666 1378 4717; x_wconf 81' lang='lat' dir='ltr'><strong>dicunt</strong></span> <span class='ocrx_word' id='word_1_374' title='bbox 1401 4705 1416 4723; x_wconf 91' lang='lat'><strong>,</strong></span> <span class='ocrx_word' id='word_1_375' title='bbox 1449 4665 1603 4716; x_wconf 61' lang='lat' dir='ltr'><strong>&quot;ora:</strong></span> <span class='ocrx_word' id='word_1_376' title='bbox 1634 4663 1789 4714; x_wconf 89' lang='lat' dir='ltr'><strong>unius</strong></span> <span class='ocrx_word' id='word_1_377' title='bbox 1819 4662 1992 4728; x_wconf 89' lang='lat' dir='ltr'><strong>spatio</strong></span> <span class='ocrx_word' id='word_1_378' title='bbox 2033 4660 2203 4712; x_wconf 80' lang='lat' dir='ltr'><strong>occidi</strong></span> <span class='ocrx_word' id='word_1_379' title='bbox 2233 4700 2246 4719; x_wconf 89' lang='lat'><strong>,</strong></span> 
     </span>
    </p>
   </div>
   <div class='ocr_carea' id='block_1_48' title="bbox 676 4751 2250 4828">
    <p class='ocr_par' dir='ltr' id='par_1_48' title="bbox 676 4751 2250 4828">
     <span class='ocr_line' id='line_1_48' title="bbox 676 4751 2250 4828; baseline -0.006 -16"><span class='ocrx_word' id='word_1_380' title='bbox 676 4762 819 4815; x_wconf 86' lang='lat' dir='ltr'><strong>brevi</strong></span> <span class='ocrx_word' id='word_1_381' title='bbox 865 4772 1103 4828; x_wconf 88' lang='lat' dir='ltr'><strong>tempore</strong></span> <span class='ocrx_word' id='word_1_382' title='bbox 1151 4757 1470 4810; x_wconf 87' lang='lat' dir='ltr'><strong>adulterium</strong></span> <span class='ocrx_word' id='word_1_383' title='bbox 1517 4754 1795 4817; x_wconf 88' lang='lat' dir='ltr'><strong>commisi,</strong></span> <span class='ocrx_word' id='word_1_384' title='bbox 1826 4761 1880 4803; x_wconf 87' lang='lat' dir='ltr'><strong>et</strong></span> <span class='ocrx_word' id='word_1_385' title='bbox 1922 4751 2250 4803; x_wconf 81' lang='lat' dir='ltr'><strong>immortales</strong></span> 
     </span>
    </p>
   </div>
   <div class='ocr_carea' id='block_1_49' title="bbox 674 4845 2250 4921">
    <p class='ocr_par' dir='ltr' id='par_1_49' title="bbox 674 4845 2250 4921">
     <span class='ocr_line' id='line_1_49' title="bbox 674 4845 2250 4921; baseline -0.004 -18"><span class='ocrx_word' id='word_1_386' title='bbox 674 4855 811 4906; x_wconf 87' lang='lat' dir='ltr'><strong>dabo</strong></span> <span class='ocrx_word' id='word_1_387' title='bbox 843 4853 1057 4921; x_wconf 78' lang='lat' dir='ltr'><strong>pmnas?</strong></span> <span class='ocrx_word' id='word_1_388' title='bbox 1089 4850 1223 4904; x_wconf 81' lang='lat' dir='ltr'><strong>Ecce</strong></span> <span class='ocrx_word' id='word_1_389' title='bbox 1256 4851 1339 4902; x_wconf 92' lang='lat' dir='ltr'><strong>hic</strong></span> <span class='ocrx_word' id='word_1_390' title='bbox 1371 4863 1473 4902; x_wconf 87' lang='lat' dir='ltr'><strong>non</strong></span> <span class='ocrx_word' id='word_1_391' title='bbox 1515 4857 1589 4900; x_wconf 89' lang='lat' dir='ltr'><strong>tot</strong></span> <span class='ocrx_word' id='word_1_392' title='bbox 1622 4847 1861 4915; x_wconf 85' lang='lat' dir='ltr'><strong>peccavit</strong></span> <span class='ocrx_word' id='word_1_393' title='bbox 1891 4854 2018 4915; x_wconf 91' lang='lat' dir='ltr'><strong>quot</strong></span> <span class='ocrx_word' id='word_1_394' title='bbox 2067 4845 2250 4912; x_wconf 79' lang='lat' dir='ltr'><strong>plexos</strong></span> 
     </span>
    </p>
   </div>
   <div class='ocr_carea' id='block_1_50' title="bbox 674 4926 2252 5007">
    <p class='ocr_par' dir='ltr' id='par_1_50' title="bbox 674 4926 2252 5007">
     <span class='ocr_line' id='line_1_50' title="bbox 674 4926 2252 5007; baseline -0.008 -11"><span class='ocrx_word' id='word_1_395' title='bbox 674 4956 755 4999; x_wconf 75' lang='lat' dir='ltr'><strong>est</strong></span> <span class='ocrx_word' id='word_1_396' title='bbox 784 4946 936 4998; x_wconf 89' lang='lat' dir='ltr'><strong>annis</strong></span> <span class='ocrx_word' id='word_1_397' title='bbox 961 4986 975 5006; x_wconf 91' lang='lat'><strong>,</strong></span> <span class='ocrx_word' id='word_1_398' title='bbox 1008 4953 1054 4996; x_wconf 78' lang='lat' dir='ltr'><strong>et</strong></span> <span class='ocrx_word' id='word_1_399' title='bbox 1093 4946 1142 4994; x_wconf 92' lang='lat' dir='ltr'><strong>in</strong></span> <span class='ocrx_word' id='word_1_400' title='bbox 1193 4941 1542 4995; x_wconf 81' lang='lat' dir='ltr'><strong>diuturnitate</strong></span> <span class='ocrx_word' id='word_1_401' title='bbox 1590 4953 1761 5007; x_wconf 75' lang='lat' dir='ltr'><strong>pmnae</strong></span> <span class='ocrx_word' id='word_1_402' title='bbox 1815 4926 1977 4990; x_wconf 72' lang='lat' dir='ltr'><strong>lotdm</strong></span> <span class='ocrx_word' id='word_1_403' title='bbox 2012 4934 2123 4989; x_wconf 83' lang='lat' dir='ltr'><strong>fere</strong></span> <span class='ocrx_word' id='word_1_404' title='bbox 2157 4934 2252 4987; x_wconf 85' lang='lat' dir='ltr'><strong>ho-</strong></span> 
     </span>
    </p>
   </div>
   <div class='ocr_carea' id='block_1_51' title="bbox 677 5028 2252 5099">
    <p class='ocr_par' dir='ltr' id='par_1_51' title="bbox 677 5028 2252 5099">
     <span class='ocr_line' id='line_1_51' title="bbox 677 5028 2252 5099; baseline -0.008 -10"><span class='ocrx_word' id='word_1_405' title='bbox 677 5038 831 5089; x_wconf 86' lang='lat' dir='ltr'><strong>minis</strong></span> <span class='ocrx_word' id='word_1_406' title='bbox 875 5038 1033 5088; x_wconf 86' lang='lat' dir='ltr'><strong>vitam</strong></span> <span class='ocrx_word' id='word_1_407' title='bbox 1083 5032 1398 5099; x_wconf 83' lang='lat' dir='ltr'><strong>absumpsit.</strong></span> <span class='ocrx_word' id='word_1_408' title='bbox 1446 5028 1557 5082; x_wconf 80' lang='lat' dir='ltr'><strong>Non</strong></span> <span class='ocrx_word' id='word_1_409' title='bbox 1590 5028 1728 5082; x_wconf 91' lang='lat' dir='ltr'><strong>enim</strong></span> <span class='ocrx_word' id='word_1_410' title='bbox 1762 5044 1825 5082; x_wconf 69' lang='lat' dir='ltr'><strong>ex</strong></span> <span class='ocrx_word' id='word_1_411' title='bbox 1860 5037 2098 5094; x_wconf 83' lang='lat' dir='ltr'><strong>tempore</strong></span> <span class='ocrx_word' id='word_1_412' title='bbox 2131 5041 2252 5094; x_wconf 84' lang='lat' dir='ltr'><strong>pec-</strong></span> 
     </span>
    </p>
   </div>
   <div class='ocr_carea' id='block_1_52' title="bbox 675 5119 2250 5190">
    <p class='ocr_par' dir='ltr' id='par_1_52' title="bbox 675 5119 2250 5190">
     <span class='ocr_line' id='line_1_52' title="bbox 675 5119 2250 5190; baseline -0.002 -15"><span class='ocrx_word' id='word_1_413' title='bbox 675 5139 790 5178; x_wconf 72' lang='lat' dir='ltr'><strong>t-ata</strong></span> <span class='ocrx_word' id='word_1_414' title='bbox 822 5128 1033 5179; x_wconf 87' lang='lat' dir='ltr'><strong>metitur</strong></span> <span class='ocrx_word' id='word_1_415' title='bbox 1069 5126 1205 5178; x_wconf 82' lang='lat' dir='ltr'><strong>Deus</strong></span> <span class='ocrx_word' id='word_1_416' title='bbox 1228 5167 1240 5187; x_wconf 94' lang='lat'><strong>,</strong></span> <span class='ocrx_word' id='word_1_417' title='bbox 1269 5122 1360 5176; x_wconf 89' lang='lat' dir='ltr'><strong>sed</strong></span> <span class='ocrx_word' id='word_1_418' title='bbox 1399 5137 1463 5175; x_wconf 78' lang='lat' dir='ltr'><strong>ex</strong></span> <span class='ocrx_word' id='word_1_419' title='bbox 1502 5122 1611 5190; x_wconf 90' lang='lat' dir='ltr'><strong>ipsa</strong></span> <span class='ocrx_word' id='word_1_420' title='bbox 1641 5121 1904 5175; x_wconf 83' lang='lat' dir='ltr'><strong>scelerum</strong></span> <span class='ocrx_word' id='word_1_421' title='bbox 1933 5129 2140 5174; x_wconf 89' lang='lat' dir='ltr'><strong>natura.</strong></span> <span class='ocrx_word' id='word_1_422' title='bbox 2173 5119 2250 5172; x_wconf 81' lang='lat' dir='ltr'><strong>Ad</strong></span> 
     </span>
    </p>
   </div>
   <div class='ocr_carea' id='block_1_53' title="bbox 680 5211 2251 5283">
    <p class='ocr_par' dir='ltr' id='par_1_53' title="bbox 680 5211 2251 5283">
     <span class='ocr_line' id='line_1_53' title="bbox 680 5211 2251 5283; baseline -0.004 -13"><span class='ocrx_word' id='word_1_423' title='bbox 680 5221 791 5270; x_wconf 61' lang='lat' dir='ltr'><strong>ha&#39;e</strong></span> <span class='ocrx_word' id='word_1_424' title='bbox 833 5215 958 5270; x_wconf 92' lang='lat' dir='ltr'><strong>illud</strong></span> <span class='ocrx_word' id='word_1_425' title='bbox 1000 5231 1207 5283; x_wconf 81' lang='lat' dir='ltr'><strong>quoque</strong></span> <span class='ocrx_word' id='word_1_426' title='bbox 1253 5213 1727 5274; x_wconf 88' lang='lat' dir='ltr'><strong>considerandum,</strong></span> <span class='ocrx_word' id='word_1_427' title='bbox 1758 5211 1857 5264; x_wconf 85' lang='lat' dir='ltr'><strong>etsi</strong></span> <span class='ocrx_word' id='word_1_428' title='bbox 1889 5225 2078 5280; x_wconf 81' lang='lat' dir='ltr'><strong>graves</strong></span> <span class='ocrx_word' id='word_1_429' title='bbox 2105 5211 2251 5277; x_wconf 88' lang='lat' dir='ltr'><strong>prio-</strong></span> 
     </span>
    </p>
   </div>
   <div class='ocr_carea' id='block_1_54' title="bbox 680 5301 2254 5374">
    <p class='ocr_par' dir='ltr' id='par_1_54' title="bbox 680 5301 2254 5374">
     <span class='ocr_line' id='line_1_54' title="bbox 680 5301 2254 5374; baseline -0.006 -12"><span class='ocrx_word' id='word_1_430' title='bbox 680 5329 793 5362; x_wconf 88' lang='lat' dir='ltr'><strong>rum</strong></span> <span class='ocrx_word' id='word_1_431' title='bbox 828 5309 1087 5362; x_wconf 83' lang='lat' dir='ltr'><strong>seclerum</strong></span> <span class='ocrx_word' id='word_1_432' title='bbox 1122 5321 1302 5374; x_wconf 74' lang='lat' dir='ltr'><strong>pmnas</strong></span> <span class='ocrx_word' id='word_1_433' title='bbox 1330 5303 1519 5358; x_wconf 89' lang='lat' dir='ltr'><strong>demus</strong></span> <span class='ocrx_word' id='word_1_434' title='bbox 1541 5345 1556 5367; x_wconf 94' lang='lat'><strong>,</strong></span> <span class='ocrx_word' id='word_1_435' title='bbox 1585 5303 1627 5356; x_wconf 88' lang='lat' dir='ltr'><strong>si</strong></span> <span class='ocrx_word' id='word_1_436' title='bbox 1660 5303 1710 5355; x_wconf 93' lang='lat' dir='ltr'><strong>in</strong></span> <span class='ocrx_word' id='word_1_437' title='bbox 1741 5301 1926 5355; x_wconf 89' lang='lat' dir='ltr'><strong>eadem</strong></span> <span class='ocrx_word' id='word_1_438' title='bbox 1963 5310 2142 5370; x_wconf 87' lang='lat' dir='ltr'><strong>postea</strong></span> <span class='ocrx_word' id='word_1_439' title='bbox 2176 5302 2254 5354; x_wconf 84' lang='lat' dir='ltr'><strong>iu-</strong></span> 
     </span>
    </p>
   </div>
   <div class='ocr_carea' id='block_1_55' title="bbox 681 5392 2253 5463">
    <p class='ocr_par' dir='ltr' id='par_1_55' title="bbox 681 5392 2253 5463">
     <span class='ocr_line' id='line_1_55' title="bbox 681 5392 2253 5463; baseline -0.001 -15"><span class='ocrx_word' id='word_1_440' title='bbox 681 5395 918 5451; x_wconf 76' lang='lat' dir='ltr'><strong>t‘idamus</strong></span> <span class='ocrx_word' id='word_1_441' title='bbox 944 5439 958 5460; x_wconf 92' lang='lat'><strong>,</strong></span> <span class='ocrx_word' id='word_1_442' title='bbox 996 5399 1150 5463; x_wconf 75' lang='lat' dir='ltr'><strong>longe</strong></span> <span class='ocrx_word' id='word_1_443' title='bbox 1193 5395 1434 5462; x_wconf 75' lang='lat' dir='ltr'><strong>graviora</strong></span> <span class='ocrx_word' id='word_1_444' title='bbox 1467 5409 1563 5447; x_wconf 88' lang='lat' dir='ltr'><strong>nos</strong></span> <span class='ocrx_word' id='word_1_445' title='bbox 1591 5392 1844 5461; x_wconf 88' lang='lat' dir='ltr'><strong>deinceps</strong></span> <span class='ocrx_word' id='word_1_446' title='bbox 1874 5407 2159 5462; x_wconf 78' lang='lat' dir='ltr'><strong>passuros;</strong></span> <span class='ocrx_word' id='word_1_447' title='bbox 2191 5407 2253 5446; x_wconf 87' lang='lat' dir='ltr'><strong>ac</strong></span> 
     </span>
    </p>
   </div>
   <div class='ocr_carea' id='block_1_56' title="bbox 675 5485 2254 5558">
    <p class='ocr_par' dir='ltr' id='par_1_56' title="bbox 675 5485 2254 5558">
     <span class='ocr_line' id='line_1_56' title="bbox 675 5485 2254 5558; baseline -0.002 -16"><span class='ocrx_word' id='word_1_448' title='bbox 675 5494 792 5558; x_wconf 86' lang='lat' dir='ltr'><strong>jure</strong></span> <span class='ocrx_word' id='word_1_449' title='bbox 825 5492 1032 5545; x_wconf 84' lang='lat' dir='ltr'><strong>merito.</strong></span> <span class='ocrx_word' id='word_1_450' title='bbox 1069 5491 1115 5542; x_wconf 84' lang='lat' dir='ltr'><strong>Is</strong></span> <span class='ocrx_word' id='word_1_451' title='bbox 1145 5489 1286 5542; x_wconf 91' lang='lat' dir='ltr'><strong>enim</strong></span> <span class='ocrx_word' id='word_1_452' title='bbox 1319 5487 1406 5555; x_wconf 90' lang='lat' dir='ltr'><strong>qui</strong></span> <span class='ocrx_word' id='word_1_453' title='bbox 1438 5501 1504 5540; x_wconf 91' lang='lat' dir='ltr'><strong>ne</strong></span> <span class='ocrx_word' id='word_1_454' title='bbox 1531 5486 1792 5554; x_wconf 89' lang='lat' dir='ltr'><strong>supplicio</strong></span> <span class='ocrx_word' id='word_1_455' title='bbox 1818 5485 2032 5554; x_wconf 90' lang='lat' dir='ltr'><strong>quidem</strong></span> <span class='ocrx_word' id='word_1_456' title='bbox 2065 5485 2254 5539; x_wconf 89' lang='lat' dir='ltr'><strong>melior</strong></span> 
     </span>
    </p>
   </div>
   <div class='ocr_carea' id='block_1_57' title="bbox 679 5575 2250 5650">
    <p class='ocr_par' dir='ltr' id='par_1_57' title="bbox 679 5575 2250 5650">
     <span class='ocr_line' id='line_1_57' title="bbox 679 5575 2250 5650; baseline -0.002 -17"><span class='ocrx_word' id='word_1_457' title='bbox 679 5585 941 5646; x_wconf 75' lang='lat' dir='ltr'><strong>etut-itur,</strong></span> <span class='ocrx_word' id='word_1_458' title='bbox 989 5581 1138 5650; x_wconf 85' lang='lat' dir='ltr'><strong>quasi</strong></span> <span class='ocrx_word' id='word_1_459' title='bbox 1189 5577 1432 5647; x_wconf 87' lang='lat' dir='ltr'><strong>stupidus</strong></span> <span class='ocrx_word' id='word_1_460' title='bbox 1480 5575 1692 5629; x_wconf 90' lang='lat' dir='ltr'><strong>demum</strong></span> <span class='ocrx_word' id='word_1_461' title='bbox 1738 5586 1791 5630; x_wconf 88' lang='lat' dir='ltr'><strong>et</strong></span> <span class='ocrx_word' id='word_1_462' title='bbox 1835 5586 2169 5645; x_wconf 77' lang='lat' dir='ltr'><strong>contemptor</strong></span> <span class='ocrx_word' id='word_1_463' title='bbox 2201 5577 2250 5630; x_wconf 91' lang='lat' dir='ltr'><strong>iu</strong></span> 
     </span>
    </p>
   </div>
   <div class='ocr_carea' id='block_1_58' title="bbox 686 5666 2254 5742">
    <p class='ocr_par' dir='ltr' id='par_1_58' title="bbox 686 5666 2254 5742">
     <span class='ocr_line' id='line_1_58' title="bbox 686 5666 2254 5742; baseline -0.004 -14"><span class='ocrx_word' id='word_1_464' title='bbox 686 5676 937 5742; x_wconf 75' lang='lat' dir='ltr'><strong>majorem</strong></span> <span class='ocrx_word' id='word_1_465' title='bbox 967 5675 1190 5727; x_wconf 79' lang='lat' dir='ltr'><strong>ducetur</strong></span> <span class='ocrx_word' id='word_1_466' title='bbox 1214 5670 1527 5724; x_wconf 75' lang='lat' dir='ltr'><strong>cruciatum.</strong></span> <span class='ocrx_word' id='word_1_467' title='bbox 1558 5666 1732 5723; x_wconf 83' lang='lat' dir='ltr'><strong>Semel</strong></span> <span class='ocrx_word' id='word_1_468' title='bbox 1761 5684 1900 5723; x_wconf 84' lang='lat' dir='ltr'><strong>cnim</strong></span> <span class='ocrx_word' id='word_1_469' title='bbox 1933 5669 2137 5741; x_wconf 75' lang='lat' dir='ltr'><strong>lapsum</strong></span> <span class='ocrx_word' id='word_1_470' title='bbox 2162 5670 2254 5722; x_wconf 63' lang='grc' dir='ltr'><strong>ιΙ-υ-</strong></span> 
     </span>
    </p>
   </div>
   <div class='ocr_carea' id='block_1_59' title="bbox 1913 2129 2660 2198">
    <p class='ocr_par' dir='ltr' id='par_1_59' title="bbox 1913 2129 2660 2198">
     <span class='ocr_line' id='line_1_59' title="bbox 1913 2129 2660 2198; baseline -0.016 0"><span class='ocrx_word' id='word_1_471' title='bbox 1913 2133 2248 2198; x_wconf 76' lang='lat' dir='ltr'><strong>HOMILIA</strong></span> <span class='ocrx_word' id='word_1_472' title='bbox 2302 2129 2660 2189; x_wconf 71' lang='lat' dir='ltr'><strong>XXXVII].</strong></span> 
     </span>
    </p>
   </div>
   <div class='ocr_carea' id='block_1_60' title="bbox 3792 243 3905 298">
    <p class='ocr_par' dir='ltr' id='par_1_60' title="bbox 3792 243 3905 298">
     <span class='ocr_line' id='line_1_60' title="bbox 3792 243 3905 298; baseline -0.018 -1"><span class='ocrx_word' id='word_1_473' title='bbox 3792 243 3905 298; x_wconf 64' lang='grc' dir='ltr'><strong>οὶὶὲ</strong></span> 
     </span>
    </p>
   </div>
   <div class='ocr_carea' id='block_1_61' title="bbox 2315 359 3905 437">
    <p class='ocr_par' dir='ltr' id='par_1_61' title="bbox 2315 359 3905 437">
     <span class='ocr_line' id='line_1_61' title="bbox 2315 359 3905 437; baseline -0.007 -15"><span class='ocrx_word' id='word_1_474' title='bbox 2315 367 2483 437; x_wconf 84' lang='lat' dir='ltr'><strong>magis</strong></span> <span class='ocrx_word' id='word_1_475' title='bbox 2515 365 2930 422; x_wconf 81' lang='lat' dir='ltr'><strong>intumescehat.</strong></span> <span class='ocrx_word' id='word_1_476' title='bbox 2976 373 3029 418; x_wconf 85' lang='lat' dir='ltr'><strong>et</strong></span> <span class='ocrx_word' id='word_1_477' title='bbox 3075 362 3139 415; x_wconf 87' lang='lat' dir='ltr'><strong>ad</strong></span> <span class='ocrx_word' id='word_1_478' title='bbox 3187 359 3386 415; x_wconf 68' lang='lat' dir='ltr'><strong>czedcm</strong></span> <span class='ocrx_word' id='word_1_479' title='bbox 3435 359 3789 429; x_wconf 85' lang='lat' dir='ltr'><strong>properabat:</strong></span> <span class='ocrx_word' id='word_1_480' title='bbox 3825 359 3905 411; x_wconf 69' lang='lat' dir='ltr'><strong>ita</strong></span> 
     </span>
    </p>
   </div>
   <div class='ocr_carea' id='block_1_62' title="bbox 2314 450 3908 522">
    <p class='ocr_par' dir='ltr' id='par_1_62' title="bbox 2314 450 3908 522">
     <span class='ocr_line' id='line_1_62' title="bbox 2314 450 3908 522; baseline -0.006 -10"><span class='ocrx_word' id='word_1_481' title='bbox 2314 460 2416 514; x_wconf 88' lang='lat' dir='ltr'><strong>hoe</strong></span> <span class='ocrx_word' id='word_1_482' title='bbox 2442 459 2622 511; x_wconf 86' lang='lat' dir='ltr'><strong>vitium</strong></span> <span class='ocrx_word' id='word_1_483' title='bbox 2649 456 2741 509; x_wconf 90' lang='lat' dir='ltr'><strong>illo</strong></span> <span class='ocrx_word' id='word_1_484' title='bbox 2769 455 2958 509; x_wconf 80' lang='lat' dir='ltr'><strong>fortius</strong></span> <span class='ocrx_word' id='word_1_485' title='bbox 2983 463 3100 518; x_wconf 88' lang='lat' dir='ltr'><strong>est,</strong></span> <span class='ocrx_word' id='word_1_486' title='bbox 3131 468 3304 522; x_wconf 86' lang='lat' dir='ltr'><strong>neque</strong></span> <span class='ocrx_word' id='word_1_487' title='bbox 3335 450 3493 505; x_wconf 81' lang='lat' dir='ltr'><strong>facile</strong></span> <span class='ocrx_word' id='word_1_488' title='bbox 3516 460 3763 513; x_wconf 88' lang='lat' dir='ltr'><strong>curatur,</strong></span> <span class='ocrx_word' id='word_1_489' title='bbox 3795 450 3908 503; x_wconf 81' lang='lat' dir='ltr'><strong>nisi</strong></span> 
     </span>
    </p>
   </div>
   <div class='ocr_carea' id='block_1_63' title="bbox 2311 541 3907 615">
    <p class='ocr_par' dir='ltr' id='par_1_63' title="bbox 2311 541 3907 615">
     <span class='ocr_line' id='line_1_63' title="bbox 2311 541 3907 615; baseline -0.008 -9"><span class='ocrx_word' id='word_1_490' title='bbox 2311 550 2665 606; x_wconf 87' lang='lat' dir='ltr'><strong>attendamus.</strong></span> <span class='ocrx_word' id='word_1_491' title='bbox 2714 548 2985 602; x_wconf 78' lang='lat' dir='ltr'><strong>Radicitus</strong></span> <span class='ocrx_word' id='word_1_492' title='bbox 3028 561 3156 615; x_wconf 79' lang='lat' dir='ltr'><strong>ergo</strong></span> <span class='ocrx_word' id='word_1_493' title='bbox 3196 546 3368 613; x_wconf 87' lang='lat' dir='ltr'><strong>ipsmn</strong></span> <span class='ocrx_word' id='word_1_494' title='bbox 3407 543 3732 604; x_wconf 86' lang='lat' dir='ltr'><strong>evellamus,</strong></span> <span class='ocrx_word' id='word_1_495' title='bbox 3767 541 3907 596; x_wconf 72' lang='lat' dir='ltr'><strong>illud</strong></span> 
     </span>
    </p>
   </div>
   <div class='ocr_carea' id='block_1_64' title="bbox 2311 634 3898 713">
    <p class='ocr_par' dir='ltr' id='par_1_64' title="bbox 2311 634 3898 713">
     <span class='ocr_line' id='line_1_64' title="bbox 2311 634 3898 713; baseline -0.008 -16"><span class='ocrx_word' id='word_1_496' title='bbox 2311 645 2642 713; x_wconf 75' lang='lat' dir='ltr'><strong>cogitantes,</strong></span> <span class='ocrx_word' id='word_1_497' title='bbox 2686 654 2783 692; x_wconf 90' lang='lat' dir='ltr'><strong>nos</strong></span> <span class='ocrx_word' id='word_1_498' title='bbox 2815 647 2871 691; x_wconf 92' lang='lat' dir='ltr'><strong>nt</strong></span> <span class='ocrx_word' id='word_1_499' title='bbox 2903 639 3066 691; x_wconf 86' lang='lat' dir='ltr'><strong>Deum</strong></span> <span class='ocrx_word' id='word_1_500' title='bbox 3115 635 3438 690; x_wconf 83' lang='lat' dir='ltr'><strong>offendimus</strong></span> <span class='ocrx_word' id='word_1_501' title='bbox 3461 676 3476 697; x_wconf 95' lang='lat'><strong>,</strong></span> <span class='ocrx_word' id='word_1_502' title='bbox 3505 634 3630 686; x_wconf 90' lang='lat' dir='ltr'><strong>dum</strong></span> <span class='ocrx_word' id='word_1_503' title='bbox 3661 635 3898 687; x_wconf 84' lang='lat' dir='ltr'><strong>aliorum</strong></span> 
     </span>
    </p>
   </div>
   <div class='ocr_carea' id='block_1_65' title="bbox 2315 727 3903 795">
    <p class='ocr_par' dir='ltr' id='par_1_65' title="bbox 2315 727 3903 795">
     <span class='ocr_line' id='line_1_65' title="bbox 2315 727 3903 795; baseline -0.006 -11"><span class='ocrx_word' id='word_1_504' title='bbox 2315 733 2469 787; x_wconf 84' lang='lat' dir='ltr'><strong>benis</strong></span> <span class='ocrx_word' id='word_1_505' title='bbox 2501 729 2834 793; x_wconf 84' lang='lat' dir='ltr'><strong>invidemus,</strong></span> <span class='ocrx_word' id='word_1_506' title='bbox 2869 728 2939 782; x_wconf 75' lang='lat' dir='ltr'><strong>ita</strong></span> <span class='ocrx_word' id='word_1_507' title='bbox 2985 727 3254 795; x_wconf 82' lang='lat' dir='ltr'><strong>placemus</strong></span> <span class='ocrx_word' id='word_1_508' title='bbox 3287 727 3383 795; x_wconf 83' lang='lat' dir='ltr'><strong>ipsi</strong></span> <span class='ocrx_word' id='word_1_509' title='bbox 3410 767 3426 791; x_wconf 87' lang='lat'><strong>,</strong></span> <span class='ocrx_word' id='word_1_510' title='bbox 3459 741 3579 779; x_wconf 91' lang='lat' dir='ltr'><strong>cum</strong></span> <span class='ocrx_word' id='word_1_511' title='bbox 3607 735 3903 795; x_wconf 79' lang='lat' dir='ltr'><strong>congratu-</strong></span> 
     </span>
    </p>
   </div>
   <div class='ocr_carea' id='block_1_66' title="bbox 2317 820 3910 891">
    <p class='ocr_par' dir='ltr' id='par_1_66' title="bbox 2317 820 3910 891">
     <span class='ocr_line' id='line_1_66' title="bbox 2317 820 3910 891; baseline -0.006 -9"><span class='ocrx_word' id='word_1_512' title='bbox 2317 829 2488 882; x_wconf 75' lang='lat' dir='ltr'><strong>lamur</strong></span> <span class='ocrx_word' id='word_1_513' title='bbox 2507 867 2522 891; x_wconf 95' lang='lat'><strong>,</strong></span> <span class='ocrx_word' id='word_1_514' title='bbox 2550 835 2604 879; x_wconf 89' lang='lat' dir='ltr'><strong>et</strong></span> <span class='ocrx_word' id='word_1_515' title='bbox 2629 826 2699 878; x_wconf 90' lang='lat' dir='ltr'><strong>ita</strong></span> <span class='ocrx_word' id='word_1_516' title='bbox 2731 832 3014 876; x_wconf 86' lang='lat' dir='ltr'><strong>consortes</strong></span> <span class='ocrx_word' id='word_1_517' title='bbox 3038 820 3303 875; x_wconf 86' lang='lat' dir='ltr'><strong>efficimur</strong></span> <span class='ocrx_word' id='word_1_518' title='bbox 3326 821 3588 873; x_wconf 89' lang='lat' dir='ltr'><strong>bonorum</strong></span> <span class='ocrx_word' id='word_1_519' title='bbox 3609 835 3730 888; x_wconf 75' lang='lat' dir='ltr'><strong>qua:</strong></span> <span class='ocrx_word' id='word_1_520' title='bbox 3755 827 3910 872; x_wconf 80' lang='lat' dir='ltr'><strong>recte</strong></span> 
     </span>
    </p>
   </div>
   <div class='ocr_carea' id='block_1_67' title="bbox 2317 911 3914 987">
    <p class='ocr_par' dir='ltr' id='par_1_67' title="bbox 2317 911 3914 987">
     <span class='ocr_line' id='line_1_67' title="bbox 2317 911 3914 987; baseline -0.006 -17"><span class='ocrx_word' id='word_1_521' title='bbox 2317 919 2554 987; x_wconf 69' lang='lat' dir='ltr'><strong>aperanti</strong></span> <span class='ocrx_word' id='word_1_522' title='bbox 2585 927 2766 987; x_wconf 89' lang='lat' dir='ltr'><strong>parata</strong></span> <span class='ocrx_word' id='word_1_523' title='bbox 2797 924 2942 970; x_wconf 89' lang='lat' dir='ltr'><strong>sunt.</strong></span> <span class='ocrx_word' id='word_1_524' title='bbox 2978 914 3104 969; x_wconf 91' lang='lat' dir='ltr'><strong>Ideo</strong></span> <span class='ocrx_word' id='word_1_525' title='bbox 3130 913 3328 967; x_wconf 85' lang='lat' dir='ltr'><strong>Paulus</strong></span> <span class='ocrx_word' id='word_1_526' title='bbox 3357 912 3632 973; x_wconf 88' lang='lat' dir='ltr'><strong>hortatur,</strong></span> <span class='ocrx_word' id='word_1_527' title='bbox 3667 911 3914 963; x_wconf 62' lang='grc' dir='ltr'><strong>(ἐσπᾶσι-ε</strong></span> 
     </span>
    </p>
   </div>
   <div class='ocr_carea' id='block_1_68' title="bbox 2312 1003 3907 1079">
    <p class='ocr_par' dir='ltr' id='par_1_68' title="bbox 2312 1003 3907 1079">
     <span class='ocr_line' id='line_1_68' title="bbox 2312 1003 3907 1079; baseline -0.004 -17"><span class='ocrx_word' id='word_1_528' title='bbox 2312 1027 2424 1062; x_wconf 80' lang='lat' dir='ltr'><strong>cuni</strong></span> <span class='ocrx_word' id='word_1_529' title='bbox 2447 1009 2796 1079; x_wconf 79' lang='lat' dir='ltr'><strong>gaudentibus,</strong></span> <span class='ocrx_word' id='word_1_530' title='bbox 2817 1018 2862 1060; x_wconf 87' lang='lat' dir='ltr'><strong>et</strong></span> <span class='ocrx_word' id='word_1_531' title='bbox 2884 1008 3010 1074; x_wconf 79' lang='lat' dir='ltr'><strong>ﬂere</strong></span> <span class='ocrx_word' id='word_1_532' title='bbox 3031 1022 3143 1059; x_wconf 85' lang='lat' dir='ltr'><strong>cum</strong></span> <span class='ocrx_word' id='word_1_533' title='bbox 3164 1005 3400 1073; x_wconf 78' lang='lat' dir='ltr'><strong>ﬂentibus</strong></span> <span class='ocrx_word' id='word_1_534' title='bbox 3426 1004 3443 1069; x_wconf 97' lang='lat'>(</span> <span class='ocrx_word' id='word_1_535' title='bbox 3471 1003 3619 1056; x_wconf 78' lang='lat' dir='ltr'><strong>Rom.</strong></span> <span class='ocrx_word' id='word_1_536' title='bbox 3648 1003 3735 1056; x_wconf 64' lang='grc' dir='ltr'><strong>ιε.</strong></span> <span class='ocrx_word' id='word_1_537' title='bbox 3763 1003 3862 1055; x_wconf 78' lang='lat' dir='ltr'><strong>l5l</strong></span> <span class='ocrx_word' id='word_1_538' title='bbox 3891 1019 3907 1061; x_wconf 90' lang='lat'><strong>;</strong></span> 
     </span>
    </p>
   </div>
   <div class='ocr_carea' id='block_1_69' title="bbox 2315 1090 3909 1168">
    <p class='ocr_par' dir='ltr' id='par_1_69' title="bbox 2315 1090 3909 1168">
     <span class='ocr_line' id='line_1_69' title="bbox 2315 1090 3909 1168; baseline -0.006 -15"><span class='ocrx_word' id='word_1_539' title='bbox 2315 1110 2363 1153; x_wconf 89' lang='lat' dir='ltr'><strong>ut</strong></span> <span class='ocrx_word' id='word_1_540' title='bbox 2403 1115 2650 1168; x_wconf 78' lang='lat' dir='ltr'><strong>magnum</strong></span> <span class='ocrx_word' id='word_1_541' title='bbox 2689 1101 2936 1167; x_wconf 73' lang='lat' dir='ltr'><strong>utrinque</strong></span> <span class='ocrx_word' id='word_1_542' title='bbox 2966 1097 3168 1151; x_wconf 89' lang='lat' dir='ltr'><strong>lucrum</strong></span> <span class='ocrx_word' id='word_1_543' title='bbox 3203 1106 3557 1164; x_wconf 84' lang='lat' dir='ltr'><strong>rcportemns.</strong></span> <span class='ocrx_word' id='word_1_544' title='bbox 3588 1090 3909 1163; x_wconf 77' lang='lat' dir='ltr'><strong>Cogitantcs</strong></span> 
     </span>
    </p>
   </div>
   <div class='ocr_carea' id='block_1_70' title="bbox 2315 1186 3905 1257">
    <p class='ocr_par' dir='ltr' id='par_1_70' title="bbox 2315 1186 3905 1257">
     <span class='ocr_line' id='line_1_70' title="bbox 2315 1186 3905 1257; baseline -0.005 -11"><span class='ocrx_word' id='word_1_545' title='bbox 2315 1193 2508 1257; x_wconf 67' lang='lat' dir='ltr'><strong>igitur,</strong></span> <span class='ocrx_word' id='word_1_546' title='bbox 2541 1191 2640 1244; x_wconf 89' lang='lat' dir='ltr'><strong>etsi</strong></span> <span class='ocrx_word' id='word_1_547' title='bbox 2680 1206 2783 1243; x_wconf 91' lang='lat' dir='ltr'><strong>non</strong></span> <span class='ocrx_word' id='word_1_548' title='bbox 2808 1191 3141 1251; x_wconf 88' lang='lat' dir='ltr'><strong>laboremus,</strong></span> <span class='ocrx_word' id='word_1_549' title='bbox 3174 1187 3216 1241; x_wconf 89' lang='lat' dir='ltr'><strong>si</strong></span> <span class='ocrx_word' id='word_1_550' title='bbox 3246 1201 3368 1257; x_wconf 86' lang='lat' dir='ltr'><strong>erga</strong></span> <span class='ocrx_word' id='word_1_551' title='bbox 3394 1186 3724 1239; x_wconf 88' lang='lat' dir='ltr'><strong>laborantem</strong></span> <span class='ocrx_word' id='word_1_552' title='bbox 3753 1193 3905 1238; x_wconf 79' lang='lat' dir='ltr'><strong>rer-te</strong></span> 
     </span>
    </p>
   </div>
   <div class='ocr_carea' id='block_1_71' title="bbox 2313 1274 3902 1346">
    <p class='ocr_par' dir='ltr' id='par_1_71' title="bbox 2313 1274 3902 1346">
     <span class='ocr_line' id='line_1_71' title="bbox 2313 1274 3902 1346; baseline -0.006 -10"><span class='ocrx_word' id='word_1_553' title='bbox 2313 1283 2648 1344; x_wconf 81' lang='lat' dir='ltr'><strong>aftirianmr,</strong></span> <span class='ocrx_word' id='word_1_554' title='bbox 2683 1283 2822 1336; x_wconf 87' lang='lat' dir='ltr'><strong>illius</strong></span> <span class='ocrx_word' id='word_1_555' title='bbox 2868 1295 2967 1333; x_wconf 90' lang='lat' dir='ltr'><strong>nos</strong></span> <span class='ocrx_word' id='word_1_556' title='bbox 3015 1293 3336 1333; x_wconf 85' lang='lat' dir='ltr'><strong>coronarum</strong></span> <span class='ocrx_word' id='word_1_557' title='bbox 3381 1277 3667 1346; x_wconf 88' lang='lat' dir='ltr'><strong>participes</strong></span> <span class='ocrx_word' id='word_1_558' title='bbox 3719 1274 3859 1328; x_wconf 80' lang='lat' dir='ltr'><strong>eliit&#39;i</strong></span> <span class='ocrx_word' id='word_1_559' title='bbox 3886 1317 3902 1336; x_wconf 91' lang='lat'><strong>,</strong></span> 
     </span>
    </p>
   </div>
   <div class='ocr_carea' id='block_1_72' title="bbox 2316 1367 3898 1441">
    <p class='ocr_par' dir='ltr' id='par_1_72' title="bbox 2316 1367 3898 1441">
     <span class='ocr_line' id='line_1_72' title="bbox 2316 1367 3898 1441; baseline -0.008 -13"><span class='ocrx_word' id='word_1_560' title='bbox 2316 1375 2538 1428; x_wconf 81' lang='lat' dir='ltr'><strong>livorem</strong></span> <span class='ocrx_word' id='word_1_561' title='bbox 2585 1389 2801 1426; x_wconf 88' lang='lat' dir='ltr'><strong>omnem</strong></span> <span class='ocrx_word' id='word_1_562' title='bbox 2848 1372 3160 1441; x_wconf 84' lang='lat' dir='ltr'><strong>ejiciamus,</strong></span> <span class='ocrx_word' id='word_1_563' title='bbox 3205 1380 3260 1424; x_wconf 91' lang='lat' dir='ltr'><strong>et</strong></span> <span class='ocrx_word' id='word_1_564' title='bbox 3293 1371 3568 1424; x_wconf 85' lang='lat' dir='ltr'><strong>caritatem</strong></span> <span class='ocrx_word' id='word_1_565' title='bbox 3601 1367 3652 1420; x_wconf 91' lang='lat' dir='ltr'><strong>in</strong></span> <span class='ocrx_word' id='word_1_566' title='bbox 3698 1367 3898 1419; x_wconf 81' lang='lat' dir='ltr'><strong>animis</strong></span> 
     </span>
    </p>
   </div>
   <div class='ocr_carea' id='block_1_73' title="bbox 2315 1459 3913 1530">
    <p class='ocr_par' dir='ltr' id='par_1_73' title="bbox 2315 1459 3913 1530">
     <span class='ocr_line' id='line_1_73' title="bbox 2315 1459 3913 1530; baseline -0.004 -14"><span class='ocrx_word' id='word_1_567' title='bbox 2315 1464 2514 1517; x_wconf 90' lang='lat' dir='ltr'><strong>nostris</strong></span> <span class='ocrx_word' id='word_1_568' title='bbox 2561 1463 2888 1525; x_wconf 84' lang='lat' dir='ltr'><strong>inseramus;</strong></span> <span class='ocrx_word' id='word_1_569' title='bbox 2924 1472 2980 1514; x_wconf 92' lang='lat' dir='ltr'><strong>ut</strong></span> <span class='ocrx_word' id='word_1_570' title='bbox 3009 1460 3133 1514; x_wconf 91' lang='lat' dir='ltr'><strong>dum</strong></span> <span class='ocrx_word' id='word_1_571' title='bbox 3167 1459 3421 1514; x_wconf 88' lang='lat' dir='ltr'><strong>fratribus</strong></span> <span class='ocrx_word' id='word_1_572' title='bbox 3453 1459 3708 1530; x_wconf 60' lang='lat' dir='ltr'><strong>prieclare</strong></span> <span class='ocrx_word' id='word_1_573' title='bbox 3742 1473 3913 1526; x_wconf 76' lang='lat' dir='ltr'><strong>agen-</strong></span> 
     </span>
    </p>
   </div>
   <div class='ocr_carea' id='block_1_74' title="bbox 2319 1553 3914 1623">
    <p class='ocr_par' dir='ltr' id='par_1_74' title="bbox 2319 1553 3914 1623">
     <span class='ocr_line' id='line_1_74' title="bbox 2319 1553 3914 1623; baseline -0.003 -17"><span class='ocrx_word' id='word_1_574' title='bbox 2319 1556 2457 1607; x_wconf 72' lang='lat' dir='ltr'><strong>Ii&quot;&#39;ts</strong></span> <span class='ocrx_word' id='word_1_575' title='bbox 2487 1555 2808 1623; x_wconf 81' lang='lat' dir='ltr'><strong>plaudiuius,</strong></span> <span class='ocrx_word' id='word_1_576' title='bbox 2841 1562 2896 1606; x_wconf 91' lang='lat' dir='ltr'><strong>ct</strong></span> <span class='ocrx_word' id='word_1_577' title='bbox 2926 1553 3211 1621; x_wconf 64' lang='lat' dir='ltr'><strong>praesentia</strong></span> <span class='ocrx_word' id='word_1_578' title='bbox 3234 1563 3286 1606; x_wconf 87' lang='lat' dir='ltr'><strong>et</strong></span> <span class='ocrx_word' id='word_1_579' title='bbox 3314 1553 3487 1604; x_wconf 86' lang='lat' dir='ltr'><strong>futura</strong></span> <span class='ocrx_word' id='word_1_580' title='bbox 3512 1566 3914 1619; x_wconf 84' lang='lat' dir='ltr'><strong>consequamur</strong></span> 
     </span>
    </p>
   </div>
   <div class='ocr_carea' id='block_1_75' title="bbox 2317 1644 3908 1716">
    <p class='ocr_par' dir='ltr' id='par_1_75' title="bbox 2317 1644 3908 1716">
     <span class='ocr_line' id='line_1_75' title="bbox 2317 1644 3908 1716; baseline -0.002 -17"><span class='ocrx_word' id='word_1_581' title='bbox 2317 1647 2454 1699; x_wconf 86' lang='lat' dir='ltr'><strong>bona</strong></span> <span class='ocrx_word' id='word_1_582' title='bbox 2475 1689 2491 1709; x_wconf 85' lang='lat'><strong>,</strong></span> <span class='ocrx_word' id='word_1_583' title='bbox 2519 1649 2687 1716; x_wconf 86' lang='lat' dir='ltr'><strong>gratia</strong></span> <span class='ocrx_word' id='word_1_584' title='bbox 2713 1657 2768 1700; x_wconf 86' lang='lat' dir='ltr'><strong>et</strong></span> <span class='ocrx_word' id='word_1_585' title='bbox 2799 1648 3124 1715; x_wconf 80' lang='lat' dir='ltr'><strong>benignitate</strong></span> <span class='ocrx_word' id='word_1_586' title='bbox 3157 1646 3364 1700; x_wconf 87' lang='lat' dir='ltr'><strong>Domini</strong></span> <span class='ocrx_word' id='word_1_587' title='bbox 3399 1646 3566 1699; x_wconf 89' lang='lat' dir='ltr'><strong>nostri</strong></span> <span class='ocrx_word' id='word_1_588' title='bbox 3594 1645 3720 1698; x_wconf 81' lang='lat' dir='ltr'><strong>.lesu</strong></span> <span class='ocrx_word' id='word_1_589' title='bbox 3748 1644 3908 1696; x_wconf 69' lang='lat' dir='ltr'><strong>libri-</strong></span> 
     </span>
    </p>
   </div>
   <div class='ocr_carea' id='block_1_76' title="bbox 2317 1723 3895 1808">
    <p class='ocr_par' dir='ltr' id='par_1_76' title="bbox 2317 1723 3895 1808">
     <span class='ocr_line' id='line_1_76' title="bbox 2317 1723 3895 1808; baseline -0.004 -15"><span class='ocrx_word' id='word_1_590' title='bbox 2317 1742 2417 1802; x_wconf 87' lang='lat' dir='ltr'><strong>sti,</strong></span> <span class='ocrx_word' id='word_1_591' title='bbox 2451 1756 2543 1808; x_wconf 86' lang='lat' dir='ltr'><strong>per</strong></span> <span class='ocrx_word' id='word_1_592' title='bbox 2572 1753 2728 1807; x_wconf 79' lang='lat' dir='ltr'><strong>quem</strong></span> <span class='ocrx_word' id='word_1_593' title='bbox 2756 1749 2811 1791; x_wconf 90' lang='lat' dir='ltr'><strong>ct</strong></span> <span class='ocrx_word' id='word_1_594' title='bbox 2838 1754 2958 1792; x_wconf 90' lang='lat' dir='ltr'><strong>cum</strong></span> <span class='ocrx_word' id='word_1_595' title='bbox 3003 1754 3109 1808; x_wconf 86' lang='lat' dir='ltr'><strong>quo</strong></span> <span class='ocrx_word' id='word_1_596' title='bbox 3139 1738 3280 1792; x_wconf 88' lang='lat' dir='ltr'><strong>Patri</strong></span> <span class='ocrx_word' id='word_1_597' title='bbox 3300 1737 3466 1808; x_wconf 85' lang='lat' dir='ltr'><strong>gloria</strong></span> <span class='ocrx_word' id='word_1_598' title='bbox 3485 1779 3499 1800; x_wconf 88' lang='lat'><strong>,</strong></span> <span class='ocrx_word' id='word_1_599' title='bbox 3530 1752 3740 1806; x_wconf 84' lang='lat' dir='ltr'><strong>unaque</strong></span> <span class='ocrx_word' id='word_1_600' title='bbox 3770 1723 3895 1801; x_wconf 83' lang='lat' dir='ltr'><strong>Spi-</strong></span> 
     </span>
    </p>
   </div>
   <div class='ocr_carea' id='block_1_77' title="bbox 2321 1827 3914 1898">
    <p class='ocr_par' dir='ltr' id='par_1_77' title="bbox 2321 1827 3914 1898">
     <span class='ocr_line' id='line_1_77' title="bbox 2321 1827 3914 1898; baseline -0.001 -15"><span class='ocrx_word' id='word_1_601' title='bbox 2321 1831 2440 1883; x_wconf 88' lang='lat' dir='ltr'><strong>ritui</strong></span> <span class='ocrx_word' id='word_1_602' title='bbox 2483 1838 2668 1883; x_wconf 88' lang='lat' dir='ltr'><strong>sancto</strong></span> <span class='ocrx_word' id='word_1_603' title='bbox 2689 1871 2703 1892; x_wconf 87' lang='lat'><strong>,</strong></span> <span class='ocrx_word' id='word_1_604' title='bbox 2739 1845 2879 1884; x_wconf 90' lang='lat' dir='ltr'><strong>nunc</strong></span> <span class='ocrx_word' id='word_1_605' title='bbox 2910 1839 2963 1883; x_wconf 90' lang='lat' dir='ltr'><strong>et</strong></span> <span class='ocrx_word' id='word_1_606' title='bbox 2993 1844 3206 1898; x_wconf 83' lang='lat' dir='ltr'><strong>semper</strong></span> <span class='ocrx_word' id='word_1_607' title='bbox 3228 1869 3245 1895; x_wconf 90' lang='lat'><strong>,</strong></span> <span class='ocrx_word' id='word_1_608' title='bbox 3277 1840 3329 1882; x_wconf 91' lang='lat' dir='ltr'><strong>et</strong></span> <span class='ocrx_word' id='word_1_609' title='bbox 3362 1829 3412 1881; x_wconf 92' lang='lat' dir='ltr'><strong>in</strong></span> <span class='ocrx_word' id='word_1_610' title='bbox 3444 1828 3636 1882; x_wconf 80' lang='lat' dir='ltr'><strong>sa-cula</strong></span> <span class='ocrx_word' id='word_1_611' title='bbox 3680 1827 3914 1883; x_wconf 61' lang='lat' dir='ltr'><strong>seculo-</strong></span> 
     </span>
    </p>
   </div>
   <div class='ocr_carea' id='block_1_78' title="bbox 2323 1924 2680 1974">
    <p class='ocr_par' dir='ltr' id='par_1_78' title="bbox 2323 1924 2680 1974">
     <span class='ocr_line' id='line_1_78' title="bbox 2323 1924 2680 1974; baseline 0.003 -3"><span class='ocrx_word' id='word_1_612' title='bbox 2323 1938 2456 1974; x_wconf 79' lang='lat' dir='ltr'><strong>t&#39;ntu.</strong></span> <span class='ocrx_word' id='word_1_613' title='bbox 2495 1924 2680 1973; x_wconf 60' lang='lat' dir='ltr'><strong>.‘lllt‘ll.</strong></span> 
     </span>
    </p>
   </div>
   <div class='ocr_carea' id='block_1_79' title="bbox 2546 2053 2656 2063">
    <p class='ocr_par' dir='ltr' id='par_1_79' title="bbox 2546 2053 2656 2063">
     <span class='ocr_line' id='line_1_79' title="bbox 2546 2053 2656 2063; baseline -0.009 0"><span class='ocrx_word' id='word_1_614' title='bbox 2546 2058 2578 2062; x_wconf 83' lang='lat'><strong>—..</strong></span> <span class='ocrx_word' id='word_1_615' title='bbox 2603 2053 2656 2063; x_wconf 49' lang='grc' dir='ltr'><strong>ιι</strong></span> 
     </span>
    </p>
   </div>
   <div class='ocr_carea' id='block_1_80' title="bbox 2334 2274 3926 2348">
    <p class='ocr_par' dir='ltr' id='par_1_80' title="bbox 2334 2274 3926 2348">
     <span class='ocr_line' id='line_1_80' title="bbox 2334 2274 3926 2348; baseline 0.004 -23"><span class='ocrx_word' id='word_1_616' title='bbox 2334 2274 2491 2327; x_wconf 89' lang='lat' dir='ltr'><strong>hebat</strong></span> <span class='ocrx_word' id='word_1_617' title='bbox 2534 2276 2854 2345; x_wconf 82' lang='lat' dir='ltr'><strong>supplicium</strong></span> <span class='ocrx_word' id='word_1_618' title='bbox 2897 2280 3148 2335; x_wconf 85' lang='lat' dir='ltr'><strong>cohibere</strong></span> <span class='ocrx_word' id='word_1_619' title='bbox 3187 2291 3240 2334; x_wconf 91' lang='lat' dir='ltr'><strong>et</strong></span> <span class='ocrx_word' id='word_1_620' title='bbox 3269 2281 3335 2333; x_wconf 91' lang='lat' dir='ltr'><strong>ad</strong></span> <span class='ocrx_word' id='word_1_621' title='bbox 3385 2280 3663 2335; x_wconf 86' lang='lat' dir='ltr'><strong>meliorem</strong></span> <span class='ocrx_word' id='word_1_622' title='bbox 3712 2281 3926 2348; x_wconf 76' lang='lat' dir='ltr'><strong>frugem</strong></span> 
     </span>
    </p>
   </div>
   <div class='ocr_carea' id='block_1_81' title="bbox 2333 2367 3922 2441">
    <p class='ocr_par' dir='ltr' id='par_1_81' title="bbox 2333 2367 3922 2441">
     <span class='ocr_line' id='line_1_81' title="bbox 2333 2367 3922 2441; baseline 0.002 -22"><span class='ocrx_word' id='word_1_623' title='bbox 2333 2367 2619 2421; x_wconf 66' lang='lat' dir='ltr'><strong>reducere:</strong></span> <span class='ocrx_word' id='word_1_624' title='bbox 2647 2370 2770 2437; x_wconf 84' lang='lat' dir='ltr'><strong>quia</strong></span> <span class='ocrx_word' id='word_1_625' title='bbox 2797 2385 2923 2423; x_wconf 86' lang='lat' dir='ltr'><strong>vero</strong></span> <span class='ocrx_word' id='word_1_626' title='bbox 2946 2384 3065 2441; x_wconf 86' lang='lat' dir='ltr'><strong>post</strong></span> <span class='ocrx_word' id='word_1_627' title='bbox 3089 2373 3291 2425; x_wconf 89' lang='lat' dir='ltr'><strong>illatum</strong></span> <span class='ocrx_word' id='word_1_628' title='bbox 3315 2373 3630 2441; x_wconf 86' lang='lat' dir='ltr'><strong>supplicium</strong></span> <span class='ocrx_word' id='word_1_629' title='bbox 3654 2388 3759 2424; x_wconf 90' lang='lat' dir='ltr'><strong>non</strong></span> <span class='ocrx_word' id='word_1_630' title='bbox 3780 2382 3922 2426; x_wconf 88' lang='lat' dir='ltr'><strong>tem-</strong></span> 
     </span>
    </p>
   </div>
   <div class='ocr_carea' id='block_1_82' title="bbox 2334 2460 3926 2532">
    <p class='ocr_par' dir='ltr' id='par_1_82' title="bbox 2334 2460 3926 2532">
     <span class='ocr_line' id='line_1_82' title="bbox 2334 2460 3926 2532; baseline 0.005 -28"><span class='ocrx_word' id='word_1_631' title='bbox 2334 2461 2605 2526; x_wconf 65' lang='lat' dir='ltr'><strong>lic‘f‘ttllliﬂf‘</strong></span> <span class='ocrx_word' id='word_1_632' title='bbox 2649 2460 2915 2525; x_wconf 84' lang='lat' dir='ltr'><strong>eftieitur,</strong></span> <span class='ocrx_word' id='word_1_633' title='bbox 2952 2462 3042 2515; x_wconf 89' lang='lat' dir='ltr'><strong>sed</strong></span> <span class='ocrx_word' id='word_1_634' title='bbox 3091 2461 3276 2516; x_wconf 84' lang='lat' dir='ltr'><strong>eadem</strong></span> <span class='ocrx_word' id='word_1_635' title='bbox 3322 2463 3433 2532; x_wconf 92' lang='lat' dir='ltr'><strong>ipsa</strong></span> <span class='ocrx_word' id='word_1_636' title='bbox 3461 2462 3621 2517; x_wconf 88' lang='lat' dir='ltr'><strong>audet</strong></span> <span class='ocrx_word' id='word_1_637' title='bbox 3666 2463 3926 2532; x_wconf 73' lang='lat' dir='ltr'><strong>aggredi,</strong></span> 
     </span>
    </p>
   </div>
   <div class='ocr_carea' id='block_1_83' title="bbox 2329 2551 3930 2624">
    <p class='ocr_par' dir='ltr' id='par_1_83' title="bbox 2329 2551 3930 2624">
     <span class='ocr_line' id='line_1_83' title="bbox 2329 2551 3930 2624; baseline 0.006 -25"><span class='ocrx_word' id='word_1_638' title='bbox 2329 2551 2448 2616; x_wconf 77' lang='lat' dir='ltr'><strong>jure</strong></span> <span class='ocrx_word' id='word_1_639' title='bbox 2474 2553 2620 2605; x_wconf 87' lang='lat' dir='ltr'><strong>dabit</strong></span> <span class='ocrx_word' id='word_1_640' title='bbox 2652 2569 2836 2620; x_wconf 80' lang='lat' dir='ltr'><strong>pumas</strong></span> <span class='ocrx_word' id='word_1_641' title='bbox 2865 2554 2928 2605; x_wconf 92' lang='lat' dir='ltr'><strong>ad</strong></span> <span class='ocrx_word' id='word_1_642' title='bbox 2952 2570 3086 2622; x_wconf 85' lang='lat' dir='ltr'><strong>quas</strong></span> <span class='ocrx_word' id='word_1_643' title='bbox 3115 2555 3417 2621; x_wconf 73' lang='lat' dir='ltr'><strong>inferendas</strong></span> <span class='ocrx_word' id='word_1_644' title='bbox 3444 2555 3558 2623; x_wconf 89' lang='lat' dir='ltr'><strong>ipse</strong></span> <span class='ocrx_word' id='word_1_645' title='bbox 3586 2556 3930 2624; x_wconf 81' lang='lat' dir='ltr'><strong>provocavit.</strong></span> 
     </span>
    </p>
   </div>
   <div class='ocr_carea' id='block_1_84' title="bbox 2333 2640 3928 2715">
    <p class='ocr_par' dir='ltr' id='par_1_84' title="bbox 2333 2640 3928 2715">
     <span class='ocr_line' id='line_1_84' title="bbox 2333 2640 3928 2715; baseline 0.003 -22"><span class='ocrx_word' id='word_1_646' title='bbox 2333 2640 2385 2693; x_wconf 73' lang='lat' dir='ltr'><strong>Si</strong></span> <span class='ocrx_word' id='word_1_647' title='bbox 2444 2657 2571 2694; x_wconf 87' lang='lat' dir='ltr'><strong>vero</strong></span> <span class='ocrx_word' id='word_1_648' title='bbox 2627 2653 2838 2711; x_wconf 84' lang='lat' dir='ltr'><strong>peccata</strong></span> <span class='ocrx_word' id='word_1_649' title='bbox 2899 2645 2983 2699; x_wconf 88' lang='lat' dir='ltr'><strong>hic</strong></span> <span class='ocrx_word' id='word_1_650' title='bbox 3042 2647 3267 2711; x_wconf 88' lang='lat' dir='ltr'><strong>repetita</strong></span> <span class='ocrx_word' id='word_1_651' title='bbox 3322 2647 3535 2715; x_wconf 83' lang='lat' dir='ltr'><strong>gravius</strong></span> <span class='ocrx_word' id='word_1_652' title='bbox 3590 2647 3928 2714; x_wconf 87' lang='lat' dir='ltr'><strong>puniuntur,</strong></span> 
     </span>
    </p>
   </div>
   <div class='ocr_carea' id='block_1_85' title="bbox 2333 2733 3928 2807">
    <p class='ocr_par' dir='ltr' id='par_1_85' title="bbox 2333 2733 3928 2807">
     <span class='ocr_line' id='line_1_85' title="bbox 2333 2733 3928 2807; baseline 0.004 -27"><span class='ocrx_word' id='word_1_653' title='bbox 2333 2733 2545 2801; x_wconf 78' lang='lat' dir='ltr'><strong>quando</strong></span> <span class='ocrx_word' id='word_1_654' title='bbox 2576 2735 2659 2789; x_wconf 92' lang='lat' dir='ltr'><strong>hic</strong></span> <span class='ocrx_word' id='word_1_655' title='bbox 2687 2736 2861 2788; x_wconf 88' lang='lat' dir='ltr'><strong>nullas</strong></span> <span class='ocrx_word' id='word_1_656' title='bbox 2889 2746 3227 2805; x_wconf 82' lang='lat' dir='ltr'><strong>peccatorum</strong></span> <span class='ocrx_word' id='word_1_657' title='bbox 3259 2752 3445 2807; x_wconf 63' lang='lat' dir='ltr'><strong>ptenas</strong></span> <span class='ocrx_word' id='word_1_658' title='bbox 3475 2738 3668 2791; x_wconf 89' lang='lat' dir='ltr'><strong>damus</strong></span> <span class='ocrx_word' id='word_1_659' title='bbox 3689 2779 3702 2802; x_wconf 92' lang='lat'><strong>,</strong></span> <span class='ocrx_word' id='word_1_660' title='bbox 3739 2753 3928 2790; x_wconf 77' lang='lat' dir='ltr'><strong>annon</strong></span> 
     </span>
    </p>
   </div>
   <div class='ocr_carea' id='block_1_86' title="bbox 2336 2828 3930 2898">
    <p class='ocr_par' dir='ltr' id='par_1_86' title="bbox 2336 2828 3930 2898">
     <span class='ocr_line' id='line_1_86' title="bbox 2336 2828 3930 2898; baseline 0.002 -20"><span class='ocrx_word' id='word_1_661' title='bbox 2336 2842 2657 2894; x_wconf 80' lang='lat' dir='ltr'><strong>magnopere</strong></span> <span class='ocrx_word' id='word_1_662' title='bbox 2699 2828 2997 2882; x_wconf 89' lang='lat' dir='ltr'><strong>timendum</strong></span> <span class='ocrx_word' id='word_1_663' title='bbox 3029 2828 3468 2898; x_wconf 84' lang='lat' dir='ltr'><strong>tretuendtuuque</strong></span> <span class='ocrx_word' id='word_1_664' title='bbox 3497 2829 3654 2882; x_wconf 81' lang='lat' dir='ltr'><strong>nobis</strong></span> <span class='ocrx_word' id='word_1_665' title='bbox 3683 2837 3801 2893; x_wconf 89' lang='lat' dir='ltr'><strong>est,</strong></span> <span class='ocrx_word' id='word_1_666' title='bbox 3834 2839 3896 2881; x_wconf 89' lang='lat' dir='ltr'><strong>ut</strong></span> <span class='ocrx_word' id='word_1_667' title='bbox 3919 2859 3930 2865; x_wconf 92' lang='lat'><strong><em>-</em></strong></span> 
     </span>
    </p>
   </div>
   <div class='ocr_carea' id='block_1_87' title="bbox 2339 2918 3934 2989">
    <p class='ocr_par' dir='ltr' id='par_1_87' title="bbox 2339 2918 3934 2989">
     <span class='ocr_line' id='line_1_87' title="bbox 2339 2918 3934 2989; baseline 0.004 -24"><span class='ocrx_word' id='word_1_668' title='bbox 2339 2929 2460 2984; x_wconf 88' lang='lat' dir='ltr'><strong>pote</strong></span> <span class='ocrx_word' id='word_1_669' title='bbox 2482 2918 2835 2972; x_wconf 86' lang='lat' dir='ltr'><strong>intolerabilia</strong></span> <span class='ocrx_word' id='word_1_670' title='bbox 2866 2922 3136 2989; x_wconf 81' lang='lat' dir='ltr'><strong>passuris?</strong></span> <span class='ocrx_word' id='word_1_671' title='bbox 3161 2921 3227 2975; x_wconf 83' lang='lat' dir='ltr'><strong>Et</strong></span> <span class='ocrx_word' id='word_1_672' title='bbox 3249 2934 3346 2976; x_wconf 86' lang='lat' dir='ltr'><strong>eur</strong></span> <span class='ocrx_word' id='word_1_673' title='bbox 3365 2962 3381 2987; x_wconf 91' lang='lat'><strong>,</strong></span> <span class='ocrx_word' id='word_1_674' title='bbox 3411 2919 3616 2987; x_wconf 78' lang='lat' dir='ltr'><strong>inquies</strong></span> <span class='ocrx_word' id='word_1_675' title='bbox 3637 2959 3651 2983; x_wconf 89' lang='lat'><strong>,</strong></span> <span class='ocrx_word' id='word_1_676' title='bbox 3678 2934 3782 2972; x_wconf 91' lang='lat' dir='ltr'><strong>non</strong></span> <span class='ocrx_word' id='word_1_677' title='bbox 3809 2934 3934 2972; x_wconf 77' lang='lat' dir='ltr'><strong>om-</strong></span> 
     </span>
    </p>
   </div>
   <div class='ocr_carea' id='block_1_88' title="bbox 2341 3010 3935 3078">
    <p class='ocr_par' dir='ltr' id='par_1_88' title="bbox 2341 3010 3935 3078">
     <span class='ocr_line' id='line_1_88' title="bbox 2341 3010 3935 3078; baseline -0.001 -18"><span class='ocrx_word' id='word_1_678' title='bbox 2341 3024 2436 3062; x_wconf 89' lang='lat' dir='ltr'><strong>nes</strong></span> <span class='ocrx_word' id='word_1_679' title='bbox 2475 3010 2551 3064; x_wconf 86' lang='lat' dir='ltr'><strong>sic</strong></span> <span class='ocrx_word' id='word_1_680' title='bbox 2599 3011 2926 3078; x_wconf 91' lang='lat' dir='ltr'><strong>puniuntur?</strong></span> <span class='ocrx_word' id='word_1_681' title='bbox 2970 3012 3163 3066; x_wconf 85' lang='lat' dir='ltr'><strong>Multos</strong></span> <span class='ocrx_word' id='word_1_682' title='bbox 3205 3012 3346 3067; x_wconf 90' lang='lat' dir='ltr'><strong>enim</strong></span> <span class='ocrx_word' id='word_1_683' title='bbox 3393 3011 3649 3065; x_wconf 85' lang='lat' dir='ltr'><strong>scelestos</strong></span> <span class='ocrx_word' id='word_1_684' title='bbox 3681 3011 3935 3065; x_wconf 69' lang='lat' dir='ltr'><strong>videmm</strong></span> 
     </span>
    </p>
   </div>
   <div class='ocr_carea' id='block_1_89' title="bbox 2341 3100 3936 3174">
    <p class='ocr_par' dir='ltr' id='par_1_89' title="bbox 2341 3100 3936 3174">
     <span class='ocr_line' id='line_1_89' title="bbox 2341 3100 3936 3174; baseline 0.005 -26"><span class='ocrx_word' id='word_1_685' title='bbox 2341 3100 2518 3168; x_wconf 75' lang='lat' dir='ltr'><strong>pingui</strong></span> <span class='ocrx_word' id='word_1_686' title='bbox 2575 3101 2877 3157; x_wconf 87' lang='lat' dir='ltr'><strong>valetudine</strong></span> <span class='ocrx_word' id='word_1_687' title='bbox 2935 3103 3213 3168; x_wconf 80' lang='lat' dir='ltr'><strong>fruentes,</strong></span> <span class='ocrx_word' id='word_1_688' title='bbox 3266 3117 3628 3174; x_wconf 78' lang='lat' dir='ltr'><strong>prosperaque</strong></span> <span class='ocrx_word' id='word_1_689' title='bbox 3686 3104 3936 3156; x_wconf 78' lang='lat' dir='ltr'><strong>fruentes</strong></span> 
     </span>
    </p>
   </div>
   <div class='ocr_carea' id='block_1_90' title="bbox 2341 3192 3936 3264">
    <p class='ocr_par' dir='ltr' id='par_1_90' title="bbox 2341 3192 3936 3264">
     <span class='ocr_line' id='line_1_90' title="bbox 2341 3192 3936 3264; baseline 0.002 -20"><span class='ocrx_word' id='word_1_690' title='bbox 2341 3192 2569 3247; x_wconf 73' lang='lat' dir='ltr'><strong>fortuna.</strong></span> <span class='ocrx_word' id='word_1_691' title='bbox 2605 3193 2802 3248; x_wconf 77' lang='lat' dir='ltr'><strong>Verum</strong></span> <span class='ocrx_word' id='word_1_692' title='bbox 2833 3211 2901 3249; x_wconf 91' lang='lat' dir='ltr'><strong>nc</strong></span> <span class='ocrx_word' id='word_1_693' title='bbox 2929 3194 3182 3261; x_wconf 85' lang='lat' dir='ltr'><strong>fidamus,</strong></span> <span class='ocrx_word' id='word_1_694' title='bbox 3214 3196 3305 3250; x_wconf 89' lang='lat' dir='ltr'><strong>sed</strong></span> <span class='ocrx_word' id='word_1_695' title='bbox 3340 3195 3643 3264; x_wconf 86' lang='lat' dir='ltr'><strong>lmjusmodi</strong></span> <span class='ocrx_word' id='word_1_696' title='bbox 3677 3194 3936 3248; x_wconf 61' lang='lat' dir='ltr'><strong>homines</strong></span> 
     </span>
    </p>
   </div>
   <div class='ocr_carea' id='block_1_91' title="bbox 2338 3286 3936 3354">
    <p class='ocr_par' dir='ltr' id='par_1_91' title="bbox 2338 3286 3936 3354">
     <span class='ocr_line' id='line_1_91' title="bbox 2338 3286 3936 3354; baseline 0.001 -20"><span class='ocrx_word' id='word_1_697' title='bbox 2338 3286 2578 3339; x_wconf 84' lang='lat' dir='ltr'><strong>omnium</strong></span> <span class='ocrx_word' id='word_1_698' title='bbox 2625 3287 2855 3340; x_wconf 77' lang='lat' dir='ltr'><strong>maxime</strong></span> <span class='ocrx_word' id='word_1_699' title='bbox 2899 3287 3262 3354; x_wconf 86' lang='lat' dir='ltr'><strong>deplorcmus.</strong></span> <span class='ocrx_word' id='word_1_700' title='bbox 3291 3287 3345 3342; x_wconf 90' lang='lat' dir='ltr'><strong>Si</strong></span> <span class='ocrx_word' id='word_1_701' title='bbox 3374 3287 3517 3341; x_wconf 89' lang='lat' dir='ltr'><strong>enim</strong></span> <span class='ocrx_word' id='word_1_702' title='bbox 3550 3286 3635 3340; x_wconf 90' lang='lat' dir='ltr'><strong>hic</strong></span> <span class='ocrx_word' id='word_1_703' title='bbox 3667 3286 3796 3338; x_wconf 90' lang='lat' dir='ltr'><strong>nihil</strong></span> <span class='ocrx_word' id='word_1_704' title='bbox 3831 3304 3936 3354; x_wconf 84' lang='lat' dir='ltr'><strong>pa-</strong></span> 
     </span>
    </p>
   </div>
   <div class='ocr_carea' id='block_1_92' title="bbox 2341 3377 3934 3446">
    <p class='ocr_par' dir='ltr' id='par_1_92' title="bbox 2341 3377 3934 3446">
     <span class='ocr_line' id='line_1_92' title="bbox 2341 3377 3934 3446; baseline 0.002 -19"><span class='ocrx_word' id='word_1_705' title='bbox 2341 3377 2573 3439; x_wconf 74' lang='lat' dir='ltr'><strong>tiantur,</strong></span> <span class='ocrx_word' id='word_1_706' title='bbox 2605 3377 2703 3431; x_wconf 90' lang='lat' dir='ltr'><strong>hoc</strong></span> <span class='ocrx_word' id='word_1_707' title='bbox 2732 3377 2837 3430; x_wconf 89' lang='lat' dir='ltr'><strong>illis</strong></span> <span class='ocrx_word' id='word_1_708' title='bbox 2866 3377 3117 3431; x_wconf 83' lang='lat' dir='ltr'><strong>viaticum</strong></span> <span class='ocrx_word' id='word_1_709' title='bbox 3149 3387 3233 3432; x_wconf 90' lang='lat' dir='ltr'><strong>est</strong></span> <span class='ocrx_word' id='word_1_710' title='bbox 3258 3377 3324 3430; x_wconf 89' lang='lat' dir='ltr'><strong>ad</strong></span> <span class='ocrx_word' id='word_1_711' title='bbox 3366 3378 3540 3446; x_wconf 87' lang='lat' dir='ltr'><strong>majus</strong></span> <span class='ocrx_word' id='word_1_712' title='bbox 3578 3377 3934 3446; x_wconf 84' lang='lat' dir='ltr'><strong>supplicium.</strong></span> 
     </span>
    </p>
   </div>
   <div class='ocr_carea' id='block_1_93' title="bbox 2344 3466 3936 3538">
    <p class='ocr_par' dir='ltr' id='par_1_93' title="bbox 2344 3466 3936 3538">
     <span class='ocr_line' id='line_1_93' title="bbox 2344 3466 3936 3538; baseline 0.001 -20"><span class='ocrx_word' id='word_1_713' title='bbox 2344 3466 2455 3520; x_wconf 88' lang='lat' dir='ltr'><strong>lloc</strong></span> <span class='ocrx_word' id='word_1_714' title='bbox 2482 3467 2678 3521; x_wconf 84' lang='lat' dir='ltr'><strong>Paulus</strong></span> <span class='ocrx_word' id='word_1_715' title='bbox 2707 3467 2788 3520; x_wconf 90' lang='lat' dir='ltr'><strong>his</strong></span> <span class='ocrx_word' id='word_1_716' title='bbox 2826 3469 3004 3521; x_wconf 87' lang='lat' dir='ltr'><strong>verbis</strong></span> <span class='ocrx_word' id='word_1_717' title='bbox 3035 3468 3356 3538; x_wconf 68' lang='lat' dir='ltr'><strong>significavit</strong></span> <span class='ocrx_word' id='word_1_718' title='bbox 3383 3487 3394 3522; x_wconf 94' lang='lat'>:</span> <span class='ocrx_word' id='word_1_719' title='bbox 3431 3468 3586 3522; x_wconf 86' lang='lat' dir='ltr'><strong>Nunc</strong></span> <span class='ocrx_word' id='word_1_720' title='bbox 3615 3479 3780 3521; x_wconf 74' lang='lat' dir='ltr'><strong>autem</strong></span> <span class='ocrx_word' id='word_1_721' title='bbox 3811 3486 3936 3521; x_wconf 79' lang='lat' dir='ltr'><strong>(Nm</strong></span> 
     </span>
    </p>
   </div>
   <div class='ocr_carea' id='block_1_94' title="bbox 2342 3557 3943 3629">
    <p class='ocr_par' dir='ltr' id='par_1_94' title="bbox 2342 3557 3943 3629">
     <span class='ocr_line' id='line_1_94' title="bbox 2342 3557 3943 3629; baseline 0.002 -19"><span class='ocrx_word' id='word_1_722' title='bbox 2342 3560 2723 3625; x_wconf 73' lang='lat' dir='ltr'><strong>iudicamur,a</strong></span> <span class='ocrx_word' id='word_1_723' title='bbox 2763 3557 2986 3612; x_wconf 88' lang='lat' dir='ltr'><strong>Domino</strong></span> <span class='ocrx_word' id='word_1_724' title='bbox 3035 3561 3370 3629; x_wconf 84' lang='lat' dir='ltr'><strong>corripimur,</strong></span> <span class='ocrx_word' id='word_1_725' title='bbox 3423 3570 3477 3612; x_wconf 84' lang='lat' dir='ltr'><strong>ut</strong></span> <span class='ocrx_word' id='word_1_726' title='bbox 3527 3577 3627 3613; x_wconf 78' lang='lat' dir='ltr'><strong>non</strong></span> <span class='ocrx_word' id='word_1_727' title='bbox 3671 3577 3786 3612; x_wconf 81' lang='lat' dir='ltr'><strong>cum</strong></span> <span class='ocrx_word' id='word_1_728' title='bbox 3839 3561 3943 3614; x_wconf 82' lang='lat' dir='ltr'><strong>hoc</strong></span> 
     </span>
    </p>
   </div>
   <div class='ocr_carea' id='block_1_95' title="bbox 2345 3649 3938 3724">
    <p class='ocr_par' dir='ltr' id='par_1_95' title="bbox 2345 3649 3938 3724">
     <span class='ocr_line' id='line_1_95' title="bbox 2345 3649 3938 3724; baseline 0.001 -23"><span class='ocrx_word' id='word_1_729' title='bbox 2345 3651 2532 3703; x_wconf 84' lang='lat' dir='ltr'><strong>mundo</strong></span> <span class='ocrx_word' id='word_1_730' title='bbox 2569 3649 2872 3704; x_wconf 82' lang='lat' dir='ltr'><strong>danme‘mur</strong></span> <span class='ocrx_word' id='word_1_731' title='bbox 2899 3652 2982 3721; x_wconf 81' lang='grc'><strong>(1.</strong></span> <span class='ocrx_word' id='word_1_732' title='bbox 3017 3650 3135 3706; x_wconf 88' lang='lat' dir='ltr'><strong>Cor.</strong></span> <span class='ocrx_word' id='word_1_733' title='bbox 3175 3653 3261 3705; x_wconf 82' lang='grc' dir='ltr'><strong>Η.</strong></span> <span class='ocrx_word' id='word_1_734' title='bbox 3292 3651 3417 3724; x_wconf 71' lang='grc'><strong>52).</strong></span> <span class='ocrx_word' id='word_1_735' title='bbox 3449 3652 3545 3707; x_wconf 88' lang='lat' dir='ltr'><strong>llic</strong></span> <span class='ocrx_word' id='word_1_736' title='bbox 3588 3652 3896 3706; x_wconf 81' lang='lat' dir='ltr'><strong>admonitio</strong></span> <span class='ocrx_word' id='word_1_737' title='bbox 3923 3697 3938 3713; x_wconf 84' lang='grc'><em>,</em></span> 
     </span>
    </p>
   </div>
   <div class='ocr_carea' id='block_1_96' title="bbox 2346 3740 3946 3812">
    <p class='ocr_par' dir='ltr' id='par_1_96' title="bbox 2346 3740 3946 3812">
     <span class='ocr_line' id='line_1_96' title="bbox 2346 3740 3946 3812; baseline 0.001 -19"><span class='ocrx_word' id='word_1_738' title='bbox 2346 3740 2451 3794; x_wconf 88' lang='lat' dir='ltr'><strong>illic</strong></span> <span class='ocrx_word' id='word_1_739' title='bbox 2472 3740 2814 3810; x_wconf 89' lang='lat' dir='ltr'><strong>supplicium.</strong></span> <span class='ocrx_word' id='word_1_740' title='bbox 2841 3741 2978 3807; x_wconf 89' lang='lat' dir='ltr'><strong>Quid</strong></span> <span class='ocrx_word' id='word_1_741' title='bbox 3008 3743 3209 3812; x_wconf 78' lang='lat' dir='ltr'><strong>igitur?</strong></span> <span class='ocrx_word' id='word_1_742' title='bbox 3241 3743 3484 3812; x_wconf 88' lang='lat' dir='ltr'><strong>inquies;</strong></span> <span class='ocrx_word' id='word_1_743' title='bbox 3519 3759 3585 3797; x_wconf 84' lang='lat' dir='ltr'><strong>an</strong></span> <span class='ocrx_word' id='word_1_744' title='bbox 3615 3742 3784 3797; x_wconf 90' lang='lat' dir='ltr'><strong>morbi</strong></span> <span class='ocrx_word' id='word_1_745' title='bbox 3816 3759 3946 3795; x_wconf 81' lang='lat' dir='ltr'><strong>nm-</strong></span> 
     </span>
    </p>
   </div>
   <div class='ocr_carea' id='block_1_97' title="bbox 2347 3832 3938 3904">
    <p class='ocr_par' dir='ltr' id='par_1_97' title="bbox 2347 3832 3938 3904">
     <span class='ocr_line' id='line_1_97' title="bbox 2347 3832 3938 3904; baseline 0.004 -23"><span class='ocrx_word' id='word_1_746' title='bbox 2347 3845 2440 3885; x_wconf 88' lang='lat' dir='ltr'><strong>ncs</strong></span> <span class='ocrx_word' id='word_1_747' title='bbox 2471 3845 2534 3885; x_wconf 78' lang='lat' dir='ltr'><strong>ex</strong></span> <span class='ocrx_word' id='word_1_748' title='bbox 2581 3833 2811 3900; x_wconf 78' lang='lat' dir='ltr'><strong>peccatis</strong></span> <span class='ocrx_word' id='word_1_749' title='bbox 2849 3832 3136 3890; x_wconf 84' lang='lat' dir='ltr'><strong>oriuntur?</strong></span> <span class='ocrx_word' id='word_1_750' title='bbox 3162 3832 3277 3886; x_wconf 71' lang='lat' dir='ltr'><strong>Non</strong></span> <span class='ocrx_word' id='word_1_751' title='bbox 3305 3849 3496 3888; x_wconf 89' lang='lat' dir='ltr'><strong>omnes</strong></span> <span class='ocrx_word' id='word_1_752' title='bbox 3516 3877 3531 3895; x_wconf 91' lang='lat'><strong>,</strong></span> <span class='ocrx_word' id='word_1_753' title='bbox 3560 3834 3652 3888; x_wconf 86' lang='lat' dir='ltr'><strong>sed</strong></span> <span class='ocrx_word' id='word_1_754' title='bbox 3689 3834 3938 3904; x_wconf 71' lang='lat' dir='ltr'><strong>plurimi.</strong></span> 
     </span>
    </p>
   </div>
   <div class='ocr_carea' id='block_1_98' title="bbox 2346 3920 3939 3997">
    <p class='ocr_par' dir='ltr' id='par_1_98' title="bbox 2346 3920 3939 3997">
     <span class='ocr_line' id='line_1_98' title="bbox 2346 3920 3939 3997; baseline 0.004 -25"><span class='ocrx_word' id='word_1_755' title='bbox 2346 3920 2569 3988; x_wconf 86' lang='lat' dir='ltr'><strong>Quidam</strong></span> <span class='ocrx_word' id='word_1_756' title='bbox 2611 3923 2752 3976; x_wconf 84' lang='lat' dir='ltr'><strong>enim</strong></span> <span class='ocrx_word' id='word_1_757' title='bbox 2779 3939 2847 3976; x_wconf 76' lang='lat' dir='ltr'><strong>ex</strong></span> <span class='ocrx_word' id='word_1_758' title='bbox 2881 3925 3106 3994; x_wconf 83' lang='lat' dir='ltr'><strong>segnitie</strong></span> <span class='ocrx_word' id='word_1_759' title='bbox 3143 3935 3315 3978; x_wconf 90' lang='lat' dir='ltr'><strong>ortum</strong></span> <span class='ocrx_word' id='word_1_760' title='bbox 3347 3925 3564 3980; x_wconf 88' lang='lat' dir='ltr'><strong>habent.</strong></span> <span class='ocrx_word' id='word_1_761' title='bbox 3601 3924 3733 3980; x_wconf 84' lang='lat' dir='ltr'><strong>Nam</strong></span> <span class='ocrx_word' id='word_1_762' title='bbox 3763 3927 3890 3997; x_wconf 88' lang='lat' dir='ltr'><strong>gula</strong></span> <span class='ocrx_word' id='word_1_763' title='bbox 3922 3971 3939 3992; x_wconf 83' lang='lat'><strong>,</strong></span> 
     </span>
    </p>
   </div>
   <div class='ocr_carea' id='block_1_99' title="bbox 2347 4014 3947 4087">
    <p class='ocr_par' dir='ltr' id='par_1_99' title="bbox 2347 4014 3947 4087">
     <span class='ocr_line' id='line_1_99' title="bbox 2347 4014 3947 4087; baseline 0.006 -22"><span class='ocrx_word' id='word_1_764' title='bbox 2347 4014 2598 4077; x_wconf 81' lang='lat' dir='ltr'><strong>ebrietas,</strong></span> <span class='ocrx_word' id='word_1_765' title='bbox 2620 4016 2897 4081; x_wconf 83' lang='lat' dir='ltr'><strong>segnities,</strong></span> <span class='ocrx_word' id='word_1_766' title='bbox 2925 4016 3227 4083; x_wconf 86' lang='lat' dir='ltr'><strong>hujusmodi</strong></span> <span class='ocrx_word' id='word_1_767' title='bbox 3251 4019 3468 4071; x_wconf 89' lang='lat' dir='ltr'><strong>morbos</strong></span> <span class='ocrx_word' id='word_1_768' title='bbox 3490 4018 3725 4087; x_wconf 84' lang='lat' dir='ltr'><strong>pariunt.</strong></span> <span class='ocrx_word' id='word_1_769' title='bbox 3755 4018 3947 4074; x_wconf 79' lang='lat' dir='ltr'><strong>Unum</strong></span> 
     </span>
    </p>
   </div>
   <div class='ocr_carea' id='block_1_100' title="bbox 2350 4104 3948 4177">
    <p class='ocr_par' dir='ltr' id='par_1_100' title="bbox 2350 4104 3948 4177">
     <span class='ocr_line' id='line_1_100' title="bbox 2350 4104 3948 4177; baseline 0.008 -25"><span class='ocrx_word' id='word_1_770' title='bbox 2350 4119 2510 4173; x_wconf 89' lang='lat' dir='ltr'><strong>porro</strong></span> <span class='ocrx_word' id='word_1_771' title='bbox 2538 4104 2734 4172; x_wconf 89' lang='lat' dir='ltr'><strong>ubique</strong></span> <span class='ocrx_word' id='word_1_772' title='bbox 2777 4105 3168 4158; x_wconf 90' lang='lat' dir='ltr'><strong>observandum</strong></span> <span class='ocrx_word' id='word_1_773' title='bbox 3201 4115 3320 4173; x_wconf 88' lang='lat' dir='ltr'><strong>est,</strong></span> <span class='ocrx_word' id='word_1_774' title='bbox 3351 4117 3410 4160; x_wconf 90' lang='grc' dir='ltr'><strong>ιιι</strong></span> <span class='ocrx_word' id='word_1_775' title='bbox 3455 4109 3665 4177; x_wconf 79' lang='lat' dir='ltr'><strong>plagam</strong></span> <span class='ocrx_word' id='word_1_776' title='bbox 3715 4123 3948 4164; x_wconf 81' lang='lat' dir='ltr'><strong>onmem</strong></span> 
     </span>
    </p>
   </div>
   <div class='ocr_carea' id='block_1_101' title="bbox 2349 4195 3948 4268">
    <p class='ocr_par' dir='ltr' id='par_1_101' title="bbox 2349 4195 3948 4268">
     <span class='ocr_line' id='line_1_101' title="bbox 2349 4195 3948 4268; baseline 0.003 -20"><span class='ocrx_word' id='word_1_777' title='bbox 2349 4209 2470 4248; x_wconf 84' lang='lat' dir='ltr'><strong>eum</strong></span> <span class='ocrx_word' id='word_1_778' title='bbox 2489 4195 2774 4263; x_wconf 83' lang='lat' dir='ltr'><strong>gratiarum</strong></span> <span class='ocrx_word' id='word_1_779' title='bbox 2797 4195 3006 4248; x_wconf 90' lang='lat' dir='ltr'><strong>actione</strong></span> <span class='ocrx_word' id='word_1_780' title='bbox 3025 4197 3274 4250; x_wconf 89' lang='lat' dir='ltr'><strong>feramus.</strong></span> <span class='ocrx_word' id='word_1_781' title='bbox 3298 4197 3750 4268; x_wconf 81' lang='lat' dir='ltr'><strong>Proptcrpcecata</strong></span> <span class='ocrx_word' id='word_1_782' title='bbox 3771 4200 3948 4254; x_wconf 86' lang='lat' dir='ltr'><strong>etiam</strong></span> 
     </span>
    </p>
   </div>
   <div class='ocr_carea' id='block_1_102' title="bbox 2354 4285 3951 4359">
    <p class='ocr_par' dir='ltr' id='par_1_102' title="bbox 2354 4285 3951 4359">
     <span class='ocr_line' id='line_1_102' title="bbox 2354 4285 3951 4359; baseline 0.004 -21"><span class='ocrx_word' id='word_1_783' title='bbox 2354 4285 2653 4339; x_wconf 88' lang='lat' dir='ltr'><strong>inferttntur</strong></span> <span class='ocrx_word' id='word_1_784' title='bbox 2694 4287 2911 4341; x_wconf 88' lang='lat' dir='ltr'><strong>morbi:</strong></span> <span class='ocrx_word' id='word_1_785' title='bbox 2956 4303 3075 4339; x_wconf 91' lang='lat' dir='ltr'><strong>nam</strong></span> <span class='ocrx_word' id='word_1_786' title='bbox 3117 4289 3167 4342; x_wconf 93' lang='lat' dir='ltr'><strong>in</strong></span> <span class='ocrx_word' id='word_1_787' title='bbox 3211 4289 3364 4343; x_wconf 90' lang='lat' dir='ltr'><strong>libris</strong></span> <span class='ocrx_word' id='word_1_788' title='bbox 3407 4289 3616 4359; x_wconf 83' lang='lat' dir='ltr'><strong>Regum</strong></span> <span class='ocrx_word' id='word_1_789' title='bbox 3648 4293 3951 4358; x_wconf 81' lang='lat' dir='ltr'><strong>quemdam</strong></span> 
     </span>
    </p>
   </div>
   <div class='ocr_carea' id='block_1_103' title="bbox 2352 4377 3951 4453">
    <p class='ocr_par' dir='ltr' id='par_1_103' title="bbox 2352 4377 3951 4453">
     <span class='ocr_line' id='line_1_103' title="bbox 2352 4377 3951 4453; baseline 0.006 -23"><span class='ocrx_word' id='word_1_790' title='bbox 2352 4378 2594 4432; x_wconf 83' lang='lat' dir='ltr'><strong>videmus</strong></span> <span class='ocrx_word' id='word_1_791' title='bbox 2626 4378 2745 4431; x_wconf 90' lang='lat' dir='ltr'><strong>ideo</strong></span> <span class='ocrx_word' id='word_1_792' title='bbox 2777 4377 3008 4449; x_wconf 84' lang='lat' dir='ltr'><strong>podagra</strong></span> <span class='ocrx_word' id='word_1_793' title='bbox 3040 4381 3375 4436; x_wconf 85' lang='lat' dir='ltr'><strong>laborantem</strong></span> <span class='ocrx_word' id='word_1_794' title='bbox 3404 4383 3493 4448; x_wconf 78' lang='grc'><strong>(5.</strong></span> <span class='ocrx_word' id='word_1_795' title='bbox 3524 4380 3654 4453; x_wconf 74' lang='lat' dir='ltr'><strong>Reg.</strong></span> <span class='ocrx_word' id='word_1_796' title='bbox 3688 4383 3776 4438; x_wconf 85' lang='grc'><strong>15.</strong></span> <span class='ocrx_word' id='word_1_797' title='bbox 3811 4384 3888 4437; x_wconf 73' lang='lat'><strong>9.5</strong></span> <span class='ocrx_word' id='word_1_798' title='bbox 3910 4392 3951 4443; x_wconf 81' lang='lat' dir='ltr'><strong>l.</strong></span> 
     </span>
    </p>
   </div>
   <div class='ocr_carea' id='block_1_104' title="bbox 2358 4470 3956 4540">
    <p class='ocr_par' dir='ltr' id='par_1_104' title="bbox 2358 4470 3956 4540">
     <span class='ocr_line' id='line_1_104' title="bbox 2358 4470 3956 4540; baseline 0.005 -20"><span class='ocrx_word' id='word_1_799' title='bbox 2358 4470 2583 4523; x_wconf 71' lang='lat' dir='ltr'><strong>Veniunt</strong></span> <span class='ocrx_word' id='word_1_800' title='bbox 2622 4471 2782 4522; x_wconf 88' lang='lat' dir='ltr'><strong>etiam</strong></span> <span class='ocrx_word' id='word_1_801' title='bbox 2816 4482 2874 4524; x_wconf 86' lang='lat' dir='ltr'><strong>ut</strong></span> <span class='ocrx_word' id='word_1_802' title='bbox 2922 4473 3255 4540; x_wconf 76' lang='lat' dir='ltr'><strong>probatiores</strong></span> <span class='ocrx_word' id='word_1_803' title='bbox 3297 4473 3619 4538; x_wconf 87' lang='lat' dir='ltr'><strong>reddamur;</strong></span> <span class='ocrx_word' id='word_1_804' title='bbox 3651 4473 3773 4528; x_wconf 90' lang='lat' dir='ltr'><strong>hinc</strong></span> <span class='ocrx_word' id='word_1_805' title='bbox 3802 4475 3956 4529; x_wconf 75' lang='lat' dir='ltr'><strong>John</strong></span> 
     </span>
    </p>
   </div>
   <div class='ocr_carea' id='block_1_105' title="bbox 2352 4560 3956 4634">
    <p class='ocr_par' dir='ltr' id='par_1_105' title="bbox 2352 4560 3956 4634">
     <span class='ocr_line' id='line_1_105' title="bbox 2352 4560 3956 4634; baseline 0.003 -23"><span class='ocrx_word' id='word_1_806' title='bbox 2352 4561 2480 4613; x_wconf 90' lang='lat' dir='ltr'><strong>dicit</strong></span> <span class='ocrx_word' id='word_1_807' title='bbox 2521 4560 2695 4614; x_wconf 89' lang='lat' dir='ltr'><strong>Deus:</strong></span> <span class='ocrx_word' id='word_1_808' title='bbox 2737 4560 2819 4613; x_wconf 80' lang='lat' dir='ltr'><strong>Ne</strong></span> <span class='ocrx_word' id='word_1_809' title='bbox 2844 4579 2921 4612; x_wconf 71' lang='lat' dir='ltr'><strong>me</strong></span> <span class='ocrx_word' id='word_1_810' title='bbox 2951 4571 3096 4630; x_wconf 75' lang='lat' dir='ltr'><strong>putes</strong></span> <span class='ocrx_word' id='word_1_811' title='bbox 3125 4563 3275 4614; x_wconf 80' lang='lat' dir='ltr'><strong>aliter</strong></span> <span class='ocrx_word' id='word_1_812' title='bbox 3317 4563 3399 4615; x_wconf 61' lang='grc' dir='ltr'><strong>εἱσι</strong></span> <span class='ocrx_word' id='word_1_813' title='bbox 3415 4572 3577 4616; x_wconf 77' lang='lat' dir='ltr'><strong>tecum</strong></span> <span class='ocrx_word' id='word_1_814' title='bbox 3619 4565 3811 4634; x_wconf 78' lang='lat' dir='ltr'><strong>egisse,</strong></span> <span class='ocrx_word' id='word_1_815' title='bbox 3849 4570 3956 4617; x_wconf 62' lang='lat' dir='ltr'><strong>nisi</strong></span> 
     </span>
    </p>
   </div>
   <div class='ocr_carea' id='block_1_106' title="bbox 2355 4653 3960 4726">
    <p class='ocr_par' dir='ltr' id='par_1_106' title="bbox 2355 4653 3960 4726">
     <span class='ocr_line' id='line_1_106' title="bbox 2355 4653 3960 4726; baseline 0.007 -24"><span class='ocrx_word' id='word_1_816' title='bbox 2355 4663 2406 4703; x_wconf 89' lang='lat' dir='ltr'><strong>ttt</strong></span> <span class='ocrx_word' id='word_1_817' title='bbox 2438 4655 2608 4722; x_wconf 73' lang='lat' dir='ltr'><strong>justus</strong></span> <span class='ocrx_word' id='word_1_818' title='bbox 2647 4671 2896 4721; x_wconf 76' lang='lat' dir='ltr'><strong>apparens</strong></span> <span class='ocrx_word' id='word_1_819' title='bbox 2920 4656 2936 4723; x_wconf 89' lang='lat'><strong>(</strong></span> <span class='ocrx_word' id='word_1_820' title='bbox 2957 4653 3078 4706; x_wconf 79' lang='lat' dir='ltr'><strong>Job.</strong></span> <span class='ocrx_word' id='word_1_821' title='bbox 3113 4655 3202 4709; x_wconf 65' lang='grc'><strong>40.</strong></span> <span class='ocrx_word' id='word_1_822' title='bbox 3224 4653 3335 4726; x_wconf 74' lang='lat'><strong>5)?</strong></span> <span class='ocrx_word' id='word_1_823' title='bbox 3359 4654 3464 4711; x_wconf 87' lang='lat' dir='ltr'><strong>Sed</strong></span> <span class='ocrx_word' id='word_1_824' title='bbox 3493 4672 3592 4711; x_wconf 90' lang='lat' dir='ltr'><strong>cur</strong></span> <span class='ocrx_word' id='word_1_825' title='bbox 3615 4673 3735 4711; x_wconf 88' lang='lat' dir='ltr'><strong>cum</strong></span> <span class='ocrx_word' id='word_1_826' title='bbox 3764 4658 3833 4713; x_wconf 88' lang='lat' dir='ltr'><strong>de</strong></span> <span class='ocrx_word' id='word_1_827' title='bbox 3871 4662 3960 4714; x_wconf 70' lang='lat' dir='ltr'><strong>Lis</strong></span> 
     </span>
    </p>
   </div>
   <div class='ocr_carea' id='block_1_107' title="bbox 2357 4747 3957 4816">
    <p class='ocr_par' dir='ltr' id='par_1_107' title="bbox 2357 4747 3957 4816">
     <span class='ocr_line' id='line_1_107' title="bbox 2357 4747 3957 4816; baseline 0.004 -19"><span class='ocrx_word' id='word_1_828' title='bbox 2357 4747 2658 4816; x_wconf 87' lang='lat' dir='ltr'><strong>paralyticis</strong></span> <span class='ocrx_word' id='word_1_829' title='bbox 2706 4749 2878 4814; x_wconf 70' lang='lat' dir='ltr'><strong>agitur</strong></span> <span class='ocrx_word' id='word_1_830' title='bbox 2902 4790 2916 4810; x_wconf 93' lang='lat'><strong>,</strong></span> <span class='ocrx_word' id='word_1_831' title='bbox 2951 4757 3166 4816; x_wconf 86' lang='lat' dir='ltr'><strong>peccata</strong></span> <span class='ocrx_word' id='word_1_832' title='bbox 3199 4748 3250 4801; x_wconf 95' lang='lat' dir='ltr'><strong>in</strong></span> <span class='ocrx_word' id='word_1_833' title='bbox 3285 4749 3517 4803; x_wconf 90' lang='lat' dir='ltr'><strong>medium</strong></span> <span class='ocrx_word' id='word_1_834' title='bbox 3566 4750 3813 4804; x_wconf 90' lang='lat' dir='ltr'><strong>Christus</strong></span> <span class='ocrx_word' id='word_1_835' title='bbox 3846 4757 3957 4804; x_wconf 81' lang='lat' dir='ltr'><strong>ad-</strong></span> 
     </span>
    </p>
   </div>
   <div class='ocr_carea' id='block_1_108' title="bbox 2355 4836 3941 4907">
    <p class='ocr_par' dir='ltr' id='par_1_108' title="bbox 2355 4836 3941 4907">
     <span class='ocr_line' id='line_1_108' title="bbox 2355 4836 3941 4907; baseline 0.004 -18"><span class='ocrx_word' id='word_1_836' title='bbox 2355 4836 2683 4889; x_wconf 83' lang='lat' dir='ltr'><strong>ducit?Nam</strong></span> <span class='ocrx_word' id='word_1_837' title='bbox 2715 4838 2862 4890; x_wconf 89' lang='lat' dir='ltr'><strong>etilli</strong></span> <span class='ocrx_word' id='word_1_838' title='bbox 2886 4838 3037 4907; x_wconf 86' lang='lat' dir='ltr'><strong>cujus</strong></span> <span class='ocrx_word' id='word_1_839' title='bbox 3075 4838 3349 4892; x_wconf 81' lang='lat' dir='ltr'><strong>Mattlueus</strong></span> <span class='ocrx_word' id='word_1_840' title='bbox 3377 4839 3619 4894; x_wconf 88' lang='lat' dir='ltr'><strong>meminit</strong></span> <span class='ocrx_word' id='word_1_841' title='bbox 3643 4842 3715 4894; x_wconf 85' lang='lat' dir='ltr'><strong>ait</strong></span> <span class='ocrx_word' id='word_1_842' title='bbox 3745 4859 3760 4896; x_wconf 89' lang='lat'><strong>:</strong></span> <span class='ocrx_word' id='word_1_843' title='bbox 3793 4843 3941 4896; x_wconf 73' lang='grc' dir='ltr'><strong>ϐοη-</strong></span> 
     </span>
    </p>
   </div>
   <div class='ocr_carea' id='block_1_109' title="bbox 2357 4927 3962 5000">
    <p class='ocr_par' dir='ltr' id='par_1_109' title="bbox 2357 4927 3962 5000">
     <span class='ocr_line' id='line_1_109' title="bbox 2357 4927 3962 5000; baseline 0.006 -21"><span class='ocrx_word' id='word_1_844' title='bbox 2357 4927 2486 4994; x_wconf 80' lang='lat' dir='ltr'><strong>ﬁde,</strong></span> <span class='ocrx_word' id='word_1_845' title='bbox 2518 4929 2593 4995; x_wconf 74' lang='lat' dir='ltr'><strong>fili</strong></span> <span class='ocrx_word' id='word_1_846' title='bbox 2615 4969 2628 4991; x_wconf 88' lang='lat'><strong>,</strong></span> <span class='ocrx_word' id='word_1_847' title='bbox 2657 4931 2980 4981; x_wconf 80' lang='lat' dir='ltr'><strong>remittuntur</strong></span> <span class='ocrx_word' id='word_1_848' title='bbox 3007 4929 3094 4981; x_wconf 85' lang='lat' dir='ltr'><strong>tibi</strong></span> <span class='ocrx_word' id='word_1_849' title='bbox 3116 4939 3359 5000; x_wconf 82' lang='lat' dir='ltr'><strong>peccata;</strong></span> <span class='ocrx_word' id='word_1_850' title='bbox 3389 4943 3441 4984; x_wconf 91' lang='lat' dir='ltr'><strong>et</strong></span> <span class='ocrx_word' id='word_1_851' title='bbox 3470 4932 3594 4987; x_wconf 85' lang='lat' dir='ltr'><strong>huic</strong></span> <span class='ocrx_word' id='word_1_852' title='bbox 3613 4973 3628 4998; x_wconf 92' lang='lat'><strong>,</strong></span> <span class='ocrx_word' id='word_1_853' title='bbox 3672 4931 3799 4986; x_wconf 72' lang='lat' dir='ltr'><strong>Vide</strong></span> <span class='ocrx_word' id='word_1_854' title='bbox 3818 4978 3832 4998; x_wconf 93' lang='lat'><strong>,</strong></span> <span class='ocrx_word' id='word_1_855' title='bbox 3869 4955 3962 4988; x_wconf 75' lang='lat' dir='ltr'><strong>sn-</strong></span> 
     </span>
    </p>
   </div>
   <div class='ocr_carea' id='block_1_110' title="bbox 2359 5007 3964 5098">
    <p class='ocr_par' dir='ltr' id='par_1_110' title="bbox 2359 5007 3964 5098">
     <span class='ocr_line' id='line_1_110' title="bbox 2359 5007 3964 5098; baseline 0.005 -27"><span class='ocrx_word' id='word_1_856' title='bbox 2359 5037 2453 5072; x_wconf 73' lang='lat' dir='ltr'><strong>uus</strong></span> <span class='ocrx_word' id='word_1_857' title='bbox 2475 5023 2638 5090; x_wconf 76' lang='lat' dir='ltr'><strong>factus</strong></span> <span class='ocrx_word' id='word_1_858' title='bbox 2659 5007 2708 5073; x_wconf 66' lang='lat' dir='ltr'><strong>es</strong></span> <span class='ocrx_word' id='word_1_859' title='bbox 2725 5063 2739 5087; x_wconf 86' lang='lat'><strong>,</strong></span> <span class='ocrx_word' id='word_1_860' title='bbox 2765 5021 2869 5074; x_wconf 82' lang='lat' dir='ltr'><strong>noli</strong></span> <span class='ocrx_word' id='word_1_861' title='bbox 2890 5023 3109 5089; x_wconf 76' lang='lat' dir='ltr'><strong>amplius</strong></span> <span class='ocrx_word' id='word_1_862' title='bbox 3135 5039 3342 5090; x_wconf 72' lang='lat' dir='ltr'><strong>peccare</strong></span> <span class='ocrx_word' id='word_1_863' title='bbox 3371 5022 3596 5094; x_wconf 79' lang='lat' dir='ltr'><strong>(Matth.</strong></span> <span class='ocrx_word' id='word_1_864' title='bbox 3621 5027 3675 5080; x_wconf 81' lang='lat'><strong>9.</strong></span> <span class='ocrx_word' id='word_1_865' title='bbox 3697 5029 3732 5079; x_wconf 66' lang='lat'>2</span> <span class='ocrx_word' id='word_1_866' title='bbox 3751 5028 3793 5098; x_wconf 89' lang='lat'><strong>)_.</strong></span> <span class='ocrx_word' id='word_1_867' title='bbox 3821 5027 3964 5082; x_wconf 70' lang='lat' dir='ltr'><strong>Seio</strong></span> 
     </span>
    </p>
   </div>
   <div class='ocr_carea' id='block_1_111' title="bbox 2357 5113 3964 5186">
    <p class='ocr_par' dir='ltr' id='par_1_111' title="bbox 2357 5113 3964 5186">
     <span class='ocr_line' id='line_1_111' title="bbox 2357 5113 3964 5186; baseline 0.007 -22"><span class='ocrx_word' id='word_1_868' title='bbox 2357 5113 2614 5181; x_wconf 86' lang='lat' dir='ltr'><strong>quosdam</strong></span> <span class='ocrx_word' id='word_1_869' title='bbox 2641 5113 2780 5167; x_wconf 89' lang='lat' dir='ltr'><strong>hunc</strong></span> <span class='ocrx_word' id='word_1_870' title='bbox 2804 5116 3154 5184; x_wconf 83' lang='lat' dir='ltr'><strong>paralyticum</strong></span> <span class='ocrx_word' id='word_1_871' title='bbox 3179 5116 3477 5182; x_wconf 88' lang='lat' dir='ltr'><strong>criminari,</strong></span> <span class='ocrx_word' id='word_1_872' title='bbox 3503 5118 3644 5186; x_wconf 90' lang='lat' dir='ltr'><strong>quod</strong></span> <span class='ocrx_word' id='word_1_873' title='bbox 3668 5118 3964 5175; x_wconf 87' lang='lat' dir='ltr'><strong>Christum</strong></span> 
     </span>
    </p>
   </div>
   <div class='ocr_carea' id='block_1_112' title="bbox 2358 5205 3966 5279">
    <p class='ocr_par' dir='ltr' id='par_1_112' title="bbox 2358 5205 3966 5279">
     <span class='ocr_line' id='line_1_112' title="bbox 2358 5205 3966 5279; baseline 0.006 -22"><span class='ocrx_word' id='word_1_874' title='bbox 2358 5206 2687 5259; x_wconf 85' lang='lat' dir='ltr'><strong>accusaverit</strong></span> <span class='ocrx_word' id='word_1_875' title='bbox 2709 5247 2722 5266; x_wconf 92' lang='lat'><strong>,</strong></span> <span class='ocrx_word' id='word_1_876' title='bbox 2747 5215 2801 5260; x_wconf 89' lang='lat' dir='ltr'><strong>et</strong></span> <span class='ocrx_word' id='word_1_877' title='bbox 2826 5205 2946 5258; x_wconf 89' lang='lat' dir='ltr'><strong>ideo</strong></span> <span class='ocrx_word' id='word_1_878' title='bbox 2973 5206 3061 5258; x_wconf 86' lang='lat' dir='ltr'><strong>illa</strong></span> <span class='ocrx_word' id='word_1_879' title='bbox 3085 5205 3301 5261; x_wconf 85' lang='lat' dir='ltr'><strong>audisse</strong></span> <span class='ocrx_word' id='word_1_880' title='bbox 3323 5206 3527 5261; x_wconf 78' lang='lat' dir='ltr'><strong>dicunt.</strong></span> <span class='ocrx_word' id='word_1_881' title='bbox 3559 5209 3694 5275; x_wconf 88' lang='lat' dir='ltr'><strong>Quid</strong></span> <span class='ocrx_word' id='word_1_882' title='bbox 3725 5227 3863 5279; x_wconf 80' lang='lat' dir='ltr'><strong>ergo</strong></span> <span class='ocrx_word' id='word_1_883' title='bbox 3889 5216 3966 5266; x_wconf 86' lang='lat' dir='ltr'><strong>de</strong></span> 
     </span>
    </p>
   </div>
   <div class='ocr_carea' id='block_1_113' title="bbox 2360 5297 3958 5368">
    <p class='ocr_par' dir='ltr' id='par_1_113' title="bbox 2360 5297 3958 5368">
     <span class='ocr_line' id='line_1_113' title="bbox 2360 5297 3958 5368; baseline 0.006 -19"><span class='ocrx_word' id='word_1_884' title='bbox 2360 5299 2650 5368; x_wconf 84' lang='lat' dir='ltr'><strong>paralytico</strong></span> <span class='ocrx_word' id='word_1_885' title='bbox 2675 5299 2766 5351; x_wconf 91' lang='lat' dir='ltr'><strong>illo</strong></span> <span class='ocrx_word' id='word_1_886' title='bbox 2788 5299 3048 5361; x_wconf 82' lang='lat' dir='ltr'><strong>dicemus,</strong></span> <span class='ocrx_word' id='word_1_887' title='bbox 3081 5297 3148 5354; x_wconf 90' lang='lat' dir='ltr'><strong>de</strong></span> <span class='ocrx_word' id='word_1_888' title='bbox 3175 5314 3281 5368; x_wconf 92' lang='lat' dir='ltr'><strong>quo</strong></span> <span class='ocrx_word' id='word_1_889' title='bbox 3307 5299 3603 5364; x_wconf 73' lang='lat' dir='ltr'><strong>Blattbzrus,</strong></span> <span class='ocrx_word' id='word_1_890' title='bbox 3633 5303 3719 5368; x_wconf 85' lang='lat' dir='ltr'><strong>qui</strong></span> <span class='ocrx_word' id='word_1_891' title='bbox 3749 5303 3958 5359; x_wconf 80' lang='lat' dir='ltr'><strong>eadem</strong></span> 
     </span>
    </p>
   </div>
   <div class='ocr_carea' id='block_1_114' title="bbox 2361 5390 3968 5460">
    <p class='ocr_par' dir='ltr' id='par_1_114' title="bbox 2361 5390 3968 5460">
     <span class='ocr_line' id='line_1_114' title="bbox 2361 5390 3968 5460; baseline 0.002 -17"><span class='ocrx_word' id='word_1_892' title='bbox 2361 5406 2497 5460; x_wconf 86' lang='lat' dir='ltr'><strong>pene</strong></span> <span class='ocrx_word' id='word_1_893' title='bbox 2522 5391 2760 5443; x_wconf 79' lang='lat' dir='ltr'><strong>audivit?</strong></span> <span class='ocrx_word' id='word_1_894' title='bbox 2791 5390 2920 5444; x_wconf 83' lang='lat' dir='ltr'><strong>Nam</strong></span> <span class='ocrx_word' id='word_1_895' title='bbox 2953 5391 3024 5443; x_wconf 87' lang='lat' dir='ltr'><strong>illi</strong></span> <span class='ocrx_word' id='word_1_896' title='bbox 3054 5406 3269 5460; x_wconf 83' lang='lat' dir='ltr'><strong>quoque</strong></span> <span class='ocrx_word' id='word_1_897' title='bbox 3294 5391 3462 5454; x_wconf 80' lang='lat' dir='ltr'><strong>dixit,</strong></span> <span class='ocrx_word' id='word_1_898' title='bbox 3496 5390 3846 5445; x_wconf 77' lang='lat' dir='ltr'><strong>Rcmittuutur</strong></span> <span class='ocrx_word' id='word_1_899' title='bbox 3873 5401 3968 5448; x_wconf 83' lang='lat' dir='ltr'><strong>tibi</strong></span> 
     </span>
    </p>
   </div>
   <div class='ocr_carea' id='block_1_115' title="bbox 2361 5482 3971 5554">
    <p class='ocr_par' dir='ltr' id='par_1_115' title="bbox 2361 5482 3971 5554">
     <span class='ocr_line' id='line_1_115' title="bbox 2361 5482 3971 5554; baseline 0.004 -18"><span class='ocrx_word' id='word_1_900' title='bbox 2361 5494 2582 5554; x_wconf 76' lang='lat' dir='ltr'><strong>perrata.</strong></span> <span class='ocrx_word' id='word_1_901' title='bbox 2615 5482 2766 5538; x_wconf 90' lang='lat' dir='ltr'><strong>Unde</strong></span> <span class='ocrx_word' id='word_1_902' title='bbox 2810 5484 2982 5551; x_wconf 89' lang='lat' dir='ltr'><strong>palam</strong></span> <span class='ocrx_word' id='word_1_903' title='bbox 3010 5494 3092 5537; x_wconf 86' lang='lat' dir='ltr'><strong>est</strong></span> <span class='ocrx_word' id='word_1_904' title='bbox 3121 5499 3244 5536; x_wconf 91' lang='lat' dir='ltr'><strong>eum</strong></span> <span class='ocrx_word' id='word_1_905' title='bbox 3290 5497 3394 5537; x_wconf 90' lang='lat' dir='ltr'><strong>non</strong></span> <span class='ocrx_word' id='word_1_906' title='bbox 3425 5483 3511 5536; x_wconf 86' lang='lat' dir='ltr'><strong>illa</strong></span> <span class='ocrx_word' id='word_1_907' title='bbox 3535 5483 3605 5538; x_wconf 88' lang='lat' dir='ltr'><strong>de</strong></span> <span class='ocrx_word' id='word_1_908' title='bbox 3641 5498 3805 5537; x_wconf 81' lang='lat' dir='ltr'><strong>causa</strong></span> <span class='ocrx_word' id='word_1_909' title='bbox 3843 5486 3971 5543; x_wconf 78' lang='lat' dir='ltr'><strong>lia-e</strong></span> 
     </span>
    </p>
   </div>
   <div class='ocr_carea' id='block_1_116' title="bbox 2359 5574 3968 5644">
    <p class='ocr_par' dir='ltr' id='par_1_116' title="bbox 2359 5574 3968 5644">
     <span class='ocr_line' id='line_1_116' title="bbox 2359 5574 3968 5644; baseline 0.002 -15"><span class='ocrx_word' id='word_1_910' title='bbox 2359 5577 2657 5629; x_wconf 86' lang='lat' dir='ltr'><strong>audivisse:</strong></span> <span class='ocrx_word' id='word_1_911' title='bbox 2687 5575 2826 5644; x_wconf 87' lang='lat' dir='ltr'><strong>quod</strong></span> <span class='ocrx_word' id='word_1_912' title='bbox 2849 5591 2912 5629; x_wconf 78' lang='lat' dir='ltr'><strong>cx</strong></span> <span class='ocrx_word' id='word_1_913' title='bbox 2942 5576 3292 5644; x_wconf 88' lang='lat' dir='ltr'><strong>sequentibus</strong></span> <span class='ocrx_word' id='word_1_914' title='bbox 3313 5574 3512 5629; x_wconf 88' lang='lat' dir='ltr'><strong>clarius</strong></span> <span class='ocrx_word' id='word_1_915' title='bbox 3532 5575 3775 5628; x_wconf 87' lang='lat' dir='ltr'><strong>ediscere</strong></span> <span class='ocrx_word' id='word_1_916' title='bbox 3805 5578 3968 5633; x_wconf 78' lang='lat' dir='ltr'><strong>licet.</strong></span> 
     </span>
    </p>
   </div>
   <div class='ocr_carea' id='block_1_117' title="bbox 2369 5666 3972 5735">
    <p class='ocr_par' dir='ltr' id='par_1_117' title="bbox 2369 5666 3972 5735">
     <span class='ocr_line' id='line_1_117' title="bbox 2369 5666 3972 5735; baseline -0.001 -15"><span class='ocrx_word' id='word_1_917' title='bbox 2369 5669 2550 5721; x_wconf 73' lang='lat' dir='ltr'><strong>Postea</strong></span> <span class='ocrx_word' id='word_1_918' title='bbox 2594 5669 2765 5730; x_wconf 75' lang='lat' dir='ltr'><strong>enim,</strong></span> <span class='ocrx_word' id='word_1_919' title='bbox 2816 5668 3016 5735; x_wconf 83' lang='lat' dir='ltr'><strong>inquit,</strong></span> <span class='ocrx_word' id='word_1_920' title='bbox 3065 5668 3249 5720; x_wconf 68' lang='lat' dir='ltr'><strong>iurari!</strong></span> <span class='ocrx_word' id='word_1_921' title='bbox 3287 5683 3399 5720; x_wconf 82' lang='lat' dir='ltr'><strong>eum</strong></span> <span class='ocrx_word' id='word_1_922' title='bbox 3439 5666 3490 5719; x_wconf 84' lang='lat' dir='ltr'><strong>in</strong></span> <span class='ocrx_word' id='word_1_923' title='bbox 3529 5671 3716 5733; x_wconf 80' lang='lat' dir='ltr'><strong>templo</strong></span> <span class='ocrx_word' id='word_1_924' title='bbox 3754 5667 3926 5722; x_wconf 73' lang='lat' dir='ltr'><strong>Iesus</strong></span> <span class='ocrx_word' id='word_1_925' title='bbox 3959 5688 3972 5719; x_wconf 63' lang='grc' dir='ltr'><strong>,ο</strong></span> 
     </span>
    </p>
   </div>
  </div>
