4164 6324
216 353 322 411 Ξ13

221 470 360 541 quod
403 481 537 522 sane
568 464 786 537 pietatis
834 465 1044 533 signum
1076 471 1212 514 eral.
1239 456 1357 514 Non
1388 457 1535 512 enim
1578 456 1751 511 forum
1782 466 1838 511 et

219 563 535 619 ainlmlacra
564 558 804 631 petebat,
830 570 1005 627 neque
1029 555 1152 610 cibo
1173 563 1226 608 et
1242 553 1467 607 desidia:
1489 566 1548 605 se
1570 549 1829 613 dedi-bat,

220 658 315 713 sed
344 657 399 710 in
427 654 635 725 templo
668 652 899 724 degebat
928 667 943 705 :
974 646 1187 705 etiamsi
1219 646 1369 700 illinc
1398 660 1458 699 sc
1487 644 1556 698 ab
1576 642 1832 698 omnibus

218 748 533 822 pellendum
557 750 932 816 exspectaret,
960 740 1095 796 nihil
1126 739 1227 810 ipsi
1255 738 1423 793 suasit
1442 778 1458 803 ,
1488 746 1540 789 nt
1571 752 1600 788 a
1630 734 1833 803 templo

218 839 549 895 discederet.
577 835 712 893 Cum
744 849 876 905 ergo
903 831 1151 896 Christus
1179 829 1333 885 illum
1364 829 1659 883 invenisset
1688 835 1832 895 post-

216 950 379 1003 quam
403 947 533 989 cum
570 930 774 990 Iudicis
801 929 1056 1001 loquutus
1096 925 1305 987 fuerat,
1352 923 1483 977 nihil
1518 920 1828 991 huiusmodi

216 1025 610 1083 subindicavit.
661 1023 814 1093 Quod
843 1022 890 1077 si
920 1020 1023 1076 hac
1048 1019 1119 1074 de
1157 1034 1218 1073 re
1249 1017 1398 1072 illum
1440 1030 1701 1071 accusare
1744 1029 1837 1067 vo-

217 1120 449 1186 luisset,
475 1119 697 1174 dixisset
731 1116 804 1169 illi
833 1133 845 1169 :
879 1115 1087 1169 Rursus
1110 1112 1163 1165 in
1194 1110 1384 1165 iisdem
1416 1108 1663 1179 pcisistis
1682 1146 1698 1172 ,
1726 1122 1831 1162 nec

214 1231 281 1266 cx
339 1219 659 1282 recuperata
707 1204 1019 1261 valetudine
1061 1203 1233 1258 factus
1271 1224 1333 1255 es
1360 1200 1599 1255 nielior‘l
1630 1199 1827 1253 Verum

219 1303 349 1357 nihil
382 1301 517 1355 dicit
563 1297 870 1369 huiusmodi
897 1338 913 1364 ,
958 1294 1054 1351 sed
1099 1295 1152 1349 iu
1207 1305 1481 1365 posterum
1527 1294 1827 1347 cautiorem

214 1394 412 1450 reddit.

284 1486 343 1541 2.
368 1485 483 1540 Cur
505 1494 683 1539 autem
709 1497 831 1538 cum
861 1480 1083 1537 claudos
1110 1488 1166 1535 et
1195 1479 1413 1533 mutilos
1459 1486 1648 1539 curat,
1693 1475 1825 1530 nihil

214 1579 524 1648 huiusmodi
554 1577 826 1647 loquitur?
853 1575 977 1631 Mihi
1008 1574 1226 1645 quidem
1261 1573 1473 1627 videtur
1504 1571 1587 1625 his
1606 1570 1824 1640 quidem

212 1674 465 1726 morbum
494 1671 548 1725 iu
577 1677 915 1740 peccatorum
941 1682 1152 1737 pcenam
1180 1666 1417 1728 venisse,
1443 1664 1567 1718 aliis
1596 1676 1728 1718 vero
1756 1676 1823 1716 ex

209 1780 477 1835 corporea
522 1762 848 1817 infirmitate.
906 1759 1016 1814 Ni-i
1072 1757 1175 1813 hac
1222 1767 1389 1824 esset,
1418 1754 1555 1811 alios
1608 1770 1825 1826 quoque

207 1857 401 1914 eadem
428 1855 500 1911 de
526 1870 686 1910 causa
731 1854 1037 1924 alloquutus
1086 1852 1294 1908 fuisset.
1345 1850 1483 1906 Cum
1531 1852 1678 1906 enim
1737 1849 1824 1904 hic

210 1950 438 2003 morbus
457 1958 776 2002 ceterorum
806 1946 1044 1999 omnium
1074 1946 1141 1999 sit
1167 1943 1538 2014 gravissimus,
1571 1958 1666 2012 per
1696 1957 1820 1998 eum

194 2044 374 2098 etiam
434 2040 736 2095 minoribus
802 2039 1096 2094 remedium
1169 2037 1391 2106 prsehet.
1470 2033 1620 2091 Sicut
1675 2035 1820 2090 enim

205 2150 333 2189 cum
387 2133 555 2186 alium
581 2131 870 2201 quemdam
918 2130 1249 2192 curavisset,
1281 2128 1538 2199 prmcepit
1560 2127 1612 2182 ei
1644 2126 1819 2181 ntda-

206 2236 291 2281 ret
343 2226 577 2296 gloriam
626 2224 773 2288 Deo;
807 2238 911 2276 non
944 2222 1015 2275 illi
1048 2222 1148 2276 soli
1202 2221 1304 2274 hoc
1344 2220 1605 2275 monitum
1643 2219 1818 2284 dans,

202 2318 299 2371 sed
336 2332 437 2387 per
469 2316 617 2371 illum
659 2316 948 2369 omnibus:
976 2316 1053 2369 sic
1098 2329 1193 2383 per
1233 2314 1331 2368 hos
1382 2315 1543 2368 etiam
1591 2323 1822 2367 caeteros

201 2423 399 2464 omnes
428 2409 676 2463 hortatur
695 2450 711 2474 ,
744 2419 794 2462 et
824 2408 940 2462 liiec
968 2410 1168 2463 monita
1195 2410 1288 2462 dat
1313 2407 1560 2477 singulis.
1595 2406 1675 2460 Ad
1706 2408 1821 2461 haec

188 2497 307 2555 ‘boc
330 2502 498 2555 etiam
519 2499 849 2564 addendum,
874 2500 1045 2569 ipsum
1074 2514 1267 2570 nempe
1289 2514 1535 2570 magnam
1559 2498 1678 2567 ejus
1698 2512 1821 2567 per-

202 2592 573 2647 severantiam
598 2592 795 2648 vidisse
821 2609 836 2648 :
862 2591 1089 2660 ideoque
1114 2590 1261 2644 illum
1291 2599 1472 2644 monet
1500 2590 1666 2658 utqui
1699 2603 1823 2657 pos-

202 2683 274 2737 sit
305 2683 622 2739 mandatum
649 2699 868 2741 servare
887 2727 903 2752 ,
933 2692 1092 2755 atque
1124 2683 1271 2738 illum
1302 2683 1563 2739 beneficio
1592 2692 1646 2738 et
1675 2682 1818 2737 futu-

203 2794 391 2831 rerum
442 2779 640 2834 timore
684 2780 947 2834 malorum
980 2778 1033 2833 in
1061 2794 1191 2833 sana
1219 2787 1399 2832 mente
1441 2772 1703 2831 continet.
1752 2775 1822 2831 Et

205 2872 335 2943 vide
356 2886 524 2941 quam
552 2872 623 2924 sit
650 2871 860 2926 alienus
888 2887 918 2925 a
946 2872 1109 2926 fastu.
1153 2869 1269 2926 Non
1299 2872 1447 2925 enim
1477 2870 1644 2935 dixit,
1678 2869 1821 2924 Ecce

204 2975 403 3016 sanum
431 2972 486 3016 te
513 2963 652 3027 feci;
676 2963 793 3025 sed,
824 2963 999 3017 Samia
1021 2963 1187 3033 {actus
1210 2978 1300 3027 es;
1329 2962 1434 3015 noli
1458 2962 1680 3032 amplius
1706 2977 1823 3031 pec-

202 3069 345 3108 care.
373 3051 563 3124 Neque
588 3054 743 3119 dixit,
768 3052 848 3111 Ne
874 3066 926 3110 te
954 3056 1201 3124 puniant;
1235 3053 1351 3115 sed,
1385 3052 1469 3106 Ne
1499 3052 1585 3106 tibi
1624 3051 1822 3121 aliquid

205 3144 436 3200 deterius
488 3148 772 3217 contingat.
832 3146 886 3202 ln
939 3156 1131 3200 neutro
1182 3160 1468 3216 pcisonam
1521 3151 1819 3209 memorat,

205 3237 559 3307 ostenditque
604 3226 965 3293 valetudinem
1012 3254 1077 3293 ex
1129 3238 1299 3308 gratia
1344 3238 1521 3306 potius
1565 3250 1723 3306 quam
1754 3248 1821 3289 ex

208 3329 407 3385 merito
431 3329 757 3385 reatitutain.
785 3330 969 3402 Neque
993 3333 1136 3387 enim
1181 3332 1323 3387 dixit
1352 3332 1499 3385 illum
1530 3346 1596 3385 cx
1629 3330 1822 3383 merito

206 3425 453 3477 evasisse
502 3436 721 3492 pmuas,
753 3424 849 3478 sed
890 3440 956 3479 ex
1001 3423 1327 3495 benignitate
1366 3432 1637 3479 servatum
1676 3437 1819 3477 esse.

207 3510 317 3568 Nisi
350 3513 501 3570 enim
534 3515 604 3569 ita
637 3531 726 3571 res
753 3526 917 3582 esset,
941 3517 1185 3582 dixisset,
1208 3516 1345 3572 Ecce
1384 3516 1591 3571 debitas
1636 3530 1824 3585 peccao

209 3616 391 3661 toruin
440 3623 633 3677 pinnas
680 3608 909 3676 dedisti;
943 3624 1075 3665 cave
1122 3611 1215 3665 tibi
1241 3610 1516 3682 deinceps.
1544 3610 1661 3664 Jam
1694 3626 1822 3664 vero

210 3716 318 3756 nou
353 3700 427 3755 ita
455 3700 622 3771 dicit,
653 3702 747 3758 sed
792 3703 1103 3774 quomodo?
1147 3702 1282 3758 Ecce
1328 3720 1483 3758 uinus
1539 3708 1703 3774 factus
1732 3720 1823 3768 es;

203 3793 317 3864 iam
340 3793 453 3847 noli
474 3810 705 3863 peccare.
731 3793 856 3850 llzcc
881 3795 1036 3850 nobis
1062 3795 1193 3865 ipsis
1220 3795 1532 3865 frequenter
1555 3796 1820 3860 dicamus,

209 3894 266 3941 et
285 3887 331 3940 si
354 3887 605 3957 castigati
634 3887 948 3947 evadamus.
976 3887 1091 3942 hate
1116 3888 1253 3942 intra
1283 3900 1382 3942 nos
1410 3889 1693 3957 loquamur
1714 3887 1826 3940 sin-

207 3978 319 4047 guli
352 3995 368 4032 :
402 3976 540 4032 Ecce
556 3994 713 4033 sautts
737 3982 905 4051 factus
934 3996 1020 4045 es;
1038 3980 1153 4049 jam
1192 3981 1298 4034 uoti
1327 3996 1557 4049 peccare.
1591 3979 1746 4046 Quod
1777 3979 1822 4036 si

210 4068 270 4123 in
318 4067 514 4124 iisdem
564 4081 1008 4140 perseverantes,
1044 4086 1231 4139 pmnas
1276 4088 1382 4125 non
1428 4070 1654 4137 demus,
1694 4070 1822 4126 illud

206 4158 579 4227 apostolicum
629 4159 919 4215 recitemus
966 4179 978 4215 :

204 4251 341 4303 siam
362 4266 456 4304 tios
475 4250 684 4304 adducit
709 4265 728 4306 :
752 4252 1026 4306 secundum
1054 4254 1294 4307 duritiam
1318 4264 1489 4306 autem
1518 4265 1565 4307 et
1592 4254 1828 4323 ἱιιιρανιιὶ-

202 4350 326 4395 ltus
353 4356 445 4393 car
468 4351 701 4395 uestrum
721 4344 1123 4398 thesaurizamus
1144 4345 1285 4398 nobis
1311 4346 1440 4399 iram
1471 4345 1663 4419 (liam.
1688 4348 1742 4400 2.
1768 4353 1822 4402 4.

203 4435 302 4504 5).
337 4432 530 4505 Neque
578 4432 845 4490 firmando
891 4451 1088 4506 corpus
1113 4438 1429 4505 dumtaxat,
1462 4440 1555 4493 sed
1609 4440 1827 4495 aliunde

202 4527 384 4580 etiam
438 4540 689 4596 magnum
732 4525 1026 4583 divinitatis
1053 4543 1165 4582 sua:
1195 4529 1405 4600 signum
1442 4531 1539 4599 ipsi
1574 4532 1822 4601 prmbuit.

202 4615 351 4673 Cum
382 4616 525 4672 enim
551 4616 717 4686 dixit,
744 4617 868 4672 lam
906 4619 1013 4673 noli
1044 4636 1253 4688 peccare
1272 4663 1286 4687 ,
1315 4622 1581 4693 significat
1607 4638 1666 4677 se
1699 4638 1823 4692 pec-

200 4720 333 4765 cata
365 4707 460 4763 illa
486 4710 662 4765 omnia
693 4724 881 4777 nosse,
912 4726 1033 4782 qua:
1063 4712 1153 4766 ille
1180 4722 1306 4768 ante
1339 4715 1571 4779 fecerat;
1604 4716 1746 4769 unde
1775 4716 1825 4769 in

1026 4160 1324 4233 Benignitas
1353 4160 1449 4215 Dei
1477 4161 1545 4214 ad
1574 4163 1823 4231 paeniten-

204 4812 500 4872 posterum
522 4800 627 4858 llde
643 4802 835 4873 dignus
856 4802 1042 4859 haberi
1065 4804 1315 4861 debebat.
1342 4806 1429 4861 15.
1452 4807 1583 4861 Abiit
1601 4824 1721 4879 ergo
1742 4807 1849 4885 ille

203 4900 406 4961 homo,
427 4905 471 4949 et
491 4896 739 4951 nuntiavit
757 4895 979 4965 Iudicis,
1003 4899 1123 4969 quia
1144 4896 1296 4953 Iesus
1317 4909 1443 4955 esset
1463 4901 1548 4971 qui
1570 4903 1688 4971 fecit
1714 4919 1828 4956 eum

200 5004 431 5043 unum.
461 4986 594 5045 Vide
614 4989 809 5045 iterum
839 4991 1012 5060 ipsum
1038 5002 1193 5061 grato
1223 4994 1405 5047 animo
1426 5009 1547 5049 esse
1575 5010 1828 5064 perseve-

202 5092 456 5139 rantem.
493 5079 609 5137 Non
630 5081 775 5139 enim
804 5083 939 5139 dixit
963 5102 976 5139 :
1000 5082 1095 5141 Ille
1121 5094 1205 5141 est
1227 5086 1318 5155 qui
1343 5086 1478 5141 dixit
1501 5089 1651 5152 mihi,
1686 5087 1831 5143 Tolle

201 5176 524 5247 grabbatum
567 5186 729 5230 tuum.
775 5176 909 5243 Quia
954 5177 1097 5233 enim
1141 5178 1214 5232 illi
1246 5178 1296 5232 id
1322 5180 1461 5249 quod
1504 5179 1827 5249 culpandum

204 5270 513 5325 videbatur
565 5283 783 5341 semper
838 5271 1199 5340 objiciebant,
1247 5273 1360 5344 ipse
1421 5278 1827 5343 responsionem

201 5377 445 5432 sentiret
469 5362 623 5417 affert
641 5404 655 5423 .
687 5372 745 5417 ut
773 5365 1041 5419 medicum
1083 5366 1317 5422 celebret
1342 5408 1355 5430 ,
1384 5377 1439 5422 et
1468 5368 1604 5423 alios
1632 5368 1830 5423 alliciat

201 5466 262 5510 et
297 5453 504 5508 trahat.
534 5454 650 5510 Non
682 5456 825 5511 enim
860 5465 967 5510 tam
996 5458 1241 5528 stupidus
1268 5468 1322 5512 et
1346 5460 1584 5529 ingratus
1607 5470 1744 5523 erat,
1771 5471 1831 5515 ut

206 5559 342 5619 post
362 5557 566 5604 tantum
586 5547 907 5606 beneﬁcium
927 5564 1049 5606 cum
1072 5549 1437 5608 admonitione
1460 5553 1829 5622 conjunctum,

209 5641 527 5699 beneficum
577 5643 858 5715 proderet,
887 5653 940 5699 et
989 5644 1225 5714 maligno
1268 5646 1450 5701 animo
1474 5646 1551 5701 sic
1578 5646 1829 5717 loquere-

216 5748 335 5790 tur.
371 5732 501 5789 Nam
545 5738 644 5792 etsi
686 5734 803 5792 fera
824 5736 946 5799 ,etsi
974 5734 1302 5793 inhmnanus
1333 5746 1389 5793 et
1409 5738 1651 5807 lapideus
1696 5738 1831 5794 fuis-

215 5841 332 5898 Iﬂ,
362 5840 416 5886 et
440 5832 760 5889 beneficium
793 5840 853 5888 et
876 5838 1049 5888 metus
1077 5830 1249 5902 ipsum
1283 5842 1529 5903 poterant
1551 5834 1823 5892 cohibere.

1153 345 1215 401 IN
1253 341 1571 399 JOANNEM
1612 340 1849 397 liOillL
1896 339 2184 397 XXXVIII.
2229 344 2302 397 al.
2348 341 2610 399 XXXVII.

3450 343 3561 401 ΞΗ

1956 456 2030 511 l-Zx
2070 456 2493 511 comminatione
2538 458 2735 528 quippe
2784 456 3005 512 timebat
3033 472 3099 512 ne
3124 455 3254 529 quid
3281 457 3383 512 sibi
3409 458 3560 516 dete-

1949 551 2064 602 rius
2082 550 2440 619 contingeret.
2466 564 2589 603 cum
2614 550 2844 603 maxima
2870 548 3095 605 haberet
3117 550 3405 621 potestatis
3432 555 3567 610 tanti

1950 641 2146 696 medici
2177 652 2515 711 argumenta.
2567 642 2822 712 Alioquin
2855 642 2899 696 si
2926 641 3246 697 calumniari
3278 644 3561 710 voluisse,

1947 750 2055 787 non
2084 745 2376 788 memorata
2408 735 2658 798 sanitate,
2709 736 3201 805 transgressionem
3240 746 3446 793 tantum
3474 741 3563 792 iii-

1944 840 2211 883 cusasset.
2270 832 2337 882 At
2362 839 2551 882 contra
2584 829 2672 883 ille
2702 844 2893 899 magna
2937 845 3061 883 cum
3120 828 3313 885 fiducia
3340 838 3395 886 et
3421 832 3562 902 grati

1943 922 2107 975 animi
2140 920 2533 990 signiﬁcatione
2577 921 2900 975 beneficium
2948 921 3211 985 celebrat,
3244 938 3350 976 non
3384 925 3563 978 minus

1942 1029 2101 1081 quam
2131 1028 2307 1065 cacus
2338 1012 2449 1078 ille,
2477 1013 2566 1082 qui
2593 1012 2828 1077 dicebat,
2862 1010 3050 1065 Lutum
3077 1014 3194 1081 fecit
3215 1013 3279 1066 de
3301 1024 3478 1085 sputo,
3510 1026 3559 1069 et

1941 1104 2088 1157 unxit
2112 1103 2285 1157 oculos
2312 1120 2447 1158 meos
2472 1105 2645 1174 (Joan
2698 1103 2750 1160 9.
2787 1104 2859 1173 6)
2890 1120 2906 1167 ;
2938 1106 3007 1159 ita
3037 1116 3092 1160 et
3120 1104 3207 1160 hic
3234 1124 3247 1160 :
3276 1104 3437 1183 Jesus
3475 1117 3561 1163 est

1940 1198 2029 1265 qui
2054 1198 2180 1250 fecit
2198 1212 2283 1251 me
2308 1213 2520 1251 simum.
2560 1198 2645 1252 l6.
2682 1196 2965 1267 Pr0pterea
2992 1200 3429 1271 persequebantur
3452 1200 3557 1254 Ju-

1939 1287 2037 1341 daei
2059 1285 2241 1341 Iesum
2265 1299 2311 1342 et
2342 1287 2572 1341 colebant
2618 1290 2763 1343 illum
2808 1291 3094 1356 interﬁcere
3118 1331 3133 1356 ,
3178 1291 3300 1361 quia
3332 1292 3441 1346 lucc
3465 1292 3555 1362 [a-

1937 1378 2095 1431 ciebat
2118 1380 2169 1433 iu
2190 1379 2417 1433 sabbato.
2450 1378 2587 1446 Quid
2618 1397 2747 1451 ergo
2775 1381 3072 1437 Christus?
3109 1382 3192 1437 l7.
3222 1380 3380 1437 Pater
3406 1401 3553 1439 meus

1938 1487 2096 1540 usque
2124 1472 2274 1525 modo
2299 1484 2560 1541 operatur.
2586 1483 2633 1527 et
2663 1491 2755 1543 ego
2776 1490 2976 1544 operor.
3010 1476 3237 1542 Quando
3257 1477 3555 1546 discipulos

1935 1561 2229 1619 defendere
2278 1565 2594 1633 oportebat,
2641 1566 2894 1621 Davidem
2953 1566 3165 1621 illorum
3219 1582 3550 1625 conservum

1935 1653 1987 1707 in
2017 1654 2252 1709 medium
2281 1654 2539 1711 afferebat
2564 1674 2577 1709 :
2605 1654 2725 1710 Non
2753 1656 2967 1729 legistis,
3000 1658 3191 1728 inquit,
3223 1659 3347 1730 quid
3376 1662 3553 1731 fecerit

1937 1744 2122 1812 David,
2146 1749 2352 1817 quando
2371 1748 2618 1802 esuriebat
2638 1751 2655 1819 (
2672 1749 2862 1804 Matth.
2888 1749 2977 1805 12.
2998 1751 3033 1807 '5
3047 1751 3099 1823 )?
3118 1751 3348 1820 Quando
3368 1764 3550 1809 autem

1934 1855 2032 1910 pro
2060 1842 2239 1912 scipso
2269 1844 2525 1914 loquitur,
2555 1844 2622 1898 ad
2656 1845 2870 1902 Patrem
2900 1846 3179 1918 confugit,
3208 1850 3459 1919 utrinque
3487 1864 3549 1904 se

1932 1931 2076 1985 Patri
2116 1934 2379 2002 a'qualem
2412 1934 2721 2005 significans
2747 1978 2762 2003 ,
2793 1945 2851 1990 et
2874 1953 2996 1991 cum
3031 1937 3280 2007 privatim
3333 1940 3548 1995 Patrem

1932 2026 2193 2089 nominat,
2217 2036 2417 2082 etcum
2446 2042 2506 2081 se
2532 2028 2722 2083 eadem
2763 2046 2886 2100 quae
2931 2031 3090 2086 Pater
3118 2033 3332 2102 operari
3360 2044 3549 2089 osten-

1927 2117 2024 2171 dit.
2063 2117 2128 2173 Et
2154 2133 2253 2173 cur
2282 2133 2390 2174 non
2439 2132 2703 2175 memorat
2748 2137 2812 2177 ea
2860 2127 2983 2194 qua:
3028 2124 3081 2178 in
3132 2122 3352 2181 Jcriclto
3406 2124 3544 2179 facta

1928 2211 2093 2265 sunt?
2123 2212 2345 2268 \‘olebat
2371 2213 2493 2269 illos
2514 2230 2543 2269 a
2572 2225 2713 2271 terra
2758 2217 3047 2285 abducere,
3082 2230 3141 2274 ut
3169 2235 3275 2274 non
3305 2221 3544 2293 amplius

1927 2305 1993 2360 ad
2038 2307 2185 2362 illum
2228 2317 2501 2378 tamquam
2548 2311 2821 2365 hominem
2860 2312 3229 2380 respicerent,
3271 2313 3366 2368 sed
3407 2325 3543 2373 rani-

1926 2416 2086 2469 quam
2108 2400 2175 2455 ad
2201 2402 2365 2456 Deum
2385 2409 2439 2457 et
2456 2401 2839 2472 lcgislatorem.
2861 2404 2971 2459 Nisi
2991 2416 3168 2458 autem
3190 2405 3280 2461 Dei
3309 2406 3473 2461 Filius
3490 2418 3546 2462 et

1927 2509 1991 2548 ex
2020 2494 2209 2549 eadem
2232 2494 2531 2550 substantia
2559 2506 2723 2563 esset,
2756 2496 3002 2553 defensio
3027 2499 3167 2553 foret
3195 2500 3543 2554 accusatione

1927 2586 2186 2642 deterior.
2237 2586 2291 2643 Si
2322 2588 2445 2657 quis
2470 2588 2614 2643 enim
2657 2588 2978 2659 praefectus,
3006 2592 3095 2661 qui
3127 2590 3326 2658 regiam
3372 2592 3542 2660 legem

1930 2680 2421 2750 transgrederetur,
2454 2691 2736 2738 accusatus
2767 2683 3121 2753 respoiiderct
3152 2685 3328 2753 ipsum
3362 2700 3541 2755 regem

1928 2772 2072 2826 illam
2104 2782 2500 2843 transgressum
2547 2787 2685 2840 esse,
2737 2790 2844 2829 non
2895 2776 3079 2846 utique
3127 2777 3540 2840 absolveretur;

1930 2864 2038 2918 imo
2070 2864 2260 2934 majori
2290 2875 2435 2921 esset
2464 2866 2677 2943 crimini
2707 2868 2999 2922 obnoxius.
3034 2866 3235 2922 Verum
3278 2868 3365 2923 hic
3404 2885 3542 2939 quo-

1931 2957 2073 3011 niam
2102 2973 2200 3027 par
2224 2967 2311 3014 est
2342 2958 2581 3029 dignitas
2606 3000 2621 3024 ,
2650 2958 2896 3014 defensio
2924 2960 3160 3031 legitima
3188 2960 3409 3015 omnino
3438 2972 3540 3014 cst.

1930 3047 2133 3104 Eadem
2165 3051 2377 3107 ratione
2415 3067 2518 3122 qua
2565 3052 2732 3107 Deum
2776 3054 3006 3109 crimine
3054 3054 3315 3118 liberatis,
3357 3065 3414 3111 et
3458 3072 3545 3111 me

1930 3141 2173 3197 liberate.
2212 3142 2336 3199 Ideo
2362 3145 2597 3215 primum
2620 3145 2771 3213 dicit,
2801 3146 2955 3200 Pater
2978 3162 3153 3211 uicus;
3177 3159 3231 3201 ut
3259 3149 3340 3203 vel
3365 3150 3546 3205 invitis

1930 3235 2153 3290 Suaileat
2176 3237 2365 3291 eadem
2389 3237 2489 3292 sibi
2514 3238 2863 3294 concedenda
2890 3255 3032 3303 esse,
3062 3240 3106 3294 si
3138 3255 3324 3296 verum
3350 3241 3543 3297 Filium

1931 3337 2304 3382 t'cvercaulur.
2352 3328 2506 3398 Quod
2540 3330 2583 3383 si
2617 3331 2737 3399 quis
2762 3330 2954 3384 dixerit
2983 3371 3000 3397 ,
3031 3342 3083 3386 ct
3108 3332 3333 3386 ubinam
3386 3333 3547 3388 Patct'

1928 3427 2205 3487 operatur,
2238 3419 2329 3489 qui
2358 3420 2590 3490 septimo
2621 3422 2709 3475 dic
2742 3423 3007 3491 requievit
3034 3422 3102 3477 ab
3132 3424 3385 3479 omnibus
3412 3441 3547 3497 ope-

1931 3513 2080 3567 ribus
2109 3514 2267 3568 suis?
2298 3515 2343 3568 is
2371 3514 2591 3569 modum
2623 3530 2732 3584 quo
2758 3525 3015 3585 operatur
3058 3516 3253 3575 discat.
3300 3517 3432 3586 Quis
3456 3521 3550 3574 ille

1930 3606 2123 3661 modus
2148 3606 2265 3662 eStl
2285 3606 2524 3677 Opiliciis
2551 3609 2663 3661 suis
2685 3608 2953 3676 providet,
2986 3609 3183 3681 illaque
3206 3610 3370 3667 fovet.
3398 3613 3534 3668 Cum

1931 3698 2081 3753 vides
2107 3714 2236 3767 ergo
2262 3699 2432 3754 solem
2479 3701 2780 3763 orientem,
2828 3701 2967 3755 lnnze
3011 3716 3272 3769 cursum,
3321 3715 3547 3777 stagna,

1931 3789 2132 3855 fontes,
2156 3788 2349 3845 fluvios
2368 3830 2382 3853 ,
2409 3791 2616 3860 pluvias
2638 3800 2693 3847 ct
2725 3801 2929 3846 natum
2959 3808 3201 3860 cursum,
3229 3800 3346 3850 sive
3374 3798 3423 3851 in
3454 3814 3547 3853 se-

1933 3883 2188 3944 minib’us,
2211 3884 2326 3939 sive
2349 3884 2401 3938 in
2428 3885 2627 3939 nostris
2653 3895 2705 3939 et
2735 3885 3015 3941 brutorum
3042 3889 3382 3957 corporibus,
3413 3890 3548 3944 aliu-

1931 3989 2036 4043 que
2075 3975 2256 4029 omnia
2301 3989 2398 4045 pcr
2426 3991 2549 4046 qua:
2578 3978 2682 4031 hoc
2725 3976 3039 4032 universum
3075 3981 3357 4047 consistit,
3398 3982 3548 4038 disce

1935 4082 2230 4135 perennem
2280 4067 2454 4122 Patris
2502 4068 2900 4137 operationem,
2936 4069 3037 4137 Qui
3063 4072 3222 4125 solem
3258 4089 3428 4139 suum,
3460 4074 3547 4127 inv

1931 4159 2067 4227 quit,
2101 4160 2227 4213 oriri
2250 4159 2374 4229 facit
2400 4176 2554 4229 super
2598 4162 2759 4216 titulos
2810 4173 2858 4216 et
2896 4164 3076 4228 bonos,
3125 4175 3171 4220 et
3213 4165 3345 4236 pluit
3394 4184 3540 4236 supr:

1923 4252 2091 4323 justus
2116 4263 2162 4305 et
2188 4253 2404 4322 injustas
2430 4252 2451 4321 (
2474 4252 2663 4307 Matth.
2718 4255 2772 4309 5.
2821 4256 2953 4325 45).
2990 4256 3057 4311 Ει
3091 4274 3323 4324 rursum,
3356 4259 3419 4315 Si
3454 4278 3549 4315 au-

1934 4332 2043 4399 tem»
2056 4351 2247 4418 [aanimi
2268 4348 2379 4418 agri
2401 4349 2536 4416 quod
2556 4348 2709 4403 hodie
2730 4360 2822 4415 est,
2847 4363 2893 4404 et
2914 4367 3030 4406 cras
3050 4354 3102 4406 in
3124 4356 3287 4425 ignem
3307 4358 3509 4411 mittitui

1938 4438 2083 4492 Deus‘
2103 4441 2176 4493 sic
2204 4442 2353 4494 vestit
2378 4444 2395 4510 (
2420 4440 2611 4496 Matth.
2645 4442 2699 4496 6.
2730 4444 2837 4514 50)
2860 4461 2872 4509 ;
2908 4456 2961 4500 et
2988 4446 3058 4501 de
3083 4449 3390 4505 volatilibus
3415 4467 3541 4521 quo-

1933 4547 2037 4600 que
2055 4573 2069 4593 ,
2105 4528 2260 4585 Pater
2288 4543 2447 4586 vester
2467 4534 2681 4589 cmlestis
2708 4536 2868 4606 pascit
2899 4537 2991 4591 illa
3016 4537 3191 4609 (Ibid.
3222 4557 3268 4594 υ.
3301 4541 3372 4597 9.6
3393 4544 3438 4614 ).

2007 4622 2059 4676 3.
2090 4622 2186 4677 llic
2215 4638 2344 4693 ergo
2371 4624 2549 4679 verbis
2578 4634 2745 4680 totum
2778 4628 3001 4696 perfecit
3033 4630 3085 4683 in
3111 4631 3356 4699 sabbato,
3389 4635 3551 4689 nihil-

1934 4730 2040 4783 que
2062 4716 2290 4782 amplius
2317 4714 2544 4783 addidit,
2568 4717 2663 4773 sed
2690 4733 2758 4773 ex
2784 4718 2849 4775 iis
2878 4735 2998 4791 qua!
3020 4720 3072 4775 in
3099 4724 3300 4791 templo
3323 4724 3549 4794 fiebant,|

1934 4816 2095 4875 atque
2123 4822 2186 4863 ex
2217 4808 2454 4876 ipsorum
2500 4810 2755 4878 operibus
2776 4852 2789 4875 ,
2820 4812 3030 4882 objecta
3083 4816 3307 4871 crimina
3365 4818 3549 4876 solvit.

1939 4900 1951 4929 ¹
1972 4898 2093 4970 [Ubi
2114 4914 2241 4953 vero
2259 4902 2469 4967 operari
2492 4901 2753 4972 praecipit,
2769 4905 3197 4974 exemplicausa,
3224 4908 3419 4964 lectum
3444 4913 3549 4966 tol-

1937 4990 2069 5056 lere,
2087 5006 2197 5043 rem
2217 5006 2348 5045 sane
2365 5008 2471 5045 non
2492 4994 2668 5063 magni
2688 4998 2967 5061 momenti,
2983 4998 3079 5053 sed
3099 5016 3218 5068 qua:
3237 5011 3414 5057 tamen
3434 5002 3549 5057 sub.

1936 5082 2044 5137 liati
2066 5084 2389 5138 Solutionem
2412 5086 2556 5140 clare
2573 5087 2857 5157 signiticet,
2879 5098 3005 5144 tunc
3022 5092 3214 5146 altiora
3239 5094 3476 5164 loquitur
3494 5109 3549 5152 ut

1939 5176 2060 5230 illos
2082 5191 2148 5230 ex
2174 5176 2350 5231 Patris
2371 5177 2630 5247 dignitate
2655 5183 2927 5250 percellat,
2951 5192 3005 5237 et
3027 5182 3092 5237 ad
3116 5184 3429 5242 sublimiora
3452 5187 3549 5243 dit-

1936 5282 2041 5328 cat.
2057 5272 2416 5347 Quapropter]
2435 5292 2557 5330 eum
2576 5276 2643 5333 de
2658 5278 2884 5333 sabbato
2903 5280 3099 5350 agitur,
3121 5296 3295 5352 neque
3315 5294 3372 5337 ut
3387 5284 3550 5337 homo

1962 5469 1971 5479 .
2010 5417 2025 5479 ξ
2059 5415 2209 5479 Totus
2230 5408 2368 5479 locus
2389 5411 2587 5479 uncinis
2607 5411 2802 5479 clausus
2823 5414 2895 5464 sic
2920 5416 3407 5479 iniuterpretallone
3434 5429 3549 5469 Are-

1938 5470 2261 5543 tinihelﬂ‘ertur
2285 5486 2299 5521 :
2330 5472 2400 5543 tbi
2424 5486 2535 5523 vero
2555 5475 2752 5538 aperari
2774 5477 3017 5539 ριατείμίι,
3044 5470 3155 5543 cum
3172 5518 3185 5540 ,
3212 5480 3346 5531 verbi
3366 5483 3551 5543 gratia,

1938 5531 2173 5604 dia'llsic
2191 5535 2350 5604 quoad
2371 5531 2594 5604 sensum,
2617 5552 2729 5599 mue
2753 5531 3028 5600 sequuntur
3055 5542 3158 5604 ipsa
3174 5531 3556 5598 'Aretini'vct'bd

1937 5596 2095 5665 sunt),
2115 5594 2249 5664 folle
2271 5596 2528 5665 grabatum
2563 5594 2698 5648 tuum
2721 5614 2739 5650 :
2769 5594 2943 5652 ut'uou
2983 5594 3130 5663 graire
3168 5604 3406 5665 quiddam
3444 5594 3551 5657 esse

1938 5657 2125 5731 sabbati
2147 5657 2596 5731 precaricaq'ouem
2634 5666 2871 5724 osk'ttdat,
2896 5657 3075 5731 alti-ora
3120 5657 3348 5731 loquitur,
3378 5676 3427 5717 nt
3463 5684 3550 5731 pa.

1938 5726 2085 5788 tenor
2096 5721 2379 5788 auctoritate
2416 5722 2525 5788 illati
2549 5731 2748 5777 terreat.
2787 5733 2833 5775 et
2856 5721 2923 5775 ad
2948 5721 3209 5788 strumam
3234 5721 3395 5779 trahat
3438 5721 3551 5781 cnn-

1939 5780 2308 5856 temptationem.
2359 5794 2459 5845 Qua
2484 5785 2545 5856 de
2570 5802 2714 5856 causa
2744 5825 2757 5849 ,
2796 5798 2891 5839 etc.
2919 5780 3157 5840 Aretinus
3184 5792 3331 5856 longe
3358 5780 3547 5845 ὺιύιέυο

1940 5856 2066 5905 rem,
2092 5852 2144 5894 ut
2171 5846 2342 5897 videre
2367 5857 2440 5898 est
2463 5888 2474 5907 ,
2504 5846 2764 5900 lectionem
2790 5861 2990 5902 secutus
3017 5864 3109 5903 est.
