4164 6324
699 297 804 354 εις

699 419 925 470 tantmn,
949 417 1117 472 neque
1141 410 1195 454 ut
1219 400 1354 453 Deus
1383 406 1584 450 tantum
1616 409 1733 449 sese
1761 401 1977 463 purgat:
2002 391 2092 444 sed
2117 389 2275 444 modo

700 501 820 563 bac,
845 497 1000 553 modo
1021 495 1105 548 illa
1130 493 1356 547 ratione.
1389 489 1617 542 Volebat
1636 487 1776 542 enim
1800 495 2083 553 utrumque
2107 483 2272 546 credi,

697 601 750 645 et
780 587 1154 646 incarnationis
1183 583 1532 637 humilitatem
1553 622 1570 646 ,
1605 591 1657 635 et
1696 578 1914 634 Deitatis
1941 577 2271 646 dignitatem.

698 684 820 737 Ideo
846 696 985 735 nunc
1009 687 1066 734 ut
1094 678 1234 733 Deus
1263 691 1384 730 sese
1411 682 1612 744 purgat.
1638 672 1766 727 Nam
1795 673 1837 726 si
1871 671 2104 724 humano
2133 683 2263 722 sem-

698 789 792 842 per
813 787 959 825 more
991 772 1133 840 ipsos
1160 769 1461 837 alloquutus
1491 766 1692 822 fuisset.
1725 763 1776 816 in
1804 762 1987 818 eadem
2013 761 2273 829 perstitis-

695 862 1150 917 senthumilitate.
1181 857 1534 925 Quamobrem
1565 870 1630 910 nc
1673 854 1725 908 id
1765 854 1934 918 fieret,
1975 853 2182 907 Patrem
2223 852 2272 904 in

697 955 927 1009 medium
950 952 1184 1006 adducit.
1210 950 1364 1018 Atqui
1395 948 1521 1015 ipsa:
1542 954 1800 1000 creaturte
1826 945 1876 996 in
1905 943 2126 1008 sabbato
2147 957 2273 1008 ope-

697 1055 900 1099 rmttnr.
944 1043 1033 1098 Sol
1061 1056 1272 1096 cursum
1303 1037 1543 1108 perlicit,
1574 1036 1787 1089 lluiuina
1817 1041 2070 1097 manant,
2102 1032 2275 1084 fontes

697 1137 983 1188 seaturiunt
1003 1175 1019 1200 ,
1045 1132 1292 1186 mulieres
1317 1129 1548 1200 pariunt.
1588 1127 1780 1182 \‘ertnn
1807 1135 1862 1178 ιιι
1888 1125 2063 1178 discas
2103 1123 2272 1190 ipsum

699 1243 801 1281 nou
830 1243 890 1280 ex
920 1239 1140 1281 numero
1169 1233 1533 1277 creaturarum
1561 1234 1680 1274 esse
1701 1261 1713 1282 ,
1739 1234 1849 1272 non
1871 1217 2035 1280 dixit,
2063 1215 2234 1271 Etiam
2255 1256 2272 1281 ,

695 1334 888 1385 operor
916 1335 928 1371 :
960 1333 1078 1370 nam
1119 1325 1376 1370 creatura:
1403 1329 1615 1383 quoque
1643 1321 1959 1380 operantur;
1990 1307 2079 1364 sed
2109 1306 2232 1378 quid
2251 1306 2274 1346 ν

699 1409 866 1460 Ι·;ιί;ιιῐι
895 1449 909 1470 ,
941 1421 1136 1475 operor
1166 1424 1178 1458 :
1214 1420 1332 1459 nam
1367 1404 1522 1457 Pater
1549 1417 1700 1455 mens
1727 1408 1994 1470 operatur.
2024 1397 2110 1452 18.
2150 1395 2276 1448 Pro-

699 1511 866 1565 pterea
894 1513 1010 1566 ergo
1032 1497 1190 1566 magis
1219 1495 1506 1562 quwrebaut
1534 1509 1647 1545 eum
1667 1491 1840 1544 λα(Ιωὶ
1867 1490 2164 1557 interﬁcere.
2191 1488 2270 1540 iit-

699 1590 843 1654 quit,
870 1589 988 1657 quia
1035 1603 1134 1638 non
1171 1585 1334 1638 solum
1383 1581 1603 1636 solvebat
1649 1582 1932 1643 sabbatum,
1961 1579 2048 1631 sed
2083 1577 2201 1648 quia
2228 1586 2277 1630 et

703 1684 903 1737 Patrem
947 1697 1090 1734 suum
1132 1679 1324 1733 dicebat
1375 1676 1563 1740 Deum,
1592 1676 1906 1744 a’qualemse
1925 1674 2113 1745 faciens
2149 1670 2272 1724 Deo.

699 1775 876 1841 Neque
897 1773 1070 1826 verbis
1088 1780 1288 1825 tantum
1310 1769 1356 1822 id
1377 1767 1779 1827 demonstravit,
1803 1765 1894 1819 sed
1925 1765 2079 1834 longe
2111 1764 2277 1832 magis

697 1866 965 1934 operibus.
994 1863 1099 1919 Cur
1129 1865 1194 1916 ita
1218 1863 1241 1915 ?
1266 1861 1397 1930 Quia
1427 1861 1479 1914 in
1508 1860 1684 1912 verbis
1712 1858 1944 1912 cavillari
1994 1866 2234 1926 poterant
2259 1897 2276 1921 ,

699 1975 759 2012 ae
788 1959 852 2011 de
879 1956 1014 2012 fastu
1043 1969 1324 2018 accusare;
1366 1969 1485 2008 cum
1530 1961 1705 2005 autem
1750 1965 1927 2005 rerum
1970 1957 2020 2002 et
2057 1964 2276 2017 operum

701 2049 995 2111 veritatem,
1016 2062 1134 2116 qua:
1156 2045 1442 2113 potentiam
1469 2041 1801 2110 prmdicaret,
1821 2040 2130 2104 cernebant,
2155 2047 2278 2092 tunc

699 2157 766 2194 ne
797 2140 999 2193 hiscere
1028 2137 1238 2209 quidem
1284 2145 1467 2190 contra
1529 2133 1813 2189 audebant.

771 2231 1019 2282 Christum
1052 2231 1292 2298 o'qualem
1336 2243 1441 2281 esse
1489 2225 1636 2279 Patri
1693 2224 1973 2294 probatur;
2013 2223 2280 2292 objectioui

702 2321 1047 2391 respondetur.
1073 2349 1135 2358 —
1171 2319 1364 2372 Verum
1397 2318 1544 2370 aiunt
1567 2318 1673 2379 illi,
1720 2318 1807 2385 qui
1839 2317 2025 2369 nolunt
2059 2317 2171 2369 hree
2198 2315 2277 2379 pia

704 2425 878 2465 tuente
907 2413 1165 2476 accipere,
1197 2410 1308 2463 Non
1340 2409 1584 2462 Christus
1615 2423 1671 2462 se
1697 2407 1954 2476 mqualem
1985 2407 2092 2460 Deo
2123 2405 2276 2465 fecit;

702 2507 791 2558 sed
818 2508 914 2559 hoc
935 2505 1099 2557 .ltulmi
1131 2504 1555 2572 suspicabantur.
1599 2501 1954 2568 Quamobrem
1989 2499 2102 2553 hrec
2133 2499 2274 2552 dicta

704 2600 860 2651 altius
903 2613 1252 2651 resumamus.
1295 2595 1385 2650 Dic
1437 2595 1564 2648 mihi
1594 2636 1607 2657 ,
1639 2592 1906 2647 Christum
1959 2591 2126 2646 Juda'i
2159 2607 2281 2659 per-

704 2689 1079 2755 sequelmntur,
1105 2686 1316 2738 necne?
1343 2684 1808 2753 Persequebantur
1841 2683 2022 2751 utique
2049 2698 2063 2746 ;
2105 2682 2152 2734 id
2187 2695 2278 2734 nc-

709 2780 832 2830 ie-ini
885 2794 987 2829 non
1019 2787 1219 2828 notum.
1253 2776 1414 2828 lllane
1441 2790 1506 2826 an
1539 2774 1637 2826 alia
1684 2774 1750 2826 dc
1775 2788 1930 2826 causa
1965 2773 2132 2840 ipsum
2165 2787 2278 2838 per-

705 2869 1103 2938 mquobantnr?
1136 2869 1220 2922 Illa
1254 2878 1399 2924 certe
1426 2867 1494 2920 de
1520 2880 1699 2930 causa,
1727 2875 1783 2920 ut
1811 2865 2044 2918 fatentur
2071 2880 2277 2916 onmes.

704 2937 990 3014 Sibhatum
1017 2960 1287 3020 solvebat,
1322 2958 1529 3011 necne?
1555 2955 1824 3021 Solvcbat,
1860 2957 1907 3008 id
1937 2970 2092 3009 nemo
2124 2971 2280 3023 nega-

710 3056 865 3106 verit.
919 3053 1080 3104 Deum
1129 3050 1335 3103 Patrem
1382 3063 1532 3102 suum
1581 3046 1822 3108 diccbat,
1881 3046 2087 3099 necne?
2122 3045 2272 3098 Dice-

709 3147 794 3195 bat
827 3143 1022 3210 utique.
1060 3141 1195 3206 Ergo
1221 3139 1405 3192 eadem
1451 3138 1589 3192 serie
1636 3145 1827 3190 Caetera
1865 3137 2278 3204 subsequuntur.

706 3235 851 3286 Sicut
881 3233 1020 3286 enim
1073 3232 1281 3286 Patrem
1323 3230 1501 3283 dicere
1526 3228 1714 3292 Deum,
1747 3227 1951 3279 solvere
1982 3225 2278 3292 sabbatum,

707 3345 768 3378 ae
828 3335 1040 3394 propter
1097 3327 1196 3377 hoc
1244 3324 1513 3392 magisque
1568 3330 1781 3389 propter
1828 3319 1956 3374 illud
2002 3333 2032 3373 a
2085 3319 2283 3372 Juda-is

708 3418 1172 3486 persequutionem
1215 3417 1345 3484 pati,
1380 3431 1483 3466 non
1518 3413 1643 3466 falsa
1673 3412 1876 3480 opinio,
1901 3410 1992 3464 sed
2040 3411 2236 3464 veritas
2268 3431 2280 3464 :

712 3512 781 3565 ita
811 3512 1043 3579 seipsqu
1091 3509 1347 3576 a3qualem
1377 3507 1486 3560 Deo
1515 3507 1710 3565 facere.
1761 3504 1945 3559 eadem
1989 3511 2165 3557 mente
2192 3501 2284 3555 dc-

706 3601 1005 3654 elarabatur
1027 3617 1039 3651 :
1065 3598 1204 3666 quod
1229 3615 1290 3651 ex
1325 3595 1645 3666 supradictis
1674 3591 2008 3647 manifestius
2032 3601 2132 3646 est.
2156 3590 2285 3644 llltul

707 3693 846 3744 enim
884 3689 1034 3743 Pater
1064 3706 1200 3742 meus
1228 3699 1486 3756 operatur,
1517 3697 1561 3739 et
1583 3702 1675 3754 ego
1711 3701 1913 3754 operor,
1939 3683 2167 3751 idipsum
2200 3691 2282 3735 est

709 3801 770 3837 ae
795 3785 836 3836 si
869 3800 926 3837 se
953 3783 1062 3835 Deo
1093 3782 1344 3848 :eqnalein
1375 3779 1589 3832 faceret.
1616 3778 1824 3832 Nullam
1875 3778 2016 3831 enim
2047 3775 2288 3845 perbibet.

710 3877 761 3928 in
795 3875 876 3928 his
924 3873 1098 3926 verbis
1136 3870 1508 3924 differentiam.
1541 3869 1723 3938 Neque
1770 3868 1911 3921 enim
1954 3867 2130 3921 dixit:
2189 3866 2280 3919 llle

710 3975 981 4036 operatur,
1011 3974 1064 4017 et
1091 3978 1189 4032 ego
1234 3961 1618 4027 subministra;
1650 3961 1764 4026 sed,
1793 3960 1941 4015 Sicut
1979 3960 2069 4014 ille
2095 3973 2288 4027 opera-

712 4070 830 4118 tur,
865 4058 933 4109 ita
968 4065 1019 4109 et
1049 4069 1181 4121 ego;
1223 4067 1571 4120 magnamque
1627 4051 1858 4106 ostendit
1907 4051 2283 4120 :equalitatetn.

717 4148 866 4216 Quod
896 4148 936 4200 si
966 4145 1014 4200 id
1038 4160 1142 4199 non
1169 4144 1258 4198 ille
1287 4143 1653 4197 demonstrare
1678 4143 1930 4197 voluisset
1950 4183 1965 4207 ,
1996 4141 2089 4196 sed
2119 4141 2168 4193 id
2198 4139 2290 4194 Ju-

713 4239 811 4292 daei
845 4238 1035 4292 frustra
1079 4235 1331 4304 SttSpicati
1363 4243 1539 4287 essent
1577 4250 1589 4284 :
1635 4247 1740 4284 non
1773 4232 1983 4284 sivisset
2026 4231 2147 4284 illos
2176 4231 2289 4284 bare

715 4332 848 4384 falso
874 4329 1198 4390 existimare,
1245 4324 1337 4377 sed
1375 4322 1785 4377 emendavisset.
1805 4322 1984 4392 Neque
2005 4322 2104 4376 hoc
2125 4338 2290 4376 evan-

718 4421 904 4487 gelista
957 4417 1228 4481 siluisset,
1253 4430 1438 4468 verum
1470 4413 1644 4484 palam
1677 4412 1932 4478 dixisset,
1966 4415 2042 4468 sic
2072 4413 2289 4468 Judams

714 4511 1009 4580 suspicatos
1054 4507 1253 4569 fuisse,
1299 4505 1392 4559 sed
1427 4506 1598 4574 ipsum
1641 4520 1745 4558 non
1791 4519 1849 4558 se
1896 4505 2004 4559 Deo
2032 4506 2288 4574 atqualem

717 4603 905 4658 fecisse
938 4619 950 4655 :
985 4610 1041 4654 ut
1073 4600 1197 4654 alibi
1226 4598 1386 4662 facit,
1413 4611 1533 4652 cum
1563 4596 1709 4651 videt
1735 4613 1846 4651 rem
1870 4597 1969 4650 alia
2002 4608 2180 4652 mente
2209 4599 2292 4650 di-

718 4703 879 4750 etam.
911 4693 1013 4745 alio
1052 4704 1214 4744 sensu
1239 4689 1446 4758 accipi;
1480 4696 1539 4742 ut
1563 4702 1684 4741 cum
1721 4686 1968 4742 Christus
1992 4687 2139 4753 dicit,
2168 4688 2291 4742 Sol—

716 4784 816 4834 ritc
844 4781 1078 4848 templum
1101 4785 1215 4846 hoc,
1247 4787 1291 4834 et
1323 4781 1374 4833 in
1398 4779 1555 4833 tribus
1586 4779 1760 4833 diebus
1790 4779 2014 4833 excitabo
2042 4780 2191 4844 illud,
2226 4781 2293 4834 de

715 4890 880 4928 carne
896 4889 990 4927 sua
1019 4873 1257 4941 loquens.
1285 4872 1480 4928 Verum
1509 4871 1679 4927 Judmi
1700 4871 1751 4927 id
1774 4887 1878 4926 non
1909 4873 2286 4942 intelligentes,

720 4967 810 5019 sed
835 4965 1239 5035 putantesillum
1262 4964 1328 5019 de
1348 4965 1565 5020 ludaieo
1588 4966 1787 5035 templo
1816 4965 1980 5036 loqui,
2005 4966 2250 5021 dicebant
2279 4987 2290 5020 :

721 5056 1070 5126 Quadraginta
1089 5070 1178 5108 sea:
1207 5056 1354 5108 annis
1379 5055 1684 5122 aediﬁcatum
1710 5064 1781 5108 est
1827 5057 2066 5125 templum
2091 5057 2184 5110 hoc
2211 5099 2222 5116 .
2253 5067 2297 5110 et

724 5159 775 5200 tu
792 5148 840 5199 in
862 5149 1019 5201 tribus
1036 5147 1208 5199 diebus
1233 5147 1472 5200 excitabis
1494 5147 1663 5200 illud?
1687 5147 1818 5213 Quia
1848 5147 2005 5217 igitur
2029 5148 2167 5202 aliud
2188 5155 2298 5217 ipse

725 5240 952 5299 dixerat,
985 5237 1127 5290 aliud
1147 5238 1219 5290 illi
1242 5238 1491 5307 suspicati
1525 5237 1769 5303 fuerant,
1801 5238 1994 5307 illeque
2034 5238 2100 5292 de
2127 5254 2289 5294 carne

724 5345 840 5390 sua,
897 5328 948 5381 bi
1002 5327 1069 5382 de
1113 5329 1310 5396 templo
1360 5344 1456 5382 suo
1510 5329 1908 5398 intelligebant;
1965 5329 2014 5383 id
2061 5331 2300 5386 indicans

724 5425 1073 5493 evangelista,
1107 5424 1213 5477 imo
1243 5423 1450 5477 illorum
1483 5425 1756 5495 corrigens
1801 5425 2105 5493 opinionem
2129 5468 2144 5490 ,
2177 5428 2300 5479 sub-

729 5517 900 5581 jnnxit
932 5533 943 5569 :
967 5515 1063 5569 Ille
1079 5527 1244 5569 autent
1265 5515 1456 5569 diccbat
1477 5516 1542 5570 de
1559 5517 1740 5586 templo
1757 5517 1980 5585 corporis
2007 5519 2102 5570 sui.
2124 5519 2302 5586 Itaque

727 5609 771 5658 si
804 5606 902 5660 hoc
951 5608 1068 5661 loc»
1113 5606 1355 5663 Christus
1400 5625 1503 5664 non
1535 5626 1592 5664 se
1614 5610 1871 5679 :equaletn
1909 5610 2043 5664 Patri
2071 5610 2298 5674 fer-isset,

732 5699 1035 5752 imla‘oz'tnn
1074 5712 1218 5755 certe
1249 5702 1295 5756 id
1329 5702 1655 5770 opinantitnu
1702 5704 2016 5757 sententian.
2053 5703 2304 5757 emenda-

1477 285 1532 338 S.
1571 280 1845 336 ,ιιιικλιδ
1881 277 2345 332 CHRYSOSTOMI
2389 277 2704 332 ARCIIII‘ZP.
2746 274 3273 329 (JUNSTANIIXOP.

3862 278 3971 333 ‘2l8

2388 390 2594 454 vissctq,
2627 390 2951 459 divissetqne
2985 408 2997 442 :
3039 389 3206 444 Jnd:ei
3257 390 3513 458 putabant
3545 393 3714 460 ipsum
3748 407 3805 446 se.
3861 393 3972 446 Deo

2382 483 2641 552 aequalem
2686 481 2893 546 facere,
2936 482 3048 552 ipse
3092 498 3218 536 vero
3269 498 3372 535 non
3419 481 3486 536 de
3528 485 3832 551 mqualitatc
3881 486 3970 537 illa

2384 575 2718 642 loquebatur.
2753 574 2934 644 Neque
2964 575 3104 627 enim
3137 573 3222 628 hic
3245 575 3416 626 solum
3441 573 3768 643 erangelista
3795 577 3843 628 id
3869 577 3974 629 hoc

2384 668 2501 720 loco
2533 669 2689 729 facit,
2734 667 2825 721 sed
2881 669 3041 720 etiam
3092 668 3229 720 alius
3269 668 3595 737 evangelista
3637 669 3778 721 alibi.
3835 669 3972 722 Cum

2381 761 2520 811 enim
2557 759 2895 827 pr:ecopisset
2930 759 3204 826 tiiSt'ipttliS
3229 759 3384 813 Jesus
3412 777 3422 810 :
3452 759 3632 812 Cavete
3660 777 3690 811 a
3725 764 3975 829 fornicum

2389 851 2763 904 lerisworum
2813 861 2858 902 et
2891 851 3293 904 Sadduca'orum
3344 850 3363 922 (
3391 851 3576 904 Matth.
3613 851 3701 905 16.
3733 852 3809 920 6)
3847 869 3859 904 :
3898 854 3971 904 illi

2381 957 2507 996 vero
2537 942 2852 1002 cogitarent,
2885 941 3258 1011 dieerentquc,
3293 943 3463 996 Panes
3492 959 3595 996 non
3619 943 3971 1010 accepimus;

2379 1051 2498 1088 cum
2527 1035 2672 1088 aliud
2701 1036 2786 1089 ille
2829 1036 3054 1101 diceret,
3083 1036 3403 1091 fermentum
3428 1036 3730 1091 doctrinam
3778 1038 3971 1105 appet.

2380 1127 2517 1190 lans,
2550 1127 2690 1180 aliud
2743 1127 2818 1180 illi
2852 1128 3246 1198 intelligerent,
3275 1129 3341 1182 de
3379 1129 3600 1197 panibus
3627 1129 3826 1182 dictum
3874 1145 3974 1198 pu-

2383 1227 2575 1282 tantes,
2621 1218 2748 1272 illttd
2773 1220 3016 1288 corrigit,
3053 1235 3156 1274 non
3181 1220 3292 1290 jam
3342 1220 3696 1288 evangelista,
3729 1220 3823 1274 sed
3857 1223 3972 1285 ipa:

2378 1310 2622 1364 Christus
2641 1311 2718 1364 sic
2751 1311 2973 1379 loquens
3000 1329 3012 1363 :
3041 1311 3308 1377 Quomodo
3333 1328 3431 1363 non
3462 1311 3741 1378 intr/liquis
3768 1327 3841 1362 ιιιε
3869 1328 3971 1362 nou

2379 1404 2566 1458 dixisse
2594 1402 2728 1458 vobis
2756 1421 2787 1454 a
2815 1404 3028 1472 panibus
3057 1419 3232 1456 cavere
3261 1402 3422 1473 (Ibid.
3457 1419 3504 1454 ιι.
3533 1403 3631 1470 Η)
3657 1403 3679 1454 ?
3710 1401 3804 1456 llic
3839 1418 3972 1456 vero

2382 1493 2511 1547 nihil
2532 1494 2726 1548 simile.
2761 1494 2916 1562 Atqui
2945 1493 3086 1551 dicet
3114 1494 3326 1564 aliquis.
3363 1494 3465 1547 hoe
3495 1495 3667 1562 ipsum
3697 1493 3766 1548 de
3790 1495 3973 1548 medio

2387 1583 2527 1635 tollit
2564 1583 2812 1636 Christus
2840 1583 2964 1636 dum
2992 1583 3137 1636 addit
3166 1602 3177 1636 :
3214 1583 3333 1638 Non
3373 1594 3529 1652 potest
3559 1584 3727 1637 Filius
3752 1602 3782 1637 a
3808 1586 3983 1653 seipse.

2378 1673 2653 1744 quidquam
2699 1677 2881 1742 (acere.
2940 1675 3051 1727 lmo
3078 1685 3264 1728 eontra
3292 1717 3306 1740 ,
3341 1677 3409 1728 mi
3441 1675 3632 1738 h-uno;
3671 1690 3778 1728 non
3827 1677 3974 1730 enim

2383 1766 2516 1818 tollit
2543 1767 2920 1833 :eqti:t|itateiii,
2959 1767 3052 1820 sed
3099 1767 3269 1819 firmat
3319 1784 3436 1820 eam
3497 1767 3620 1820 dum
3656 1768 3770 1821 hzec
3819 1768 3974 1824 dicit.

2383 1856 2579 1910 Verum
2607 1858 2892 1927 diligenter
2936 1859 3198 1913 attendite
3228 1878 3238 1910 :
3293 1874 3466 1926 neque
3496 1860 3637 1913 enim
3680 1860 3746 1913 de
3775 1860 3876 1913 levi
3917 1877 3975 1913 re

2382 1949 2606 2016 quaestio
2623 1957 2724 2001 est.
2749 1949 2876 2002 Nam
2900 1950 3050 2008 illud.
3075 1950 3116 2003 Α
3143 1952 3430 2018 semetipso,
3457 1965 3599 2019 smpc
3620 1952 3668 2003 in
3695 1951 3973 2019 Set-iptura

2383 2041 2642 2106 habetur,
2674 2049 2726 2094 et
2759 2041 2824 2094 de
2855 2041 3070 2096 Christo
3105 2051 3160 2095 ct
3188 2041 3256 2095 de
3286 2042 3486 2109 Spiritu
3537 2050 3726 2095 sancto
3767 2041 3974 2096 dictum

2381 2143 2496 2197 est;
2527 2135 2712 2201 visque
2740 2133 2989 2187 dictionis
3010 2143 3092 2186 est
3113 2133 3425 2195 ediscenda,
3451 2149 3519 2187 ne
3551 2133 3601 2186 in
3626 2134 3978 2203 gravissimos

2383 2241 2596 2280 errores
2643 2225 2957 2280 incidamus.
3007 2226 3136 2280 Nam
3174 2227 3215 2279 si
3251 2226 3395 2279 illam
3429 2227 3664 2294 excipias
3692 2236 3748 2278 ut
3791 2227 3976 2280 statim

2383 2318 2619 2379 offertur,
2671 2317 2792 2372 vide
2830 2328 3022 2385 quanta
3072 2317 3193 2372 hinc
3247 2318 3549 2371 abun-ditas
3594 2327 3980 2387 consequatur.

2385 2409 2566 2476 Neque
2612 2411 2754 2462 enim
2800 2408 2957 2475 dixit,
3001 2423 3060 2462 se
3109 2409 3209 2461 alia
3272 2425 3426 2476 posse
3479 2425 3572 2478 per
3629 2409 3979 2477 semetipsum

2385 2502 2634 2568 operari;
2683 2501 2782 2552 alia
2828 2515 3022 2563 secus;
3066 2499 3160 2554 sed
3205 2501 3496 2568 generatim
3544 2501 3670 2554 (ῆι-ἧι
3697 2519 3710 2553 :
3739 2500 3809 2556 19
3856 2498 3980 2552 Non

2387 2601 2579 2660 potest,
2610 2590 2777 2643 Filius
2821 2608 2851 2641 (ι
2881 2591 3151 2657 semetipso
3189 2591 3466 2661 quidquam
3499 2595 3684 2660 facere.

2456 2687 2506 2736 «5.
2555 2684 3000 2753 Interrogabimus
3049 2699 3176 2752 ergo
3225 2684 3704 2749 eoutradieentem,
3761 2683 3985 2738 Nihilne

2384 2784 2552 2843 potest
2582 2790 2610 2828 a
2637 2775 2926 2843 semetipso
2961 2778 3132 2829 facere
3174 2775 3377 2828 Filius?
3406 2776 3458 2829 Si
3493 2775 3849 2843 responderit,
3884 2775 3983 2829 Ni--

2386 2865 2508 2929 ltil',
2562 2880 2883 2932 reponemus
2931 2883 2943 2916 :
2989 2866 3146 2934 Atqui
3209 2867 3498 2920 niaximum
3556 2866 3817 2918 bonorum
3885 2882 3988 2934 per

2385 2958 2729 3024 smnetipsum
2773 2954 2915 3016 fecit.
2949 2957 2997 3010 id
3026 2959 3165 3026 quod
3195 2957 3388 3012 Paulus
3415 2958 3629 3018 clamat,
3661 2957 3760 3022 Qui
3785 2975 3903 3011 cum
3930 2960 3986 3010 in

2387 3052 2550 3115 [bruta
2599 3047 2693 3099 Dei
2734 3057 2879 3113 esset,
2919 3066 3017 3102 non
3060 3051 3291 3118 rapinam
3337 3051 3608 3103 arbitratus
3653 3060 3726 3103 est
3773 3067 3882 3104 esse
3931 3069 3992 3106 se

2383 3139 2627 3204 arqualem
2650 3137 2778 3203 Deo,
2807 3140 2896 3192 sed
2921 3141 3241 3209 semetipsum
3272 3143 3566 3203 exiuanivit,
3598 3142 3816 3211 formam
3852 3146 3992 3195 servi

2383 3230 2632 3298 accipiens
2655 3229 2910 3300 (Philipp.
2937 3231 2991 3288 2.
3021 3232 3098 3300 6).
3125 3233 3187 3286 Et
3211 3249 3396 3288 rursus
3418 3234 3528 3303 ipse
3545 3233 3792 3291 Christus
3813 3237 3987 3290 alibi:

2387 3319 2693 3374 Poteslatem
2727 3323 2885 3375 habeo
2929 3325 3151 3391 ponendi
3179 3327 3403 3379 animant
3449 3343 3636 3391 meam,
3675 3338 3721 3382 et
3751 3338 3991 3397 potesta—

2387 3420 2484 3463 tem
2509 3413 2666 3465 habeo
2692 3415 2923 3467 sumendi
2947 3431 3078 3480 eam,
3122 3425 3168 3469 et
3198 3433 3340 3470 nemo
3373 3418 3501 3471 tollit
3527 3435 3643 3472 eam
3672 3435 3704 3471 a
3741 3435 3822 3472 me
3850 3436 3869 3472 :
3892 3437 3994 3488 ego

2389 3519 2520 3571 pono
2544 3520 2655 3558 eam
2685 3520 2716 3555 a
2755 3506 2944 3575 meipso
2983 3507 3159 3576 (Joan.
3194 3508 3281 3562 10.
3330 3507 3438 3577 18).
3489 3510 3669 3564 Viden'
3699 3519 3755 3564 et
3793 3514 3996 3564 mortis

2389 3605 2441 3648 ct
2462 3596 2581 3648 vita!
2606 3605 2918 3664 potestatem
2947 3598 3256 3666 habentem,
3279 3602 3368 3670 qui
3393 3611 3592 3655 tantam
3621 3603 3994 3657 oeconomiam

2388 3702 2416 3738 a
2464 3689 2754 3757 semetipso
2800 3688 2943 3744 fecit.
2993 3690 3198 3761 Ecquid
3252 3695 3425 3747 dicam
3471 3694 3538 3749 de
3579 3694 3837 3748 Christo?
3877 3696 3999 3750 Nos

2390 3779 2550 3841 enim,
2579 3781 2772 3849 quibus
2795 3781 2924 3834 nihil
2951 3782 3126 3847 vilius,
3152 3783 3314 3836 multa
3338 3800 3365 3835 a
3398 3785 3551 3838 nobis
3575 3786 3702 3852 ipsis
3729 3785 3995 3844 fat-imus.

2389 3884 2416 3921 a
2449 3871 2600 3923 nobis
2649 3871 2779 3938 ipsis
2815 3873 3124 3941 nequitiam,
3168 3890 3196 3926 a
3231 3875 3384 3931 nobis
3417 3875 3542 3944 ipsis
3572 3877 3821 3932 virtutem
3855 3877 4000 3933 deli-

2389 3962 2580 4029 gimus.
2609 3961 2759 4028 Quod
2797 3963 2841 4015 si
2873 3980 2977 4017 non
3015 3980 3042 4017 a
3090 3965 3245 4019 nobis
3281 3966 3429 4034 ipsis,
3464 3981 3636 4036 neque
3667 3976 3998 4035 potestatein

2393 4053 2727 4108 habeamus:
2764 4070 2958 4122 neque,
3011 4056 3054 4108 si
3109 4058 3526 4124 peecaverimus,
3576 4059 3626 4111 in
3677 4058 4000 4127 gehennam

2394 4144 2704 4208 incidemus,
2740 4159 2932 4212 neque,
2964 4147 3007 4200 si
3037 4146 3174 4200 bona
3211 4162 3373 4216 opera
3424 4146 3726 4214 fecerimus,
3764 4165 4001 4219 regnum

2393 4235 2643 4287 mulorum
2667 4249 3082 4304 consequemur.
3128 4235 3268 4290 Nihil
3311 4237 3455 4290 aliud
3483 4252 3613 4307 ergo
3652 4247 3732 4293 est
3761 4239 3920 4299 illud,
3957 4242 4003 4296 Α

2393 4327 2658 4396 semetipso
2687 4343 2785 4380 non
2813 4337 2975 4396 potest
2998 4333 3167 4398 fame
3198 4328 3490 4398 quidquam,
3511 4345 3668 4398 quam
3686 4331 3828 4400 quod
3859 4333 4013 4388 nihil

2397 4423 2561 4489 possit
2607 4422 2746 4475 Patri
2778 4425 3104 4478 contrarium
3147 4423 3344 4487 facere,
3380 4425 3509 4478 nihil
3552 4426 3806 4492 alienum,
3860 4427 4007 4482 nihil

2396 4514 2754 4584 peregrinum,
2786 4516 2834 4570 id
2864 4517 3006 4586 quod
3047 4520 3278 4572 maxime
3303 4517 3662 4587 aequalitatem
3685 4528 3740 4574 et
3764 4534 4011 4575 concor-

2394 4605 2535 4658 diam
2567 4621 2809 4675 magnam
2853 4608 3106 4663 ostendit.
3160 4609 3226 4663 Et
3251 4625 3348 4663 cur
3370 4625 3477 4664 non
3507 4610 3662 4675 dixit,
3693 4609 3836 4666 Nihil
3866 4628 4015 4668 cono

2401 4699 2617 4752 lrarinm
2644 4697 2785 4762 facit,
2810 4700 2924 4766 sed,
2954 4699 3073 4754 Non
3105 4710 3264 4769 potest
3285 4704 3310 4755 ?
3337 4701 3402 4759 Ut
3425 4701 3551 4758 hinc
3578 4719 3788 4758 rursum
3817 4717 4016 4762 osten-

2399 4787 2488 4841 dat
2514 4791 2875 4843 omnimodam
2906 4793 3288 4860 :cqualitatem.
3320 4793 3434 4848 Non
3475 4795 3618 4848 enim
3651 4795 4016 4852 imbecillita-

2403 4891 2526 4946 tem,
2558 4881 2647 4936 sed
2690 4898 2934 4951 magnam
2976 4884 3094 4952 ejus
3125 4887 3414 4954 potentiam
3449 4887 3664 4941 iudicat.
3694 4889 3827 4946 Nam
3869 4893 4016 4945 alibi

2404 4988 2613 5041 quoque
2639 4974 2706 5026 de
2729 4973 2885 5028 Patre
2910 4975 3041 5028 dicit
3070 4975 3264 5029 Paulus
3297 4995 3308 5031 :
3339 4977 3405 5034 Ut
3438 4996 3525 5046 per
3550 4980 3679 5033 duas
3708 4998 3786 5033 res
3815 4981 4022 5038 immo—

2403 5063 2542 5128 biles,
2567 5066 2616 5116 in
2643 5065 2821 5127 quibus
2847 5067 3156 5134 impossibile
3185 5078 3256 5121 est
3286 5071 3482 5121 mentiri
3519 5068 3680 5123 Deum
3721 5071 3921 5138 (Hebr.
3959 5080 4020 5131 ὓ.

2406 5151 2529 5223 l8);
2564 5163 2616 5207 et
2643 5170 2854 5208 rursum
2891 5173 2904 5209 :
2940 5157 3000 5210 Si
3048 5159 3413 5226 negaverimus.
3455 5160 3541 5214 ille
3579 5161 3744 5227 ﬁdelis
3789 5175 4026 5229 mme;

2407 5261 2585 5313 negare
2611 5247 2829 5313 seipsum
2859 5263 2960 5298 non
2990 5257 3150 5316 potest
3189 5247 3265 5318 (Ξ.
3301 5247 3432 5300 Tim.
3461 5248 3514 5302 2.
3555 5249 3666 5318 li).
3701 5250 3857 5313 Illud,
3894 5252 4024 5305 lm-

2408 5337 2641 5402 possibile
2678 5346 2772 5400 est,
2807 5354 3064 5406 nusquam
3114 5340 3532 5393 imbecillitatem
3578 5343 3868 5410 significat,
3919 5349 4027 5401 sed

2410 5429 2719 5496 potentiam,
2767 5439 2822 5481 et
2863 5431 3150 5498 potentiam
3186 5431 3527 5486 inelTabilem.
3564 5433 3674 5487 lloc
3701 5443 3894 5489 autem
3949 5442 4025 5493 si-

2408 5520 2621 5588 gnificat
2651 5538 2664 5574 :
2699 5521 2788 5575 illa
2816 5522 3108 5576 substantia
3141 5538 3225 5577 res
3258 5523 3557 5592 hujusmodi
3599 5526 3773 5580 nullas
3804 5529 3994 5583 admit
4015 5563 4029 5573 -

2411 5614 2488 5664 tit.
2534 5613 2996 5672 Quemadmodum
3036 5618 3178 5671 cnim
3210 5633 3329 5672 Cum
3377 5619 3622 5679 dicimus,
3669 5621 4038 5689 impossibile

2412 5715 2490 5757 t'st
2521 5707 2684 5759 licunt
2715 5721 2956 5776 pet‘t'are,
2989 5724 3092 5762 non
3126 5710 3540 5765 ιιιιΙιιιἹΗιιςιιριιι
3568 5713 3662 5778 ipsi
3691 5713 4032 5769 tribuimus.
