4164 6324
187 427 276 482 υτ
1058 410 1125 468 IN
1162 406 1477 467 JO.\NNEM
1520 404 1752 462 IlOlllL.
1799 401 2089 459 XXXVIII.
2131 404 2203 457 al.
2248 401 2514 459 XXXV".

189 540 266 595 sed
312 530 626 590 iueﬂ'abilcm
675 527 957 601 quamdam
1011 523 1302 596 [mentium
1353 520 1746 575 testificamur:

189 636 253 686 sic
278 630 426 684 etiam
450 640 572 679 cum
599 623 732 679 dicit
762 624 898 694 ipse,
927 618 1050 675 Non
1081 632 1289 689 possunt
1312 632 1345 669 a
1370 615 1562 683 meipso
1588 612 1757 682 facere

189 722 458 791 quidquam,
500 717 603 770 hoc
631 714 735 771 sibi
764 714 875 769 vult
906 729 920 765 :
956 711 1185 767 Prorsus
1222 706 1554 777 impossibile
1594 712 1762 759 estut

193 815 313 871 Patri
338 811 664 869 contrarium
715 806 986 877 quidpiam
1037 802 1251 859 faciam.
1301 800 1370 856 Ut
1414 813 1544 854 vero
1585 797 1763 852 discas

191 906 300 960 illud
335 904 409 959 sic
453 898 856 971 intelligendum
887 910 1028 956 esse,
1061 892 1344 963 sequentia
1391 890 1759 957 esplorautes,

191 998 436 1052 videamus
476 1010 545 1050 an
587 992 886 1051 nobiscum,
919 1004 986 1040 an
1032 985 1309 1041 vobiscum
1358 981 1603 1037 Christus
1632 995 1763 1034 cou-

189 1090 377 1143 sentiat.
426 1085 503 1140 Tu
548 1083 704 1141 dicis.
754 1080 953 1136 dictum
995 1076 1121 1132 illud
1177 1077 1469 1147 potentiam
1517 1072 1756 1130 auferre.

192 1195 374 1232 uccuott
423 1176 799 1230 auctoritatem
853 1171 1420 1239 ipsigcompetentetu,
1474 1167 1762 1234 ipsumque

191 1270 484 1326 imbecillum
525 1264 928 1335 comprobare:
961 1276 1062 1331 ego
1103 1269 1289 1315 contra
1338 1258 1477 1321 dico,
1535 1256 1620 1309 his
1662 1254 1763 1307 de-

191 1362 450 1418 monstrari
495 1359 881 1429 aequalitatem,
928 1352 1292 1411 omnimodam
1344 1350 1663 1419 paritatem,
1710 1354 1764 1400 et

188 1455 344 1509 nuntia
371 1469 431 1509 es
476 1450 667 1506 eadem
700 1449 973 1504 voluntate
1013 1453 1070 1499 et
1116 1442 1356 1513 potentia
1403 1440 1538 1495 fieri.
1587 1437 1763 1507 Ipsum

192 1555 540 1614 percontemur
561 1541 859 1604 Christum,
882 1547 937 1592 et
960 1551 1054 1607 per
1074 1549 1138 1590 ea
1168 1550 1289 1606 quae
1308 1542 1491 1604 postea
1518 1530 1765 1585 dicturus

190 1645 260 1691 cst
285 1634 570 1698 videamus,
591 1647 661 1687 an
699 1629 993 1685 secundum
1020 1635 1187 1692 tuam,
1226 1640 1294 1679 an
1334 1622 1627 1678 secundum
1671 1635 1768 1674 no-

190 1738 333 1780 stram
353 1725 658 1795 opinionem
680 1721 820 1775 dicta
853 1720 1256 1787 interpretetur.
1284 1713 1423 1782 Quid
1446 1728 1576 1783 ergo
1600 1709 1766 1765 dicit?

193 1820 506 1887 Quacumque
535 1813 697 1868 Pater
726 1813 923 1883 fecerit,
953 1810 1061 1866 hac
1090 1819 1137 1862 et
1164 1806 1334 1862 Filius
1358 1806 1593 1861 similiter
1620 1803 1765 1873 facit.

196 1912 357 1965 Viden‘
394 1906 667 1975 quomodo
695 1904 1015 1960 sententiam
1058 1912 1291 1956 vestram
1325 1897 1582 1953 radicitus
1611 1894 1766 1951 evel-

190 2004 269 2067 lat,
313 2012 656 2067 nostramque
705 1995 1033 2053 confirmet?
1061 1992 1194 2049 Nam
1224 1993 1269 2047 si
1320 2007 1350 2045 a
1400 1990 1584 2060 scipso
1634 1987 1767 2043 nihil

193 2095 317 2154 facit.
351 2107 520 2162 neque
553 2091 714 2145 Pater
742 2104 772 2142 a
817 2088 998 2156 seipse
1043 2084 1244 2155 aliquid
1293 2084 1472 2146 faciet,
1525 2081 1571 2137 si
1613 2096 1766 2151 qua:-

190 2201 391 2254 cumque
414 2182 540 2238 facit
569 2181 731 2236 Pater
755 2189 806 2234 et
838 2180 952 2248 ipse
999 2177 1177 2233 faciat.
1211 2176 1343 2230 Nam
1375 2192 1419 2230 si
1447 2188 1534 2232 res
1563 2190 1668 2228 non
1698 2174 1767 2229 ita

190 2286 330 2341 esset,
359 2275 497 2331 aliud
524 2272 820 2329 absurdum
846 2279 1181 2342 sequeretur.
1212 2268 1397 2338 Neque
1428 2268 1571 2325 enim
1611 2266 1767 2330 dixit,

192 2368 301 2433 Qum
326 2368 448 2422 vidit
482 2366 695 2421 Patrem
727 2363 1033 2427 facientem,
1065 2362 1178 2417 haec
1207 2360 1370 2426 facit;
1396 2359 1515 2425 sed,
1546 2359 1663 2414 Nisi
1692 2357 1768 2412 ri-

191 2460 303 2511 drrit
328 2455 534 2511 Patrem
560 2456 848 2526 facientem,
874 2469 978 2507 non
1003 2452 1150 2519 facit,
1175 2466 1485 2506 sermonem
1512 2449 1578 2505 ad
1606 2463 1770 2503 omne

194 2561 380 2618 tempus
403 2549 703 2604 extendens
733 2562 749 2599 :
774 2545 1067 2601 secundum
1095 2560 1190 2599 vos
1210 2552 1387 2598 autem
1412 2540 1603 2599 eadem
1625 2555 1769 2597 scm-

194 2659 273 2711 per
312 2642 495 2696 discet.
532 2638 721 2693 Videu‘
748 2638 1030 2692 sententiae
1072 2636 1485 2700 sublimitatem,
1523 2644 1579 2687 et
1620 2631 1769 2687 verbi

196 2734 523 2787 humilitatem
558 2731 641 2786 vel
676 2730 1103 2799 impudentiores
1123 2728 1189 2782 ad
1223 2726 1354 2782 illud
1384 2725 1582 2779 invitos
1607 2724 1771 2778 etiam

193 2826 516 2896 compellere,
563 2834 623 2879 ut
672 2841 702 2877 a
749 2823 843 2877 vili
893 2837 1081 2887 sensu,
1128 2821 1279 2891 quia
1324 2828 1468 2874 tanta
1512 2817 1774 2889 dignitate

156 2906 157 2913 “
194 2916 442 2981 abhorret,
490 2914 734 2986 fugiant?
772 2913 902 2982 Quis
946 2913 1089 2967 enim
1116 2912 1254 2965 adeo
1291 2910 1457 2965 miser
1494 2918 1549 2964 et
1589 2908 1772 2964 infelix

197 3008 349 3074 fuerit,
383 3017 438 3061 ut
461 3008 611 3062 dicat
633 3004 825 3060 Filium
855 3002 1207 3073 quotidie'illa
1238 3001 1502 3064 ediscere,
1534 3014 1654 3070 qua:
1694 3000 1773 3051 fa-

196 3114 300 3154 cere
325 3099 576 3168 oportet?
612 3096 892 3164 Quomodo
938 3096 1124 3151 verum
1152 3095 1257 3149 erit
1302 3093 1432 3148 illud
1459 3110 1471 3146 :
1502 3091 1583 3145 Tu
1608 3101 1776 3147 autem

195 3190 435 3257 iamipse
457 3206 532 3256 es,
562 3199 609 3242 et
631 3189 758 3241 anni
782 3187 857 3241 tui
886 3203 986 3241 non
1010 3187 1246 3253 deficient
1276 3184 1448 3258 (Psal.
1480 3184 1604 3240 101.
1636 3182 1733 3253 ‘18)
1753 3182 1779 3236 ?

196 3282 461 3350 quomodo,
502 3280 693 3334 Omnia
725 3297 813 3348 per
852 3277 1018 3345 ipsum
1060 3281 1197 3349 facta
1238 3288 1375 3342 sunt,
1420 3287 1465 3331 et
1508 3278 1619 3331 sine
1666 3278 1778 3347 ipso

197 3378 366 3443 factum
390 3385 463 3427 est
492 3373 645 3437 nihil,
678 3373 723 3426 si
756 3372 844 3426 illa
872 3389 990 3441 quae
1024 3372 1181 3426 l’atcr
1217 3371 1365 3436 facit,
1397 3371 1511 3425 lucc
1552 3371 1669 3441 ipse
1697 3371 1777 3423 vi-

197 3466 312 3519 dens
349 3464 627 3520 imitatur?
670 3462 834 3520 Vides
859 3462 1131 3534 quomodo
1160 3471 1216 3517 et
1244 3477 1310 3517 ex
1359 3463 1424 3516 iis
1454 3477 1574 3532 qua:
1615 3476 1777 3531 supra

198 3556 317 3611 dicta
344 3565 485 3621 sunt,
520 3565 577 3611 et
606 3570 675 3611 ex
703 3556 769 3609 iis
793 3571 913 3625 quae
941 3565 1123 3624 postea
1143 3554 1409 3619 dicentur,
1440 3555 1559 3623 ejus
1589 3564 1777 3609 aucto—

198 3651 311 3706 ritas
340 3649 779 3707 demonstretur?
817 3648 971 3715 Quod
1013 3648 1059 3702 si
1089 3649 1342 3705 humilius
1377 3649 1620 3719 quardam
1649 3665 1780 3718 pro-

200 3742 337 3806 ferat,
358 3757 421 3796 ne
442 3742 683 3798 mireris.
707 3742 839 3810 Quia
860 3743 1005 3797 enim
1035 3741 1437 3796 sublimioribus
1457 3741 1776 3811 quibusdam

199 3832 390 3896 auditis,
438 3833 903 3903 persequebantur
947 3827 1092 3897 eum,
1141 3840 1197 3888 et
1253 3832 1364 3888 Deo
1407 3832 1775 3886 adversarium

200 3941 303 3978 csse
331 3925 606 3993 putabant,
632 3925 788 3993 paulo
822 3922 1107 3980 demissius
1142 3924 1427 3979 verborum
1453 3933 1657 3978 tantum
1694 3933 1776 3978 te-

200 4032 283 4067 nus
311 4016 585 4087 loquutus,
624 4015 695 4069 ad
722 4015 1034 4069 sublimiora
1072 4030 1258 4070 riu-sus
1284 4014 1551 4080 evehitur,
1581 4015 1779 4070 deinde

200 4110 253 4160 ad
280 4109 490 4163 bmnilia
519 4109 757 4163 deﬂectit
790 4125 803 4161 :
837 4110 914 4163 sic
938 4109 1239 4163 doctrinam
1276 4110 1513 4172 varians,
1551 4119 1609 4162 ut
1643 4108 1777 4163 faci-

200 4200 287 4253 lius
303 4202 378 4257 vel
395 4202 465 4257 ab
491 4200 750 4270 improbis
768 4201 1097 4254 admittatur.
1124 4199 1527 4263 Animadverte,
1551 4214 1770 4269 quzeso:

202 4301 456 4361 pstquam
484 4293 717 4357 dixerat,
748 4290 903 4346 Pater
928 4309 1068 4347 meus
1092 4302 1354 4361 operatur,
1379 4303 1427 4347 et
1454 4310 1546 4365 ego
1571 4310 1777 4363 operor,

200 4391 244 4434 et
269 4398 323 4437 se
363 4382 472 4438 Deo
516 4384 776 4452 aequalem
826 4382 1160 4447 ostenderat,
1214 4398 1402 4438 rursus
1441 4383 1575 4438 dicit
1607 4401 1618 4434 :
1656 4381 1779 4438 Non

202 4483 343 4543 potest
372 4473 417 4528 Ρ
417 4476 538 4529 ilius
568 4493 599 4526 a
627 4476 794 4542 seipso
826 4478 994 4545 facere
1022 4476 1317 4544 quidquam.
1350 4476 1448 4530 nisi
1475 4476 1613 4547 quod
1641 4476 1783 4532 ride-

200 4566 256 4619 rit
283 4564 482 4621 Patrem
511 4567 800 4638 facientem.
837 4564 1036 4620 Deinde
1065 4567 1225 4620 altius
1264 4584 1277 4621 :
1320 4566 1662 4638 Quacumque
1701 4569 1778 4638 fe-

200 4657 305 4711 cerit
342 4658 449 4725 ille,
501 4658 611 4713 hac
659 4666 707 4712 et
760 4654 927 4711 Filius
972 4657 1203 4711 similiter
1245 4657 1406 4730 facit;
1458 4673 1780 4728 rursumque

201 4748 436 4806 humilius
462 4768 477 4804 :
508 4750 602 4806 20.
649 4747 809 4803 Pater
834 4747 1004 4819 diligit
1044 4746 1264 4814 Filimrt,
1294 4758 1340 4803 et
1370 4749 1543 4802 eumia
1570 4747 1784 4803 demon-

200 4850 311 4894 strat
333 4842 381 4895 ei
420 4857 537 4909 qua:
563 4841 674 4910 ipse
700 4839 824 4905 facit
857 4854 876 4892 :
904 4848 950 4891 et
981 4839 1181 4903 maiora
1222 4839 1299 4892 bis
1332 4837 1697 4892 demonstrabit
1736 4840 1781 4894 ei

200 4946 356 4999 opera.
404 4926 651 4985 Vidistiu'
693 4938 900 4985 tantum
945 4930 1334 4986 humilitatem?
1363 4929 1493 4984 Jure
1533 4930 1777 4999 quidem.

201 5018 314 5073 Nam
341 5020 481 5091 quod
507 5020 618 5089 jam
642 5018 775 5082 dixi,
803 5034 901 5074 nec
919 5017 1079 5075 finem
1096 5019 1309 5075 dicendi
1334 5020 1544 5082 faciam,
1570 5019 1623 5073 id
1640 5035 1780 5076 nunc

202 5123 440 5178 repetam.
474 5111 702 5181 Quando
730 5111 927 5179 aliquid
958 5110 1251 5165 demissum
1282 5110 1412 5165 dicit
1460 5119 1517 5165 et
1554 5110 1777 5176 humile,

202 5202 241 5253 id
266 5212 384 5258 cum
414 5203 712 5275 hyperbole
744 5201 970 5272 profert,
1003 5212 1061 5257 ut
1091 5203 1173 5257 vel
1203 5202 1464 5271 improbis
1491 5203 1775 5257 verborum

201 5293 358 5349 vilitas
385 5295 625 5359 suadeat,
659 5302 715 5347 ut
755 5294 840 5363 pia
883 5303 1063 5349 mente
1105 5308 1261 5348 sensa
1302 5292 1622 5363 percipiant.
1667 5292 1776 5348 Nisi

201 5389 323 5441 enim
346 5388 447 5444 hoc
473 5396 641 5456 esset,
665 5388 845 5457 cogita
873 5404 1031 5457 quam
1053 5387 1341 5442 absurdum
1376 5398 1519 5443 esset
1548 5388 1601 5442 id
1635 5388 1777 5455 quod

202 5477 394 5544 dicitur,
435 5480 577 5550 quod
635 5479 804 5534 verba
844 5480 1172 5549 exliloraudo
1221 5481 1504 5552 percipies.
1553 5481 1778 5548 Quando

202 5572 328 5626 enim
352 5573 505 5639 dicit,
537 5572 743 5646 Παίονα
788 5574 868 5627 his
912 5575 1140 5628 ostendet
1178 5577 1223 5627 ei
1265 5590 1439 5645 opera,
1476 5575 1778 5628 invenietur

202 5661 348 5716 multa
376 5665 612 5719 nondum
641 5664 898 5720 didicisse
938 5685 949 5719 :
983 5665 1124 5735 quod
1156 5679 1227 5720 ne
1253 5664 1321 5720 de
1360 5666 1620 5735 apostolis
1652 5665 1776 5735 qui-

202 5749 306 5805 dem
329 5754 633 5810 dicendum.
678 5754 809 5810 Nam
851 5771 969 5811 cum
1003 5757 1230 5827 Spiritus
1274 5758 1498 5827 gratiam
1527 5756 1775 5825 accepis-

206 5846 628 5911 scut,c0ulct'tim
674 5850 855 5902 omnia
907 5858 1194 5913 noverunt,
1234 5849 1416 5903 omnia
1459 5857 1771 5917 potuerunt,

3372 404 3484 461 218

1874 531 1994 586 quae
2033 516 2180 585 ipsos
2224 525 2279 570 et
2330 517 2471 570 scire
2514 524 2569 570 et
2618 528 2777 585 posse
2805 515 3123 585 oportebat:
3167 513 3252 568 hic
3299 525 3483 571 autem

1870 606 2035 661 multa
2063 606 2199 661 scitu
2248 606 2553 661 necessaria
2595 604 2836 660 nondum
2876 605 3131 662 didicisse
3172 606 3481 675 deprehen-

1867 699 2028 755 detur
2062 717 2074 753 :
2107 713 2217 769 quo
2253 699 2380 769 quid
2425 698 2715 753 absurdius
2756 713 2880 754 esse
2921 698 3126 769 queat?
3168 698 3307 766 Quid
3350 715 3482 770 ergo

1866 792 1968 845 sibi
2020 790 2131 845 vult
2167 790 2370 845 dictum
2423 789 2591 844 illud?
2633 789 2770 856 Quia
2815 790 3113 862 paralytico
3151 792 3230 846 sic
3263 802 3480 854 curato,

1869 893 2139 938 mortuum
2168 884 2526 938 suscitaturus
2556 891 2706 944 erat;
2740 881 2863 936 ideo
2886 882 2966 936 sic
2999 880 3253 950 loquutus
3279 891 3382 946 est,
3416 897 3482 935 ac

1868 977 1911 1031 si
1956 976 2160 1031 diceret
2190 993 2205 1030 :
2240 975 2506 1030 Miramini
2553 989 2643 1029 me
2688 972 3039 1049 paralytieum
3094 974 3356 1028 sanasse?
3394 975 3483 1027 bis

1869 1069 2072 1136 majora
2100 1067 2367 1123 videbitis.
2402 1066 2586 1137 Neque
2632 1076 2814 1121 tamen
2848 1066 2918 1120 ita
2951 1066 3207 1135 loquutus
3236 1076 3335 1129 est,
3384 1067 3482 1121 sed

1868 1160 2156 1215 humiliore
2186 1175 2317 1215 usus
2340 1168 2423 1215 est
2448 1174 2723 1222 sermone,
2749 1168 2804 1212 ut
2828 1158 3040 1213 illorum
3070 1158 3305 1212 furorem
3320 1173 3481 1212 com-

1870 1252 2171 1323 pesceret’.
2212 1250 2282 1309 Ut
2328 1266 2457 1307 vero
2507 1251 2686 1306 discas
2740 1250 2892 1311 illud.
2931 1248 3338 1316 Demonstrabit,
3372 1265 3484 1304 nou

1870 1345 2086 1413 proprie
2128 1343 2333 1397 dictum
2385 1357 2529 1407 esse,
2568 1343 2694 1398 audi
2739 1357 2800 1397 ea
2849 1357 2970 1412 qua:
3017 1351 3337 1412 sequuntur.
3386 1342 3481 1396 2|.

1871 1434 2020 1489 Sicut
2046 1434 2180 1487 enim
2206 1431 2363 1487 Pater
2390 1435 2600 1489 “uitat
2623 1442 2851 1487 mortuos
2874 1441 2921 1486 et
2950 1433 3188 1501 rit'iﬁcat,
3211 1434 3285 1487 sic
3314 1442 3361 1487 et
3392 1431 3486 1487 Fi-

1872 1526 1972 1580 lias
2018 1543 2144 1596 quos
2186 1524 2289 1579 vnit
2333 1526 2579 1594 riri/icat.
2624 1526 2786 1597 Atqui
2837 1526 2991 1591 illud,
3049 1524 3198 1580 Nihil
3246 1536 3408 1597 potest
3453 1545 3484 1579 α

1870 1618 2140 1686 semetipso
2169 1617 2360 1686 facere,
2388 1617 2722 1673 contrarium
2750 1627 2836 1675 est
2867 1616 2942 1670 illi
2969 1616 3137 1697 dicto,
3175 1617 3315 1683 Quos
3354 1619 3483 1673 calt.

1872 1707 1927 1765 Si
1956 1710 2099 1764 enim
2130 1724 2264 1778 quos
2284 1710 2399 1762 vult
2423 1708 2676 1771 vivificat,
2705 1723 2735 1761 a
2757 1708 3055 1777 semetipso
3077 1707 3279 1777 aliquid
3305 1706 3488 1763 facere

1875 1812 2052 1873 potest
2082 1804 2242 1872 (velle
2268 1801 2413 1857 enim
2448 1803 2729 1869 potestatis
2767 1801 2885 1871 est)
2921 1820 2936 1855 :
2983 1798 3129 1873 quod
3155 1800 3203 1856 si
3247 1816 3353 1855 non
3387 1817 3486 1870 po-

1876 1868 1979 1949 test
2008 1909 2036 1947 a
2068 1868 2269 1962 seipso.
2298 1892 2411 1962 jam
2443 1868 2548 1945 non
2576 1906 2713 1961 quos
2736 1891 2847 1944 vult
2868 1868 3131 1944 tvivitlcat:
3156 1888 3289 1946 Illud
3316 1868 3487 1956 etiim,

1875 1986 2026 2041 Sicut
2061 1984 2216 2039 Pater
2237 1987 2467 2046 suscitat,
2502 1984 2764 2055 annalem
2795 1984 2988 2054 probat
3015 1985 3303 2050 virtutem;
3330 1986 3488 2039 illud-

1874 2095 1999 2149 que,
2046 2080 2187 2146 Quos
2230 2078 2357 2145 vult,
2408 2082 2689 2150 potestatis
2731 2081 3041 2149 paritatem.
3098 2080 3283 2135 Videu‘
3333 2081 3486 2145 illml,

1876 2172 2002 2227 Non
2035 2185 2195 2242 potest
2225 2190 2256 2226 α
2294 2174 2461 2245 seipso
2500 2175 2688 2244 facere,
2740 2184 3062 2243 potestatem
3114 2189 3221 2229 non
3272 2175 3485 2240 tollere,

1875 2268 1969 2322 scd
2001 2284 2185 2337 parem
2217 2269 2508 2336 potentiam
2548 2277 2604 2323 et
2643 2268 2972 2323 voluntatem
3011 2268 3359 2338 signiﬁcare?
3396 2268 3488 2323 Sic

1878 2363 2143 2433 intelligas
2177 2361 2329 2429 illud,
2376 2361 2759 2417 Demonstrabit
2789 2363 2855 2416 ei.
2903 2361 3119 2417 Etenim
3162 2361 3289 2417 alibi
3331 2362 3488 2425 dicit,

2018 2456 2333 2511 resnscitabo
2374 2472 2487 2509 eum
2530 2456 2583 2507 in
2616 2455 2890 2509 no‘rissimo
2918 2454 3001 2508 die
3031 2452 3215 2521 (locu.
3266 2454 3321 2507 6.
3363 2456 3481 2522 39).

1878 2550 1955 2602 Ac
1982 2562 2216 2609 rut-smn,
2247 2547 2540 2601 03temlens
2566 2562 2627 2600 se
2649 2546 2753 2599 vim
2777 2544 3036 2615 operandi
3058 2559 3164 2599 nou
3186 2546 3489 2613 accepisse,

1879 2637 1991 2709 Ego
2018 2655 2152 2701 sunt,
2210 2638 2402 2707 inquit,
2448 2638 2756 2691 resurrectio
2798 2648 2847 2691 et
2879 2638 2980 2689 vita
3014 2636 3197 2708 (Joan.
3254 2637 3337 2692 11.
3368 2635 3492 2705 25).

1881 2729 2085 2785 Deinde
2122 2744 2188 2783 ne
2213 2729 2366 2785 dicas
2396 2730 2568 2798 ipsum
2602 2744 2738 2799 quos
2780 2729 2884 2781 vult
2934 2738 3177 2783 mortuos
3225 2728 3496 2783 suscitare

1878 2835 1932 2880 ct
1967 2822 2257 2884 vivificare,
2303 2822 2397 2877 sed
2446 2823 2548 2877 alia
2595 2838 2702 2876 nou
2750 2822 2972 2891 perinde
3020 2821 3221 2884 facere,
3267 2832 3317 2878 et
3352 2822 3491 2876 bane

1880 2916 2240 2985 objectiouem
2271 2912 2549 2985 depellere
2578 2922 2808 2983 occupat
2840 2914 2922 2968 his
2952 2913 3132 2968 verbis
3167 2932 3182 2969 :
3219 2913 3492 2981 Quacum-

1879 3024 1977 3076 que
2005 3006 2094 3059 ille
2118 3006 2316 3075 fecerit,
2346 3006 2454 3058 Iure
2484 3015 2530 3058 et
2560 3003 2727 3059 Filius
2753 3005 2989 3058 similiter
3017 3005 3181 3076 facit;
3206 3004 3493 3061 declarans

1881 3111 1939 3151 se
1984 3096 2163 3149 υιιηιὶα
2213 3111 2333 3163 quze
2384 3096 2472 3150 ille
2519 3094 2646 3149 facit
2689 3096 2941 3150 similiter
2984 3095 3198 3158 facere;
3249 3104 3497 3151 mortuus

1883 3203 2078 3257 nempe
2121 3188 2408 3252 SthItll'c,
2451 3202 2679 3256 corpora
2729 3185 2990 3253 formare,
3046 3196 3266 3256 peccata
3300 3188 3497 3243 remit-

1884 3290 2020 3346 tere,
2051 3289 2105 3333 et
2136 3278 2349 3349 quidvis
2378 3278 2543 3343 aliud,
2578 3278 2801 3350 perinde
2826 3288 2991 3349 atmte
3018 3279 3179 3335 Pater
3211 3290 3493 3351 operatur,

1885 3372 2082 3426 facere.

1955 3464 2007 3518 5.
2042 3462 2237 3516 Verum
2284 3461 2370 3518 his
2416 3464 2655 3518 animum
2686 3478 2794 3518 non
2822 3462 3082 3519 adhibent
3127 3462 3163 3519 ii
3208 3464 3299 3534 qui
3340 3479 3495 3521 suam

1885 3556 2161 3626 negliguut
2190 3555 2419 3610 salutem
2456 3575 2467 3609 :
2505 3566 2711 3610 tantum
2754 3557 2954 3610 malum
2986 3566 3089 3622 est,
3116 3557 3497 3628 pra-collemin:

1883 3645 2053 3705 amor.
2088 3651 2200 3705 Hoc
2230 3649 2467 3705 luereses
2495 3651 2725 3721 peperit,
2770 3649 2871 3704 hoc
2914 3651 3193 3721 gentilium
3234 3650 3499 3721 impieta-

1886 3753 1992 3798 tem
2024 3743 2277 3797 firmavit.
2308 3742 2449 3797 Dens
2476 3742 2694 3811 quidem
2716 3742 2933 3795 volebat
2956 3741 3245 3797 invisibilia
3274 3757 3370 3797 sua
3396 3758 3494 3812 per

1884 3835 2067 3889 mumli
2107 3835 2440 3890 creationem
2484 3833 2708 3904 intelligi
2742 3853 2755 3890 :
2790 3833 2865 3887 illi
2895 3848 3024 3887 vero
3056 3834 3141 3886 bis
3170 3835 3407 3896 omissis,
3441 3844 3497 3887 et

1886 3931 2024 3986 hanc
2062 3931 2418 4001 dedignantes
2462 3928 2786 3991 doctrinam,
2817 3927 3041 3980 alteram
3088 3925 3191 3980 sibi
3236 3941 3497 3995 paravere

1886 4023 2025 4077 viam
2053 4039 2066 4082 :
2099 4030 2427 4093 quapropter
2456 4036 2484 4074 a
2518 4035 2647 4073 vera
2674 4019 2757 4073 via
2790 4020 3126 4073 aberrarunt.
3159 4017 3284 4072 Ideo
3323 4017 3493 4071 Judaei

1887 4133 1992 4171 non
2025 4115 2389 4174 crediderunt.
2424 4115 2610 4183 gloria!
2641 4113 2889 4166 btunana‘
2919 4112 3137 4180 cupidi;
3169 4113 3313 4167 illam
3342 4128 3497 4176 vero,

1884 4223 2005 4279 qum
2034 4222 2061 4260 a
2093 4207 2205 4261 Deo
2234 4215 2337 4269 est,
2368 4207 2593 4275 gloriam
2626 4220 2733 4258 nou
2766 4215 3094 4273 qua‘rentes.

1958 4300 2140 4355 Inanis
2165 4300 2331 4370 gloria
2363 4297 2628 4369 fugienda.
2651 4327 2725 4337 —
2751 4297 2944 4351 Verum
2974 4310 3093 4360 nos,
3118 4294 3322 4361 dilecti,
3351 4293 3501 4349 hunc

1887 4394 2133 4447 morbum
2166 4392 2314 4445 omni
2360 4391 2542 4445 studio
2581 4398 2632 4445 ct
2688 4388 2964 4459 diligentia
3012 4387 3299 4458 fugiamus.
3348 4386 3497 4443 Licet

1886 4486 2029 4540 enim
2072 4486 2349 4539 innumera
2382 4482 2550 4552 probe
2591 4483 2942 4552 gesserimus,
2973 4482 3090 4535 hzrc
3130 4481 3312 4535 omnia
3347 4495 3501 4535 value

1885 4580 2071 4652 gloria!
2096 4578 2361 4650 pernicies
2385 4574 2751 4633 labefactahit.
2777 4575 2832 4630 Si
2863 4590 2994 4645 ergo
3019 4574 3088 4627 ad
3109 4574 3297 4630 laudes
3326 4575 3499 4645 respi-

1886 4673 2111 4732 ciamus.
2139 4672 2257 4725 illas
2297 4684 2606 4740 qtneramus
2644 4685 2765 4739 qure
2792 4682 2825 4721 a
2856 4668 2966 4723 Deo
2994 4677 3141 4722 sunt.
3175 4666 3319 4723 Laus
3348 4669 3495 4722 enim

1888 4765 2192 4827 hominum,
2222 4762 2630 4832 qualiscumque
2661 4759 2847 4827 fuerit,
2874 4760 3054 4813 statim
3082 4768 3246 4829 atque
3271 4771 3499 4830 apparet

1886 4858 2179 4913 evanescit.
2214 4856 2324 4911 Etsi
2351 4865 2532 4911 autem
2576 4871 2681 4909 nou
2730 4855 2953 4923 periret,
3002 4852 3136 4907 nihil
3164 4858 3314 4908 Certe
3362 4852 3500 4908 lucri

1890 4946 2044 5004 nobis
2074 4950 2312 5012 afferret,
2341 4958 2393 5003 et
2419 4964 2483 5002 ex
2511 4957 2773 5017 corrupto
2817 4962 2961 5017 πρυ
2987 4946 3193 5016 judicio
3224 4948 3497 5016 provenit.

1886 5040 2023 5108 Quid
2068 5039 2213 5095 enim
2266 5048 2371 5092 tam
2411 5037 2731 5093 admirabile
2779 5036 3009 5092 humana
3061 5036 3228 5105 gloria
3276 5036 3501 5103 haheat,

1888 5148 1991 5203 qua
2024 5130 2274 5195 fruantur
2315 5139 2370 5184 et
2394 5130 2653 5184 saltantes
2678 5122 2929 5197 juvenes,
2958 5138 3013 5183 et
3042 5129 3332 5199 impudica:
3365 5147 3490 5184 nnt-

1888 5223 2075 5287 lieres,
2116 5230 2169 5276 ct
2198 5222 2343 5275 avari
2394 5232 2558 5290 atque
2606 5221 2889 5290 raptores?
2934 5221 3035 5289 Qui
3082 5230 3263 5276 autem
3313 5238 3341 5276 a
3388 5222 3504 5277 Deo

1888 5316 2161 5381 laudatur,
2188 5330 2295 5368 non
2334 5329 2459 5368 cum
2489 5312 2595 5377 his,
2622 5312 2717 5366 scd
2742 5329 2865 5367 cum
2896 5314 3098 5368 sanctis
3129 5313 3233 5367 illis
3257 5312 3499 5368 admini—

1889 5406 2017 5459 tiorri
2046 5404 2295 5465 habetur.
2328 5420 2450 5459 eum
2478 5404 2754 5473 prophetis
2786 5419 2980 5474 nempe
3011 5414 3065 5459 et
3091 5406 3371 5473 apostolis,
3406 5408 3502 5475 qui

1885 5500 2181 5568 angelicam
2225 5498 2429 5553 duvcrc
2483 5501 2667 5553 vitam.
2709 5499 2864 5565 Quod
2916 5501 2959 5552 si
3009 5499 3219 5553 turbam
3260 5502 3495 5554 circum.

1886 5589 2084 5645 ducere
2114 5599 2168 5643 et
2194 5590 2395 5659 suspici
2426 5600 2697 5659 Optamus,
2723 5590 2852 5643 illud
2877 5590 3001 5660 quid
3027 5592 3093 5645 sit
3121 5592 3494 5661 exploremus,

1886 5695 1950 5735 ac
1979 5681 2177 5737 nullius
2207 5684 2360 5753 pretii
2390 5697 2512 5737 esse
2536 5680 3030 5751 deprehendemus.
3072 5681 3189 5737 Uno
3220 5681 3410 5749 verbo,
3444 5684 3497 5739 si

1953 5860 1969 5891 ι
2007 5857 2095 5907 Alii
2121 5857 2310 5920 legunt,
2354 5869 2567 5915 curaret,
2593 5876 2694 5922 pro.
2720 5870 3053 5918 compesceret.
