4164 6324
715 419 817 474 219

715 531 923 585 turbam
949 548 1116 598 amas,
1159 537 1468 602 angelorum
1517 533 1907 585 multitudinem
1941 532 2030 584 tibi
2058 531 2287 593 attrahe,

715 630 769 674 et
799 621 1130 677 daemonibus
1155 625 1404 677 terribilis
1432 633 1567 686 esto,
1601 633 1651 676 ct
1675 624 1750 676 sic
1783 623 2054 676 hominum
2095 623 2292 675 tutllant

717 709 932 764 habebis
967 710 1262 774 rationem;
1309 713 1403 766 Sed
1451 713 1627 766 omnia
1673 713 1828 766 etiam
1862 728 1978 780 qua:
2018 711 2290 776 splendida

716 803 982 867 videntur,
1033 803 1101 857 ita
1151 805 1382 858 calcabis
1425 817 1482 857 ut
1532 820 1744 859 C(Bttttttt
1792 813 1950 871 atque
1995 803 2159 855 lutuut
2196 821 2208 856 :
2239 813 2294 856 ct

714 903 835 946 tunc
864 894 1009 948 clare
1058 895 1266 948 videbis
1317 895 1444 947 nihil
1494 897 1723 947 animant
1759 897 1827 947 ita
1878 895 2185 960 deturpare,
2232 903 2293 947 ut

707 978 890 1052 gloria:
919 1001 1178 1040 altiorem.
1213 986 1325 1039 Non
1376 996 1548 1054 poti-sl
1572 987 1733 1047 enim,
1771 1003 1873 1038 non
1907 994 2080 1053 potest
2111 986 2292 1052 utique

711 1093 861 1132 vana
889 1078 1069 1148 gloria:
1099 1089 1304 1131 amatur
1334 1081 1492 1131 vitam
1538 1079 1774 1132 cruciatu
1811 1080 2015 1146 plenam
2046 1093 2151 1132 rion
2181 1077 2289 1130 du-

708 1169 869 1222 cere‘
896 1186 909 1233 ;
939 1171 1068 1222 sicut
1098 1171 1256 1224 etiam
1284 1170 1372 1237 qui
1405 1170 1546 1222 illam
1575 1171 1765 1234 calcat,
1801 1185 1904 1222 non
1953 1177 2126 1236 potest
2168 1169 2288 1221 vitia

709 1258 871 1311 multa
901 1273 1004 1312 non
1047 1259 1377 1313 conculcarc.
1415 1258 1544 1311 Nam
1575 1259 1662 1326 qui
1706 1275 1895 1311 vanam
1927 1257 2152 1327 gloriam
2193 1272 2290 1310 su-

710 1349 929 1417 peravit,
961 1350 1229 1414 invidiam,
1281 1350 1622 1420 pecuniarum
1662 1365 1922 1414 amorem,
1962 1359 2291 1416 casti-rusque

707 1441 1045 1507 gravissimos
1074 1442 1288 1494 morbos
1325 1441 1635 1494 devicturus
1661 1452 1761 1494 egi.
1786 1440 1854 1495 Et
1890 1441 2176 1508 quomodo,
2209 1438 2288 1491 in-

706 1530 876 1597 quies,
924 1532 1065 1584 illam
1099 1533 1505 1600 superabimus?
1540 1531 1593 1588 Si
1638 1532 1794 1585 aliam
1841 1541 2141 1599 spectemus
2171 1531 2288 1599 glo-

709 1623 866 1684 riam;
892 1621 991 1676 hoc
1019 1631 1099 1676 est
1123 1624 1410 1687 caelestem,
1444 1639 1472 1676 a
1502 1639 1602 1692 qua
1634 1638 1729 1675 nos
1762 1622 1874 1677 lucc
1905 1622 2100 1684 ejicere
2127 1636 2287 1673 cona-

709 1722 809 1764 tur.
841 1712 931 1765 Illa
969 1715 1108 1766 enim
1151 1730 1247 1767 nos
1288 1723 1340 1766 et
1375 1715 1424 1766 in
1461 1713 1558 1767 hac
1602 1714 1705 1766 vita
1745 1711 2062 1780 conspicuos
2100 1712 2281 1773 cflicit,

705 1805 844 1855 clad
870 1805 1096 1858 futuram
1121 1806 1279 1859 vitam
1310 1807 1586 1860 nobiscum
1617 1806 1805 1871 pergit,
1846 1815 2004 1872 atque
2044 1803 2111 1857 ab
2137 1803 2284 1854 omni

703 1897 954 1948 servitute
983 1895 1178 1949 carttali
1214 1912 1310 1948 nos
1345 1896 1549 1949 liberal.
1587 1893 1744 1949 Carni
1778 1895 1968 1949 misere
1997 1908 2138 1947 nunc
2167 1908 2282 1946 ser-

706 1986 893 2044 vimus,
926 1994 1080 2039 terra:
1114 1989 1439 2055 terrenisque
1464 1988 1621 2040 rebus
1649 1985 1862 2038 addicti.
1887 1983 2010 2039 Sive
2037 1985 2086 2036 in
2113 1983 2281 2035 forum

703 2084 754 2130 te
783 2076 1044 2142 conferas,
1081 2078 1192 2132 sive
1226 2079 1439 2131 domum
1474 2079 1652 2141 intres,
1690 2077 1801 2131 sive
1843 2077 1974 2138 vias,
2005 2076 2279 2138 stationes,

764 2251 779 2280 ι
815 2256 954 2298 Juvta
981 2250 1120 2298 Savil.
1150 2250 1413 2312 legendum
1440 2256 1516 2297 est
1545 2263 1555 2295 :
1582 2257 1679 2297 Non
1719 2255 1868 2308 potest
1889 2245 2115 2312 enimn"
2145 2256 2280 2312 route

695 2311 865 2372 gloria:
877 2319 1058 2372 utuntur
1074 2309 1219 2360 tntum
1230 2310 1519 2372 crm-t'fixum
1543 2312 1739 2368 (lucere,
1764 2311 1898 2371 quasi
1923 2309 2188 2366 diceretur,
2215 2309 2280 2356 ri-

698 2371 796 2422 tum
820 2371 1142 2422 cltristiuumn.

1386 422 1440 476 S.
1480 421 1752 476 JU.\\.\iS
1780 413 2253 474 (IIIIRYSOSTOMI
2295 421 2609 475 Aiiilllll'li‘.
2651 424 3180 482 (ZONS'FANTINOP.

3887 432 3996 485 “2’0

2401 533 2696 588 diversoria
2735 537 3060 605 frequentes,
3093 540 3136 592 si
3173 537 3348 594 navim
3371 540 3722 606 conscendas,
3755 546 3990 597 insulam

2400 623 2565 679 adeas
2597 627 2676 679 vel
2706 627 2876 693 regias
2894 627 3053 692 aedes,
3079 629 3122 684 si
3148 628 3401 697 judiciale
3427 629 3601 684 furum
3634 632 3712 685 vel
3739 645 3992 688 senatum

2398 715 2582 780 adeas,
2615 717 2948 771 smcularium
2995 719 3187 788 ubique
3226 737 3404 775 rerum
3439 721 3848 777 sollicitudinem
3891 735 3993 779 on-

2398 808 2662 872 serrabis,
2687 809 3030 878 singulosque
3061 809 3144 863 liis
3172 811 3226 864 itt
3253 811 3414 866 rebus
3443 813 3764 874 laborantes,
3793 813 3992 868 abeun-

2401 907 2501 962 tes,
2533 908 2828 961 manentes,
2858 901 3181 967 navigantes,
3214 902 3494 970 agricolas,
3527 917 3621 956 eos
3649 905 3737 971 qui
3759 905 3807 956 in
3831 919 3986 971 agro,

2398 1001 2491 1042 eos
2515 990 2603 1056 qui
2648 988 2698 1042 itt
2736 990 2868 1042 urbe
2911 990 3171 1056 habitant,
3215 1007 3321 1044 uno
3366 991 3552 1057 verbo,
3595 1007 3804 1047 omnes.
3852 993 3988 1060 Qua:

2399 1077 2550 1130 nobis
2575 1094 2697 1146 spes
2721 1079 2907 1134 salutis
2929 1082 3049 1143 erit,
3077 1081 3290 1151 quando
3322 1082 3413 1136 Dei
3441 1094 3635 1136 tetram
3665 1085 3987 1148 incolentes,

2399 1167 2527 1221 nihil
2567 1185 2629 1221 ca
2661 1185 2778 1237 quae
2813 1170 2902 1225 Ι)θί
2947 1180 3072 1224 sunt
3097 1185 3366 1230 curamus.
3417 1171 3511 1226 sed
3544 1188 3664 1227 cum
3699 1173 3991 1242 jubcantnr

2399 1259 2482 1311 nit:
2511 1261 2773 1329 peregrini
2793 1273 2938 1326 esse,
2964 1262 3230 1331 peregrini
3264 1266 3313 1314 itt
3339 1262 3472 1316 ca‘2lo
3493 1278 3695 1326 sumus,
3725 1273 3779 1318 et
3802 1267 3988 1319 mutuli

2396 1349 2576 1403 cives?
2619 1351 2752 1416 Quid
2795 1349 2892 1405 hac
2919 1352 3222 1419 stnpiditate
3248 1352 3525 1408 deterius?
3557 1353 3808 1420 Quotidie
3833 1355 3987 1424 judi-

2396 1440 2535 1494 cium
2566 1450 2620 1494 ct
2649 1457 2867 1512 regnum
2896 1443 3162 1508 audimus,
3193 1453 3245 1496 et
3283 1455 3377 1498 eos
3406 1445 3494 1514 qui
3534 1446 3585 1499 itt
3639 1447 3828 1501 diebus
3869 1447 3930 1501 Ν·
3953 1465 3988 1503 c

2395 1543 2546 1586 crant
2594 1548 2802 1587 necnon
2842 1533 3144 1589 Sodomitas
3193 1535 3481 1597 imitamur,
3531 1545 3584 1590 et
3612 1539 3988 1607 experimento

2394 1625 2570 1678 omnia
2608 1624 2851 1680 ediscere
2875 1626 3140 1680 Volumus.
3172 1627 3328 1695 Atqui
3360 1625 3477 1681 ideo
3518 1627 3603 1680 illa
3631 1629 3808 1681 omnia
3851 1630 3989 1683 scri-

2394 1727 2480 1784 p'a
2513 1724 2658 1782 sunt,
2687 1725 2745 1768 ut
2769 1715 2813 1768 si
2840 1716 2959 1784 quis
2990 1716 3162 1768 futura
3208 1731 3312 1768 non
3357 1716 3557 1779 credat,
3591 1732 3655 1770 es
3695 1719 3988 1787 praeteritis

2391 1808 2592 1860 claram
2620 1807 2845 1876 accipiat
2887 1809 3182 1860 futurorum
3230 1808 3494 1860 notitiam.
3540 1807 3663 1861 [hcc
3694 1808 3871 1876 itaque
3894 1824 3986 1858 co-

2389 1901 2639 1969 gitantcs,
2691 1909 2796 1952 tam
2845 1901 3133 1968 pra'tcrita,
3189 1914 3346 1967 quam
3398 1896 3594 1963 futura,
3652 1899 3866 1966 paulum
3916 1917 3981 1953 rx

2393 1993 2490 2047 bac
2515 1993 2773 2046 servitute
2796 1992 3139 2060 respiramus,
3163 2001 3217 2044 et
3233 1990 3464 2060 aliquam
3492 1990 3686 2044 aniuue
3716 1991 3981 2044 rationem

2392 2082 2708 2147 habeamus,
2743 2090 2882 2136 utet
2931 2083 3212 2152 prasentia
3259 2091 3314 2136 et
3367 2081 3540 2135 futura
3586 2097 3985 2152 consequamur

2389 2175 2548 2236 bona,
2579 2175 2747 2242 gratia
2779 2183 2832 2228 ct
2868 2173 3194 2241 benignitate
3240 2174 3444 2228 Domini
3479 2174 3643 2228 nostri
3671 2173 3798 2230 Jcsu
3825 2176 3983 2231 Chrio

2387 2267 2472 2330 sti,
2505 2268 2588 2319 cui
2634 2267 2802 2335 gloria
2852 2273 2908 2322 et
2949 2265 3233 2333 imperium
3285 2266 3338 2319 in
3389 2265 3584 2320 smcula
3630 2265 3982 2321 sa-culoruin.

2387 2359 2582 2412 Amen.

2853 2488 3034 2497 ...ο-...ε
3055 2491 3057 2493 .
3079 2489 3192 2496 ...⁸-
3224 2489 3358 2496 .-.__..
3388 2489 3886 2499 --_—_._—_————.---

1983 2563 2327 2625 HOMILIA
2371 2561 2680 2623 XXXIX.

690 2716 778 2769 9‘2.
833 2715 985 2769 Pater
1005 2732 1141 2769 meus
1167 2733 1264 2768 non
1288 2716 1485 2783 judicut
1512 2730 1827 2783 quemquam,
1858 2713 1944 2766 sed
1971 2728 2116 2764 omne
2135 2712 2280 2778 judi-

761 2809 894 2859 ciuut
924 2809 1058 2860 dedit
1107 2805 1265 2872 Filio,
1294 2807 1382 2860 23.
1413 2817 1465 2859 ut
1491 2823 1661 2858 omnes
1692 2805 2022 2872 Itouoriﬁceut
2054 2802 2268 2867 Filimn,

761 2907 814 2948 ut
840 2897 1170 2961 honori/icon!
1193 2895 1420 2949 Putrem.

760 2987 807 3039 l.
851 2985 1111 3038 Judirium
1139 2991 1366 3054 futurum
1403 2985 1700 3037 timendum.
1735 2981 1897 3035 Filius
1936 2999 2034 3034 nou
2081 2985 2266 3049 factus,

685 3077 773 3131 sed
800 3077 860 3130 ub
881 3088 1066 3132 (eterna
1099 3079 1314 3147 genitus.
1342 3078 1487 3132 Curis
1513 3095 1572 3130 us
1613 3075 1862 3146 quomoda
1888 3086 1931 3128 et
1959 3092 2058 3143 qua
2108 3087 2270 3127 mente

687 3171 748 3222 de
771 3186 824 3222 se
848 3170 1052 3238 loquens
1079 3169 1290 3221 humilia
1321 3171 1613 3236 permiscent
1657 3167 1970 3220 sublimibus.
2008 3196 2077 3206 -—
2109 3167 2268 3220 Muita

687 3261 838 3314 nobis
859 3276 990 3328 opus
1014 3269 1095 3315 est
1123 3262 1173 3314 in
1195 3262 1442 3316 omnibus
1474 3261 1771 3328 diligentia,
1804 3259 2009 3321 dilecti;
2043 3274 2265 3312 accura-

685 3361 790 3403 tam
812 3352 1005 3419 quippe
1031 3351 1287 3404 ratiouent
1309 3350 1550 3403 dabimus
1573 3360 1624 3403 et
1647 3350 1926 3402 verborum
1947 3359 1999 3401 et
2020 3365 2260 3416 operum.

687 3441 792 3494 lies
819 3442 960 3494 enim
1001 3451 1197 3495 nostra:
1238 3456 1342 3494 non
1383 3449 1506 3493 sunt
1554 3443 1830 3508 pnnsentis
1860 3440 1980 3492 vita:
2013 3438 2266 3492 limitibus

682 3534 1118 3600 circutnscripta',
1151 3533 1245 3588 sed
1276 3533 1376 3586 alia
1427 3549 1523 3586 nos
1563 3541 1850 3600 exceptura
1880 3542 1961 3586 est
1989 3533 2107 3585 vine
2136 3546 2266 3584 con-

682 3625 832 3687 ditio,
866 3624 1458 3694 tremendoqnejudicio
1486 3625 1755 3679 sislrmur.
1785 3623 1970 3675 Omnes
1997 3624 2126 3675 enim
2149 3639 2259 3684 nos,

683 3714 851 3784 inquit
876 3717 1090 3778 Paulus,
1117 3717 1428 3783 ntauifestari
1459 3725 1652 3784 oportet
1675 3723 1790 3766 ante
1812 3713 2034 3766 tribunal
2053 3711 2260 3776 Christi,

680 3817 736 3858 ut
767 3811 949 3877 referat
979 3807 1334 3876 unusquisque,
1365 3823 1478 3876 qua:
1509 3823 1595 3876 per
1623 3822 1804 3873 corpus
1830 3806 1948 3874 egit,
1985 3815 2133 3872 prout
2153 3822 2264 3873 ges-

679 3899 762 3961 sit,
786 3900 886 3950 sive
915 3899 1118 3962 bonum,
1143 3900 1244 3950 sive
1270 3897 1458 3950 malum
1484 3898 1559 3966 (2.
1593 3897 1710 3951 Cor.
1741 3898 1793 3951 5.
1825 3898 1932 3966 10).
1966 3897 2072 3951 [loc
2098 3898 2262 3951 tribu-

681 3987 764 4041 nal
807 4003 1020 4056 semper
1048 3989 1361 4056 cogitemus,
1395 3996 1444 4040 et
1491 3986 1568 4040 sic
1594 4001 1806 4054 semper
1835 3988 2012 4040 virtuti
2056 3987 2259 4040 incum-

680 4079 806 4133 bere
831 4081 1137 4148 poterimus.
1168 4079 1296 4132 Nam
1321 4078 1457 4134 sicut
1478 4079 1521 4132 is
1547 4079 1634 4147 qui
1663 4079 1802 4132 illam
1827 4079 1966 4133 diem
1991 4079 2059 4133 ab
2080 4081 2257 4134 animo

680 4171 843 4234 t‘jicil,
872 4171 1017 4239 quasi
1050 4185 1216 4239 equus
1248 4184 1480 4224 excusso
1521 4169 1673 4223 freno
1719 4171 1768 4222 in
1819 4171 2104 4238 prccripitia
2154 4172 2257 4224 ruit

679 4259 1051 4329 (Profunautur
1076 4260 1239 4326 enim,
1274 4260 1461 4330 inquit,
1491 4261 1584 4312 via:
1621 4261 1728 4330 ejus
1755 4261 1802 4312 iu
1833 4264 1966 4313 omni
2002 4271 2256 4330 tempore;

677 4363 730 4404 ct
758 4367 970 4406 causam
1001 4353 1234 4407 afferens
1264 4355 1357 4417 ait,
1393 4353 1703 4424 Auferuutur
1723 4354 1924 4422 judicia
1955 4364 2038 4404 tua
2067 4371 2097 4404 a
2129 4356 2259 4424 facie

676 4447 784 4514 cjus
806 4445 974 4515 [PsaL
1006 4445 1059 4500 9.
1085 4444 1199 4515 27])
1228 4463 1240 4496 :
1276 4446 1344 4497 ita
1375 4445 1463 4514 qui
1502 4459 1715 4512 semper
1759 4442 1858 4495 hoc
1887 4443 2076 4497 timore
2107 4453 2252 4497 tene-

679 4548 783 4600 tur,
839 4546 1198 4605 temperanter
1245 4536 1473 4590 incedet.
1525 4535 1678 4596 Nam,
1727 4534 2033 4598 Iiecorclure,
2066 4536 2252 4603 inquit,

680 4629 947 4683 nouissima
989 4638 1094 4692 tua,
1138 4637 1182 4681 et
1228 4629 1278 4681 in
1317 4637 1560 4682 internum
1591 4645 1690 4680 mm
1719 4628 1943 4694 peccabis
1985 4627 2171 4697 (Eccli.
2200 4630 2252 4682 7.

677 4719 785 4781 40).
811 4718 910 4787 Qui
940 4719 1082 4773 enim
1113 4734 1250 4774 nunc
1271 4719 1488 4774 dimittit
1516 4719 1668 4772 nobis
1692 4731 1922 4786 meram,
1955 4721 1999 4771 is
2033 4720 2258 4785 tuncju—

675 4813 775 4868 dcx
810 4811 1045 4873 sedebit:
1079 4813 1166 4881 qui
1195 4822 1436 4866 mortuus
1472 4823 1551 4865 est
1588 4827 1683 4880 pro
1727 4812 1901 4874 nobis,
1933 4811 2017 4866 hic
2045 4813 2256 4866 univcr-

674 4918 786 4956 sam
815 4901 1317 4969 naturamjudlcans
1338 4901 1634 4970 apparebit.
1663 4899 1852 4954 Iterum
1874 4903 2038 4966 enim,
2064 4903 2254 4971 inquit,

675 4994 782 5046 sine
807 5004 1012 5060 peccato
1040 4994 1288 5046 videbitur
1330 4992 1712 5062 suscipientibus
1749 4994 1914 5061 ipsum
1949 4996 2018 5046 ad
2041 4994 2252 5047 salutem

676 5086 693 5144 (
710 5083 860 5135 flrbr.
889 5083 940 5136 9.
969 5082 1079 5150 28).
1110 5082 1464 5151 Quamobrem
1495 5083 1594 5139 hoc
1614 5084 1730 5137 loco
1757 5084 1916 5136 dicit:
1944 5083 2099 5138 Pater
2117 5103 2254 5138 incus

675 5176 982 5243 noujudicat
1005 5191 1325 5244 quamquam,
1345 5176 1439 5228 sed
1459 5192 1605 5228 autne
1621 5176 1875 5244 judicium
1922 5176 2060 5229 dedit
2096 5176 2250 5240 Filio,

677 5275 731 5316 ut
759 5283 926 5319 omnes
957 5267 1288 5335 houeriﬁceut
1319 5265 1531 5330 Filium,
1563 5277 1616 5320 ut
1645 5267 1980 5332 honoriﬁcam
2024 5269 2249 5324 Patrem.

677 5353 887 5422 Ergone
918 5355 1144 5418 Patrem,
1191 5355 1417 5426 inquies,
1451 5356 1594 5410 illum
1627 5357 1896 5411 dicemus?
1925 5359 2095 5413 Absit.
2129 5357 2254 5414 Ideo

674 5461 903 5513 namque
946 5447 1075 5501 dicit
1124 5447 1337 5513 Filium,
1384 5456 1442 5502 ut
1467 5446 1661 5503 Filium
1695 5459 1992 5502 manentem
2025 5450 2252 5505 honore-

671 5555 789 5592 mus
817 5539 952 5594 sicut
983 5540 1213 5594 Patrem.
1246 5538 1342 5608 Qui
1372 5557 1498 5597 vero
1521 5542 1691 5612 ipsum
1718 5549 1871 5596 vocat
1891 5542 2124 5608 Patrem,
2146 5559 2248 5598 non

673 5631 806 5684 ultra
855 5629 1047 5684 Filium
1095 5642 1150 5686 ut
1179 5632 1386 5686 Patrem
1431 5632 1677 5697 honorat,
1713 5633 1805 5688 sed
1836 5635 2010 5689 omnia
2042 5635 2246 5688 miscet.

670 5721 800 5788 Quia
829 5739 960 5794 ergo
992 5723 1250 5778 beneficio
1280 5724 1450 5780 aﬂ‘ecti
1479 5724 1725 5781 homines
1768 5744 1871 5782 non
1917 5728 1986 5783 ita
2032 5729 2096 5782 ad
2138 5727 2252 5782 θεῆ-

670 5815 809 5868 cium
835 5817 1080 5882 redeunt,
1127 5825 1179 5868 ut
1234 5815 1505 5885 castigati;
1542 5817 1661 5872 ideo
1695 5820 1948 5875 terribiiia
1994 5821 2148 5886 dixit,
2198 5832 2252 5874 ut

2390 2720 2562 2762 tttctus
2594 2710 2779 2764 saltem
2812 2709 2876 2762 ad
2911 2709 3292 2762 Itonorenrsibi
3340 2710 3618 2764 ferendum
3666 2710 3909 2764 traheret
3941 2714 3976 2762 ’.

2383 2800 2515 2854 Cum
2539 2800 2683 2864 dicit,
2729 2801 2907 2862 Untue,
2940 2800 3120 2865 idest,
3170 2801 3418 2868 puniendi
3459 2809 3515 2855 et
3545 2801 3843 2854 honorandi
3879 2817 3979 2870 pu-

2383 2898 2626 2942 tcstatcm
2659 2890 2837 2954 habet,
2872 2900 3029 2958 atque
3062 2901 3344 2959 utrmnquc
3378 2905 3472 2958 pro
3510 2890 3677 2944 lubito
3719 2890 3979 2945 faciendi.

2381 2981 2512 3036 Illud
2543 2998 2689 3046 vero,
2719 2981 2894 3048 Dedit,
2945 2982 3144 3036 dictum
3170 2991 3276 3045 est,
3309 2999 3376 3038 ne
3400 2982 3571 3052 ipsum
3600 3000 3705 3036 non
3733 2988 3980 3052 genitum

2378 3087 2500 3127 esse
2527 3074 2836 3141 suspiceris,
2869 3089 3042 3143 ncquc
3084 3085 3233 3144 putes
3263 3073 3395 3127 duos
3441 3090 3561 3127 esse
3593 3075 3814 3128 Patres:
3851 3091 3979 3127 nam

2379 3164 2634 3234 quidquid
2667 3175 2749 3218 est
2780 3165 2956 3229 Pater,
2983 3175 3062 3218 cst
3093 3175 3145 3218 et
3175 3165 3341 3218 Filius
3363 3167 3404 3227 ⁵,
3438 3165 3649 3233 genitus
3698 3178 3752 3219 et
3808 3163 3980 3218 Filius

2379 3271 2622 3310 manens.
2654 3256 2719 3311 Ut
2744 3272 2872 3310 vero
2893 3257 3068 3310 discas
3091 3256 3240 3321 illud,
3277 3256 3448 3320 Dedit,
3499 3258 3730 3326 idipsum
3761 3259 3979 3328 signifi-

2375 3362 2500 3402 care
2541 3349 2703 3416 quod,
2737 3351 2938 3416 genuit,
2982 3349 3099 3401 audi
3132 3349 3255 3402 illud
3285 3349 3398 3401 alio»
3433 3349 3550 3402 loco
3593 3349 3928 3403 declaratum
3961 3371 3975 3404 ε

2376 3439 2522 3494 Sicut
2547 3439 2703 3493 Pater
2735 3441 2878 3492 liabet
2905 3441 3054 3493 vitam
3092 3442 3145 3494 itt
3170 3442 3457 3508 semetipso,
3491 3442 3561 3493 ita
3583 3443 3718 3493 dedit
3745 3453 3794 3496 et
3833 3442 3977 3497 Filio

2374 3532 2526 3584 vitam
2555 3532 2735 3585 habere
2762 3533 2812 3584 iu
2841 3533 3106 3601 semetipso
3152 3532 3223 3600 (v.
3259 3532 3334 3600 7).
3363 3532 3498 3597 Quid
3539 3547 3667 3601 ergo
3681 3536 3702 3584 ’ἰ
3751 3538 3976 3600 priusne

2374 3621 2545 3688 ipsum
2573 3623 2772 3691 genuit,
2817 3636 2878 3675 ac
2908 3621 3100 3675 deinde
3145 3623 3303 3678 \itatu
3329 3622 3507 3676 dedit?
3547 3624 3644 3689 Qui
3676 3623 3767 3676 dat
3794 3641 3969 3688 ennn,

2371 3711 2579 3765 cuidam
2603 3713 2879 3766 exsisteuti
2909 3712 3015 3766 dat.
3049 3712 3260 3781 Ergone
3291 3713 3500 3782 genitus
3521 3723 3636 3786 erat
3670 3713 3787 3768 sine
3818 3716 3926 3769 vita
3949 3719 3974 3769 Υ

2376 3802 2566 3856 Verum
2601 3802 2701 3856 hoc
2747 3819 2812 3856 ne
2863 3804 3133 3856 da-utoncs
3163 3803 3376 3871 quidcut
3407 3805 3744 3872 suspicentur
3773 3823 3784 3857 :
3819 3807 3970 3859 ntul-

2373 3905 2476 3949 tam
2507 3897 2704 3964 quippe
2748 3896 2906 3949 habet
2959 3897 3215 3949 insaniam
3267 3913 3387 3949 cum
3435 3897 3706 3965 impietate
3734 3898 3974 3966 conjun-

2368 3996 2528 4038 clatn.
2559 3987 3019 4052 Quemadmodum
3053 4003 3180 4054 ergo
3212 3986 3363 4052 illud,
3418 3985 3567 4041 Dedit
3607 3989 3784 4051 vitam,
3817 3989 3968 4044 idem

2366 4085 2449 4129 est
2469 4075 2630 4144 quod,
2661 4075 2855 4130 Genuit
2882 4077 3053 4143 ipsum
3082 4077 3239 4128 vitam
3263 4094 3274 4128 :
3299 4077 3397 4140 sic,
3430 4075 3585 4130 Dedit
3598 4078 3880 4148 judicium,
3907 4082 3963 4134 id

2363 4177 2465 4230 est,
2515 4167 2686 4237 Ipsum
2713 4167 2948 4235 judicent
2978 4168 3179 4237 gctutil.
3214 4169 3425 4224 Etenim
3469 4185 3535 4223 ne
3561 4172 3784 4224 audiens
3815 4175 3967 4241 quod

2365 4259 2476 4328 ipse
2499 4259 2709 4313 Patrem
2732 4275 2948 4313 causam
2968 4259 3236 4324 habuerit,
3262 4260 3623 4314 diversitatem
3642 4262 3966 4318 substantias

2364 4363 2538 4422 putes,
2563 4353 2926 4420 honoremque
2950 4352 3234 4417 minorem,
3266 4353 3377 4420 ipse
3399 4353 3541 4407 venit
3563 4361 3613 4408 te
3634 4353 3961 4422 judicatum,

2366 4443 2489 4496 hinc
2515 4442 2873 4511 aequalitatem
2894 4441 2914 4471 ³
2940 4441 3247 4495 ostendens.
3274 4442 3372 4508 Qui
3396 4443 3538 4496 enim
3565 4457 3701 4512 quos
3723 4445 3836 4498 vult
3864 4461 3963 4514 pu-

2365 4534 2542 4588 niendi
2575 4545 2628 4588 et
2658 4533 2954 4587 honorandi
3003 4542 3321 4601 potestatem
3369 4533 3547 4596 habet,
3599 4535 3786 4589 eadem
3835 4552 3966 4604 qua:

2364 4625 2522 4679 Pater
2549 4634 2743 4693 potest.
2776 4624 2886 4678 Nisi
2935 4625 3077 4678 enim
3127 4623 3229 4677 hoc
3256 4633 3418 4688 esset,
3453 4624 3548 4677 sed
3578 4635 3761 4693 postea
3789 4642 3966 4695 quam

2360 4720 2571 4785 genitus
2601 4716 2771 4769 fuerat
2803 4717 3058 4770 honorem
3089 4716 3401 4783 accepisset.
3431 4730 3551 4784 quin
3575 4729 3736 4770 causa
3770 4717 3871 4770 fuit
3905 4728 3968 4771 nt

2363 4809 2474 4877 ipse
2501 4809 2764 4877 posterior
2795 4807 3182 4861 houoraretur?
3207 4823 3312 4876 quo
3342 4815 3496 4874 pacto
3525 4805 3594 4860 ita
3627 4805 3876 4874 profecit,
3905 4820 3967 4861 ut

2364 4901 2500 4954 hanc
2523 4899 2831 4968 dignitatem
2860 4897 3161 4965 acciperet?
3185 4896 3299 4950 Non
3339 4895 3654 4952 erubescitis
3697 4897 3828 4950 dum
3859 4899 3966 4951 ito-

2363 4991 2572 5046 mortali
2604 4991 2915 5058 nttllumque
2941 4999 3282 5060 augmentum
3313 4989 3594 5060 accipienti
3623 4998 3829 5044 natura:
3860 4993 3966 5044 hn-

2361 5100 2515 5137 mana
2545 5092 2600 5138 et
2628 5095 2731 5136 tant
2765 5081 2887 5135 vilia
2921 5081 3264 5137 adscribitis?
3293 5082 3399 5136 Cur
3428 5097 3578 5153 ergo,
3619 5083 3854 5152 inquies,
3887 5085 3963 5138 ita

2361 5175 2626 5244 loquitur?
2655 5173 2722 5230 Ut
2747 5173 2887 5228 dicta
2913 5173 3116 5227 facilius
3139 5175 3447 5240 credantur,
3471 5183 3524 5228 et
3549 5173 3613 5227 ad
3637 5173 3962 5229 sublimiora

2360 5266 2498 5320 viam
2528 5276 2706 5335 paret;
2737 5265 2857 5320 ideo
2884 5265 3454 5334 utraquecommiscet.
3481 5263 3801 5320 Videautem
3820 5282 3964 5335 quo-

2361 5358 2556 5413 modo:
2589 5374 2708 5412 nam
2739 5374 2767 5412 c
2798 5373 2857 5412 re
2903 5357 3061 5411 fuerit
3108 5355 3222 5410 luce
3251 5371 3278 5409 a
3326 5356 3585 5425 principio
3631 5357 3958 5414 observare.

2423 5517 2562 5586 'JAiii
2587 5517 2762 5578 legunt
2785 5530 2799 5565 ι
2824 5515 2944 5586 Quia
2960 5513 3083 5578 enim
3107 5511 3812 5586 beneﬁciouﬂectiItamirum...
3845 5551 3880 5562 ..
3914 5527 3964 5564 ut

2358 5578 2576 5641 castigati
2594 5618 2610 5641 ,7
2636 5573 2814 5641 {omne
2829 5573 3072 5641 judicium
3110 5573 3244 5641 dedit
3272 5573 3412 5641 Filio,
3435 5592 3457 5618 υ
3490 5575 3648 5635 inquit
3671 5609 3686 5630 .
3709 5582 3763 5622 ut
3798 5587 3964 5626 metu

2358 5636 2528 5690 suitein
2551 5640 2613 5688 tut
2640 5636 2868 5689 honorem
2891 5637 2981 5688 siti
3003 5638 3256 5698 ferendum
3274 5636 3509 5698 traheret.

2423 5706 2443 5734 ²
2475 5703 2674 5762 Quidam
2708 5702 2914 5765 legunt,
2939 5695 3050 5749 nam
3082 5696 3318 5760 quidquid
3351 5705 3421 5746 est
3449 5695 3632 5750 Patris,
3659 5697 3749 5746 hoc
3771 5706 3818 5746 et
3856 5705 3973 5754 rei.

2358 5772 2443 5857 08,5
2473 5825 2552 5875 Αιξί
2588 5824 2780 5888 legunt,
2804 5820 3112 5877 nobilitatem,
3134 5833 3236 5882 pro,
3261 5818 3602 5880 a'qtmlitatcm.
