4164 6324
206 344 303 403 Sil

215 456 386 510 Dixit:
411 452 567 507 Pater
592 465 738 505 meus
759 457 1013 520 operatur,
1038 456 1083 500 et
1105 461 1195 516 ego
1220 450 1502 514 operor;et
1524 442 1609 497 his
1635 441 1812 496 verbis

212 548 577 617 :equaiitatem
623 552 680 599 et
728 555 907 613 parem
941 539 1198 593 honorem
1229 534 1494 593 ostendit:
1527 532 1592 588 Et
1618 548 1814 604 qurere-

206 638 330 691 bant
352 653 468 690 eum
497 634 799 703 interﬁcere.
818 629 954 698 Quid
974 620 1231 699 deinceps
1257 627 1412 698 agit?
1430 625 1603 680 Verba
1620 634 1816 678 attem-

212 738 388 797 perat,
419 727 670 783 eumdem
702 739 919 781 sensum
949 709 1206 785 retinens,
1226 720 1352 775 dum
1373 720 1450 774 ait
1474 737 1487 773 :
1512 716 1630 771 Non
1652 724 1814 787 potest

210 818 385 873 Filius
415 837 448 873 α
474 820 638 888 «ipso
664 822 830 889 facere
854 814 1149 886 quidquam.
1182 811 1385 868 Deinde
1409 825 1621 865 rursum
1644 808 1708 863 ad
1724 822 1817 862 su-

211 910 405 966 blimia
436 911 606 966 redit:
636 911 765 974 Quae
787 908 919 961 enim
940 907 1027 960 ille
1052 906 1245 975 fecerit,
1278 908 1386 958 ham
1410 913 1456 957 et
1485 902 1654 957 Filius
1673 901 1815 954 simi—

206 1004 324 1058 liter
353 1004 505 1073 facit.
538 1003 665 1057 Post
693 1001 807 1054 hare
827 1012 1013 1053 rursus
1035 996 1101 1051 ad
1129 994 1349 1050 humilia
1369 993 1679 1049 descendit:
1701 992 1811 1047 Pa-

208 1105 286 1148 ter
309 1096 450 1149 enim
477 1094 646 1163 diligit
679 1090 893 1156 Filium,
945 1099 991 1143 et
1030 1090 1201 1143 omnia
1230 1089 1543 1141 demonstrat
1577 1087 1623 1139 ei
1666 1102 1811 1157 qua:-

209 1202 429 1256 cumque
451 1186 611 1257 facit;
639 1193 685 1237 et
712 1185 911 1253 majora
941 1182 1019 1234 Itis
1043 1180 1406 1234 demonstrabit
1433 1179 1498 1233 ei.
1531 1178 1667 1233 Hinc
1692 1192 1811 1233 rur-

209 1290 326 1329 sum
356 1276 673 1331 sublimiora
696 1276 858 1330 dicit:
891 1273 1038 1329 Sicut
1076 1273 1207 1326 enim
1238 1270 1396 1325 Pater
1420 1272 1631 1324 suscitat
1668 1286 1808 1324 mor-

208 1380 321 1423 tuos
374 1379 427 1423 et
469 1369 708 1438 uiviﬁcat,
743 1370 817 1422 sic
843 1376 890 1420 et
928 1365 1098 1420 Filius
1129 1382 1252 1434 quos
1282 1364 1387 1417 vult
1424 1364 1659 1432 uiuiﬁcat.
1694 1362 1808 1419 Sub

209 1459 323 1513 hazc
351 1460 550 1514 iterum
579 1458 798 1513 humilia
828 1458 991 1512 simul
1012 1465 1065 1510 et
1085 1456 1332 1511 sublimia
1349 1455 1595 1525 attingit:
1627 1453 1806 1525 Neque

203 1550 339 1603 enim
369 1548 532 1604 Pater
544 1550 750 1620 judicat
769 1565 1093 1619 quemquam,
1119 1548 1208 1601 sed
1231 1564 1376 1602 omne
1383 1548 1640 1619 judicium
1663 1548 1803 1601 dedit

210 1640 367 1696 Filio.
406 1642 543 1697 Hinc
568 1642 634 1697 ad
661 1642 972 1696 sublimiora
1002 1641 1208 1710 pergit:
1242 1639 1310 1695 Ut
1340 1656 1515 1694 omnes
1554 1641 1806 1718 honoriﬁ-

203 1747 314 1788 cent
345 1734 567 1801 Filium,
598 1744 653 1787 ut
685 1733 1026 1804 honoriﬁcam
1050 1732 1281 1787 Patrem.
1316 1732 1504 1788 Viden’
1530 1733 1801 1803 quomodo

200 1841 516 1883 sermonem
538 1829 727 1895 variet,
756 1827 883 1882 dum
910 1826 1155 1881 sublimia
1182 1826 1343 1882 verba
1374 1835 1429 1881 et
1458 1827 1673 1881 nomina
1702 1826 1802 1881 hu-

204 1918 421 1973 milibus
451 1918 733 1983 admiscet,
764 1926 943 1971 uteta
974 1918 1332 1987 praesentibus
1362 1916 1572 1972 facilius
1597 1917 1797 1972 admit-

202 2019 465 2075 terentur,
492 2020 551 2066 ct
576 2025 606 2063 a
633 2009 825 2064 futuris
858 2008 990 2063 nihil
1020 2009 1201 2063 damni
1232 2009 1588 2079 acciperetur,
1621 2010 1716 2065 sed
1746 2009 1796 2064 hi

200 2117 229 2156 a
266 2102 613 2167 sublimibus,
640 2102 712 2157 de
748 2102 869 2158 aliis
894 2116 1110 2172 quoque
1136 2110 1555 2156 consentaneam
1583 2103 1795 2172 opinio-

202 2210 320 2249 nem
348 2194 649 2250 haberent?
672 2193 805 2249 Nam
832 2194 877 2249 si
907 2210 995 2251 res
1028 2209 1133 2249 non
1186 2194 1256 2249 ita
1306 2208 1365 2248 se
1414 2193 1628 2261 habeat,
1661 2204 1715 2249 et
1750 2196 1795 2249 si

200 2290 361 2341 verba
386 2302 493 2341 non
523 2302 622 2357 per
644 2286 1146 2356 attemperationem
1174 2285 1460 2357 quamdam
1488 2286 1629 2340 dicta
1648 2296 1792 2353 sunt,

196 2393 289 2432 cur
315 2378 568 2433 sublimia
596 2378 914 2435 admiscuit?
952 2378 1086 2433 Nam
1114 2379 1205 2449 qui
1251 2394 1440 2449 magna
1467 2378 1535 2434 de
1562 2394 1620 2434 se
1650 2380 1793 2446 loqui

196 2471 372 2537 debet,
426 2472 472 2525 si
520 2471 771 2526 humilius
799 2469 1071 2541 quidpiam
1113 2471 1416 2541 protulerit,
1450 2471 1793 2526 occasionem

196 2563 283 2618 dat
308 2562 532 2633 putandi
556 2576 614 2616 se
637 2577 732 2631 per
754 2562 1211 2632 dispensationem
1234 2562 1521 2633 quamdam
1550 2562 1652 2617 hoc
1670 2577 1794 2632 age-

198 2672 287 2710 re:
316 2655 411 2725 qui
450 2664 630 2710 autem
671 2653 794 2709 vilia
840 2654 909 2710 de
958 2669 1018 2710 se
1072 2654 1217 2724 loqui
1248 2654 1431 2722 debet,
1462 2654 1509 2709 si
1536 2669 1789 2724 magnum

195 2750 465 2820 quidpiam
496 2750 713 2817 dixerit,
743 2765 840 2804 cur
866 2764 927 2804 ea
960 2749 1195 2818 loquitur
1216 2763 1335 2818 qua:
1365 2763 1515 2802 suam
1540 2760 1788 2804 naturam

196 2842 481 2911 superant?
510 2842 623 2897 Hoc
650 2841 795 2896 enim
836 2856 940 2896 non
970 2856 1042 2896 ex
1072 2840 1372 2896 teconomia
1410 2841 1663 2911 quadam,
1692 2841 1789 2897 sed

194 2950 253 2990 es
282 2950 492 2991 summa
524 2935 798 3004 impietate
828 2935 908 3003 (a)
942 2934 1137 3004 prodit.

272 3024 325 3079 Ξ.
368 3024 477 3079 ϐαι·
526 3023 759 3079 Christus
815 3025 974 3078 verbis
1026 3033 1201 3077 utatur
1242 3024 1537 3079 humilibus.
1586 3023 1786 3078 Eadem

192 3118 283 3185 ipsi
317 3116 563 3187 Patrique
602 3127 843 3188 potestas.
876 3146 945 3157 —-
968 3115 1151 3187 Itaque
1186 3130 1287 3171 nos
1327 3117 1525 3185 justam
1568 3117 1787 3187 Deoquo

192 3222 569 3281 congruentem
600 3226 839 3277 causam,
866 3225 964 3264 cur
984 3225 1177 3280 nempe
1195 3209 1370 3265 verbis
1400 3219 1580 3265 utatur
1609 3209 1787 3265 humi-

193 3299 343 3369 libus,
393 3304 579 3360 dicere
610 3319 916 3375 possumus,
964 3318 1158 3373 nempe
1186 3304 1332 3374 quod
1360 3317 1480 3360 sese
1509 3303 1780 3372 demittat,

191 3409 391 3465 nosque
416 3394 612 3451 doceat
637 3405 696 3451 ut
720 3395 962 3451 modeste
985 3409 1227 3465 agamus,
1258 3398 1442 3465 sicque
1472 3406 1669 3452 nostrae
1689 3410 1781 3450 sa-

192 3489 280 3544 lotl
305 3489 784 3560 provideat:un
807 3497 861 3544 et
890 3490 1003 3559 ipse
1029 3489 1154 3545 alibi
1183 3489 1420 3544 declarat
1449 3489 1531 3545 his
1560 3490 1775 3547 verbis:

195 3582 311 3637 llatc
340 3597 511 3637 autem
540 3584 657 3637 dico
685 3593 738 3637 ut
780 3598 866 3637 vos
909 3582 1038 3637 salvi
1082 3584 1191 3637 sitis
1218 3582 1291 3654 (v.
1324 3583 1440 3654 54).
1472 3584 1607 3651 Quia
1638 3586 1782 3640 enim

189 3677 248 3732 ad
275 3676 505 3732 Joannis
538 3677 903 3731 testimonium
949 3676 1209 3747 confugit,
1242 3692 1340 3731 suo
1366 3678 1605 3733 omisso:
1638 3679 1783 3749 quod

188 3768 551 3839 magnitudine
580 3783 676 3822 sua
725 3767 1003 3837 indignum
1050 3777 1197 3833 erat;
1243 3783 1463 3822 causam
1509 3783 1606 3823 cur
1656 3769 1781 3823 vilia

187 3859 343 3913 verba
391 3857 693 3927 protulerit,
727 3857 937 3927 adjicit;
974 3873 1187 3929 nempe,
1220 3846 1347 3912 Haec
1376 3868 1543 3913 autem
1566 3860 1701 3927 dico,
1725 3869 1782 3913 ut

185 3968 267 4004 ros
287 3952 419 4005 salvi
433 3952 564 4005 sitis.
592 3951 699 4005 Vos
722 3960 900 4005 autem
922 3951 1011 4021 qui
1040 3949 1221 4005 dicitis
1249 3951 1422 4020 ipsum
1452 3966 1558 4006 non
1582 3951 1781 4007 habere

184 4042 430 4096 eamdem
458 4056 615 4112 quam
640 4040 798 4096 Pater
817 4049 1156 4112 potestatem,
1184 4042 1308 4112 quid
1333 4042 1524 4098 dicetis
1547 4058 1668 4098 cum
1686 4058 1782 4097 au-

183 4132 394 4189 dieritis
426 4133 575 4187 illum
622 4131 912 4199 dicentem,
962 4147 1022 4187 se
1064 4147 1243 4202 parem
1291 4131 1493 4189 habere
1544 4143 1781 4205 pateram

182 4224 461 4293 virtutem,
505 4231 846 4293 potestatem,
886 4222 1144 4294 gloriam?
1190 4222 1297 4278 Cur
1335 4223 1585 4279 eumdem
1617 4224 1781 4294 exigit

183 4316 468 4381 honorem,
512 4316 578 4383 si,
609 4326 669 4370 ut
696 4331 793 4370 vos
818 4315 1018 4381 dicitis,
1053 4315 1209 4385 longe
1237 4315 1457 4370 inferior
1493 4315 1611 4371 est?
1654 4315 1781 4371 Haec

180 4410 330 4465 enim
356 4410 552 4464 dixisse
593 4425 698 4463 non
730 4416 1036 4473 contentus,
1066 4408 1282 4478 adjicit:
1309 4408 1408 4474 Qui
1437 4424 1540 4463 non
1572 4408 1781 4463 honori-

181 4504 305 4568 βίαι
342 4498 553 4566 Filium,
581 4517 685 4554 non
704 4500 1018 4571 honoriﬁca
1049 4498 1279 4566 Patrem,
1329 4501 1415 4569 qui
1446 4500 1581 4554 misit
1609 4500 1774 4555 illum.

184 4590 379 4646 \‘iden’
402 4590 669 4661 quomodo
688 4592 859 4646 honor
881 4590 1002 4646 Filii
1027 4605 1150 4646 cum
1177 4590 1382 4646 honore
1411 4591 1585 4647 Patris
1611 4608 1780 4662 copu-

180 4682 364 4738 leturl
404 4679 469 4737 Et
498 4681 625 4752 quid
658 4681 793 4737 hoc?
840 4680 982 4737 dicet
1021 4682 1235 4751 aliquis.
1268 4681 1325 4736 Id
1356 4690 1410 4736 et
1441 4682 1493 4736 in
1522 4684 1781 4753 apostolis

180 4774 468 4830 videmus:
502 4774 602 4841 Qui
633 4790 723 4829 vos
746 4774 980 4844 suscipit,
1010 4774 1199 4843 inquit,
1233 4790 1311 4828 me
1335 4774 1565 4845 suscipit.
1598 4774 1702 4830 Sed
1728 4775 1783 4829 il-

180 4868 248 4922 lic
273 4882 554 4921 servorum
586 4880 673 4921 res
704 4875 759 4919 ut
786 4864 887 4921 sibi
926 4866 1170 4935 proprias
1202 4872 1411 4932 tractat,
1457 4874 1512 4921 et
1554 4865 1675 4922 ideo
1702 4868 1782 4923 sic

178 4956 451 5026 loquitur;
486 4954 571 5009 hic
600 4970 730 5009 vero
755 4956 834 5010 sic
855 4955 1006 5021 dicit,
1038 4956 1165 5026 quia
1190 4964 1274 5011 est
1309 4971 1412 5010 una
1458 4958 1778 5023 substantia,

179 5062 285 5101 una
317 5045 508 5114 gloria.
539 5046 790 5117 Alioquin
823 5061 951 5102 vero
977 5047 1239 5117 apostolis
1269 5063 1377 5101 non
1404 5048 1560 5115 dixit,
1593 5058 1652 5104 ut
1679 5050 1780 5103 ho-

179 5140 488 5195 noriﬁcent.
542 5138 582 5193 Ε
611 5155 669 5193 re
700 5148 876 5194 autem
905 5139 1057 5205 dixit,
1096 5140 1194 5206 Qui
1220 5157 1321 5195 non
1349 5141 1657 5209 honori/icat
1687 5140 1783 5195 Fi-

178 5238 336 5303 lium,
362 5252 461 5290 non
489 5234 793 5303 honoriﬁcat
818 5231 1047 5289 Patrem.
1076 5233 1212 5289 Nam
1239 5234 1285 5289 si
1317 5250 1380 5289 ex
1402 5233 1611 5289 duobus
1644 5234 1782 5303 regi-

178 5328 282 5382 bus
316 5327 455 5380 alter
478 5325 802 5380 contumelia
824 5323 1109 5391 afficiatur,
1135 5325 1435 5379 in'alterum
1458 5326 1618 5380 etiam
1639 5325 1784 5378 cadit

177 5417 533 5486 contumelia,
567 5416 907 5493 maximeque
946 5416 992 5471 si
1024 5415 1071 5471 is
1111 5417 1200 5486 qui
1247 5415 1459 5471 laeditur
1502 5415 1641 5470 filius
1670 5416 1777 5469 sit:

237 5597 325 5660 (a)
352 5594 518 5647 Melius
555 5594 836 5660 legeretur,
870 5605 935 5643 ea:
978 5605 1167 5660 summa
1188 5593 1489 5660 arrogantia.
1526 5593 1622 5660 Vix
1649 5595 1783 5643 enim

180 5653 279 5723 dlei
492 5653 768 5723 generatim
793 5653 1045 5723 loquendo
1072 5653 1323 5705 extremae
1356 5656 1779 5723 impietatisesse2

182 5724 223 5791 si
240 5721 289 5791 iis
303 5716 391 5791 Equi
414 5716 612 5791 humilia
632 5718 776 5791 dese
811 5716 945 5791 loqui
966 5716 1150 5791 debet,
1160 5729 1335 5791 magna
1358 5716 1502 5766 dese
1526 5718 1739 5779 proferat
1762 5717 1784 5767 ?

186 5781 277 5837 sed
302 5779 412 5832 sine
435 5779 745 5842 Ianuscripti
767 5779 1027 5829 autoritate
1049 5779 1172 5826 nihil
1196 5779 1453 5828 mittamus.

525 5871 800 5932 PATROL.
848 5868 967 5931 Gn.
1020 5871 1179 5929 LIX.

1141 333 1210 388 IN
1248 328 1559 389 IOANNEM
1600 326 1832 386 HOMIL.
1872 326 2097 385 XXXIX
2164 331 2238 388 al.
2280 331 2572 393 XXXVIII.

3429 340 3531 395 2’3}

1926 441 2035 496 imo
2061 442 2222 497 etiam
2250 445 2417 500 milite
2447 445 2599 513 lzeso,
2645 448 2969 505 contumelia
3012 445 3245 508 aftlcitur
3273 470 3400 522 rex;
3438 475 3533 516 ve-

1923 547 2044 587 rum
2064 548 2169 589 non
2196 535 2386 591 eodem
2414 538 2594 603 modo,
2626 539 2720 594 sed
2748 555 2845 609 per
2866 542 3244 600 intermedium
3272 547 3531 618 aliquem.

1927 624 2023 679 llic
2055 641 2186 681 vero
2218 643 2324 683 non
2355 630 2626 697 similiter,
2656 634 2754 689 sed
2786 650 2880 705 per
2910 638 3168 707 seipsum.
3196 638 3322 697 Ideo
3349 643 3534 702 dicere

1926 721 2225 788 occupavit,
2262 721 2330 774 Ut
2358 723 2697 793 Itonoriﬁcent
2724 725 2939 791 Filium,
2973 740 3028 783 ut
3059 732 3400 801 honori/lcum
3424 734 3533 788 Pa-

1922 816 2081 873 trem;
2104 820 2160 864 ut
2180 826 2301 865 cum
2332 812 2550 880 dixerit,
2586 816 2690 882 Qui
2719 834 2819 872 non
2846 820 3153 891 houoriﬁcat
3184 823 3232 876 [τ’
3234 826 3400 894 ilium,
3426 845 3528 885 non

1923 900 2227 970 honoriﬁcat
2258 904 2489 974 Patrem,
2525 910 2776 965 eumdem
2812 912 3080 984 intelligas
3108 916 3390 974 honorem.
3422 922 3533 976 Ne-

1917 1006 2026 1061 que
2055 996 2199 1049 enim
2228 998 2567 1066 simpliciter,
2607 1002 2709 1068 Qui
2745 1019 2849 1057 non
2895 1006 3236 1075 honorificat,
3270 1012 3387 1077 sed,
3421 1013 3523 1081 Qui

1920 1098 2027 1137 non
2059 1084 2380 1143 honoriﬁcat
2427 1100 2485 1145 ut
2526 1092 2659 1159 dixi,
2695 1109 2801 1148 non
2836 1095 3159 1155 honorificat
3185 1100 3419 1166 Patrem.
3457 1106 3524 1160 Et

1918 1175 2211 1243 quomodo,
2248 1178 2478 1248 inquies,
2506 1183 2748 1252 ejusdem
2781 1188 3098 1246 substantiae
3120 1203 3244 1247 sunt
3270 1196 3361 1266 qui
3390 1198 3521 1253 mit-

1918 1266 1980 1319 tit
2011 1276 2063 1321 et
2089 1269 2178 1337 qni
2211 1270 2475 1328 mittitur?
2508 1275 2715 1331 Rursus
2742 1279 2810 1334 ad
2836 1280 3065 1337 humana
3098 1299 3405 1345 sermonem
3433 1292 3523 1347 de-

1916 1358 2105 1424 mitzis,
2133 1376 2233 1415 nec
2256 1363 2460 1433 cogitas
2488 1366 2603 1421 haec
2632 1371 2813 1424 omnia
2840 1387 2947 1427 non
2974 1374 3077 1430 alia
3104 1375 3173 1432 de
3193 1392 3353 1435 causa
3374 1381 3518 1439 diota

1914 1450 2096 1517 fuisse,
2128 1454 2229 1509 nisi
2258 1463 2314 1510 ut
2332 1471 2549 1513 causam
2576 1475 2989 1532 cognoscamus,
3014 1483 3078 1523 ac
3100 1485 3167 1525 ne
3197 1471 3252 1526 in
3297 1474 3517 1533 Sabellii

1912 1544 2156 1599 morbum
2173 1546 2469 1604 incidamus
2482 1551 2581 1627 (a),
2597 1564 2649 1610 et
2664 1555 2973 1616 Judzeorum
2990 1561 3274 1622 infirmitas
3289 1566 3391 1624 hoc
3403 1587 3452 1625 m
3462 1586 3521 1626 οη

1909 1635 1979 1691 do
2010 1648 2248 1707 curetur,
2303 1652 2360 1696 ut
2410 1661 2515 1700 non
2565 1648 2676 1703 Deo
2719 1651 3061 1712 adversarius
3091 1658 3233 1733 apud
3264 1676 3358 1716 eos
3394 1679 3516 1720 esse

1907 1730 2247 1787 existimetur
2275 1736 2312 1785 ί.
2342 1735 2474 1790 Nam
2503 1738 2780 1809 dicebant,
2817 1744 2917 1800 Hie
2943 1764 3045 1802 non
3072 1730 3148 1804 est
3172 1768 3241 1805 ea:
3272 1753 3377 1809 Deo
3396 1774 3414 1821 ,-
3433 1759 3516 1811 hic

1906 1838 1939 1874 a
1970 1821 2077 1877 Deo
2104 1841 2205 1880 non
2238 1828 2393 1882 venit.
2422 1828 2493 1885 Ut
2522 1847 2652 1889 vero
2680 1835 2820 1892 hanc
2863 1841 3226 1910 suspicionem
3250 1847 3510 1915 auferret,

1906 1928 2012 1969 non
2047 1924 2153 1970 tam
2185 1918 2433 1975 sublimia
2476 1938 2637 1992 quam
2682 1926 2904 1984 humilia
2950 1931 3261 1990 adhibebat.
3310 1938 3514 1994 Idcirco

1905 2006 2339 2076 frequentissime
2362 2013 2577 2070 dicebat
2603 2032 2663 2072 se
2692 2021 2916 2076 missum
2951 2022 3136 2093 fuisse,
3170 2044 3276 2085 non
3308 2041 3365 2085 ut
3389 2032 3513 2089 hinc

1907 2107 2123 2168 putares
2143 2102 2452 2160 inferiorem
2470 2106 2601 2175 dici,
2627 2109 2723 2164 sed
2745 2119 2801 2166 ut
2828 2113 3042 2171 illorum
3059 2130 3158 2173 ora
3179 2119 3512 2184 Obstrueret.

1904 2190 2031 2247 Ideo
2057 2207 2204 2264 stupe
2231 2196 2297 2250 ad
2322 2196 2535 2255 Patrem
2575 2204 2837 2274 confugit,
2872 2221 3025 2262 suam
3065 2218 3243 2267 tamen
3274 2220 3511 2273 auctori-

1906 2290 2067 2337 tatem
2096 2285 2449 2343 interserens.
2473 2290 2607 2347 Nam
2655 2295 2700 2349 si
2728 2299 2911 2353 omnia
2942 2302 3241 2364 secundum
3273 2307 3475 2378 diguita
3499 2342 3512 2353 -

1903 2381 2007 2470 tem
2039 2389 2190 2470 suam
2222 2378 2468 2449 dixisset,
2500 2381 2639 2438 dicta
2671 2402 2777 2441 nou
2809 2389 3159 2450 admisissent
3181 2397 3257 2453 illi
3291 2417 3303 2452 :
3334 2416 3507 2470 quan-

1901 2466 2189 2562 doquidem
2218 2473 2302 2527 vel
2334 2489 2403 2528 ex
2436 2477 2622 2545 paucis
2655 2479 2804 2537 hisce
2840 2485 3021 2540 verbis
3050 2466 3509 2562 persequebantur

1897 2558 2045 2613 illum
2076 2576 2239 2631 sarpe,
2268 2574 2321 2620 et
2351 2566 2678 2635 Iapidabant.
2713 2572 2866 2639 Quod
2896 2577 2939 2631 si
2966 2578 3033 2633 ad
3067 2580 3189 2636 illos
3213 2558 3507 2655 respiciens

1898 2665 2115 2723 semper
2145 2657 2363 2712 humilia
2388 2658 2634 2725 dixisset,
2671 2666 2824 2720 multi
2854 2679 3039 2737 postea
3075 2670 3199 2729 hinc
3236 2675 3346 2732 laesi
3373 2679 3503 2735 fuis-

1895 2754 2036 2835 sent.
2069 2745 2408 2818 Quapropter
2450 2751 2751 2810 doctrinam
2802 2760 3010 2825 miscet,
3046 2779 3144 2835 per
3172 2765 3417 2835 humilia,
3450 2785 3505 2825 ut

1894 2834 2027 2899 dixi,
2062 2836 2168 2892 illis
2194 2839 2470 2895 silentium
2502 2844 2806 2916 imponens,
2834 2862 2886 2905 et
2908 2867 3005 2922 per
3032 2834 3092 2909 ea
3123 2870 3242 2927 qua:
3269 2860 3502 2930 dignita-

1896 2934 2002 2981 tem
2053 2931 2454 3000 exprimebant,
2504 2936 2664 2990 vilem
2712 2939 2991 3010 depellens
3038 2929 3501 3008 existimationem

1893 3017 2035 3084 apud
2066 3034 2162 3074 eos
2191 3023 2283 3091 qui
2310 3035 2493 3080 mente
2523 3027 2787 3094 Valerent,
2838 3040 2897 3086 ut
2944 3036 3258 3094 ostenderet
3303 3042 3351 3095 id
3395 3059 3500 3099 non

1893 3110 1992 3164 sibi
2026 3126 2246 3179 prorsus
2282 3125 2612 3184 competere.
2662 3118 2796 3175 Nam
2845 3125 3067 3179 missum
3100 3142 3239 3194 esse,
3276 3136 3500 3189 transla-

1895 3201 2096 3295 tionem
2130 3203 2365 3259 indicat:
2394 3206 2536 3262 Dens
2562 3218 2742 3266 autem
2770 3212 2966 3284 ubique
2990 3226 3097 3272 est.
3122 3218 3233 3275 Cur
3262 3238 3391 3295 ergo
3422 3228 3502 3281 di-

1889 3294 1965 3349 cit
1992 3296 2213 3351 missum
2243 3295 2445 3353 fuisse?
2476 3298 2742 3358 Crassiori
2773 3305 2940 3360 verbo
2972 3310 3160 3379 utitur,
3187 3312 3313 3368 dum
3338 3294 3498 3373 rsuum

1891 3400 2013 3440 cum
2045 3387 2205 3443 Patre
2233 3404 2562 3465 consensum
2590 3393 2866 3452 declarat:
2897 3407 2955 3455 et
2982 3401 3061 3457 sic
3090 3409 3371 3475 sequentia
3411 3426 3501 3465 ea-

1890 3477 2015 3532 dem
2047 3478 2115 3534 de
2145 3496 2306 3536 causa
2334 3489 2624 3553 temperat.
2668 3486 2761 3544 24.
2804 3489 2986 3557 Amen,
3019 3510 3167 3551 amen
3194 3498 3308 3553 dico
3337 3505 3496 3568 vobis,

1888 3570 2006 3635 quia
2032 3571 2121 3640 qui
2146 3573 2293 3626 audit
2316 3589 2574 3631 sermones
2602 3594 2762 3645 meos,
2792 3591 2838 3635 et
2864 3585 3025 3638 credit
3049 3586 3094 3641 ei
3122 3590 3210 3658 qui
3238 3593 3371 3647 misit
3397 3612 3495 3662 me,

1890 3662 2035 3715 habet
2066 3663 2219 3718 vitam
2245 3676 2510 3722 eternam.
2546 3667 2906 3742 Viden‘qnam
2927 3674 3241 3748 frequenter
3268 3684 3497 3754 idipsum

1889 3763 2117 3823 repetat,
2153 3765 2210 3811 ut
2232 3758 2377 3813 illam
2406 3761 2773 3831 suspicionem
2808 3767 2981 3836 tollat,
3026 3781 3077 3825 et
3110 3772 3196 3829 hic
3234 3786 3288 3830 et
3322 3778 3372 3831 in
3404 3795 3486 3835 so-

1887 3849 2199 3919 quentibus,
2236 3859 2385 3906 metu
2414 3863 2470 3908 et
2519 3856 2801 3924 promissis
2849 3873 2881 3914 a
2921 3865 3272 3923 contentione
3316 3884 3496 3926 remo~

1888 3948 2040 4007 rens,
2070 3952 2233 4012 atque
2262 3942 2349 3999 hic
2379 3959 2567 4001 rursus
2592 3948 2661 4002 ad
2690 3948 2915 4006 humilia
2946 3954 3241 4013 admodum
3270 3960 3497 4019 descen-

1886 4031 2019 4086 dat?
2047 4032 2234 4103 Neque
2265 4035 2409 4090 enim
2438 4035 2596 4104 dixit,
2622 4037 2726 4106 Qui
2755 4042 2908 4097 audit
2932 4059 3217 4104 sermones
3244 4066 3413 4119 meos,
3442 4068 3498 4111 ot

1889 4124 2062 4179 credit
2085 4126 2136 4179 in
2163 4140 2282 4191 me;
2316 4142 2440 4181 nam
2464 4128 2515 4182 id
2543 4132 2778 4200 superbe
2800 4132 3003 4189 dictum
3028 4146 3082 4192 et
3109 4142 3396 4198 verborum
3425 4146 3495 4203 fa-

1886 4224 2027 4270 stum
2069 4226 2367 4286 putassent.
2415 4218 2631 4275 Etenim
2678 4222 2723 4277 si
2766 4233 2885 4293 post
2918 4234 3126 4283 tantum
3157 4237 3415 4302 temporis
3442 4249 3498 4294 et

1889 4317 1966 4362 tot
1993 4310 2216 4377 patratis
2246 4312 2547 4379 miraculis,
2582 4328 2705 4369 cum
2748 4317 2826 4371 sic
2868 4318 2963 4374 ille
3010 4322 3342 4393 loqueretur,
3393 4329 3495 4385 hoc

1887 4402 2142 4471 suspicati
2168 4414 2324 4469 sunt;
2361 4406 2533 4460 multo
2559 4409 2730 4478 magis
2769 4419 2897 4465 tunc
2940 4412 2991 4467 id
3037 4421 3269 4484 putaturi
3317 4435 3491 4478 erant.

1890 4494 2117 4564 Ideoque
2147 4495 2397 4550 dicebant
2421 4498 2495 4552 illi
2523 4515 2537 4550 :
2565 4500 2825 4555 Abraham
2849 4514 3077 4559 mortuus
3098 4518 3188 4573 est,
3214 4521 3261 4563 et
3282 4516 3496 4583 praphe.

1888 4596 1953 4642 tae
1978 4588 2165 4641 mortui
2184 4599 2323 4655 sunt,
2342 4598 2390 4642 et
2411 4592 2665 4658 quomodo
2686 4601 2741 4645 tu
2769 4593 2896 4649 dicis
2914 4613 2943 4659 I:
2974 4595 3036 4650 Si
3070 4599 3185 4666 quis
3210 4617 3494 4660 sermonem

1886 4692 2052 4742 meum
2096 4683 2400 4747 servaverit,
2458 4684 2511 4737 iu
2564 4696 2812 4739 internum
2857 4705 2960 4742 non
3002 4693 3223 4761 gustabit
3282 4708 3493 4751 mortem

1887 4771 2069 4841 (Joan.
2101 4772 2153 4827 8.
2186 4772 2317 4843 52)?
2348 4772 2424 4829 Ne
2454 4775 2617 4844 igitur
2642 4776 2730 4832 hic
2770 4795 2982 4851 quoque
3010 4781 3388 4857 ell'crarentur,
3416 4788 3497 4839 vi-

1886 4866 1954 4921 de
1983 4867 2111 4937 quid
2144 4867 2319 4923 dicat:
2354 4868 2454 4933 Qui
2502 4871 2708 4925 verbum
2754 4890 2921 4927 meum
2969 4877 3137 4942 audit,
3178 4888 3223 4931 et
3262 4883 3420 4938 σταίη
3450 4887 3498 4937 ei

1885 4961 1974 5030 qui
2001 4977 2081 5013 me
2112 4962 2263 5023 misit,
2294 4960 2440 5015 liabet
2468 4963 2622 5015 vitam
2652 4964 2914 5023 wtermim.
2948 4966 3099 5021 Ilanc
3126 4968 3374 5039 loquendi
3410 4986 3494 5026 ra-

1888 5056 2087 5109 tionem
2131 5054 2288 5111 facile
2336 5055 2623 5112 admittere
2650 5067 2916 5128 poterant,
2959 5076 3080 5116 cum
3112 5062 3381 5119 discerent
3402 5081 3499 5123 eos

1887 5149 1977 5216 qui
2008 5148 2191 5203 losum
2243 5147 2491 5203 audirent
2532 5150 2678 5205 Patri
2728 5152 2974 5207 credere.
3024 5153 3157 5209 Cum
3199 5159 3342 5212 enim
3396 5156 3500 5214 hoc

1889 5240 2116 5295 libenter
2143 5240 2511 5308 admitterent,
2554 5252 2747 5296 ca-tera
2777 5243 2983 5299 facilius
3014 5249 3285 5317 accepturi
3318 5263 3492 5304 erant.

1892 5334 2073 5404 Itaque
2102 5349 2223 5388 cum
2257 5334 2461 5389 humile
2498 5335 2773 5405 quidpiam
2818 5337 3043 5405 diceret,
3094 5342 3496 5397 sublimioribus

1894 5429 2033 5483 viam
2079 5428 2320 5498 parabat.
2363 5427 2653 5499 Postquam
2693 5438 2873 5484 autem
2918 5430 3078 5498 dicit,
3131 5430 3298 5486 Habet
3342 5435 3498 5489 vitam

1956 5591 1971 5621 ί
2008 5588 2151 5638 Hunc
2174 5587 2335 5637 locum
2356 5588 2430 5637 sic
2452 5585 2599 5636 etl'ert
2624 5585 2898 5647 Morel.....,
2918 5586 3205 5638 Judworum
3236 5584 3491 5645 inﬁrmitas

1890 5651 1977 5700 hoc
1995 5653 2144 5720 modo
2165 5657 2364 5720 curetur
2387 5662 2404 5698 .·
2420 5650 2562 5720 apud
2587 5646 2696 5720 illos
2732 5647 2891 5720 enim,
2910 5654 3133 5720 ea'trema
3154 5648 3345 5701 insania
3364 5650 3491 5697 latv-

1890 5719 2073 5774 rantes,
2100 5712 2238 5774 quasi
2259 5712 2345 5761 Dei
2364 5710 2675 5761 adversarius
2700 5710 3032 5774 reputabatur.

1957 5776 2029 5837 (a)
2055 5772 2292 5825 Sabellius
2318 5774 2517 5837 putabat
2549 5785 2693 5821 unam
2720 5785 2833 5822 esse
2859 5774 2908 5821 in
2932 5772 3039 5823 Deo
3061 5785 3337 5837 personam.

3090 5871 3161 5928 1'4
