4164 6324
691 387 792 438 '2‘93

691 511 944 560 a'tminiti,
984 490 1250 562 subjuugit
1281 507 1293 544 :
1329 487 1391 540 Et
1437 489 1486 538 in
1530 483 1783 556 judicium
1835 494 1934 530 non
1972 475 2121 537 venit,
2173 470 2258 524 sed

689 587 887 640 transiit
915 602 943 637 a
965 592 1122 637 morte
1143 583 1194 633 in
1221 581 1390 634 vitam.
1422 576 1513 630 llis
1541 573 1745 628 duobus
1766 569 1863 624 sibi
1894 567 2048 621 Iidem
2079 563 2260 617 conci-

689 681 802 742 liat,
833 689 884 731 et
915 674 1052 743 quod
1084 671 1226 727 Patri
1251 667 1571 724 credendum
1603 665 1824 727 diceret,
1857 669 1909 714 et
1935 657 2074 728 quod
2107 656 2259 709 obse-

686 767 866 836 quenti
895 766 1056 819 multa
1083 762 1217 817 bona
1260 760 1614 830 polliceretur.
1649 753 1776 807 Illud
1807 759 2004 814 autem,
2033 746 2097 800 In
2117 745 2260 816 judi-

686 860 816 909 cium
857 871 957 908 non
986 855 1135 919 venit,
1178 851 1229 906 id
1271 857 1374 914 est,
1414 863 1519 903 non
1551 845 1782 916 punitur.
1824 841 2042 896 Mortem
2083 849 2256 890 autem

687 963 791 1000 non
823 945 977 1009 lianc,
1009 943 1104 998 sed
1141 953 1394 996 mternam
1423 937 1583 1000 dicit;
1612 945 1670 990 ut
1713 943 1766 988 et
1803 933 1962 986 vitam
2003 930 2127 982 dicit
2157 929 2258 981 im-

685 1035 986 1090 mortalem.
1015 1034 1103 1088 25.
1137 1032 1316 1094 Amen,
1348 1044 1493 1080 nmen
1531 1027 1644 1079 dico
1670 1024 1825 1086 vobis,
1859 1022 1990 1074 υιηιίι
2036 1019 2178 1078 hora,
2214 1027 2259 1070 et

685 1141 817 1178 nunc
845 1137 934 1188 cst,
970 1137 1080 1175 cum
1123 1119 1311 1172 mortui
1357 1117 1562 1170 audient
1592 1130 1758 1167 vocem
1789 1111 1914 1163 Filii
1945 1108 2178 1169 hominis,
2214 1117 2259 1160 et

683 1219 768 1283 qui
796 1212 1062 1276 audierint,
1091 1211 1270 1263 vivent.
1297 1206 1558 1276 Operibus
1584 1205 1710 1272 ipsis
1739 1202 1897 1256 verba
1925 1197 2254 1266 comprobat.

685 1306 811 1357 Nam
839 1318 957 1357 cum
985 1301 1223 1362 dixisset,
1245 1297 1388 1353 Sicut
1412 1295 1562 1348 I’ater
1585 1295 1791 1348 suscitat
1821 1302 2040 1345 mortuos
2070 1300 2116 1343 et
2140 1289 2261 1342 vivi-

682 1396 818 1462 licet,
860 1393 931 1445 sic
964 1399 1010 1445 et
1052 1389 1218 1443 Filius
1259 1404 1384 1458 quos
1423 1387 1526 1440 vult
1561 1386 1798 1454 viviﬁcat,
1843 1398 1908 1436 ne
1951 1382 2258 1436 viderentur

683 1485 796 1538 lucc
821 1500 884 1538 ex
929 1483 1178 1553 jactantia
1218 1491 1272 1536 et
1310 1479 1448 1534 fastu
1497 1479 1637 1533 dicta
1682 1478 1861 1542 fuisse,
1905 1491 1967 1530 ex
2008 1475 2258 1543 operibus

683 1593 794 1632 rem
823 1576 1168 1640 demonstrat,
1210 1588 1329 1628 cum
1365 1573 1515 1637 dicit,
1569 1569 1714 1623 Venit
1747 1571 1892 1623 hora.
1948 1568 2148 1622 Deinde
2191 1581 2258 1620 uc

684 1679 835 1738 putes
865 1669 953 1723 diu
996 1665 1408 1736 exspecmndum
1451 1677 1591 1726 esse,
1633 1662 1832 1730 adjicit,
1888 1659 1952 1712 Et
2000 1675 2133 1711 nunc
2160 1669 2252 1722 est,

681 1775 794 1811 cum
824 1758 1010 1811 mortui
1046 1757 1252 1810 audient
1291 1769 1456 1808 vocem
1487 1751 1613 1806 Filii
1646 1751 1762 1817 Dei,
1791 1762 1836 1804 et
1861 1752 1946 1820 qui
1982 1751 2255 1815 audierint,

679 1856 858 1903 vivent.
903 1847 1085 1903 Vidcii‘
1122 1846 1208 1900 liic
1250 1845 1615 1899 auctoritatem
1654 1851 1708 1898 et
1737 1832 2026 1911 potentiam
2072 1841 2258 1894 ineil'a-

680 1941 819 1996 lnilen
855 1940 876 1992 Ῥ
903 1936 1356 2007 Quemadmodum
1387 1936 1530 1991 enim
1567 1935 1618 1987 in
1649 1934 2063 1996 resurrectione,
2093 1931 2170 1985 sic
2204 1939 2259 1984 et

682 2045 820 2085 nunc
840 2031 962 2095 erit,
991 2029 1154 2098 inquit
1226 2027 1356 2080 Nam
1399 2034 1522 2080 tunc
1551 2023 1728 2078 audita
1761 2023 2070 2091 imperantis
2105 2033 2253 2085 voce,

682 2135 1048 2189 resurgemus;
1083 2118 1146 2173 In
1173 2120 1320 2188 jussu
1345 2115 1441 2170 Dei
1469 2119 1484 2147 ¹
1506 2156 1520 2180 ,
1552 2115 1740 2185 inquit,
1773 2113 1960 2166 mortui
2001 2120 2255 2181 resurgent

680 2216 757 2278 (t.
780 2210 956 2264 T‘ess.
979 2210 1032 2263 4.
1065 2209 1174 2280 lli).
1204 2209 1269 2262 Et
1306 2205 1465 2271 unde,
1498 2205 1722 2274 inquies,
1752 2210 1960 2256 eonstat
1989 2200 2117 2255 illud
2151 2215 2253 2254 non

677 2317 742 2355 ex
788 2301 923 2355 fastu
967 2301 1163 2356 dictum
1213 2297 1369 2353 esse?
1397 2297 1476 2352 Ex
1499 2311 1564 2352 eo
1590 2293 1732 2364 quod
1757 2293 1988 2355 additur,
2023 2291 2087 2344 Et
2125 2308 2256 2343 nunc

677 2405 769 2448 est.
792 2393 919 2447 Nam
943 2392 987 2447 si
1009 2393 1179 2446 futura
1205 2400 1403 2445 tantum
1426 2389 1713 2453 nuntiaret,
1733 2384 1857 2438 hinc
1877 2385 2006 2453 ipsis
2022 2384 2254 2452 suspicio

676 2494 794 2539 orta
835 2492 995 2539 esset.
1036 2483 1149 2537 Jam
1191 2497 1318 2536 vero
1355 2481 1432 2535 rei
1470 2477 1982 2534 demonstrationem
2029 2472 2250 2543 praebet.

678 2576 779 2641 Me,
811 2576 1000 2644 inquit,
1050 2575 1325 2630 vobiscum
1376 2580 1621 2628 versante
1667 2569 1768 2624 hoc
1810 2567 2039 2624 eveniet.
2075 2566 2256 2635 Neque

677 2670 839 2732 enim,
897 2669 994 2722 nisi
1039 2675 1354 2737 potestatem
1401 2664 1694 2727 habuisset,
1746 2661 1848 2715 hoc
1900 2661 2256 2730 promissnrus

677 2769 810 2823 erat,
863 2775 931 2814 ne
975 2758 1227 2813 ridiculus
1257 2757 1505 2812 omnibus
1532 2761 1696 2810 esset.
1742 2751 1944 2807 Deinde
1979 2751 2116 2805 dicta
2159 2763 2253 2802 sua

673 2850 904 2917 explicat
923 2849 1006 2903 liis
1030 2847 1336 2904 verbis:26.
1366 2848 1514 2901 Sicut
1534 2847 1664 2898 enim
1688 2842 1844 2896 Pater
1869 2844 2014 2896 habet
2034 2845 2184 2894 vitam
2201 2841 2252 2893 in

674 2941 960 3006 semetipso,
985 2939 1055 2992 sic
1085 2939 1220 2991 dedit
1256 2947 1301 2991 et
1330 2935 1465 2989 Filio
1493 2936 1644 2988 vitam
1674 2934 1854 2988 habere
1883 2934 1934 2986 in
1963 2934 2247 3001 semetipso.

749 3033 801 3086 5.
820 3031 990 3085 Patris
1016 3041 1060 3084 et
1097 3029 1218 3084 Filii
1242 3030 1522 3099 a'qittilitas.
1537 3026 1572 3080 J
1577 3027 1817 3091 udicium,
1836 3026 2005 3089 vitam,
2027 3041 2249 3077 resurre-

673 3125 889 3177 ctionem
904 3139 995 3177 cur
1007 3122 1235 3177 Christus
1253 3137 1384 3190 sa'pe
1405 3127 1660 3174 memoret.
1682 3117 1876 3171 Paulus
1895 3116 2252 3170 Samosateuus

672 3215 921 3284 quomodo
943 3215 1095 3284 legat.
1128 3212 1254 3280 Quis
1282 3213 1344 3267 sit
1365 3227 1508 3266 verus
1534 3210 1732 3281 legendi
1759 3208 1958 3263 modus.
1977 3238 2048 3248 —
2068 3207 2250 3262 Viden'

672 3305 940 3377 quomodo
969 3305 1326 3374 aequalitatem
1363 3303 1594 3357 stabiliat
1613 3343 1626 3363 .
1653 3311 1706 3356 et
1730 3301 1869 3355 lianc
1898 3301 2064 3354 solam
2092 3300 2249 3354 dilic-

675 3398 902 3453 rentiain
944 3407 1138 3452 statuat
1161 3438 1175 3462 ,
1203 3394 1342 3465 quod
1373 3409 1509 3448 unus
1550 3394 1617 3448 sit
1664 3393 1822 3446 Pater
1843 3433 1856 3456 ,
1885 3392 2019 3445 alter
2046 3390 2250 3445 Filius?

672 3492 804 3546 Nam
835 3506 931 3544 vox
956 3490 1065 3555 illa,
1099 3489 1272 3554 Dedit,
1303 3488 1439 3541 lianc
1467 3486 1636 3541 solum
1667 3484 2066 3539 distinctionem
2092 3482 2246 3537 indii-

675 3583 778 3638 sit:
805 3592 994 3636 caetera
1027 3595 1152 3634 vero
1192 3580 1370 3634 omnia
1413 3577 1633 3646 inqualia
1663 3584 1718 3631 et
1745 3576 1890 3647 paria
1917 3590 2036 3629 esse
2064 3583 2243 3629 osten-

677 3672 766 3731 lit.
801 3669 951 3725 Unde
978 3671 1139 3739 liquet
1168 3655 1288 3722 eum
1321 3682 1440 3723 cum
1469 3665 1656 3721 eadem
1685 3674 1943 3734 potestate
1969 3675 2022 3718 et
2054 3665 2248 3718 virtute

670 3761 846 3814 omnia
875 3759 1064 3824 facere,
1096 3774 1196 3829 qua
1225 3759 1398 3822 Pater,
1423 3751 1530 3812 'nec
1558 3755 1768 3811 aliunde
1799 3757 1902 3809 vim
1934 3755 2073 3809 illam
2132 3771 2247 3809 mu-

671 3862 865 3907 tuatus.
895 3850 968 3905 lta
995 3852 1134 3904 enim
1161 3851 1317 3903 vitain
1349 3849 1527 3914 habet,
1560 3856 1616 3902 ut
1661 3846 1834 3901 Pater.
1870 3845 2098 3916 Ideoque
2127 3863 2246 3900 rur-

669 3959 762 3996 sus
789 3942 971 4012 adjicit
1000 3941 1049 3995 id
1077 3941 1216 4009 quod
1246 3940 1484 4010 sequitur
1509 3980 1524 4004 ,
1557 3947 1614 3994 ut
1652 3954 1718 3993 ex
1759 3937 1858 3992 hoc
1890 3937 2016 3990 illud
2049 3937 2245 3991 intelli-

670 4047 876 4102 gamus.
902 4032 1036 4099 Quid
1060 4031 1187 4086 illud
1211 4031 1323 4086 eSt?
1357 4030 1421 4084 Et
1451 4038 1744 4100 potestatem
1765 4028 1900 4081 dedit
1923 4029 1968 4083 ei
1987 4029 2243 4097 judicium

670 4127 853 4193 facere.
887 4123 951 4178 Et
978 4139 1073 4177 cur
1115 4123 1557 4176 resurrectionem
1597 4129 1651 4174 et
1685 4119 1945 4189 judicium
1989 4129 2092 4173 tam
2138 4119 2244 4172 fre-

669 4225 893 4283 quenter
919 4212 1209 4266 memorat?
1239 4210 1384 4265 Sicut
1422 4212 1555 4264 enim
1591 4209 1750 4264 Pater
1787 4211 1993 4264 suscitat
2024 4221 2246 4262 mortuos

674 4319 717 4358 et
744 4305 980 4372 vivi/ient,
1007 4305 1080 4358 sic
1109 4313 1155 4356 et
1184 4301 1350 4355 Filius
1371 4319 1495 4370 quos
1523 4303 1622 4354 vult
1651 4303 1892 4368 viviﬁcat;
1922 4309 1974 4354 et
2000 4317 2208 4354 rursum
2231 4341 2244 4360 ,

673 4394 851 4464 Neque
872 4395 1026 4448 Pater
1042 4394 1242 4464 judicat
1263 4409 1583 4464 quemquam,
1605 4391 1692 4446 sed
1722 4407 1867 4445 omne
1885 4391 2141 4461 judicium
2170 4393 2248 4444 de-

670 4488 746 4540 dit
779 4486 913 4540 Filio
932 4504 949 4551 ;
978 4487 1110 4540 iteru
1135 4501 1301 4554 nque,
1331 4485 1475 4539 Sicut
1513 4483 1668 4538 Pater
1703 4484 1848 4537 habet
1900 4484 2050 4537 vitam
2089 4484 2139 4536 in
2173 4499 2249 4537 sc-

669 4580 901 4650 uietipso,
924 4579 995 4630 ita
1015 4578 1150 4632 dedit
1176 4587 1221 4630 et
1245 4575 1378 4630 Filio
1398 4576 1551 4629 vitam
1577 4575 1756 4629 habere
1782 4576 1834 4628 in
1859 4576 2143 4644 semetipso;
2171 4585 2243 4639 et,

675 4670 775 4736 Qui
804 4671 1006 4722 audient
1037 4684 1203 4721 vocem
1235 4665 1358 4721 Filii
1390 4666 1502 4732 Dei,
1533 4667 1727 4728 vivent;
1754 4677 1806 4719 et
1836 4667 1936 4721 boc
1966 4668 2111 4729 loco,
2146 4665 2247 4719 Po-

674 4772 896 4815 testatem
919 4761 962 4814 ei
995 4759 1130 4812 dedit
1157 4768 1200 4813 et
1221 4759 1470 4826 judicium
1500 4762 1682 4827 facere.
1713 4756 1821 4812 Cur
1841 4773 1968 4826 ergo
2002 4756 2114 4810 hinc
2136 4756 2248 4811 ire-

673 4852 920 4920 quentius
947 4857 1146 4915 versat,
1175 4864 1365 4918 nempe
1388 4848 1662 4916 judicium,
1693 4850 1875 4913 vitam,
1906 4851 2245 4902 resurrectio-

673 4943 833 4998 nem?
862 4940 1121 5007 Quoniam
1151 4940 1264 4994 lucc
1285 4940 1512 4994 maxime
1531 4949 1652 4992 sunt
1673 4954 1792 5008 qua:
1815 4940 1892 4992 vel
1922 4939 2248 4993 obstinatum

671 5033 966 5087 auditorem
995 5030 1209 5084 ﬂectere
1241 5030 1459 5098 possint.
1489 5029 1589 5094 Qui
1617 5029 1756 5083 enim
1785 5029 1954 5084 credit
1983 5043 2041 5083 se
2069 5044 2249 5082 resur-

672 5134 938 5177 recturum
963 5136 1104 5185 esse,
1128 5130 1181 5176 et
1208 5119 1468 5174 scelerum
1499 5135 1682 5188 poenas
1697 5120 1940 5174 daturum
1969 5137 1983 5184 ;
2007 5122 2106 5174 etsi
2143 5135 2248 5174 non

671 5213 814 5266 aliud
839 5211 1027 5266 viderit
1051 5212 1284 5282 signum,
1320 5210 1419 5264 lioc
1450 5220 1670 5278 accepto
1701 5219 1942 5264 aceurret
1967 5209 2105 5264 baud
2151 5211 2251 5263 du-

673 5305 782 5368 bie,
814 5311 870 5355 ut
899 5303 1182 5371 prepitium
1211 5302 1312 5356 sibi
1337 5301 1572 5371 judicent
1607 5301 1813 5355 reddat.
1855 5301 1942 5354 27.
1977 5301 2109 5365 Quia
2153 5302 2249 5354 Fi-

673 5397 771 5447 lius
797 5393 1012 5446 hominis
1037 5404 1129 5448 est.
1155 5392 1243 5446 28.
1268 5394 1420 5446 nolite
1444 5393 1536 5446 hoc
1559 5392 1823 5444 admirari.
1856 5393 2045 5446 Paulus
2065 5391 2250 5447 Sarno-

674 5494 888 5537 salenus
910 5499 1012 5538 non
1032 5484 1107 5536 sic
1125 5482 1278 5551 legit;
1305 5481 1396 5537 sed
1413 5483 1712 5552 quomodo?
1725 5481 1876 5536 Dedit
1895 5485 1938 5537 ei
1959 5493 2250 5552 potestatem

673 5577 920 5646 judicium
966 5576 1128 5644 facere
1148 5618 1161 5640 ,
1193 5576 1311 5644 quia
1341 5573 1508 5630 Filius
1538 5576 1752 5630 hominis
1781 5587 1870 5630 est.
1912 5575 2108 5631 Verum
2152 5576 2252 5632 hoc

677 5669 745 5721 ita
789 5668 979 5721 lectum
1010 5669 1206 5722 nullam
1248 5668 1404 5723 habet
1430 5670 1924 5739 consequutionem.
1955 5670 2072 5726 Non
2109 5672 2250 5726 enim

743 5782 755 5810 ³
801 5777 876 5828 alii
903 5779 1071 5842 legunt
1098 5794 1108 5826 :
1141 5789 1189 5827 in
1203 5779 1346 5841 jussu
1366 5779 1471 5842 Dei,
1516 5781 1564 5829 in
1589 5782 1836 5832 novissima
1859 5781 1988 5833 tuba.

1408 372 1462 428 S.
1502 368 1777 428 JOANNIS
1800 357 2266 419 CIIRYSOSTUSII
2309 351 2620 409 ABCIIIEP.
2662 344 3192 406 CONSTAN’I'INJP.

3846 341 3951 394 ι’έῦ

2369 487 2486 542 ideo
2500 483 2755 554 judicium
2770 480 2996 548 accepit,
3014 477 3135 548 quia
3153 473 3313 531 homo
3328 483 3407 529 est
3431 472 3688 544 :alioquin
3711 471 3838 543 quid
3859 474 3954 524 iiu-

2369 576 2571 646 pediret
2599 572 2881 643 quominus
2901 584 3089 624 omnes
3114 565 3356 622 homines
3374 564 3580 632 judices
3602 565 3825 618 essent?
3855 562 3952 614 sed

2365 667 2488 736 quia
2521 664 2796 719 ineil'abilis
2824 662 2965 715 illius
2987 659 3298 714 substaiitize
3324 657 3487 712 Filius
3510 667 3613 718 est.
3640 657 3761 712 ideo
3782 655 3950 725 jlltlt‘\

2365 765 2468 811 est.
2500 755 2570 808 Ita
2602 755 2758 824 igitur
2788 751 3086 822 legendum,
3120 750 3251 817 Quia
3283 748 3450 803 Filius
3479 749 3696 802 hominis
3722 758 3816 812 est,
3850 765 3952 801 no-

2367 846 2452 900 lite
2471 847 2564 899 hoc
2582 845 2841 897 admirari.
2879 843 3007 898 Cum
3047 842 3315 896 videretur
3344 840 3672 895 auditoribus
3703 855 3954 910 pugnan-

2367 938 2437 990 tia
2482 935 2661 1005 loqui,
2695 942 2746 988 et
2778 933 2904 988 nihil
2935 932 3078 987 aliud
3117 947 3274 1001 quant
3309 947 3498 1000 purum
3526 931 3796 984 hominem
3827 945 3954 984 esse

2367 1027 2508 1081 illum
2539 1033 2802 1096 putarent,
2835 1024 2990 1078 verba
3013 1032 3189 1078 autem
3216 1038 3373 1091 supra
3399 1023 3688 1086 hominem,
3721 1022 3830 1076 imo
3858 1037 3956 1075 sii-

2366 1133 2456 1188 pra
2481 1119 2698 1188 angelos
2723 1124 2923 1182 essent,
2951 1126 3005 1170 et
3033 1114 3199 1169 solius
3230 1116 3323 1170 Dei
3347 1133 3358 1174 :
3387 1115 3522 1168 lianc
3561 1114 3773 1168 Solvens
3799 1113 3954 1180 obje-

2365 1209 2594 1262 ctiOiiem
2643 1206 2965 1275 subiunxit:
3009 1205 3182 1259 Nolite
3221 1205 3395 1258 mirari
3443 1205 3536 1258 hoc
3565 1246 3578 1271 ,
3619 1204 3738 1270 quia
3778 1201 3957 1256 Filius

2364 1299 2579 1351 hominis
2610 1306 2679 1352 est
2709 1315 2728 1351 :
2752 1297 2870 1366 quia
2892 1298 3021 1350 venit
3049 1298 3193 1361 hora,
3221 1297 3274 1350 in
3299 1313 3398 1366 qua
3425 1313 3615 1362 omnes,
3643 1298 3732 1366 qui
3761 1296 3811 1348 in
3841 1311 3957 1346 mo-

2364 1391 2609 1442 numentis
2634 1400 2768 1455 sunt,
2801 1390 3004 1444 audient
3028 1405 3195 1443 vocem
3226 1391 3356 1460 ejus;
3385 1389 3475 1444 29.
3501 1397 3546 1443 et
3573 1389 3843 1457 procedant
3866 1391 3958 1456 qui

2365 1482 2491 1533 bona
2520 1484 2778 1550 fecerunt,
2807 1483 2858 1534 in
2887 1483 3300 1536 resurrectionem
3344 1483 3455 1536 vita
3483 1499 3500 1535 :
3529 1483 3614 1552 qui
3657 1499 3773 1535 vero
3814 1486 3956 1535 mitia

2362 1583 2604 1641 egerunt,
2634 1574 2686 1625 in
2711 1575 3124 1628 resurrectionem
3141 1573 3348 1640 judicii.
3386 1573 3452 1628 Et
3506 1588 3601 1628 cur
3682 1590 3736 1627 ‘n
3767 1573 3904 1628 dixit
3933 1616 3949 1637 ,

2361 1663 2531 1717 Nolite
2557 1663 2756 1729 mirari,
2786 1681 2851 1733 qu
2880 1681 2904 1716 ιι
2937 1663 3100 1717 Filius
3131 1663 3362 1718 hominis
3389 1664 3644 1720 est?qu
3671 1666 3830 1718 etiam
3865 1663 3956 1716 Fi-

2363 1757 2464 1810 lius
2505 1757 2596 1811 Dei
2638 1767 2757 1822 est;
2803 1757 2897 1811 sed
2941 1758 3389 1813 resurreCtioncm
3428 1759 3785 1811 memoravit?
3825 1756 3948 1811 Jani

2363 1847 2487 1901 illud
2534 1863 2690 1918 supra
2734 1859 3020 1918 posuerat,
3053 1847 3235 1902 dicens
3288 1867 3302 1902 :
3345 1848 3566 1902 Audierit
3608 1863 3775 1901 vocem
3824 1845 3954 1902 Fili

2363 1939 2478 1994 Dei.
2515 1939 2666 2005 Quod
2697 1941 2741 1996 si
2774 1940 2859 1994 hic
2897 1939 3025 1994 illud
3054 1940 3217 1993 tacuit
3238 1978 3254 2003 ,
3299 1954 3366 1993 ne
3405 1939 3636 1992 mireris.
3663 1937 3796 1992 Nam
3827 1952 3952 1992 cum

2361 2047 2492 2099 Opus
2524 2031 2716 2085 dixerit
2758 2029 2900 2100 quod
2928 2030 3035 2085 Deo
3059 2030 3329 2099 proprium
3355 2036 3503 2095 erat,
3538 2027 3664 2083 liinc
3705 2027 3948 2082 inferen-

2360 2121 2484 2175 dum
2528 2121 2859 2174 auditoribus
2898 2121 3185 2189 relinquit,
3217 2121 3387 2188 ipsum
3428 2132 3552 2173 esse
3601 2125 3653 2172 et
3691 2116 3862 2171 Deum
3890 2126 3952 2171 et

2363 2214 2402 2268 D
2423 2217 2452 2267 .i
2485 2214 2694 2268 Filium.
2727 2212 2856 2266 Nam
2884 2212 2927 2266 si
2955 2213 3004 2266 id
3029 2212 3333 2281 frequenter
3352 2211 3591 2276 dixisset,
3625 2209 3741 2264 illos
3768 2208 3837 2262 ad
3865 2225 3954 2264 re-

2361 2303 2698 2373 pugnandum
2725 2304 3064 2368 concitasset;
3089 2318 3153 2356 ex
3177 2302 3446 2357 miraculis
3476 2317 3602 2355 vero
3629 2298 3923 2368 comproba
3944 2334 3956 2343 ι

2361 2409 2468 2452 tum
2517 2400 2690 2451 minus
2733 2397 2970 2451 odiosam
3012 2395 3306 2450 doctrinam
3346 2392 3625 2448 reddebat.
3676 2391 3810 2445 Nam
3856 2394 3951 2461 qui

2361 2490 2698 2560 syllogismos
2720 2494 2970 2550 nectunt,
2994 2486 3177 2556 positis
3209 2483 3657 2554 prepositiouibus
3686 2497 3808 2550 quze
3833 2497 3949 2534 rein

2360 2579 2603 2649 probent,
2636 2593 2775 2648 szepe
2804 2577 3200 2632 conclusionem
3233 2591 3337 2629 non
3365 2573 3615 2636 alterunt;
3653 2571 3746 2626 sed
3778 2573 3949 2624 bene-

2360 2670 2707 2723 volentiorem
2755 2669 2877 2722 hinc
2905 2667 3004 2721 sibi
3033 2667 3334 2720 auditorem
3371 2663 3634 2725 reddunt,
3667 2669 3722 2715 et
3764 2663 3952 2731 splen-

2356 2759 2617 2814 didiorcm
2640 2758 2876 2813 referunt
2903 2757 3197 2821 victoriam,
3225 2758 3348 2810 dum
3374 2754 3736 2810 adversarium
3767 2755 3948 2823 ipsum

2355 2859 2552 2919 cogunt
2579 2850 2909 2904 sententiam
2951 2849 3092 2904 ferre
3137 2863 3294 2917 quam
3350 2846 3536 2902 volunt
3572 2864 3585 2899 :
3622 2847 3690 2899 ita
3744 2856 3801 2899 ut
3851 2846 3946 2914 qui

2357 2954 2647 3012 praesentes
2674 2951 2797 2996 sunt
2823 2942 2989 3012 ipsam
3021 2940 3141 2996 ideo
3167 2941 3348 2994 statim
3371 2938 3784 3009 amplectantur.
3808 2936 3946 2990 (lenii

2356 3048 2514 3102 porro
2560 3032 2742 3086 Lazari
2788 3031 3234 3086 resurrectionem
3283 3029 3638 3094 memoravit,
3679 3027 3947 3098 judicium

2358 3126 2537 3192 tacuit;
2569 3139 2673 3178 non
2696 3124 2837 3177 enim
2866 3122 2964 3177 bac
2982 3120 3050 3176 de
3069 3135 3229 3176 causa
3260 3121 3544 3176 suscitatus
3561 3133 3640 3173 est
3666 3117 3906 3174 Lazarus
3932 3137 3944 3171 :

2354 3232 2474 3271 cum
2491 3225 2667 3270 autem
2684 3214 2752 3270 de
2778 3213 3062 3269 universali
3089 3213 3502 3274 resurrectione,
3529 3211 3579 3266 id
3601 3210 3816 3280 adjecit,
3843 3226 3947 3264 eos

2353 3310 2441 3378 qui
2465 3309 2598 3364 bona
2627 3316 2849 3378 egerunt
2877 3307 3042 3362 ituros
3069 3307 3122 3361 in
3153 3305 3605 3361 resurrectionem
3649 3304 3770 3358 vita:
3799 3321 3813 3368 ;
3847 3307 3941 3372 qtti

2355 3415 2480 3455 vero
2507 3400 2639 3454 mala
2665 3440 2678 3465 ,
2709 3400 2760 3454 in
2791 3398 3239 3454 resurrectionem
3258 3397 3465 3466 judicii.
3500 3395 3588 3451 Sic
3613 3406 3667 3451 et
3694 3394 3946 3450 .lomnes

2351 3493 2646 3547 auditorem
2675 3491 2921 3546 excitavit
2944 3531 2958 3556 ,
2986 3489 3239 3559 judicium
3273 3503 3611 3553 memorans,
3655 3499 3708 3543 et
3750 3487 3947 3543 dicens

2352 3599 2473 3639 eum
2501 3586 2587 3654 qui
2620 3600 2724 3638 non
2751 3583 2922 3638 credit
2949 3583 3001 3637 in
3026 3582 3219 3637 Filium
3239 3621 3255 3645 ,
3291 3596 3397 3636 non
3428 3583 3662 3636 visurum
3705 3595 3825 3636 esse
3857 3581 3946 3634 vi-

2355 3687 2458 3731 tain
2482 3718 2495 3740 ,
2521 3677 2613 3731 sed
2647 3677 2776 3731 iram
2801 3677 2890 3731 Dei
2921 3689 3225 3730 mansuram
3252 3691 3375 3730 esse
3403 3691 3564 3745 super
3589 3691 3709 3730 eum
3738 3674 3941 3746 (Ionii.

2353 3770 2404 3824 5.
2436 3769 2546 3837 56).
2572 3769 2661 3823 Sic
2697 3778 2751 3823 et
2782 3767 3070 3823 Nicodemo
3097 3766 3228 3821 dixit
3260 3784 3273 3821 :
3303 3766 3406 3834 Qui
3431 3767 3590 3821 credit
3616 3768 3667 3821 in
3699 3766 3894 3821 Filium
3925 3810 3943 3834 ,

2352 3876 2450 3913 non
2485 3860 2752 3929 jiidicntur
2780 3875 2798 3912 :
2826 3860 2912 3930 qui
2941 3871 3109 3913 autem
3150 3875 3251 3912 non
3298 3859 3456 3912 credit
3485 3901 3500 3925 ,
3522 3861 3634 3929 jam
3670 3860 3947 3929 judicatus

2353 3963 2426 4004 est
2451 3950 2612 4018 (Ibid.
2649 3952 2702 4006 ὅ.
2730 3949 2846 4021 l8).
2876 3950 2966 4005 Sic
2985 3958 3040 4006 et
3063 3950 3164 4006 hoc
3188 3950 3305 4006 loco
3333 3950 3589 4020 etjudicii
3615 3961 3668 4006 et
3691 3952 3949 4020 supplicii

2352 4042 2627 4104 meminit,
2669 4040 2824 4095 malis
2860 4041 3067 4096 actibus
3106 4041 3367 4112 deputati.
3412 4042 3544 4107 Quia
3587 4043 3728 4097 enim
3773 4057 3946 4110 supra

2350 4131 2577 4192 dixerat,
2608 4131 2708 4198 Qui
2734 4131 2876 4185 audit
2905 4131 3050 4186 verba
3071 4148 3199 4195 mea,
3225 4142 3271 4186 et
3290 4133 3448 4187 credit
3477 4134 3522 4186 ei
3545 4133 3632 4202 qui
3656 4149 3732 4186 me
3758 4133 3897 4187 misit
3926 4175 3943 4198 ,

2353 4241 2450 4277 non
2467 4224 2727 4291 judicatur
2751 4241 2768 4277 :
2791 4240 2857 4278 ne
2877 4225 2997 4293 quis
3024 4235 3169 4293 putet
3189 4225 3290 4279 lioc
3308 4225 3372 4279 ad
3395 4225 3619 4280 salutem
3642 4227 3770 4280 satis
3792 4242 3943 4290 esse,

2353 4316 2475 4368 vita:
2501 4315 2761 4368 rationem
2788 4313 2954 4378 addit,
2989 4315 3088 4381 Qui
3114 4314 3245 4368 bona
3273 4325 3498 4386 egerunt,
3531 4317 3581 4368 in
3609 4322 3949 4372 resurrectio-

2355 4421 2465 4457 nem
2494 4404 2639 4468 vitta;
2660 4405 2743 4471 qui
2765 4402 2920 4470 mala,
2943 4405 2994 4458 in
3024 4407 3438 4461 resurrectionem
3448 4409 3652 4476 judicii.
3672 4409 3947 4475 Quoniam

2354 4499 2514 4569 igitur
2541 4497 2751 4552 dixerat
2772 4507 2940 4552 totum
2971 4500 3155 4554 orbem
3184 4501 3283 4570 ipsi
3311 4504 3572 4556 rationem
3601 4502 3946 4560 redditurum

2353 4603 2472 4644 esse
2494 4630 2508 4654 ,
2546 4598 2601 4644 et
2626 4603 2814 4644 omnes
2835 4604 2863 4643 a
2893 4604 3024 4645 voce
3045 4591 3163 4658 ejus
3189 4605 3307 4646 esse
3347 4603 3741 4651 resurrecturos
3763 4638 3776 4660 ,
3821 4614 3947 4654 rem

2353 4691 2497 4734 certe
2541 4696 2730 4734 novam
2758 4721 2774 4745 ,
2819 4682 3270 4751 inexspectatam,
3315 4693 3370 4739 et
3413 4699 3443 4738 ε
3490 4687 3672 4740 multis
3699 4688 3949 4744 nondum

2354 4770 2611 4825 creditam
2639 4814 2653 4838 ,
2689 4773 2754 4827 ab
2790 4773 2852 4826 iis
2889 4773 3048 4827 etiam
3087 4774 3177 4844 qui
3217 4775 3511 4832 credidisse
3534 4756 3814 4845 videntur,
3849 4798 3955 4837 ne.

2355 4861 2479 4916 dum
2509 4877 2539 4916 a
2564 4862 2761 4918 iudicis
2790 4881 2803 4928 ;
2832 4863 2953 4918 audi
2982 4880 3088 4934 quo
3114 4874 3268 4935 pacto
3314 4867 3429 4921 hinc
3461 4870 3697 4935 proterat
3723 4873 3954 4925 audito-

2357 4967 2474 5004 rum
2506 4953 2794 5008 iniirmitati
2819 4968 2878 5009 se
2907 4963 3294 5025 attemperaus.
3318 4957 3406 5012 '50.
3445 4958 3563 5012 Non
3608 4978 3811 5028 possunt
3853 4982 3955 5035 ego

2357 5061 2388 5095 a
2426 5044 2612 5114 ineipso
2637 5050 2802 5114 facere
2830 5045 3120 5115 quidquam.
3152 5047 3296 5103 Sicut
3317 5052 3492 5117 audio,
3517 5054 3717 5122 judico,
3768 5067 3817 5109 et
3855 5061 3958 5127 ju-

2358 5135 2543 5187 dicium
2576 5152 2738 5189 meum
2770 5138 2969 5204 justum
2997 5149 3109 5204 est,
3148 5141 3266 5208 quia
3295 5157 3395 5194 non
3417 5157 3587 5212 quwro
3629 5145 3957 5203 voluntatem

2359 5230 2538 5292 meum,
2561 5229 2648 5281 sed
2663 5226 2967 5282 voluntatem
2987 5231 3097 5300 ejus
3116 5233 3201 5300 qui
3224 5234 3356 5288 misit
3379 5250 3476 5288 me.
3499 5236 3659 5306 Atqui
3689 5254 3795 5292 non
3824 5256 3960 5309 par-

2359 5334 2479 5370 vum
2509 5319 2616 5385 jam
2663 5319 2883 5374 dederat
2929 5323 3341 5380 resurrectionis
3372 5337 3745 5396 argumentum
3771 5371 3785 5393 ,
3817 5348 3957 5388 cuin

2360 5411 2705 5479 paralyticum
2755 5414 2980 5468 sanavit.
3039 5411 3271 5482 ideoque
3312 5431 3417 5470 non
3459 5429 3581 5474 ante
3607 5419 3674 5475 de
3701 5436 3974 5481 recurre-

2359 5501 2538 5555 ctione
2565 5503 2812 5570 loquutus
2841 5513 2944 5566 est,
2971 5519 3130 5572 quam
3159 5504 3262 5560 hoc
3286 5505 3522 5573 fecisset,
3549 5511 3686 5580 quod
3711 5527 3740 5565 a
3766 5528 3959 5569 resur-

2362 5594 2600 5647 rectione
2629 5609 2734 5646 non
2762 5596 2990 5648 multum
3012 5595 3234 5652 aberat:
3259 5597 3519 5667 judicium
3548 5618 3674 5657 vero
3705 5616 3826 5672 post
3857 5609 3960 5663 cu.

2362 5693 2540 5748 ratum
2559 5699 2753 5753 corpus
2782 5685 3141 5740 subindicavit
3162 5687 3467 5758 .ill_S_V‘_e_l'.biS_‘
3487 5691 3956 5768 τηετσηαωῃι.

2363 5789 2467 5829 (ius
2495 5794 2543 5829 es
2560 5794 2577 5842 ;
2597 5777 2709 5846 jam
2747 5779 2850 5831 noli
2875 5795 3082 5848 peccare
3103 5821 3117 5845 ,
3145 5796 3207 5834 ne
3228 5782 3448 5836 deterius
3484 5785 3569 5838 tibi
3593 5787 3787 5853 aliquid
3816 5805 3957 5844 con-
