4164 6324
210 338 309 396 29.5

213 450 389 518 tingat.
423 445 685 497 Attamen
714 450 769 495 et
807 436 992 493 Lazari
1031 444 1086 490 et
1126 434 1271 489 orbis
1315 442 1575 487 terrarum
1608 444 1792 486 resur-

212 538 502 592 rectionem
536 530 802 601 praedicit.
832 528 899 583 Et
925 526 1047 597 quia
1080 525 1240 580 hasce
1270 523 1403 580 duas
1446 520 1799 577 resurrectio-

216 648 311 686 nes
339 628 595 699 przedixit
622 669 635 691 ,
668 624 854 680 Lazari
879 636 997 692 qua?
1026 634 1150 674 mox
1196 617 1372 671 futura
1398 623 1547 680 erat,
1575 622 1625 669 et
1652 613 1798 668 orbis

210 734 471 777 terrarum
488 718 583 773 diu
614 726 798 785 postea
824 713 1057 768 futuram
1084 727 1099 776 ;
1128 707 1313 764 Lazari
1340 705 1793 762 resurrectionem

208 829 306 881 per
326 809 674 881 paralyticum
703 804 919 869 indicat,
941 799 1332 872 quamprimum
1362 796 1612 859 futuram,
1650 793 1797 847 Venit

204 907 335 957 liora
354 913 401 956 et
424 917 559 954 nunc
581 908 651 953 est
675 915 694 965 ;
722 894 1077 951 universalem
1106 897 1286 944 autem
1306 904 1371 943 ex
1402 886 1587 942 Lazari
1618 898 1796 939 resur-

206 998 474 1060 rectione,
497 1009 594 1061 per
610 1007 671 1046 ea
698 1004 815 1060 qua:
843 987 982 1041 facta
1009 985 1239 1047 fuerant,
1256 981 1493 1036 nondum
1524 987 1673 1049 gesta
1696 975 1795 1032 sub

202 1091 391 1144 oculos
420 1088 710 1143 adducens.
727 1080 879 1151 Quod
904 1080 1076 1149 ipsum
1103 1076 1294 1146 ubique
1321 1074 1498 1128 facere
1518 1069 1791 1125 videmus:

198 1183 331 1235 dum
374 1180 511 1233 duas
536 1176 622 1230 vel
654 1183 762 1228 tres
790 1169 1165 1241 priedictiones
1207 1164 1488 1236 prepnnit,
1518 1171 1575 1217 et
1617 1160 1793 1214 futura

198 1288 263 1327 ex
294 1268 460 1340 gestis
488 1262 763 1320 credibilia
795 1259 990 1315 reddit.

270 1384 327 1436 4.
361 1382 611 1434 Attamen
642 1375 725 1430 his
751 1372 907 1429 dictis
932 1380 1093 1441 atque
1128 1367 1293 1440 gestis
1313 1409 1329 1432 ,
1358 1366 1482 1436 quia
1510 1363 1588 1419 illi
1618 1363 1792 1418 imbe-

198 1472 479 1531 cilliores‘
546 1476 728 1531 erant,
791 1464 907 1520 hinc
948 1478 1055 1517 non
1098 1460 1226 1515 satis
1273 1457 1492 1521 habuit,
1533 1453 1627 1509 sed
1672 1452 1794 1507 aliis

197 1577 413 1633 quoque
439 1559 614 1614 allatis
637 1558 847 1613 illorum
868 1551 1213 1624 pertinaciam
1235 1552 1255 1582 ¹
1276 1548 1538 1618 reprimit,
1566 1546 1786 1600 dicens:

200 1655 323 1707 Non
355 1666 560 1723 possunt
590 1665 622 1701 a
649 1648 837 1714 meipso
875 1648 1042 1714 facere
1078 1642 1375 1713 quidquam.
1422 1638 1566 1693 Sicut
1602 1636 1786 1698 audio,

195 1746 393 1817 judico,
428 1752 473 1796 et
506 1740 757 1812 judicium
798 1752 959 1793 meum
976 1736 1174 1805 justum
1211 1741 1306 1794 est,
1335 1732 1453 1800 quia
1482 1745 1581 1784 non
1620 1743 1793 1798 quwro

196 1838 507 1889 voluntatem
550 1849 744 1897 meum,
785 1831 875 1884 sed
903 1828 1210 1884 voluntatem
1242 1825 1351 1898 ejus
1388 1823 1476 1895 qui
1511 1821 1645 1875 misit
1690 1835 1788 1873 me.

194 1927 332 1990 Quia
358 1925 502 1980 enim
532 1924 705 1978 aliena
729 1920 973 1991 quadam
998 1928 1051 1973 et
1093 1933 1123 1972 a
1167 1916 1442 1987 prephetis
1471 1913 1677 1969 diversa
1703 1909 1790 1965 di-

192 2031 321 2071 cere
351 2015 632 2070 videbatur
671 2012 788 2083 (illi
827 2011 1022 2081 quippe
1049 2008 1300 2063 dicebant
1339 2007 1507 2061 Deum
1544 2019 1663 2061 esse
1700 2000 1787 2073 qui

190 2108 396 2176 judicat
424 2118 620 2161 terram
646 2119 880 2167 omnem,
911 2103 1012 2157 hoc
1037 2110 1139 2165 est,
1168 2115 1335 2171 genus
1374 2098 1682 2153 humanum.
1724 2096 1789 2151 Et

193 2201 299 2254 hoc
328 2199 492 2253 David
522 2199 719 2267 ubique
746 2194 1018 2265 priedicat,
1046 2192 1305 2246 Judicabit
1327 2195 1541 2261 papulas
1561 2192 1613 2243 in
1631 2190 1788 2261 tequi-

192 2300 295 2345 tate
323 2288 507 2362 [Psal.
538 2290 632 2345 95.
663 2287 788 2361 l0];
817 2296 873 2343 et
896 2327 911 2353 ,
942 2285 1077 2340 Deus
1112 2286 1275 2356 judea:
1304 2285 1511 2355 justus,
1552 2282 1699 2353 [ortis
1739 2290 1788 2336 et

192 2382 391 2447 patiens
422 2379 601 2452 [PsaL
637 2380 688 2433 7.
726 2376 862 2449 12];
909 2376 1262 2443 similiterque
1295 2386 1483 2427 omnes
1512 2370 1787 2442 propheta:

188 2485 243 2526 et
270 2471 486 2543 Moyses
520 2489 533 2525 :
563 2470 805 2525 Christus
834 2484 958 2523 vero
986 2468 1217 2531 dicebat,
1252 2465 1409 2519 Pater
1433 2464 1679 2518 neminem
1695 2463 1788 2533 ju-

189 2567 329 2619 dicat
350 2605 365 2629 ,
391 2563 481 2618 sed
499 2564 751 2633 judicium
779 2561 916 2615 dedit
948 2558 1121 2623 Filio;
1162 2557 1291 2612 illud
1332 2571 1460 2612 vero
1488 2555 1785 2610 auditorem

187 2657 438 2713 Judaeum
495 2655 709 2710 turbare
758 2661 1001 2723 poterat,
1068 2650 1429 2719 inducereque
1489 2656 1546 2701 ut
1601 2645 1785 2701 Jesum

191 2752 305 2804 Deo
331 2746 697 2803 adversarium
738 2742 1138 2813 suspicaretur)
1171 2756 1187 2796 ε
1229 2740 1314 2794 hic
1339 2736 1625 2792 admodum
1663 2750 1787 2805 sese

185 2840 431 2903 dimittit,
457 2846 711 2907 quantum
737 2835 941 2890 scilicet
967 2829 1302 2887 imbecillitas
1343 2842 1528 2883 eorum
1553 2825 1786 2895 postula-

191 2933 302 2995 bat,
339 2939 397 2983 nt
422 2927 777 2998 perniciosam
812 2925 947 2979 hanc
974 2922 1330 2992 suspicionem
1359 2918 1611 2974 radicitus
1635 2917 1782 2972 avel-

190 3023 351 3084 lct-ut,
378 3020 555 3088 aitque
575 3058 589 3082 ,
634 3016 744 3087 Ego
773 3033 872 3069 non
905 3030 1111 3083 possum
1150 3029 1183 3066 a
1211 3012 1401 3080 meipso
1443 3011 1609 3079 [acac
1637 3008 1785 3079 quid-

185 3128 378 3179 quam,-
407 3109 457 3163 id
487 3118 571 3163 est
594 3149 609 3174 ,
644 3106 784 3161 Nihil
815 3106 1044 3159 alienum
1066 3144 1081 3169 ,
1111 3102 1413 3167 diversum,
1455 3098 1597 3170 quod
1627 3098 1784 3153 Pater

188 3202 349 3263 nolit,
389 3214 419 3253 a
449 3213 533 3253 inc
558 3196 754 3252 factum
782 3195 1031 3249 videbitis
1051 3235 1067 3260 ,
1097 3194 1183 3248 vel
1211 3192 1411 3247 dictum
1437 3190 1685 3245 audietis.
1718 3188 1785 3243 Et

184 3309 309 3345 cum
341 3290 485 3359 prius
510 3287 724 3352 dixerit,
752 3285 922 3341 Filius
946 3283 1182 3359 hominis
1210 3293 1287 3337 est
1314 3322 1329 3349 ,
1373 3281 1496 3351 quia
1540 3279 1611 3334 illi
1658 3294 1781 3333 eum

186 3358 384 3452 pttruin
410 3378 679 3433 hominem
708 3390 828 3432 esse
856 3358 1268 3438 arbitrabantur,
1301 3372 1422 3427 ideo
1448 3371 1537 3425 illa
1564 3368 1779 3438 adjecit.

187 3473 254 3529 lit
283 3488 418 3541 ergo
448 3485 610 3541 supra
635 3484 757 3524 cum
791 3468 1028 3534 diceret,
1072 3466 1223 3529 Quod
1261 3465 1576 3528 audivimus,
1621 3462 1783 3531 loqui-

182 3582 325 3629 mur,
360 3574 405 3617 rt
429 3562 565 3633 quod
592 3562 831 3622 vidimus,
864 3568 1140 3622 testamur;
1169 3566 1223 3612 et
1254 3556 1507 3622 Joannes,
1539 3554 1690 3622 Quod
1711 3553 1783 3607 vi-

180 3660 291 3722 dit,
327 3664 553 3721 testatur,
581 3664 626 3707 et
656 3652 991 3707 testimonium
1014 3651 1126 3720 ejus
1146 3664 1290 3703 nemo
1310 3648 1493 3717 accipit
1507 3663 1526 3711 ;
1547 3647 1615 3701 de
1636 3655 1779 3700 certa

183 3750 421 3820 loquitur
446 3746 753 3817 cognitione
780 3742 847 3798 ad
880 3752 1163 3812 utrumque
1181 3781 1198 3808 ,
1233 3756 1338 3793 non
1368 3753 1496 3793 vero
1524 3736 1782 3807 simplici-

183 3854 268 3899 ter
293 3842 364 3897 de
388 3840 571 3895 auditu
601 3847 657 3893 et
680 3836 750 3891 de
776 3837 891 3890 visu
920 3851 933 3887 :
965 3835 1033 3889 ita
1063 3842 1118 3888 et
1141 3832 1228 3887 hic
1256 3847 1354 3902 per
1382 3830 1618 3884 auditum
1649 3826 1780 3881 nihil

179 3934 329 3989 aliud
356 3931 635 4001 signiﬁcat,
664 3944 821 4000 quam
852 3942 956 3983 non
986 3940 1143 3997 posse
1173 3939 1231 3980 se
1261 3923 1403 3978 aliud
1433 3921 1591 3988 velle,
1621 3935 1779 3990 quam

180 4024 329 4096 quod
359 4024 469 4077 vult
508 4022 687 4075 Pater.
729 4017 835 4073 Sed
867 4016 917 4071 id
959 4031 1065 4071 non
1108 4016 1179 4069 ita
1222 4014 1363 4068 clare
1403 4011 1536 4067 dixit
1576 4010 1783 4081 (neque

179 4117 329 4171 enim
364 4113 499 4168 ferre
530 4110 825 4180 potuissent
852 4109 896 4162 si
924 4114 1109 4177 aperte
1132 4104 1430 4174 dixisset);
1462 4117 1648 4159 verum
1676 4099 1782 4171 quo

183 4204 382 4277 pacto?
413 4203 712 4259 Admodum
748 4201 982 4255 demisso
1024 4207 1080 4254 et
1118 4198 1353 4252 humano
1395 4209 1545 4250 more
1584 4212 1597 4248 :
1637 4193 1783 4249 Sicut

179 4297 364 4357 audio,
384 4295 586 4365 judico.
619 4292 734 4348 Non
760 4292 828 4347 de
848 4290 1087 4346 doctrina
1109 4287 1196 4342 hic
1217 4288 1422 4355 agitur;
1447 4300 1617 4355 neque
1637 4286 1779 4340 enim

179 4389 316 4442 dicit
336 4428 354 4453 ,
398 4384 548 4441 Sicut
571 4384 794 4449 doceor,
826 4381 917 4437 sed
939 4420 954 4447 ,
985 4380 1131 4435 Sicut
1159 4378 1315 4431 audio
1344 4393 1363 4430 :
1395 4391 1498 4430 non
1526 4375 1666 4446 quod
1694 4390 1783 4429 au-

182 4481 299 4533 ditu
336 4484 489 4547 egeat
517 4495 529 4530 :
564 4492 667 4530 non
698 4474 856 4529 modo
885 4487 990 4527 non
1036 4470 1281 4526 doctrina
1304 4510 1319 4534 ,
1349 4470 1440 4525 sed
1488 4484 1555 4523 ne
1598 4467 1781 4521 auditu

179 4574 403 4641 quidem
433 4569 737 4639 indigebat;
767 4567 860 4622 sed
887 4564 1229 4621 concordiam
1271 4562 1503 4627 indicat,
1544 4569 1601 4617 et
1641 4560 1779 4615 idem

182 4667 363 4733 ipsum
390 4661 647 4730 judicium
666 4699 682 4725 ,
713 4671 777 4711 ac
805 4658 849 4711 si
878 4657 1081 4710 diceret
1109 4670 1121 4704 :
1155 4653 1228 4706 Ita
1256 4652 1438 4721 judico
1462 4666 1525 4705 ac
1552 4650 1596 4704 si
1624 4649 1784 4704 Pater

182 4758 299 4824 ipse
326 4753 611 4823 jndicaret.
644 4753 833 4805 Postea
862 4748 1045 4818 adjicit
1077 4763 1091 4800 :
1126 4745 1190 4799 Et
1220 4745 1335 4799 novi
1362 4742 1498 4813 quod
1523 4742 1781 4814 judicium

182 4862 357 4901 meum
374 4846 572 4913 justum
599 4851 698 4907 est,
740 4842 860 4911 quia
903 4856 1004 4893 non
1042 4852 1211 4908 quaero
1240 4837 1545 4889 voluntatem
1580 4850 1741 4887 meam
1761 4874 1779 4900 ,

180 4938 273 4991 sed
299 4935 609 4989 voluntatem
638 4932 745 5001 ejus
773 4930 858 5001 qui
892 4929 1025 4982 misit
1056 4943 1151 4981 me.
1185 4926 1321 4993 Quid
1348 4925 1515 4980 dicis?
1547 4924 1782 4979 habesne

181 5029 415 5082 alteram
444 5039 602 5094 quam
628 5023 789 5077 Pater
816 5018 1183 5075 voluntatem?
1217 5017 1375 5085 Atqui
1403 5015 1525 5070 alibi
1552 5014 1731 5069 dixisti
1766 5032 1780 5069 :

185 5120 339 5173 Sicut
377 5132 467 5187 ego
494 5125 539 5169 et
569 5126 621 5167 tu
649 5129 805 5167 unum
832 5128 1043 5175 sumus;
1070 5118 1125 5165 et
1152 5123 1383 5171 rursum,
1414 5106 1484 5162 de
1508 5107 1781 5160 voluntate

182 5219 239 5263 et
267 5205 557 5262 concordia
585 5204 807 5273 loquens
837 5218 851 5253 :
879 5200 961 5254 Da
986 5199 1057 5253 eis
1086 5209 1141 5252 ut
1170 5207 1215 5252 et
1242 5197 1340 5266 ipsi
1367 5197 1419 5250 iu
1457 5195 1598 5249 nobis
1625 5210 1783 5247 unum

182 5300 319 5359 sint,
372 5297 471 5350 hoc
511 5304 626 5359 est,
676 5292 727 5346 in
774 5290 878 5345 llde
915 5299 1116 5344 nostra.
1152 5286 1333 5341 Viden‘
1374 5301 1435 5340 ea
1466 5300 1584 5350 qua:
1615 5284 1782 5352 magis

185 5386 406 5441 humilia
429 5385 698 5448 videntur,
724 5382 1008 5437 sublimem
1032 5393 1247 5434 sensum
1269 5376 1536 5433 occultum
1560 5374 1779 5429 habere?

184 5477 342 5545 Quod
374 5491 500 5547 ergo
526 5474 863 5538 subindicat,
895 5472 997 5525 hoc
1025 5478 1108 5525 est
1151 5487 1164 5522 :
1208 5467 1443 5523 ostendit
1478 5482 1584 5520 non
1624 5465 1780 5519 aliam

185 5584 309 5625 esse
340 5567 510 5623 Patris
538 5567 869 5621 voluntatem
890 5603 905 5626 .
931 5576 1088 5632 quam
1117 5574 1302 5624 suam;
1334 5558 1427 5613 sed
1461 5557 1556 5625 Ita,
1589 5555 1779 5627 inquit,

252 5683 267 5711 ί
307 5677 475 5741 yet-el.
498 5676 636 5741 legit,
662 5673 948 5741 crassiores.

251 5744 269 5771 ι
306 5735 440 5790 litem
466 5733 629 5799 liab'et,
658 5736 1037 5799 impudentiam,
1066 5747 1169 5800 pro,
1197 5733 1525 5797 pertinacimn.

1142 324 1205 379 IN
1243 319 1557 386 JOANNEM
1594 318 1822 376 HOMIL.
1868 316 2111 373 XXXIX.
2151 320 2220 385 al.
2266 306 2550 374 XXXVIII:

1868 420 1879 433 ”
1910 444 2011 485 una
2043 440 2125 485 est
2156 445 2272 485 mea
2299 440 2354 485 et
2383 428 2575 493 Patris,
2614 438 2673 484 ut
2712 431 2867 484 unius
2900 431 3061 486 animi
3103 433 3349 488 voluntas
3388 452 3491 491 una

3386 322 3508 380 τις

1906 528 2008 575 est.
2034 518 2143 574 Nec
2171 519 2381 573 mireris
2408 519 2455 574 si
2482 528 2679 573 tantam
2714 519 2854 574 dicat
2878 522 3329 590 conjunctiouein.
3361 522 3494 582 Nam

1904 608 1973 665 de
2000 609 2190 679 spiritu
2227 623 2438 679 quoque
2471 609 2661 665 eodem
2702 609 2895 665 Paulus
2933 610 3179 682 exemplo
3218 613 3383 669 utitur
3410 615 3496 671 di-

1903 714 2033 755 cens
2063 716 2077 753 :
2114 700 2240 767 Quis
2264 700 2359 754 scit
2387 700 2644 755 hominum
2674 716 2788 771 qui:
2814 712 2931 756 sunt
2968 703 3186 758 hominis
3204 745 3222 773 ,
3262 706 3362 761 nisi
3384 707 3497 777 spi-

1903 790 2029 843 ritus
2057 790 2272 844 hominis
2296 791 2381 860 qui
2406 792 2457 845 in
2484 791 2595 861 ipso
2621 794 2734 847 est?
2760 792 2845 847 Ita
2870 802 2917 847 et
2944 809 3057 863 qua
3083 792 3177 849 Dei
3203 807 3321 850 sunt
3349 814 3497 854 nemo

1904 880 2057 943 novit,
2086 881 2183 934 nisi
2206 880 2430 949 Spiritus
2448 880 2546 936 Dei
2572 882 2645 951 (l.
2671 882 2790 937 Cor.
2817 883 2871 937 2.
2904 884 3014 951 ll).
3038 883 3180 940 Nihil
3202 902 3329 957 ergo
3350 888 3494 945 aliud

1900 986 2059 1039 quam
2088 970 2188 1024 hoc
2215 970 2343 1026 dicit
2375 989 2387 1025 :
2422 970 2537 1025 Non
2577 982 2660 1027 est
2697 972 2825 1027 mihi
2868 972 3114 1029 voluntas
3150 975 3253 1031 alia
3282 985 3337 1032 et
3365 993 3493 1048 prn-

1901 1060 2013 1129 pria
2044 1075 2203 1130 quam
2232 1076 2351 1130 qua:
2378 1061 2550 1117 Patris
2573 1069 2657 1117 est
2686 1079 2700 1116 :
2728 1062 2822 1117 sed
2852 1063 2897 1117 si
2926 1063 3050 1133 quid
3088 1064 3178 1121 ille
3208 1066 3349 1132 vult,
3391 1066 3495 1125 hoc

1898 1158 1953 1204 et
1977 1164 2076 1218 ego
2099 1150 2246 1214 volo;
2270 1159 2324 1204 ct
2342 1151 2386 1205 si
2412 1150 2536 1220 quid
2560 1165 2681 1220 ego,
2705 1152 2807 1207 hoc
2830 1161 2884 1205 et
2904 1151 3009 1207 ille.
3032 1152 3492 1221 Quemadmodum

1899 1256 2027 1311 ergo
2055 1240 2268 1296 Patrem
2299 1256 2458 1297 nemo
2484 1241 2841 1312 reprehendet
2875 1243 3202 1312 judicautem
3223 1287 3239 1313 ,
3278 1246 3351 1301 ita
3392 1262 3493 1303 nec

1900 1346 1987 1387 me
2014 1347 2030 1384 :
2062 1346 2129 1386 ex
2159 1331 2345 1386 eadem
2371 1332 2569 1401 quippe
2593 1333 2856 1388 sententia
2883 1342 3105 1405 uterque
3130 1335 3367 1392 calculus
3388 1338 3493 1393 fer-

1899 1429 2003 1476 tur.
2037 1421 2189 1489 Quod
2216 1422 2261 1475 si
2292 1422 2406 1477 haec
2430 1423 2519 1477 ille
2547 1423 2780 1477 humano
2819 1438 2969 1479 more
2996 1424 3263 1496 loquatur,
3293 1442 3361 1483 ne
3388 1430 3490 1484 ml-

1897 1512 2034 1566 reris
2081 1529 2095 1567 :
2144 1527 2265 1566 nam
2312 1511 2457 1567 illum
2503 1511 2773 1567 hominem
2816 1528 3007 1583 purum
3053 1529 3174 1569 esse
3212 1515 3489 1585 putabant.

1895 1601 2253 1669 Quamobrem
2276 1603 2327 1656 in
2350 1603 2615 1658 similibus
2634 1613 2849 1673 oportet
2874 1618 2979 1658 non
3005 1603 3145 1659 dicta
3171 1604 3366 1673 solum,
3396 1606 3491 1663 sed

1895 1700 1951 1746 et
1980 1695 2251 1747 hominum
2282 1692 2588 1765 opinionem
2616 1694 2971 1765 perpendere,
3003 1704 3057 1749 et
3084 1696 3491 1766 responsionem

1894 1785 2045 1856 quasi
2088 1785 2381 1841 secundum
2429 1787 2570 1841 illam
2608 1787 2917 1856 Opinionem
2962 1786 3140 1843 datam
3179 1773 3435 1860 'accipere
3474 1807 3489 1845 :

1894 1878 2128 1947 alioquin
2160 1878 2324 1932 multa
2350 1888 2705 1948 sequerentur
2729 1878 2981 1934 absurda.

1965 1966 2033 2021 In
2082 1966 2282 2022 Christo
2322 1970 2438 2022 dure
2465 1968 2747 2022 voluntates
2768 2010 2783 2034 ,
2835 1969 3111 2039 quomoda.
3133 1999 3207 2011 —
3228 1971 3489 2028 Animad-

1892 2067 2044 2116 verte
2067 2100 2082 2125 ,
2114 2072 2335 2127 quaeso;
2366 2057 2539 2123 dixit,
2575 2057 2697 2112 Non
2743 2074 2916 2130 quaero
2953 2057 3265 2115 voluntatem
3294 2078 3484 2117 meam.

1892 2152 2034 2223 Ergo
2063 2150 2165 2205 alia
2196 2158 2279 2203 est
2321 2148 2437 2218 ejus
2467 2148 2715 2203 voluntas
2738 2188 2754 2213 ,
2804 2157 2860 2203 et
2888 2148 3047 2219 longe
3085 2148 3349 2215 inferior;
3391 2166 3490 2207 nec

1892 2243 2051 2298 modo
2082 2240 2323 2310 inferior,
2356 2240 2452 2298 sed
2482 2241 2645 2294 etiam
2678 2254 2786 2295 non
2818 2250 2924 2294 tam
2953 2241 3119 2295 utilis.
3147 2241 3282 2297 Nam
3323 2242 3369 2298 si
3396 2258 3487 2298 sa—

1890 2334 2076 2390 lutaris
2107 2344 2284 2402 esset,
2308 2346 2361 2390 et
2387 2336 2431 2391 si
2456 2341 2780 2391 consonaret
2805 2347 2927 2387 cum
2959 2334 3237 2391 voluntate
3276 2334 3485 2400 Patris,

1889 2442 1986 2482 cur
2004 2428 2148 2483 illam
2170 2443 2277 2483 non
2295 2428 2530 2498 quieris?
2553 2426 2809 2484 Homines
2825 2426 3023 2500 quippe
3044 2426 3164 2496 jure
3186 2426 3289 2482 hoc
3312 2428 3487 2498 ipsum

1889 2521 2142 2587 dixerint,
2172 2531 2229 2573 ut
2254 2521 2343 2591 qui
2366 2522 2564 2577 multas
2593 2522 2825 2577 habeant
2846 2524 3148 2578 voluntates
3173 2530 3369 2590 prater
3393 2520 3485 2577 Dei

1890 2611 2161 2680 placitum.
2191 2610 2271 2666 Tu
2300 2625 2428 2666 vero
2458 2626 2561 2681 qua
2587 2612 2657 2668 de
2680 2627 2841 2668 causa
2875 2613 2954 2669 sic
2983 2612 3237 2684 loqueris,
3267 2610 3359 2686 qui
3391 2625 3489 2685 per

1889 2702 2069 2756 omnia
2115 2701 2258 2756 Patri
2303 2701 2495 2757 similis
2544 2702 2649 2758 es?
2703 2702 2816 2758 Hoc
2861 2704 3005 2758 enim
3060 2704 3286 2760 verbum
3324 2721 3487 2761 nemo

1888 2792 2086 2848 dixerit
2114 2805 2234 2847 csse
2287 2794 2385 2847 viri
2421 2792 2690 2859 accurati,
2718 2802 2773 2847 et
2812 2794 2902 2863 qui
2945 2786 3257 2850 cruciﬁxus"
3286 2795 3376 2851 sit.
3426 2796 3483 2852 Si

1888 2898 2120 2955 namque
2147 2884 2441 2957 Paulusita
2481 2899 2540 2940 se
2562 2886 2821 2940 voluntati
2852 2885 2946 2941 Dei
2970 2886 3204 2956 copulat,
3234 2898 3291 2941 ut
3319 2887 3481 2955 dicat,

1896 2972 2020 3030 Vitio
2047 2985 2213 3030 autem
2254 2978 2368 3045 jam
2406 2992 2505 3029 non
2530 2993 2643 3047 ego,
2695 2977 2813 3029 vivit
2856 2992 2971 3031 vero
3023 2978 3077 3030 in
3128 2992 3209 3031 me
3254 2976 3484 3033 Christus

1887 3064 2032 3132 (Gal.
2071 3064 2127 3118 2.
2174 3064 2291 3135 20),
2319 3064 2594 3134 quomodo
2636 3065 2876 3119 omnium
2937 3066 3196 3121 Dominus
3248 3066 3481 3134 dixerit,

1888 3154 2011 3209 Non
2048 3148 2221 3224 quaero
2266 3156 2574 3209 voluntatem
2607 3171 2791 3221 nteant,
2820 3154 2911 3209 sed
2950 3157 3060 3226 ejus
3087 3156 3175 3227 qui
3204 3157 3339 3212 misit
3383 3174 3481 3223 me,

1886 3260 1950 3301 ac
1967 3247 2013 3302 si
2034 3247 2135 3301 alia
2160 3247 2251 3300 sit.
2269 3246 2408 3313 Quid
2428 3260 2560 3316 ergo
2578 3246 2681 3301 sibi
2704 3248 2811 3301 vult
2827 3247 2851 3298 τ
2867 3247 3026 3315 Quasi
3044 3247 3209 3304 homo
3226 3248 3481 3319 loquitur,

1885 3346 1941 3390 et
1964 3336 2255 3391 secundum
2285 3336 2593 3390 auditorum
2620 3336 2952 3405 opinionem.
2975 3337 3107 3393 Cum
3138 3338 3283 3393 enim
3321 3353 3485 3409 supe-

1887 3428 1997 3481 rius
2026 3427 2128 3481 alia
2158 3436 2215 3481 ut
2242 3426 2402 3490 Deus,
2432 3426 2536 3481 alia
2567 3436 2623 3480 ut
2650 3425 2813 3480 homo
2832 3426 3032 3482 dixisse
3060 3428 3481 3492 demonstretur,

1885 3533 2071 3574 rursus
2117 3526 2177 3572 ut
2228 3518 2390 3572 homo
2431 3517 2545 3571 haec
2573 3515 2775 3587 profert
2816 3525 2870 3571 et
2894 3516 2989 3582 ait,
3016 3516 3282 3572 Iudicium
3320 3535 3487 3573 meum

1876 3613 2077 3682 justum
2122 3620 2212 3665 est.
2243 3610 2310 3665 Et
2337 3610 2479 3664 unde
2508 3609 2610 3663 hoc
2638 3609 2847 3678 liquet?
2877 3608 3013 3675 Quia
3046 3624 3148 3662 non
3193 3625 3365 3679 qurere
3394 3626 3484 3665 vo-

1887 3704 2135 3757 luntatem
2158 3717 2323 3756 meam
2341 3741 2356 3767 ,
2384 3701 2474 3755 sed
2499 3701 2808 3754 uoluntatem
2846 3700 2958 3768 ejus
2986 3698 3070 3768 qui
3100 3699 3236 3753 misit
3266 3715 3363 3754 me.
3393 3700 3484 3755 Si-

1887 3803 1979 3850 cut
2002 3794 2149 3850 enim
2183 3795 2364 3857 homo,
2395 3792 2487 3862 qui
2512 3793 2579 3846 ab
2615 3790 2808 3846 affectu
2838 3789 2973 3844 liber
3001 3796 3119 3855 est,
3159 3806 3268 3845 non
3299 3799 3480 3861 potest

1880 3885 2028 3957 juste
2054 3884 2295 3940 accusari
2337 3882 2481 3954 quod
2529 3892 2725 3952 pra-ter
2752 3881 2830 3937 fas
2863 3880 3184 3951 iudicaverit
3215 3898 3234 3936 :
3262 3883 3343 3938 sic
3387 3898 3490 3939 nec

1886 3992 1973 4033 me
1992 3977 2105 4047 jant
2134 3976 2376 4046 peteritis
2399 3974 2821 4044 reprehendere.
2844 3973 2978 4029 Nam
2999 3973 3091 4045 qui
3116 3975 3231 4029 vult
3254 3989 3348 4029 sua
3376 3984 3485 4030 sta-

1884 4067 2073 4135 bilire,
2099 4066 2220 4137 jure
2245 4064 2494 4121 fortassis
2522 4066 2576 4121 in
2601 4065 2963 4134 suspicionem
2990 4065 3188 4127 veniat.
3214 4066 3355 4137 quod
3386 4068 3486 4122 liae
3544 4120 3549 4121 ,

1885 4159 1954 4213 de
1980 4173 2139 4212 causa
2166 4158 2429 4227 justitiam
2484 4155 2936 4227 pessumdederit.
2970 4157 3071 4225 Qui
3094 4173 3227 4213 vero
3252 4174 3345 4214 sua
3378 4175 3484 4214 non

1886 4250 2119 4319 respicit,
2153 4264 2257 4319 qua
2279 4249 2346 4303 de
2374 4263 2537 4302 causa
2569 4262 2677 4303 non
2703 4248 2851 4317 juste
2876 4248 3141 4303 calculum
3167 4249 3342 4304 ferat?
3373 4249 3487 4306 lloc

1886 4342 2064 4409 itaque
2090 4339 2371 4394 ratiocinio
2395 4354 2517 4408 quae
2541 4338 2608 4392 ad
2639 4352 2726 4393 me
2751 4346 2998 4407 spectant
3020 4338 3322 4407 explorate.
3349 4338 3483 4409 Nam

1885 4433 1931 4486 si
1956 4433 2191 4487 dicerem
2220 4444 2306 4485 me
2336 4444 2441 4483 non
2471 4444 2500 4481 a
2530 4428 2688 4483 Patre
2716 4429 2939 4483 missum
2965 4443 3091 4484 esse
3111 4470 3125 4493 ,
3173 4443 3275 4484 nec
3303 4408 3485 4499 gesto-

1885 4539 2004 4579 rum
2046 4524 2267 4592 gloriam
2315 4520 2383 4575 ad
2413 4520 2561 4574 illum
2611 4519 2907 4583 referrem,
2969 4529 3208 4575 vestrum
3255 4520 3486 4578 fortasse

1886 4620 2150 4690 quispiam
2177 4619 2560 4687 suspicaretur,
2591 4631 2679 4672 me
2700 4616 3089 4687 jactabundum
3118 4631 3245 4673 vera
3270 4632 3376 4672 non
3397 4617 3482 4672 di-

1886 4726 2010 4765 cere
2042 4728 2055 4764 :
2083 4710 2129 4765 si
2175 4718 2355 4764 autem
2406 4708 2561 4763 alteri
2591 4716 2648 4762 et
2677 4722 2794 4778 qua:
2824 4707 2961 4763 facta
2991 4717 3115 4762 sunt
3145 4707 3343 4775 refero,
3387 4725 3485 4764 cur

1886 4802 2026 4857 dicta
2056 4802 2143 4857 illa
2189 4811 2437 4871 suspecta
2488 4800 2771 4856 habeatis?
2798 4799 2988 4855 Viden‘
3023 4815 3132 4871 quo
3174 4815 3483 4856 sermonem

1885 4894 2200 4959 deduxerit,
2242 4902 2297 4948 et
2324 4894 2463 4949 unde
2484 4893 2744 4963 judicium
2775 4910 2934 4949 suum
2956 4894 3159 4963 justum
3187 4910 3310 4950 esse
3337 4910 3484 4950 asse-

1887 4986 2012 5040 rat?
2040 4984 2194 5041 Unde
2222 4984 2471 5041 videlicet
2496 4985 2670 5055 quivis
2696 5000 2727 5040 e
2748 4985 2907 5055 vulgo
2932 4984 3297 5040 defensionem
3325 5001 3483 5055 para-

1888 5087 1991 5132 ret.
2014 5076 2203 5132 V'idcn'
2230 5076 2371 5146 quod
2401 5091 2547 5146 saepe
2574 5076 2719 5143 dixi,
2748 5076 3021 5146 quomodo
3061 5078 3207 5133 clare
3236 5078 3481 5147 resplen-

1890 5167 2053 5222 deat?
2108 5167 2246 5235 Quid
2327 5166 2456 5221 illud
2512 5176 2596 5223 est
2661 5167 2807 5237 quod
2860 5168 3011 5223 dixi?
3073 5168 3223 5224 Illam
3276 5177 3481 5225 tantam

1888 5258 2173 5313 verborum
2220 5258 2579 5314 humilitatem
2621 5273 2767 5313 sana:
2797 5261 2994 5315 mentis
3020 5258 3330 5315 hominibus
3356 5276 3482 5317 sua-

1890 5348 2040 5413 dere,
2074 5365 2140 5404 ne
2157 5347 2298 5403 dicta
2324 5352 2505 5405 statim
2524 5349 2590 5404 ad
2616 5349 2800 5404 inﬁma
2827 5349 3151 5421 deprimant,
3180 5350 3275 5405 sed
3308 5353 3483 5421 potius

1893 5441 1943 5495 iii
1977 5440 2342 5495 sublimiorem
2386 5455 2602 5495 sensum
2636 5438 2875 5505 ducant;
2908 5441 3018 5495 imo
3046 5440 3135 5511 qui
3176 5440 3287 5511 jam
3335 5440 3479 5495 humi

1891 5543 2117 5603 repunt.
2149 5533 2273 5588 hinc
2304 5534 2557 5604 paulatim
2588 5532 2657 5587 ad
2683 5532 2873 5587 altiora
2906 5531 3065 5588 facile
3088 5532 3476 5603 proveliuntur.

1966 5628 2178 5682 Muralis
2208 5627 2491 5682 exhortatio
2511 5627 2578 5679 ad
2601 5626 2873 5697 prudentia
2900 5625 3053 5679 simul
3079 5633 3123 5678 et
3149 5624 3480 5693 simplicitate

1892 5724 2151 5777 utendum.
2177 5723 2391 5789 Quando
2408 5720 2521 5776 aliis
2533 5730 2741 5791 peccata
2754 5736 2853 5775 non
2870 5712 3341 5785 dimittintusmobis
3358 5710 3488 5779 ipsis
