4164 6324
740 349 846 404 ﬂ?

735 480 837 517 mm
854 459 1169 514 dimittimus.
1199 451 1508 508 Caudenatio
1533 445 1836 518 injuriarum
1857 482 1873 507 ,
1904 439 2145 497 Charitas,
2177 434 2307 487 elec-

736 565 1042 622 mosynaque
1069 543 1498 600 commendantur.
1523 566 1594 581 --
1619 536 1744 591 llaec
1779 532 1954 588 omnia
1979 527 2270 596 cogitantes
2293 563 2307 586 ,

733 615 935 712 qnazso,
959 615 1035 692 Ine
1060 637 1198 691 dicta
1224 641 1717 704 prretereurramus,
1745 623 1839 679 sed
1862 629 2109 676 accurate
2127 615 2305 671 omnia

737 706 1071 800 exploremus
1092 769 1107 793 ,
1136 733 1190 781 et
1211 737 1428 780 causam
1454 720 1531 774 sic
1559 714 1804 786 loquendi
1832 712 2026 782 ubique
2055 706 2308 763 conside-

737 799 915 877 remus
945 837 959 872 :
989 832 1160 887 neque
1203 822 1448 884 putemus
1485 819 1568 864 sat
1612 805 1764 862 nobis
1809 804 1876 858 ad
1914 799 2310 857 excusationem

734 928 854 969 esse
886 909 1240 982 ignorantiam
1281 916 1334 961 et
1361 902 1772 972 simplicitatem.
1804 896 1985 966 Neque
2008 893 2149 950 enim
2183 890 2311 944 sim-

738 980 1124 1072 plicestantum
1149 999 1305 1068 jussit
1325 1009 1464 1060 esse,
1488 991 1580 1047 sed
1602 991 1762 1045 etiam
1791 987 2076 1058 prudentes
2097 980 2309 1055 (Matth.

743 1098 824 1152 to.
857 1095 922 1151 16
943 1095 982 1164 ).
1011 1091 1230 1147 Utamur
1253 1103 1380 1157 ergo
1409 1085 1770 1155 simplicitate,
1803 1081 1896 1136 sed
1927 1094 2050 1134 cum
2077 1072 2311 1144 pruden-

738 1189 826 1250 tia,
864 1196 966 1239 tam
989 1185 1043 1238 in
1063 1181 1326 1246 doctrina,
1352 1193 1506 1249 quam
1534 1177 1588 1231 in
1613 1175 1864 1244 operibus
1889 1190 1904 1237 ;
1934 1180 1987 1226 et
2008 1169 2160 1224 nobis
2183 1168 2317 1238 ipsis

732 1281 822 1348 jus
847 1263 1104 1338 dicamus,
1135 1283 1191 1328 ut
1214 1288 1317 1326 non
1347 1279 1469 1325 tunc
1490 1284 1611 1324 cum
1638 1267 1740 1322 boc
1762 1265 1958 1320 mundo
1976 1263 2312 1318 damnentur.

737 1369 895 1423 Tales
927 1381 1027 1420 nos
1064 1379 1189 1434 erga
1217 1376 1404 1418 servos
1428 1369 1638 1415 nostros
1684 1356 2034 1412 exhibeamus
2057 1394 2072 1418 ,
2101 1350 2310 1422 qualem

736 1461 986 1514 volumus
1011 1471 1135 1527 erga
1177 1469 1274 1509 nos
1309 1467 1429 1508 esse
1458 1450 1737 1506 Dominum
1770 1456 2031 1502 nostrum.
2065 1441 2272 1496 Dimitte
2294 1480 2311 1504 ,

743 1551 932 1620 inquit,
963 1548 1104 1603 nobis
1128 1546 1293 1601 debita
1317 1553 1509 1608 nostra,
1537 1543 1664 1594 sicut
1707 1549 1758 1593 et
1794 1554 1883 1592 nos
1908 1535 2200 1591 dimittimus
2227 1533 2314 1586 de-

741 1644 978 1697 bitoribus
1003 1640 1184 1694 nostris
1212 1637 1423 1707 (Matth.
1449 1636 1499 1690 6.
1535 1634 1602 1689 19
1621 1631 1665 1704 ).
1689 1631 1812 1687 Scio
1839 1629 2051 1700 quidem
2080 1627 2312 1681 animam

741 1734 959 1802 injurias
985 1745 1091 1785 non
1118 1743 1270 1799 sequo
1289 1728 1466 1781 animo
1495 1725 1634 1779 ferre
1658 1741 1674 1786 ς
1706 1722 1802 1776 sed
1826 1721 1870 1775 si
1895 1720 2187 1788 cogitemus
2216 1730 2317 1771 nos

741 1839 844 1878 non
876 1821 1084 1877 lzedenti
1110 1862 1124 1887 ,
1156 1818 1249 1875 sed
1289 1816 1440 1872 nobis
1467 1815 1594 1884 ipsis
1638 1814 1708 1867 ita
1743 1811 2018 1866 consulere
2042 1850 2057 1876 ,
2085 1808 2194 1863 cito
2222 1808 2315 1861 irae

744 1931 1003 1972 venenum
1025 1914 1355 1984 abjiciemus.
1387 1909 1518 1964 Nam
1546 1908 1634 1978 qui
1659 1915 1872 1961 centum
1899 1902 2147 1959 denarios
2168 1899 2315 1954 debi-

742 2008 844 2061 tori
871 2021 975 2061 non
1006 2002 1209 2060 remisit
1234 2043 1250 2068 ,
1289 2016 1394 2056 non
1424 2012 1737 2054 conservum
1763 1997 1898 2051 lmsit
1919 2038 1934 2062 ,
1962 1993 2056 2049 sed
2082 1993 2314 2060 scipsum

747 2107 963 2154 centum
994 2096 1221 2152 millium
1252 2095 1569 2148 talentorum
1593 2132 1609 2156 ,
1637 2104 1754 2157 qua:
1792 2087 1890 2142 sibi
1923 2086 2072 2155 prius
2094 2083 2315 2137 remissa

742 2190 950 2244 fuerant
975 2229 989 2253 ,
1021 2187 1318 2242 debitorem
1357 2181 1607 2238 reddidit.
1635 2180 1767 2235 Cum
1797 2191 1927 2247 ergo
1950 2176 2075 2231 aliis
2093 2190 2196 2229 non
2237 2173 2316 2227 di-

741 2281 1025 2346 mittimus,
1053 2277 1206 2333 nobis
1233 2291 1337 2332 non
1359 2274 1698 2330 dimittimus.
1718 2270 1797 2326 Ne
1818 2283 1947 2340 ergo
1975 2275 2176 2322 tantum
2208 2265 2320 2318 Deo

748 2373 990 2428 dicamus
1015 2415 1027 2435 ,
1058 2371 1134 2425 Ne
1164 2367 1470 2424 memineris
1514 2373 1730 2435 peccata
1775 2370 1988 2423 nostra;
2033 2357 2129 2413 sed
2155 2357 2316 2412 etiam

745 2464 899 2519 nobis
939 2463 1072 2532 ipsis
1118 2461 1307 2529 singuli
1338 2459 1580 2513 dicamus
1603 2498 1617 2520 ,
1648 2454 1724 2509 Ne
1765 2452 2162 2509 meminerimus
2190 2463 2320 2503 con-

742 2567 1016 2609 servorum
1050 2560 1285 2621 peccata.
1311 2548 1441 2602 Nam
1474 2557 1529 2600 tu
1560 2547 1705 2614 prior
1732 2544 1784 2598 in
1816 2553 1867 2598 te
1888 2541 2145 2611 justitiam
2166 2553 2319 2594 exer-

742 2658 833 2700 ces
856 2683 875 2709 ,
903 2644 1026 2696 hinc
1052 2642 1293 2710 sequitur
1334 2638 1492 2692 Deus.
1527 2636 1609 2690 Tu
1653 2635 1822 2704 legem
1851 2630 2043 2688 scribis
2069 2630 2138 2685 de
2166 2629 2318 2684 venia

745 2745 803 2791 ct
828 2749 1006 2805 poena,
1032 2743 1084 2788 et
1112 2733 1177 2787 de
1204 2733 1291 2785 his
1316 2729 1422 2786 fers
1451 2728 1788 2784 sententiam.
1812 2725 1951 2795 Ergo
1977 2739 2138 2794 penes
2165 2731 2217 2777 te
2237 2731 2320 2777 est

750 2837 807 2881 ut
855 2826 998 2879 Deus
1021 2832 1356 2893 peccatorum
1406 2830 1612 2874 tuorum
1647 2817 1730 2872 vel
1759 2814 2068 2871 recordetur
2093 2814 2174 2867 vel
2212 2828 2318 2868 non

745 2915 1071 2973 recordetur.
1106 2913 1226 2967 ideo
1255 2911 1446 2966 Paulus
1471 2909 1740 2964 dimittere
1763 2906 1934 2976 jubet,
1966 2905 2011 2959 si
2033 2905 2152 2974 quis
2177 2904 2323 2972 quid-

748 3011 885 3079 piam
923 3007 1176 3062 adversus
1217 3005 1378 3058 alium
1426 3001 1619 3056 habeat
1641 3039 1657 3064 ,
1688 3013 1789 3053 nec
1818 2995 1978 3050 modo
2014 2995 2279 3049 dimittere
2303 3033 2319 3059 ,

746 3099 842 3154 sed
875 3099 945 3152 ita
975 3107 1030 3151 ut
1060 3110 1161 3150 nec
1191 3093 1429 3164 reliquis:
1457 3096 1706 3145 maneant
1737 3085 1961 3158 (Colon.
1999 3086 2051 3141 3.
2081 3083 2206 3152 i5).
2236 3083 2320 3138 Si-

746 3187 960 3259 quidem
987 3185 1232 3240 Christus
1259 3196 1361 3236 non
1385 3179 1542 3235 modo
1568 3187 1781 3248 peccata
1808 3183 1988 3230 nostra
2012 3174 2064 3229 in
2087 3173 2320 3228 medium

746 3292 851 3332 non
873 3276 1080 3340 attulit;
1103 3274 1194 3329 sed
1221 3286 1392 3342 neque
1414 3283 1512 3325 nos
1535 3269 1838 3338 peccavisse
1861 3265 2319 3330 commemoravit,

746 3384 918 3440 neque
942 3367 1092 3431 dixit,
1124 3366 1236 3420 llac
1262 3374 1315 3419 et
1338 3363 1437 3418 bac
1456 3362 1511 3417 in
1540 3377 1599 3416 re
1629 3356 2012 3430 peccasti;st
2042 3355 2241 3411 dimisit
2269 3364 2320 3411 et

747 3460 942 3518 delevit
988 3455 1441 3525 chirographum,
1495 3466 1594 3507 nec
1643 3459 1856 3522 peccata
1911 3447 2214 3513 recensuit,
2266 3455 2323 3499 ut

750 3552 943 3609 Paulus
985 3547 1268 3619 signiﬁcat.
1322 3545 1434 3601 Hoc
1479 3552 1532 3599 et
1579 3556 1677 3595 nos
1721 3539 2017 3594 faciamus:
2048 3537 2225 3592 omnia
2254 3550 2322 3590 ex

748 3653 926 3701 mente
967 3643 1240 3702 deleamus
1272 3637 1451 3711 (Ibid.
1483 3636 1537 3690 2.
1582 3632 1706 3706 14).
1739 3633 1797 3688 Si
1840 3632 1967 3703 quid
1996 3631 2120 3686 boni
2167 3629 2233 3684 ab
2259 3641 2326 3682 eo

746 3740 834 3809 qui
864 3752 961 3792 nos
986 3735 1118 3790 laesit
1147 3732 1436 3790 admissum
1464 3727 1643 3794 fuerit,
1665 3725 1766 3780 hoc
1782 3725 1953 3780 solum
1982 3731 2318 3793 reputemus;

745 3831 789 3886 si
830 3829 1111 3883 molestum
1140 3835 1192 3880 et
1234 3824 1476 3889 odiosum
1506 3819 1813 3890 quidpiam,
1845 3815 2120 3886 ejiciamus
2147 3821 2200 3868 et
2224 3811 2322 3866 dc-

747 3922 951 3978 leamns
976 3961 988 3985 ,
1031 3928 1089 3974 ut
1117 3932 1184 3973 ne
1212 3915 1491 3985 vestigium
1523 3911 1736 3983 quidem
1767 3915 2058 3964 remaneat.
2097 3903 2246 3971 Quod
2277 3901 2323 3960 si

749 4014 879 4069 nihil
908 4012 1030 4066 boni
1061 4025 1185 4080 erga
1217 4023 1315 4062 nos
1345 4006 1534 4075 egerit,
1567 4012 1712 4057 tanto
1743 4001 1913 4070 major
1939 3998 2093 4053 nobis
2120 3995 2323 4051 condo-

747 4103 994 4160 nantibus
1024 4115 1229 4156 meroes
1269 4107 1319 4152 et
1347 4097 1461 4151 laus
1487 4094 1610 4150 erit.
1639 4093 1739 4147 Alii
1768 4091 1956 4161 vigiliis
1976 4099 2032 4144 et
2058 4087 2203 4142 humi
2233 4102 2325 4140 cu-

750 4194 948 4258 bando,
977 4192 1225 4260 milleque
1252 4184 1699 4242 maceratiunibus
1723 4190 1938 4251 peccata
1963 4180 2200 4248 expiant;
2230 4175 2325 4231 tibi

749 4284 985 4339 faciliore
1014 4283 1120 4347 via,
1145 4279 1459 4348 injuriarum
1485 4289 1679 4341 nempe
1707 4272 1975 4327 oblivione
1996 4271 2122 4323 licet
2143 4268 2324 4321 omnia

750 4375 1056 4441 abstergere
1086 4369 1311 4425 scelera.
1343 4366 1451 4421 Cur
1476 4373 1660 4420 contra
1690 4371 1745 4417 te
1771 4360 1999 4431 gladium
2030 4369 2085 4413 ut
2113 4362 2326 4412 insanus

751 4474 805 4518 et
830 4462 1008 4517 [urens
1038 4459 1310 4521 admoves,
1346 4467 1504 4532 teque
1538 4469 1568 4508 a
1597 4453 1769 4507 futura
1801 4452 1904 4505 vita
1929 4449 2172 4519 expellis,
2205 4465 2325 4502 cum

752 4553 882 4608 nihil
907 4567 1012 4606 non
1039 4550 1214 4605 facere
1236 4555 1524 4617 Oporteret,
1553 4553 1608 4598 ut
1631 4545 1773 4598 illam
1796 4540 2175 4609 consequaris?
2195 4539 2325 4593 Nam

749 4645 794 4697 si
825 4657 1059 4714 praesens
1085 4639 1191 4693 vita
1214 4640 1286 4692 ita
1313 4635 1687 4692 desiderabilis
1719 4644 1802 4688 est
1826 4675 1841 4699 ,
1869 4632 1995 4702 quid
2021 4631 2089 4685 de
2115 4631 2202 4685 illa
2248 4631 2328 4685 di-

751 4736 896 4789 xeris
918 4773 935 4801 ,
968 4733 1109 4788 unde
1138 4730 1339 4799 aufugit
1368 4729 1542 4783 omnis
1567 4725 1721 4799 dolor
1746 4766 1761 4791 ,
1793 4739 1990 4779 mceror
2012 4764 2028 4788 ,
2059 4723 2287 4792 gemitus
2309 4765 2323 4788 ,

755 4827 840 4880 ubi
879 4838 980 4878 nec
1009 4822 1194 4879 mortis
1222 4820 1383 4875 timor
1406 4858 1421 4884 ,
1469 4831 1567 4872 nec
1596 4816 1734 4870 ullus
1763 4816 2020 4870 bonorum
2054 4813 2172 4868 finis
2218 4829 2331 4868 me-

756 4917 1020 4974 tuendus?
1045 4915 1214 4981 Beati,
1240 4923 1320 4967 ter
1349 4911 1646 4980 stt-piusque
1671 4909 1829 4972 beati,
1859 4907 1942 4976 qui
1971 4907 2056 4962 illa
2086 4905 2330 4960 fruuntur

761 5020 925 5074 sorte,
957 5016 1013 5062 ut
1044 5005 1225 5061 miseri
1254 5013 1438 5073 terque
1461 5011 1514 5056 ct
1539 5001 1733 5070 sa-pius
1759 4999 1957 5064 miseri,
1987 4999 2074 5067 qui
2098 4999 2183 5051 illa
2210 5014 2330 5053 sese

760 5101 967 5167 privaut
1020 5094 1369 5151 beatitudine.
1404 5090 1608 5161 Ecquid
1636 5132 1651 5158 ,
1701 5089 1909 5160 inquies
1933 5130 1948 5154 ,
1997 5090 2144 5144 illam
2175 5090 2328 5144 nobis

757 5192 916 5243 vitam
945 5187 1209 5257 acquirit?
1240 5184 1374 5240 Audi
1404 5184 1576 5252 ipsum
1605 5181 1836 5250 jndicem
1859 5182 2183 5236 adolescenti
2210 5183 2322 5237 cui-

1813 5269 2196 5282 —.———.—.

760 5277 1143 5291 ,νη-...ἐ

761 5467 843 5523 ⁵51.
888 5465 948 5519 Si
985 5479 1075 5534 ego
1114 5459 1444 5515 testimonium
1487 5457 1718 5528 perhibeo
1759 5457 1822 5510 de
1856 5455 2074 5525 nteipso,
2109 5458 2330 5511 testimo-

830 5558 968 5610 nium
1022 5569 1182 5606 meum
1237 5567 1337 5605 non
1390 5559 1461 5603 cst
1522 5563 1706 5604 rerum.
1761 5546 1848 5602 52.
1917 5548 2057 5600 Alius
2123 5558 2193 5600 est
2247 5550 2330 5611 qui

829 5645 1159 5699 testimonium
1203 5641 1422 5711 per/libet
1451 5641 1510 5696 tie
1541 5656 1615 5695 me
1638 5683 1651 5707 ,
1686 5649 1730 5696 ct
1769 5641 1870 5695 scio
1899 5640 2013 5710 quia
2045 5656 2212 5693 evrum
2261 5652 2330 5694 cst

836 5736 1166 5795 “alimonium
1192 5734 1320 5804 (jus.

1463 335 1522 390 S.
1561 326 1836 388 JOANNIS
1871 317 2346 380 CHIHSOSTOMI
2386 315 2700 372 ARCIIIEP.
2741 312 3266 370 CONSTANTINOP.

3896 305 4007 361 2'38

2424 432 2564 500 piam
2612 429 2711 485 hac
2748 429 2815 483 de
2846 445 2905 484 re
2951 429 3275 498 loquentem.
3313 427 3431 496 Ipso
3471 441 3701 495 namque
3734 435 3960 494 rogante
3986 466 4003 483 .

2425 521 2561 587 Quid
2581 521 2810 587 faciendo
2828 522 2978 573 vitam
2999 532 3236 574 teternam
3261 519 3521 588 passidebo
3540 517 3753 589 (Matth.
3779 518 3864 572 l9.
3887 515 4010 586 ιδῃ

2421 613 2629 666 caeteris
2676 610 2964 680 prmmissis
3012 609 3256 665 Christus
3283 609 3606 680 praeceptis,
3663 609 3716 662 in
3759 621 4006 662 amorem

2421 703 2653 774 proximi
2695 701 2872 757 desiit.
2901 702 2972 757 At
2999 702 3224 757 fortasse
3263 700 3564 756 auditorum
3593 698 3859 770 quispiam
3887 741 3901 764 ,
3948 709 4009 752 nt

2417 792 2567 847 dives
2593 791 2682 846 ille
2707 833 2722 857 ,
2759 791 2955 846 dixerit
2984 831 3000 857 ,
3034 791 3159 846 llaec
3195 805 3294 845 nos
3319 789 3682 854 servavimus;
3711 805 3815 844 non
3844 786 4010 842 furati

2418 899 2636 947 sumus,
2667 899 2772 939 non
2803 884 3118 950 occidimus,
3147 899 3255 938 non
3283 882 3534 939 mmchati
3562 897 3769 937 sumus.
3804 881 4008 936 Verum

2418 978 2520 1034 hoc
2543 978 2722 1033 dicere
2747 993 2851 1031 non
2885 977 3104 1047 poteris,
3134 987 3183 1031 te
3209 976 3508 1045 proximum
3539 982 3596 1028 ut
3620 974 3905 1044 oportebat
3929 973 4012 1028 di-

2417 1072 2635 1127 lexisse.
2668 1070 2798 1125 Nam
2826 1072 2911 1125 vel
2944 1070 3152 1124 invidus
3183 1068 3351 1135 fuisti,
3385 1067 3474 1123 vel
3513 1067 3799 1124 maledicta
3829 1075 4012 1136 protu-

2418 1163 2548 1229 iisti,
2582 1163 2662 1217 vel
2695 1161 2821 1216 laeso
2846 1176 3004 1230 opem
3034 1176 3140 1215 non
3167 1160 3357 1225 tulisti,
3382 1159 3466 1214 vel
3487 1159 3554 1215 de
3580 1160 3735 1215 bonis
3766 1173 3874 1213 non
3899 1159 4010 1212 lar-

2419 1254 2560 1322 gitus
2589 1267 2683 1319 es,
2715 1266 2819 1306 non
2848 1251 3105 1307 dilexisti.
3139 1251 3337 1307 Verum
3371 1265 3477 1305 non
3520 1250 3622 1306 hoc
3648 1250 3823 1305 solum
3847 1250 4012 1319 jussit

2416 1343 2686 1410 Christus,
2712 1344 2805 1398 sed
2832 1353 2888 1399 et
2911 1343 3075 1398 aliud.
3103 1342 3240 1411 Quid
3269 1341 3442 1396 illud?
3479 1339 3650 1395 Vende
3682 1341 3856 1394 omnia
3895 1357 4018 1409 qui:

2418 1439 2568 1491 [tabes
2587 1478 2600 1502 ,
2640 1446 2688 1490 et
2717 1437 2782 1489 da
2821 1435 3125 1506 pauperibus
3144 1476 3159 1502 ,
3200 1444 3246 1489 et
3286 1438 3397 1489 rem'
3413 1476 3426 1498 ,
3455 1449 3657 1502 sequere
3683 1448 3759 1485 me
3789 1431 4012 1500 (Matth.

2419 1527 2509 1583 {9.
2542 1527 2602 1581 2f
2633 1526 2677 1599 ).
2707 1527 2868 1594 Sequi
2889 1526 3184 1589 Christum,
3219 1525 3414 1579 imitari
3435 1523 3707 1578 Christum
3733 1521 3821 1576 hic
3845 1521 4016 1591 signi-

2421 1620 2561 1674 ficat.
2582 1619 2719 1686 Quid
2740 1617 2864 1673 hinc
2890 1617 3181 1673 discimus?
3203 1615 3402 1682 Primo,
3429 1629 3550 1672 eum
3573 1615 3663 1684 qui
3691 1613 3806 1668 h:nc
3826 1613 4014 1668 omnia

2420 1726 2525 1766 non
2557 1711 2750 1775 habet,
2779 1721 2981 1764 sortem
3008 1710 3154 1763 illam
3184 1724 3288 1762 non
3321 1722 3480 1778 posse
3505 1721 3626 1761 cum
3660 1707 3850 1775 primis
3879 1720 4016 1760 con-

2419 1801 2587 1870 sequi.
2621 1800 2753 1857 Cum
2783 1800 3009 1854 dixisset
3038 1799 3181 1854 enim
3210 1798 3320 1864 ille,
3354 1797 3540 1852 Omnia
3571 1795 3704 1863 feci,
3733 1811 3797 1849 ac
3823 1796 3869 1851 si
3899 1810 4018 1849 ma-

2419 1908 2578 1964 gnum
2609 1892 2880 1963 quidpiam
2911 1890 3123 1947 deesset
3151 1890 3216 1945 ad
3242 1890 3618 1960 perfectionem
3641 1930 3655 1954 ,
3686 1891 3762 1943 ait
3792 1907 3806 1942 :
3843 1889 3912 1944 Si
3938 1892 4016 1943 eis

2420 1988 2672 2056 perfectus
2691 1999 2816 2050 esse,
2838 1982 2991 2037 vende
3011 1983 3180 2036 omnia
3199 1997 3312 2050 qua:
3333 1979 3501 2044 habes,
3525 1990 3570 2034 et
3591 1980 3657 2032 da
3680 1979 4018 2049 pauperibus,

2418 2085 2468 2130 et
2492 2076 2620 2140 veni,
2642 2091 2845 2144 sequere
2874 2090 2972 2128 me.
3005 2074 3118 2128 Hoc
3149 2074 3326 2142 itaque
3353 2072 3523 2142 primo
3549 2071 3865 2126 discendum
3894 2083 4015 2137 est;

2419 2168 2678 2235 secundo,
2711 2169 2853 2238 quod
2886 2169 3034 2222 illum
3063 2167 3258 2222 frustra
3286 2166 3651 2221 venditantem
3677 2180 3735 2220 se
3761 2180 4019 2234 coargue

2420 2260 2508 2314 rit.
2542 2260 2642 2327 Qui
2675 2261 2816 2314 enim
2846 2259 2899 2314 in
2925 2269 3067 2313 tanta
3091 2258 3246 2328 copia
3279 2272 3459 2312 rerum
3487 2265 3625 2322 erat,
3658 2266 3713 2311 et
3741 2271 4026 2326 pauperes

2420 2353 2834 2420 contemnebat,
2884 2368 2990 2422 quo
3024 2361 3182 2421 pacto
3225 2351 3525 2419 proximum
3557 2348 3851 2403 dilexerit?
3895 2347 4025 2402 Non

2421 2459 2546 2499 vera
2576 2459 2706 2514 ergo
2741 2445 2968 2498 dicebat.
3016 2446 3084 2497 At
3111 2457 3210 2496 nos
3239 2453 3291 2495 et
3320 2441 3423 2495 hoe
3460 2456 3516 2495 e.
3557 2439 3683 2495 illud
3713 2439 3984 2494 faciamus
4003 2479 4024 2505 ,

2423 2538 2705 2606 omniaque
2725 2547 2904 2590 nostra
2926 2536 3206 2603 ddigeuter
3221 2531 3555 2587 cﬂ'nndamus
3576 2541 3632 2585 ut
3651 2532 3846 2585 etaiam
3867 2545 4025 2586 com-

2427 2641 2697 2697 paremus.
2754 2626 2884 2680 Nam
2939 2626 2984 2678 si
3030 2623 3246 2692 quidam
3305 2637 3404 2692 pro
3453 2621 3693 2677 steenlari
3753 2621 4026 2692 dignitate

2427 2718 2607 2771 omnia
2623 2731 2714 2772 sua
2737 2716 2943 2779 eﬂ‘udit;
2969 2715 3245 2784 dignitate,
3265 2715 3499 2784 inquam,
3522 2727 3679 2783 quam
3698 2715 3748 2766 in
3777 2711 3883 2768 ltac
3910 2715 4026 2770 vita

2422 2810 2620 2875 aulum,
2643 2822 2816 2878 neque
2836 2806 3087 2861 diuturno
3111 2814 3352 2872 tempore
3376 2806 3608 2860 retinere
3634 2813 3811 2872 potest
3833 2805 4028 2872 (multi

2424 2916 2652 2971 namque
2681 2899 2769 2954 diu
2795 2906 3078 2968 antequam
3106 2907 3442 2951 morerentur
3469 2894 3843 2965 praefecturam
3877 2898 4029 2949 ami-

2425 3007 2574 3055 sere;
2622 2991 2711 3045 alii
2759 3005 3015 3058 veropro
3066 2987 3155 3042 illa
3209 2988 3316 3041 vita
3354 2988 3514 3042 etiam
3561 2987 3801 3040 mulctati
3849 2996 4026 3050 sunt;

2425 3093 2659 3137 attamen
2687 3083 2810 3137 licet
2831 3081 2933 3136 hoc
2953 3082 3144 3145 sciant,
3173 3079 3350 3133 omnia
3375 3093 3470 3148 pro
3501 3077 3587 3132 illa
3610 3078 3986 3148 profundunt)
4013 3097 4028 3131 :

2425 3175 2470 3229 si
2501 3173 2660 3243 igitur
2687 3188 2781 3242 pro
2805 3170 3106 3239 huiusmodi
3130 3169 3385 3240 dignitate
3409 3178 3484 3223 tot
3505 3177 3755 3238 tantaque
3782 3169 4027 3225 faciunt:

2425 3265 2550 3334 quid
2597 3263 2952 3319 miserabilius
2995 3261 3149 3316 nobis
3181 3260 3379 3324 fuerit,
3413 3257 3503 3330 qui
3551 3274 3646 3328 pro
3684 3259 3772 3313 illa
3800 3273 4033 3329 semper

2427 3365 2676 3410 manente
2696 3394 2711 3418 ,
2745 3370 2862 3424 qua:
2889 3354 3002 3408 tolli
3033 3367 3324 3418 numquam
3353 3360 3558 3420 potest,
3593 3365 3660 3405 ne
3689 3367 3861 3420 pauca
3903 3352 4030 3421 qui-

2424 3445 2546 3500 dem
2579 3443 2966 3514 profundimus,
2990 3458 3160 3511 neque
3181 3457 3242 3496 ea
3265 3456 3547 3511 erogamus
3570 3456 3688 3510 qua:
3717 3441 3881 3509 paulo
3905 3452 4035 3511 post

2428 3537 2515 3591 hic
2542 3534 2790 3592 amissuri
2817 3535 3042 3589 sumus?
3070 3533 3199 3600 Quis
3232 3531 3381 3586 furor
3409 3532 3520 3598 ille,
3552 3547 3670 3601 qua:
3701 3532 3886 3586 invitis
3917 3534 4035 3588 eri-

2427 3630 2639 3700 piantur
2658 3669 2672 3693 ,
2700 3643 2762 3684 ea
2789 3628 2933 3683 nolle
2971 3638 3162 3697 sponte
3190 3625 3322 3680 dare
3360 3634 3415 3681 et
3445 3625 3721 3679 nobiscum
3758 3625 3988 3681 auferre
4012 3627 4040 3680 τ

2430 3722 2485 3778 Si
2516 3722 2636 3792 quis
2667 3735 2763 3775 nos
2788 3721 2852 3776 ad
2885 3729 3111 3777 mortem
3142 3718 3395 3784 duceret,
3428 3718 3624 3772 deinde
3654 3728 3997 3787 proponeret
4018 3761 4035 3786 ,

2428 3829 2556 3867 num
2580 3814 2739 3870 vitam
2772 3812 2924 3866 bonis
2946 3810 3192 3868 omnibus
3214 3809 3484 3865 redimere
3509 3810 3788 3874 vellemus,
3819 3811 4040 3880 gratias

2427 3915 2574 3961 certe
2598 3904 2669 3959 illi
2703 3903 3042 3958 haberemus.
3075 3900 3227 3956 Nunc
3264 3915 3395 3957 vero
3423 3916 3547 3954 cum
3580 3902 3906 3969 prepouitur
3932 3900 4040 3956 dc-

2428 3998 2605 4053 ducus
2663 3995 2730 4051 ad
2781 3996 3129 4066 gehennam,
3195 4003 3252 4049 ut
3310 3994 3650 4049 dimidiarum
3701 3993 4037 4050 fueultatunt

2432 4090 2578 4145 dono
2608 4089 2924 4158 eripiamur,
2953 4087 3224 4141 malumus
3252 4085 3319 4139 ad
3349 4085 3666 4156 supplicium
3695 4083 3844 4150 duci,
3876 4097 3936 4139 et
3965 4102 4032 4141 ea

2431 4182 2624 4236 frustra
2659 4195 2874 4235 servare
2899 4220 2916 4243 ,
2942 4195 3060 4252 qua:
3090 4187 3270 4232 nostra
3301 4192 3409 4231 non
3447 4186 3601 4242 sunt,
3635 4177 3706 4231 ita
3747 4185 3805 4229 ut
3839 4187 4038 4232 nostra

2434 4273 2735 4343 perdamus.
2781 4271 2953 4338 Quam
3004 4268 3404 4324 excusationem
3463 4267 3823 4323 habebimus?
3866 4286 4039 4338 quam

2436 4363 2644 4418 veniam
2693 4361 3058 4428 nierebimur',
3100 4361 3188 4424 si,
3231 4374 3354 4414 cum
3385 4368 3492 4414 tam
3537 4357 3704 4413 faelis
3749 4358 3920 4414 nobis
3952 4361 4042 4418 via

2431 4467 2613 4525 aperta
2641 4456 2745 4518 sit,
2780 4471 2873 4525 per
2901 4453 3188 4524 prmeipitia
3218 4453 3451 4508 feramur
3473 4491 3490 4516 ,
3530 4462 3579 4507 et
3632 4451 4041 4508 infructuosum

2432 4550 2786 4621 suscipiamus
2811 4550 2913 4604 iter
2932 4589 2946 4614 ,
2976 4558 3135 4618 atque
3179 4547 3260 4602 his
3285 4556 3339 4602 et
3366 4547 3478 4604 illis
3499 4547 3748 4603 omnibus
3776 4563 3886 4604 nos
3924 4553 4045 4623 pr:-

2434 4658 2616 4696 vemus
2639 4681 2654 4705 ,
2688 4655 2806 4694 eum
2837 4641 3004 4695 libere
3038 4641 3303 4709 possimus
3331 4639 3413 4694 his
3433 4649 3487 4693 et
3514 4639 3617 4694 illis
3645 4638 3851 4711 perfrui
3873 4642 3899 4694 ’ἴ
3929 4644 4044 4698 Sed

2434 4734 2533 4788 etsi
2564 4749 2668 4786 non
2699 4741 2846 4798 ante,
2877 4734 3064 4786 Saltem
3088 4747 3228 4786 nunc
3257 4731 3322 4784 ad
3352 4745 3451 4785 nos
3477 4731 3778 4795 redeamus,
3811 4741 3872 4789 ct
3905 4749 4044 4794 sana

2436 4833 2616 4879 mente
2649 4825 2938 4891 praesentia
2969 4823 3106 4879 bona
3127 4865 3143 4890 ,
3175 4833 3231 4876 ut
3259 4838 3356 4891 par
3381 4833 3462 4878 est
3485 4863 3500 4882 ,
3532 4822 3958 4892 dispensemns,
3991 4839 4052 4879 ut

2435 4916 2608 4970 futura
2657 4914 2808 4969 facile
2837 4931 3256 4984 consequamur,
3286 4917 3452 4986 gratia
3481 4924 3535 4970 et
3564 4915 3902 4986 benignitate
3939 4920 4050 4973 lin-

2437 5009 2562 5062 mini
2594 5026 2620 5060 ν
2649 5009 2757 5062 istri
2782 5008 2908 5061 .lesu
2934 5007 3157 5073 Christi,
3190 5007 3404 5076 quicum
3429 5007 3572 5061 Patri
3595 5007 3784 5077 gloria,
3814 5023 4051 5082 unaque

2436 5109 2618 5154 Sancto
2645 5099 2887 5169 Spiritui,
2917 5099 2970 5154 in
2996 5103 3193 5153 sieeula
3222 5099 3563 5153 saeculorum.
3597 5101 3794 5153 Anien.

2103 5329 2268 5391 HO)!
2279 5332 2439 5394 lLIA
2478 5335 2610 5396 XL.

2510 5463 2559 5512 1.
2604 5458 2772 5511 Lectio
2800 5458 3186 5526 Scripturarunt
3208 5465 3448 5525 quantam
3471 5454 3818 5510 discretionem
3839 5460 4048 5530 exigat.

2438 5548 2720 5602 Discutitur
2745 5558 3204 5617 commentaturque
3232 5547 3361 5601 illud
3384 5563 3400 5599 :
3426 5545 3482 5601 Si
3510 5547 3885 5604 testimoniqu
3920 5567 4048 5622 pero

2443 5641 2598 5693 hich
2621 5639 2685 5692 de
2711 5641 2935 5707 lllt‘ipot),
2964 5655 3146 5692 verum
3173 5655 3277 5692 non
3302 5638 3540 5693 est.—-Si
3559 5639 3678 5707 quis
3701 5641 4049 5700 nictallicatn

2451 5741 2644 5784 tetram
2670 5730 2850 5785 ludere
2894 5730 3263 5799 aggrediatur,
3294 5746 3412 5785 cum
3447 5729 3512 5784 sit.
3541 5728 3670 5785 artis
3703 5730 4007 5802 imperim:
4031 5779 4047 5801 .
