4164 6324
229 368 326 421 ὶῖῡ

224 501 406 543 aurum
427 501 534 541 non
551 484 774 550 efficiet,
799 485 976 540 omnia
1000 493 1203 538 temere
1224 482 1490 547 miscebit,
1508 480 1716 550 eritque
1736 478 1818 530 la-

228 580 323 633 bor
335 578 446 645 ejus
465 576 694 641 inutilis,
716 577 824 629 imo
839 577 1049 630 noxius.
1070 572 1143 627 lta
1161 573 1249 644 qui
1267 573 1565 627 divinarum
1581 568 1821 639 Scriptu-

227 682 401 722 raruut
427 668 867 736 consequentiam
896 681 1000 720 non
1026 673 1242 731 norunt,
1271 678 1445 733 neque
1466 663 1821 733 proprietates

224 768 277 813 et
307 758 455 827 leges
484 759 602 827 ejus
628 759 947 829 explorant,
978 755 1073 813 sed
1102 756 1419 825 simpliciter
1448 764 1503 810 et
1526 771 1632 810 uno
1660 754 1821 809 modo

225 851 402 905 omnia
429 861 773 920 percurrunt,
796 866 983 903 aurum
1009 864 1130 905 cum
1164 859 1303 903 terra
1328 848 1637 913 miscentes,
1667 862 1823 901 num-

222 956 381 1011 quam
429 942 721 1011 repositum
771 942 823 994 in
869 942 960 996 illa
1003 941 1312 997 thesaurum
1350 940 1647 994 invenient.
1695 938 1823 994 Hzec

222 1047 387 1101 porro
409 1034 692 1096 nuncdixi,
717 1035 837 1103 quia
860 1035 905 1088 is
923 1036 1010 1105 qui
1028 1034 1137 1104 jam
1164 1033 1479 1103 proponitur
1495 1032 1663 1096 locus,
1689 1032 1824 1086 mul-

226 1136 339 1178 tum
369 1127 591 1195 quidem
620 1140 811 1179 aurum
840 1125 1018 1202 habet,
1048 1140 1155 1179 non
1184 1124 1399 1196 quidem
1430 1126 1777 1193 conspicuum
1804 1166 1819 1190 ,

222 1217 317 1270 sed
341 1217 668 1271 obscuritate
690 1218 855 1271 multa
878 1217 1208 1273 obvolutum.
1230 1218 1588 1284 Quamobrem
1613 1226 1825 1286 Oportet

224 1305 480 1364 fodiendo
500 1318 554 1364 et
581 1309 929 1381 expurgando
956 1310 1021 1365 ad
1045 1327 1229 1366 verum
1252 1325 1471 1366 sensum
1497 1312 1820 1380 pertingere.

222 1398 355 1465 Quis
388 1399 532 1452 enim
575 1416 680 1453 non
710 1402 890 1455 statim
917 1401 1161 1456 turbetur
1193 1400 1419 1455 audiens
1446 1400 1718 1455 Christum
1745 1399 1825 1455 di-

224 1498 466 1556 centem,
500 1489 562 1544 Si
586 1508 679 1560 ego
716 1493 1055 1546 testimonium
1082 1493 1319 1563 perhibeo
1346 1492 1408 1545 de
1429 1493 1619 1563 meipso
1638 1534 1655 1558 ,
1687 1493 1823 1546 testi-

224 1582 456 1635 monium
517 1599 683 1637 meum
731 1601 901 1637 verum
942 1601 1044 1639 non
1083 1586 1204 1639 est?
1247 1585 1377 1639 Nam
1406 1601 1549 1654 saepe
1581 1584 1825 1641 videmus

226 1673 373 1726 illum
406 1673 473 1727 de
516 1674 693 1741 seipse
726 1677 1091 1731 testimonium
1123 1677 1439 1746 perhibere;
1471 1678 1823 1733 Samaritana:

223 1764 428 1835 quippe
456 1766 708 1830 dicebat,
742 1765 853 1838 Ego
876 1784 988 1823 sum
1027 1771 1115 1839 qui
1144 1770 1322 1840 loquor
1351 1779 1512 1824 tecum
1538 1772 1555 1840 (
1574 1769 1734 1824 Joan.
1767 1772 1817 1823 4.

223 1855 294 1909 26
320 1856 338 1925 )
364 1873 379 1919 ;
416 1864 471 1911 et
494 1872 642 1912 εαξεο
682 1859 952 1923 similiter,
985 1859 1083 1927 Qui
1115 1861 1339 1931 loquitur
1362 1870 1558 1925 tecum,
1590 1862 1679 1915 ille
1704 1872 1778 1916 est
1804 1878 1824 1925 ,-

222 1957 279 2001 ct
302 1946 523 2002 Judaeos
556 1948 858 2017 increpans,
898 1949 993 2003 Vos
1019 1951 1207 2014 dicitis,
1242 1950 1319 2007 Tu
1339 1952 1681 2022 blasphemas,
1706 1955 1824 2023 quia

223 2037 356 2101 dixi,
388 2036 553 2091 Filius
581 2036 679 2091 Dei
698 2054 807 2092 sum
832 2038 1029 2111 (Joan.
1056 2040 1110 2095 9.
1143 2042 1231 2095 37.
1256 2050 1305 2095 et
1327 2042 1414 2096 10.
1449 2042 1573 2113 36).
1611 2043 1822 2098 Etalihi

223 2142 371 2197 sape
398 2128 670 2183 similiter.
698 2128 753 2184 Si
784 2146 911 2200 ergo
942 2129 1062 2186 haec
1100 2134 1276 2186 omnia
1305 2134 1579 2190 mendacia
1605 2144 1785 2189 essent
1804 2176 1819 2200 ,

224 2236 348 2289 quae
376 2220 534 2274 nobis
575 2228 723 2275 esset
765 2237 892 2291 spes
932 2222 1155 2278 salutis?
1183 2222 1335 2279 Unde
1375 2240 1506 2295 ergo
1544 2210 1823 2281 veritatem

224 2314 603 2381 reperiemus,
650 2327 769 2367 eum
818 2314 932 2383 ipsa
978 2315 1177 2369 veritas
1228 2316 1409 2384 dicat,
1462 2316 1827 2371 Testimonium

227 2419 397 2456 meum
426 2420 596 2457 verum
625 2420 726 2457 non
752 2407 867 2460 est?
893 2405 1076 2475 Neque
1117 2406 1220 2463 hoc
1261 2416 1469 2463 tantum
1497 2408 1825 2464 contrarium

225 2494 463 2561 videtur,
482 2495 573 2549 sed
601 2495 743 2550 aliud
773 2512 987 2567 quoque
1008 2513 1115 2552 non
1142 2500 1346 2563 minus;
1374 2515 1494 2553 nam
1518 2500 1569 2553 in
1592 2514 1826 2568 sequen-

227 2587 373 2640 tibus
398 2587 481 2639 ait
510 2604 524 2639 :
565 2586 632 2639 Et
658 2590 702 2642 si
732 2605 824 2659 ego
851 2592 1195 2644 testimonium
1224 2592 1460 2661 perhibeo
1506 2592 1569 2647 de
1598 2592 1789 2663 nteipso
1810 2634 1824 2659 ,

227 2677 575 2730 testimonium
614 2687 780 2731 meum
822 2696 993 2733 verum
1033 2691 1104 2735 est
1152 2680 1357 2752 (Joan.
1386 2683 1441 2738 8.
1475 2683 1542 2737 14
1566 2684 1607 2753 ).
1640 2682 1826 2739 Utrum

223 2781 358 2836 ergo
390 2766 584 2821 horum
608 2768 902 2839 accipiam?
931 2780 1108 2825 utrum
1138 2772 1328 2828 falsum
1355 2773 1590 2843 putabo?
1615 2774 1750 2829 Nam
1782 2776 1827 2830 si

224 2855 345 2911 haec
366 2856 440 2910 ita
460 2862 853 2927 acceperimus,
874 2862 1017 2917 nulla
1041 2862 1173 2919 facta
1198 2879 1461 2934 personae,
1486 2867 1628 2921 nulla
1650 2882 1828 2924 causa:

225 2957 280 3002 et
323 2956 651 3003 cmterorum
683 2951 941 3006 similium
983 2955 1369 3023 perquisitionc
1397 2996 1411 3022 ,
1440 2966 1667 3027 utraque
1694 2958 1825 3013 falsa

225 3048 407 3092 erunt.
440 3037 494 3094 Si
526 3042 671 3094 enim
704 3043 1068 3098 testimonium
1096 3046 1216 3114 ejus
1245 3061 1429 3102 verum
1457 3064 1561 3101 non
1596 3058 1698 3111 est,
1733 3067 1828 3105 ne-

223 3144 331 3200 que
376 3127 484 3184 hoc
512 3131 683 3199 ipsum
716 3147 900 3187 verum
946 3145 1029 3189 est
1057 3175 1072 3202 ,
1106 3151 1278 3205 neque
1309 3139 1606 3206 posterius,
1654 3154 1827 3209 neque

224 3222 399 3289 prius.
432 3222 568 3288 Quid
596 3238 727 3293 ergo
752 3225 851 3279 sibi
884 3226 1033 3280 vult?
1057 3226 1216 3281 Multa
1246 3228 1399 3282 nobis
1426 3244 1562 3299 Opus
1586 3238 1668 3284 est
1691 3232 1825 3300 vigi-

228 3313 418 3376 lantia,
452 3316 558 3366 imo
586 3316 765 3382 potius
795 3317 889 3371 Dei
912 3318 1106 3387 gratia,
1138 3336 1205 3374 ne
1228 3320 1383 3375 nudis
1410 3323 1587 3377 verbis
1614 3322 1826 3379 insista-

224 3419 368 3458 mus.
400 3404 475 3459 Ita
524 3406 667 3460 enim
702 3406 941 3463 haeretici
989 3422 1171 3465 errant
1194 3452 1210 3477 ,
1243 3412 1369 3467 dum
1398 3430 1571 3484 neque
1602 3430 1824 3484 scopum

222 3494 492 3561 dicentis,
526 3512 699 3565 neque
736 3499 1064 3554 audientium
1096 3502 1346 3557 affectum
1378 3506 1680 3574 explorant.
1712 3506 1824 3562 Nisi

224 3601 355 3657 ergo
388 3586 504 3642 haec
535 3588 849 3656 adjiciamus
874 3632 888 3655 ,
922 3592 1028 3646 imo
1047 3594 1151 3649 alia
1177 3610 1389 3665 quoque
1412 3638 1427 3664 ,
1460 3610 1515 3652 ut
1548 3608 1785 3669 tempora
1807 3642 1822 3667 ,

224 3677 376 3741 loca,
421 3677 728 3733 auditorum
754 3682 1036 3749 animum;
1071 3685 1237 3739 multa
1282 3698 1681 3757 consequentur
1720 3693 1820 3746 ab-

222 3766 409 3820 surda.
441 3767 580 3834 Quid
608 3769 707 3824 sibi
756 3773 868 3827 vult
897 3788 1026 3843 ergo
1054 3773 1105 3828 id
1133 3776 1274 3844 quod
1314 3778 1428 3847 jam
1454 3779 1655 3835 dictum
1697 3783 1826 3837 est?

224 3856 433 3910 Dicturi
481 3866 638 3912 erant
665 3858 873 3915 Judaei:
906 3862 966 3917 Si
1011 3874 1065 3917 tu
1109 3867 1445 3922 testimonium
1489 3871 1718 3941 perhibes
1763 3875 1826 3926 de

225 3950 389 4018 teipse
414 3988 431 4014 ,
462 3951 797 4006 testimonium
848 3964 991 4008 tuum
1038 3974 1140 4011 non
1187 3969 1262 4013 est
1301 3977 1492 4014 verum.
1546 3963 1669 4018 Ideo
1710 3963 1824 4019 haec

222 4049 569 4109 pra-occupat
596 4056 660 4096 ac
672 4043 717 4096 si
740 4043 940 4100 diceret
963 4063 975 4099 :
998 4047 1194 4102 Dicetis
1223 4051 1405 4121 utique
1427 4053 1578 4119 mihi,
1603 4055 1692 4108 tibi
1715 4074 1820 4112 non

221 4129 497 4183 credimus
527 4149 542 4185 :
569 4136 725 4186 nemo
766 4135 906 4189 enim
939 4138 1027 4208 qni
1058 4140 1239 4194 statim
1267 4142 1335 4197 de
1364 4159 1422 4198 se
1457 4146 1821 4205 testimonium

225 4219 540 4284 perhibent,
559 4222 696 4290 apud
718 4222 960 4280 homines
984 4229 1248 4285 credetur.
1273 4232 1401 4287 Illud
1426 4251 1553 4304 ergo
1572 4279 1586 4300 ,
1613 4235 1734 4292 Non
1753 4248 1823 4294 est

221 4325 398 4363 rerum
421 4350 438 4375 ,
486 4327 590 4365 non
620 4322 821 4370 temere
850 4317 1128 4387 legendum
1155 4362 1169 4388 ,
1200 4322 1293 4377 sed
1317 4324 1821 4399 subiutelligendum

222 4408 304 4452 est
337 4402 636 4457 secundum
662 4406 871 4461 illorum
895 4411 1225 4479 opinionem,
1249 4430 1312 4469 ac
1336 4416 1380 4470 si
1407 4418 1630 4485 diceret,
1658 4420 1821 4477 Vobis

224 4505 333 4543 nan
372 4500 457 4545 est
487 4509 694 4548 rerum.
742 4495 857 4553 Non
901 4515 1030 4570 ergo
1054 4513 1239 4559 contra
1284 4508 1596 4577 dignitatem
1626 4526 1777 4567 suam
1802 4554 1817 4579 ,

223 4579 320 4634 sed
349 4592 537 4636 contra
587 4586 796 4641 illorum
826 4591 1134 4659 Opinionem
1181 4596 1261 4650 sic
1290 4597 1546 4667 loquitur.
1580 4604 1659 4657 Ac
1697 4618 1818 4659 cum

222 4672 371 4739 dicit,
404 4673 764 4731 Testimonium
794 4697 959 4737 meum
986 4701 1155 4739 verum
1187 4704 1286 4741 non
1317 4701 1421 4758 est,
1451 4692 1666 4748 illorum
1695 4711 1821 4751 sen-

225 4768 449 4817 tentiam
498 4768 779 4837 coarguit,
821 4787 1032 4828 necnon
1063 4776 1419 4845 objectionem
1446 4823 1463 4848 ,
1512 4800 1670 4852 quam
1717 4787 1816 4856 ipsi

222 4854 457 4909 obL‘ttttri
484 4867 659 4912 erant.
690 4860 824 4915 Cum
856 4879 985 4919 vero
1018 4866 1169 4935 dicit,
1202 4868 1332 4925 Etsi
1355 4890 1445 4944 ego
1474 4854 1816 4933 testimonium

222 4948 462 5010 perhibeo
508 4950 573 5003 de
618 4952 846 5023 nteipso,
899 4972 1069 5010 verum
1114 4969 1185 5013 est
1226 4964 1566 5020 testimonium
1609 4985 1814 5039 meum,

219 5040 391 5107 ipsam
424 5042 501 5095 rei
532 5054 773 5099 naturam
803 5051 1059 5114 ostendit,
1088 5055 1231 5122 quod
1262 5056 1467 5112 scilicet
1497 5060 1693 5128 ipsum,
1733 5074 1817 5119 ut-

221 5142 345 5198 pote
370 5131 541 5187 Deum
568 5176 582 5201 ,
612 5135 719 5191 fide
741 5138 960 5209 dignum
985 5143 1133 5198 credi
1164 5157 1458 5215 oporteret,
1500 5152 1661 5206 etiam
1692 5170 1814 5211 cum

218 5224 287 5278 de
316 5226 499 5295 scipso
526 5227 853 5297 loqueretur.
884 5234 1017 5301 Quia
1048 5239 1192 5291 enim
1222 5240 1431 5295 dixerat
1458 5248 1813 5302 resurrectio-

217 5332 339 5370 nem
370 5330 706 5376 mortuorum
737 5334 789 5378 et
827 5325 1125 5395 judicium,
1161 5341 1214 5385 et
1255 5334 1395 5403 quod
1425 5338 1511 5405 qui
1543 5340 1715 5393 credit
1760 5342 1811 5397 in

216 5406 389 5475 ipsum
418 5426 526 5464 non
550 5411 843 5482 judicatur,
877 5418 970 5472 sed
997 5420 1063 5473 ad
1098 5422 1258 5476 vitam
1289 5427 1453 5493 venit,
1482 5439 1536 5482 et
1566 5431 1707 5500 quod
1737 5448 1814 5487 sc-

211 5494 351 5552 dens
379 5503 620 5558 omnium
652 5507 890 5564 rationes
919 5510 1276 5580 expetiturus,
1304 5525 1358 5569 et
1383 5518 1524 5586 quod
1566 5494 1810 5580 eamdem

212 5586 408 5642 habeat
433 5631 449 5657 ,
498 5608 658 5661 quam
713 5595 866 5651 Pater
897 5639 911 5664 ,
944 5610 1260 5669 potestatem
1288 5614 1343 5661 et
1367 5610 1656 5677 virtutem;
1687 5630 1809 5683 cum

208 5676 329 5733 lucc
357 5684 534 5736 omnia
565 5686 985 5746 confirmaturus
1010 5702 1185 5762 esset,
1216 5698 1322 5754 alio
1349 5702 1511 5758 modo
1542 5703 1680 5762 hanc
1707 5680 1811 5764 Ob-

196 5764 490 5830 jeetioncm
539 5778 851 5835 neccsurio
898 5782 1124 5853 primam
1178 5789 1346 5859 ponit.
1401 5791 1558 5867 Dixi,
1606 5792 1806 5864 inquit,

1228 368 1292 425 IN
1330 366 1643 424 JOANNEM
1682 362 1911 420 liOMlL.
1956 361 2066 418 XL.
2110 365 2184 420 al.
2225 364 2470 423 XXXIX.

3417 382 3525 440 230

1932 476 2079 531 Sicut
2122 476 2283 534 Pater
2310 474 2519 535 su‘scitat
2549 491 2773 537 mortuos
2803 493 2850 538 et
2886 484 3103 552 visificat
3124 526 3140 554 ,
3170 488 3242 541 sic
3266 497 3316 543 et
3353 484 3523 546 Filius

1928 584 2053 635 quos
2103 571 2211 623 vult
2252 574 2477 641 riviﬁcat
2501 591 2520 639 ;
2548 573 2683 639 dixi,
2717 573 2897 642 Neque
2928 574 3087 632 Pater
3107 581 3311 648 judicat
3348 597 3528 652 quem-

1927 677 2100 729 quam,
2123 662 2213 715 sed
2234 678 2379 717 omne
2389 666 2645 734 judicium
2664 667 2801 720 dedit
2824 666 2999 736 Filio;
3021 669 3129 725 dixi
3154 670 3525 733 honorandum

1929 766 2051 807 esse
2078 752 2275 808 Filium
2306 756 2445 811 sicut
2474 757 2686 811 Patrem
2714 775 2731 821 ;
2759 758 2868 814 dixi
2897 801 2911 824 ,
2944 761 3047 828 Qui
3075 779 3176 817 non
3217 765 3522 837 honori/ient

1930 840 2162 909 Filium,
2203 860 2363 913 neque
2409 845 2621 900 Patrem
2673 848 3015 917 honori/ient;
3045 851 3193 919 dixi,
3243 853 3345 920 Qui
3385 858 3530 913 audit

1930 935 2079 988 verba
2103 951 2214 988 mea
2240 946 2288 990 et
2312 937 2471 991 credit
2497 954 2577 1005 ea,
2609 957 2709 994 non
2740 941 2923 995 uidebit
2946 954 3158 997 mortem
3184 947 3223 1010 ¹,
3244 948 3333 1000 sed
3358 960 3531 1002 trans-

1929 1024 2063 1079 latus
2086 1036 2158 1080 est
2188 1044 2220 1081 a
2241 1037 2397 1081 morte
2426 1029 2493 1082 ad
2526 1031 2702 1095 vitam;
2727 1031 2859 1098 dixi,
2883 1048 3069 1089 vocem
3092 1050 3268 1091 meam
3294 1046 3532 1097 mortuos

1931 1117 2310 1173 suscitaturam
2333 1135 2473 1183 esse,
2502 1129 2556 1175 et
2580 1136 2720 1176 nunc
2746 1131 2800 1177 et
2830 1132 3012 1191 postea
3041 1141 3055 1189 ;
3084 1126 3216 1193 dixi,
3249 1143 3335 1182 me
3360 1129 3528 1184 ratio-

1931 1222 2053 1261 nem
2077 1210 2317 1263 omnium
2346 1221 2686 1279 peccatorum
2718 1214 3070 1282 repetiturum
3098 1231 3217 1273 esse
3237 1234 3253 1281 ;
3276 1219 3408 1285 dixi,
3439 1237 3528 1278 me

1930 1316 2051 1355 esse
2075 1301 2218 1370 juste
2241 1303 2630 1372 judicaturum,
2663 1321 2727 1361 ac
2753 1307 3058 1363 mercedem
3091 1309 3227 1366 bene
3253 1315 3530 1380 operanti-

1928 1391 2029 1447 bus
2076 1393 2345 1447 daturmn.
2392 1395 2524 1463 Quia
2556 1412 2683 1468 ergo
2728 1399 2813 1452 illa
2842 1400 3020 1455 omnia
3051 1402 3253 1471 prolata
3295 1402 3532 1473 fuerant,

1932 1492 1987 1537 et
2014 1500 2202 1555 magna
2249 1487 2465 1556 quidem
2494 1500 2648 1544 erant
2676 1530 2689 1554 ,
2726 1491 2960 1546 necdum
2992 1502 3170 1548 tamen
3216 1495 3335 1550 data
3360 1496 3536 1554 fuerat

1930 1572 2121 1629 horum
2146 1578 2291 1631 clara
2320 1579 2730 1649 demonstratio,
2764 1583 2857 1638 sed
2885 1584 3112 1640 Obscura
3138 1588 3334 1657 plane;
3355 1589 3532 1658 primo

1929 1666 2069 1733 quod
2099 1667 2453 1735 objiciebatur
2473 1674 2640 1741 ponit,
2669 1674 2737 1728 ad
2766 1674 3028 1730 dictorum
3057 1692 3237 1732 veram
3268 1678 3533 1737 rationem

1927 1767 2219 1823 venturus;
2247 1776 2312 1816 ac
2336 1763 2380 1818 si
2410 1764 2479 1815 ita
2504 1764 2829 1835 loqueretur,
2861 1769 2959 1823 etsi
2984 1786 3090 1824 non
3117 1770 3307 1827 iisdem
3328 1774 3531 1830 verbis.

1930 1849 2037 1905 Sed
2063 1851 2291 1909 fortasse
2319 1855 2509 1912 dicetis
2534 1875 2547 1911 :
2572 1858 2696 1913 Haec
2723 1860 2901 1916 omnia
2927 1872 2980 1916 tu
3007 1863 3161 1928 dicis,
3194 1881 3291 1920 nec
3324 1883 3385 1923 es
3429 1868 3534 1926 fide

1928 1942 2122 2013 dignus
2150 1947 2315 2012 testis,
2342 1949 2431 2019 qui
2458 1949 2672 2021 tibiipsi
2703 1955 3065 2010 testimonium
3088 1958 3395 2028 perhibetis.
3422 1962 3533 2019 llac

1930 2033 2108 2104 itaque
2148 2038 2355 2091 ratione
2403 2041 2577 2108 primo
2616 2044 2831 2098 solvens
2865 2045 3076 2103 illorum
3107 2054 3531 2120 contentionem,

1931 2129 2073 2198 quod
2104 2144 2166 2183 ea
2196 2146 2316 2201 qua:
2356 2132 2551 2188 dicturi
2584 2146 2739 2191 erant
2777 2137 3088 2207 proferret,
3118 2144 3536 2218 ostenderetque

1936 2234 1994 2274 se
2021 2236 2215 2276 arcana
2243 2223 2425 2279 cordis
2465 2240 2650 2281 eorum
2682 2243 2845 2285 nosse
2864 2270 2881 2298 ,
2910 2240 2965 2287 et
2992 2232 3131 2289 hanc
3160 2237 3386 2306 primam
3419 2241 3532 2294 vir-

1936 2314 2063 2368 tutis
2102 2330 2215 2369 sua:
2262 2316 2780 2375 demonstrationem
2812 2322 3077 2380 exhibens
3100 2367 3115 2391 ,
3146 2327 3363 2385 demum
3415 2342 3538 2402 post

1934 2405 2289 2475 objectionem
2340 2409 2641 2478 prolatam,
2674 2413 2808 2469 alias
2850 2415 3024 2472 adfert
3048 2418 3537 2482 demonstrationes

1935 2497 2107 2554 claras
2135 2508 2190 2555 et
2214 2502 2686 2573 inexpugnabiles;
2717 2515 2826 2561 tres
2850 2506 3128 2565 adducens
3150 2520 3335 2581 testes,
3367 2529 3532 2586 Opera

1936 2602 2031 2643 sua
2060 2630 2074 2656 ,
2099 2590 2271 2648 Patris
2306 2595 2699 2663 testimonium,
2724 2607 2779 2652 et
2808 2597 3034 2655 Joannis
3064 2603 3531 2670 praedicationem.

1935 2680 2285 2752 Primumque
2316 2686 2680 2741 testimonium
2714 2690 2892 2758 ponit,
2922 2690 2974 2745 id
3004 2693 3145 2762 quod
3175 2694 3351 2751 minus
3381 2708 3534 2766 erat,

1934 2789 2129 2845 nempe
2154 2774 2396 2833 Joannis.
2431 2777 2562 2832 Cum
2582 2779 2723 2835 enim
2744 2779 2989 2849 dixisset,
3020 2782 3165 2839 Alius
3193 2796 3265 2841 est
3284 2789 3371 2855 qui
3400 2791 3538 2844 testi-

1934 2866 2162 2919 monium
2192 2866 2417 2935 perhibet
2455 2870 2518 2923 de
2545 2886 2643 2937 me,
2673 2880 2720 2924 et
2744 2873 2849 2926 scio
2869 2874 2989 2944 quia
3013 2890 3186 2930 verum
3212 2887 3285 2932 est
3312 2880 3536 2935 testimo-

1935 2955 2078 3008 nium
2104 2957 2214 3024 ejus
2237 2973 2254 3019 ,'
2282 2958 2523 3013 subdidit
2546 2978 2561 3013 :
2591 2961 2681 3016 55.
2725 2958 2823 3016 Vos
2849 2964 3058 3019 misistis
3085 2968 3155 3020 ad
3179 2967 3456 3037 Joannem,
3487 2982 3535 3025 et

1934 3046 2277 3098 testimonium
2309 3048 2560 3117 perhibuit
2587 3053 2801 3105 veritati.
2836 3055 2993 3125 Atqui
3016 3056 3060 3110 si
3094 3072 3199 3112 non
3232 3069 3315 3114 est
3345 3076 3535 3117 verum

1935 3136 2300 3192 tesuimonium
2334 3147 2481 3193 tuum
2506 3181 2521 3204 ,
2549 3143 2820 3212 quomodo
2845 3146 2980 3201 dicis
2998 3187 3013 3212 ,
3046 3148 3241 3205 Verum
3270 3162 3356 3208 est
3383 3154 3536 3210 testi-

1934 3229 2171 3282 monium
2198 3228 2458 3295 Joannis;
2489 3243 2564 3295 et.
2608 3233 2976 3293 Testimonium
3008 3242 3261 3312 perhibuit
3286 3247 3485 3301 veritati
3506 3248 3536 3301 .’

1933 3316 2121 3372 Viden'
2155 3334 2315 3388 quam
2348 3321 2551 3377 clarum
2582 3325 2666 3379 vel
2689 3325 2815 3383 inde
2842 3331 2936 3395 sit,
2966 3331 3098 3387 illud
3119 3373 3135 3398 ,
3164 3331 3535 3393 Testimonium

1932 3426 2098 3463 meum
2141 3421 2343 3481 nonest
2383 3428 2553 3468 verum
2579 3456 2594 3483 ,
2633 3416 2899 3477 adversus
2925 3436 3113 3479 eorum
3158 3430 3523 3499 suspicionem

1932 3500 2133 3555 dictum
2167 3502 2377 3558 fuisse?

1994 3594 2046 3648 2.
2064 3593 2280 3649 Joannis
2295 3595 2542 3668 Baptista:
2557 3600 2825 3655 testimonii
2845 3606 3115 3673 certitudo;
3129 3608 3289 3678 ipsius
3308 3610 3410 3669 Dei
3428 3628 3542 3670 erat

1929 3686 2287 3739 testimonium.
2306 3688 2529 3757 Operam
2555 3688 2743 3746 Christi
2761 3697 3100 3752 testimonium
3120 3702 3538 3761 ineluctabile.—

1930 3777 2065 3843 Quid
2112 3778 2155 3831 si
2202 3780 2312 3841 ille,
2348 3779 2574 3850 inquies,
2616 3786 2977 3842 testimonium
3004 3790 3071 3845 ad
3100 3794 3326 3861 gratiam
3352 3798 3539 3867 perhi-

1931 3869 2078 3923 buit"
2118 3869 2195 3923 Ne
2232 3870 2333 3926 hoc
2369 3873 2612 3929 dicerent
2637 3916 2652 3939 ,
2684 3877 2804 3931 vide
2844 3882 3115 3949 quomodo
3154 3884 3297 3943 hanc
3334 3892 3538 3947 amovit

1932 3960 2316 4027 suspicionem.
2363 3962 2478 4018 Non
2515 3966 2657 4020 enim
2701 3967 2853 4034 dixit,
2883 3970 3121 4029 Joannes
3168 3978 3535 4039 testimonium

1932 4053 2197 4120 perhibuit
2225 4064 2291 4110 de
2322 4072 2435 4118 me;
2471 4058 2562 4112 sed
2586 4060 2754 4129 prius,
2788 4061 2885 4117 Vos
2913 4065 3121 4123 misistis
3139 4070 3210 4124 ad
3237 4071 3536 4142 Joannem;

1932 4160 2036 4198 non
2086 4146 2365 4202 misissetis
2410 4159 2623 4218 autem,
2671 4154 2771 4207 nisi
2808 4154 2915 4211 fide
2955 4157 3174 4229 dignum
3220 4164 3533 4222 existimas-

1931 4236 2078 4289 setis.
2138 4237 2399 4307 Quodque
2456 4241 2627 4308 majus
2679 4254 2780 4309 est,
2826 4262 2933 4302 non
2980 4254 3245 4309 miserunt
3291 4256 3529 4314 interro-

1928 4336 2107 4397 gntum
2153 4330 2299 4383 illum
2340 4330 2408 4385 de
2448 4330 2686 4398 Christo,
2729 4336 2824 4391 sed
2863 4337 2931 4394 de
2969 4342 3179 4411 scipso;
3220 4360 3382 4415 quem
3424 4351 3532 4408 fide

1928 4419 2146 4485 dignum
2187 4421 2445 4491 putabant
2487 4425 2556 4480 de
2602 4428 2781 4496 seipse
2833 4430 3198 4492 testimonium
3244 4438 3533 4504 ferentem.

1929 4513 2096 4565 multo
2132 4516 2299 4583 magis
2333 4515 2400 4570 de
2433 4517 2539 4572 alio
2579 4520 2908 4588 loquentem.
2950 4526 3202 4585 Solemus
3243 4536 3387 4590 enim
3430 4552 3532 4595 nos

1930 4600 2174 4658 homines
2203 4620 2308 4659 non
2340 4607 2560 4675 perinde
2580 4611 2803 4669 credere
2830 4615 2895 4669 iis
2917 4622 3008 4687 qui
3038 4619 3105 4675 de
3134 4637 3194 4678 se
3213 4625 3526 4697 loquuntur,

1926 4709 2085 4762 quam
2134 4696 2197 4750 iis
2232 4699 2321 4766 qui
2362 4698 2429 4753 de
2469 4700 2609 4756 aliis.
2656 4702 2808 4759 llunc
2832 4723 2959 4762 vero
2987 4710 3057 4764 ita
3088 4728 3336 4771 veracem
3370 4696 3528 4787 puta-

1927 4787 2074 4854 bant,
2106 4797 2162 4842 nt
2186 4790 2346 4844 etiam
2375 4791 2441 4846 de
2472 4807 2531 4847 se
2552 4795 2799 4866 loquens,
2828 4801 3051 4857 alterius
3081 4809 3393 4866 testimonio
3419 4828 3527 4869 non

1925 4890 2127 4949 egeret.
2175 4880 2308 4935 Nam
2350 4884 2439 4953 qui
2470 4886 2620 4940 missi
2652 4888 2899 4957 fuerant,
2932 4910 3037 4949 non
3067 4897 3357 4967 dixerunt,
3387 4904 3527 4970 Quid

1924 4969 2058 5024 dicis
2086 4971 2152 5025 de
2178 4970 2433 5029 Christo?
2463 4976 2579 5042 sed,
2600 4978 2679 5032 Tu
2703 4982 2817 5049 quis
2837 4984 2925 5037 es?
2949 4987 3072 5055 quid
3097 4989 3225 5044 dicis
3243 4990 3307 5047 de
3332 4969 3492 5064 teipse
3509 5000 3536 5052 Ρ

1924 5061 2058 5115 Tam
2103 5063 2399 5118 nirahilem
2440 5068 2696 5136 putabant
2738 5071 3032 5131 hominem.
3069 5078 3182 5136 Hoc
3206 5097 3335 5154 ergo
3362 5061 3533 5144 tOtutn

1922 5154 2297 5221 subindicavit,
2322 5172 2444 5212 cum
2471 5158 2626 5226 dixit,
2661 5160 2761 5217 Vos
2792 5166 2996 5221 misistis
3016 5171 3085 5225 ad
3103 5171 3376 5230 Joannem.
3406 5178 3534 5235 Ideo

1922 5247 2250 5315 evangelista
2283 5265 2389 5305 non
2420 5251 2595 5307 solum
2627 5255 2774 5321 dicit,
2802 5274 2895 5314 eos
2923 5261 3155 5332 misisse,
3178 5270 3271 5323 sed
3299 5270 3367 5326 de
3394 5276 3529 5328 mis~

1921 5337 1996 5392 sis
2029 5356 2283 5405 expresse
2304 5342 2456 5405 dicit,
2479 5343 2643 5397 fuisse
2675 5364 2738 5400 ex
2771 5352 3141 5407 sacerdotibus
3165 5369 3214 5409 ot
3244 5375 3307 5414 ex
3343 5361 3531 5418 Phari-

1922 5430 2065 5494 amis,
2082 5446 2185 5485 non
2209 5448 2240 5488 e
2259 5433 2438 5504 vulgo,
2460 5450 2559 5492 nec
2579 5440 2667 5507 qui
2693 5444 2963 5512 corrumpi
2983 5447 3062 5500 vel
3084 5447 3259 5519 decipi
3284 5463 3526 5521 possent,

1924 5521 2017 5575 scd
2050 5524 2138 5591 qui
2169 5524 2287 5590 ejus
2319 5525 2457 5580 dicta
2490 5539 2740 5585 accurate
2768 5535 3128 5605 perciperent.
3160 5541 3249 5597 54.
3293 5542 3405 5613 Ego
3430 5563 3527 5598 au-

1920 5620 2017 5665 tem
2046 5630 2145 5667 non
2169 5614 2229 5668 ab
2257 5616 2459 5670 homine
2480 5620 2822 5676 testimonium
2847 5629 3063 5696 accipio.
3089 5633 3194 5685 Cur
3218 5648 3348 5703 ergo
3366 5633 3531 5692 Joan-

1992 5819 2004 5849 ¹
2047 5818 2173 5867 .thus
2197 5817 2365 5881 habet,
2392 5834 2482 5872 non
2509 5822 2682 5875 ridebit
2698 5826 2962 5885 judicium.
