  <div class='ocr_page' id='page_1' title='image "/cluster/home/n/w/nwhite01/storage/ocr_20150623/59/pst.000005712595/229.png"; bbox 0 0 4164 6324; ppageno 0'>
   <div class='ocr_carea' id='block_1_1' title="bbox 714 353 808 407">
    <p class='ocr_par' dir='ltr' id='par_1_1' title="bbox 714 353 808 407">
     <span class='ocr_line' id='line_1_1' title="bbox 714 353 808 407; baseline -0.011 0"><span class='ocrx_word' id='word_1_1' title='bbox 714 353 808 407; x_wconf 65' lang='grc'><strong>331</strong></span> 
     </span>
    </p>
   </div>
   <div class='ocr_carea' id='block_1_2' title="bbox 714 436 2273 519">
    <p class='ocr_par' dir='ltr' id='par_1_2' title="bbox 714 436 2273 519">
     <span class='ocr_line' id='line_1_2' title="bbox 714 436 2273 519; baseline -0.021 0"><span class='ocrx_word' id='word_1_2' title='bbox 714 466 794 519; x_wconf 87' lang='lat' dir='ltr'><strong>nis</strong></span> <span class='ocrx_word' id='word_1_3' title='bbox 842 457 1198 518; x_wconf 86' lang='lat' dir='ltr'><strong>testimonium</strong></span> <span class='ocrx_word' id='word_1_4' title='bbox 1242 449 1472 518; x_wconf 71' lang='lat' dir='ltr'><strong>aCCipis?</strong></span> <span class='ocrx_word' id='word_1_5' title='bbox 1522 446 1664 500; x_wconf 89' lang='lat' dir='ltr'><strong>Illius</strong></span> <span class='ocrx_word' id='word_1_6' title='bbox 1706 451 1852 498; x_wconf 88' lang='lat' dir='ltr'><strong>certe</strong></span> <span class='ocrx_word' id='word_1_7' title='bbox 1893 436 2273 499; x_wconf 76' lang='lat' dir='ltr'><strong>testimonium,</strong></span> 
     </span>
    </p>
   </div>
   <div class='ocr_carea' id='block_1_3' title="bbox 714 529 2279 610">
    <p class='ocr_par' dir='ltr' id='par_1_3' title="bbox 714 529 2279 610">
     <span class='ocr_line' id='line_1_3' title="bbox 714 529 2279 610; baseline -0.02 0"><span class='ocrx_word' id='word_1_8' title='bbox 714 551 943 610; x_wconf 84' lang='lat' dir='ltr'><strong>hominis</strong></span> <span class='ocrx_word' id='word_1_9' title='bbox 979 563 1083 602; x_wconf 91' lang='lat' dir='ltr'><strong>non</strong></span> <span class='ocrx_word' id='word_1_10' title='bbox 1125 553 1258 599; x_wconf 90' lang='lat' dir='ltr'><strong>erat.</strong></span> <span class='ocrx_word' id='word_1_11' title='bbox 1304 541 1400 607; x_wconf 83' lang='lat' dir='ltr'><strong>Qui</strong></span> <span class='ocrx_word' id='word_1_12' title='bbox 1439 538 1568 592; x_wconf 87' lang='lat' dir='ltr'><strong>misit</strong></span> <span class='ocrx_word' id='word_1_13' title='bbox 1603 551 1698 598; x_wconf 86' lang='lat' dir='ltr'><strong>me,</strong></span> <span class='ocrx_word' id='word_1_14' title='bbox 1733 532 1920 602; x_wconf 92' lang='lat' dir='ltr'><strong>inquit,</strong></span> <span class='ocrx_word' id='word_1_15' title='bbox 1950 531 2203 597; x_wconf 71' lang='lat' dir='ltr'><strong>baptizare</strong></span> <span class='ocrx_word' id='word_1_16' title='bbox 2226 529 2279 580; x_wconf 86' lang='lat' dir='ltr'><strong>in</strong></span> 
     </span>
    </p>
   </div>
   <div class='ocr_carea' id='block_1_4' title="bbox 710 617 2277 712">
    <p class='ocr_par' dir='ltr' id='par_1_4' title="bbox 710 617 2277 712">
     <span class='ocr_line' id='line_1_4' title="bbox 710 617 2277 712; baseline -0.017 -16"><span class='ocrx_word' id='word_1_17' title='bbox 710 656 860 712; x_wconf 75' lang='lat' dir='ltr'><strong>aqua,</strong></span> <span class='ocrx_word' id='word_1_18' title='bbox 886 637 974 693; x_wconf 75' lang='lat' dir='ltr'><strong>ille</strong></span> <span class='ocrx_word' id='word_1_19' title='bbox 994 635 1116 690; x_wconf 88' lang='lat' dir='ltr'><strong>mihi</strong></span> <span class='ocrx_word' id='word_1_20' title='bbox 1137 633 1285 687; x_wconf 72' lang='lat' dir='ltr'><strong>dixit.</strong></span> <span class='ocrx_word' id='word_1_21' title='bbox 1319 631 1499 698; x_wconf 86' lang='lat' dir='ltr'><strong>Itaque</strong></span> <span class='ocrx_word' id='word_1_22' title='bbox 1527 624 1744 680; x_wconf 80' lang='lat' dir='ltr'><strong>Joannis</strong></span> <span class='ocrx_word' id='word_1_23' title='bbox 1776 619 2159 683; x_wconf 89' lang='lat' dir='ltr'><strong>testimonium,</strong></span> <span class='ocrx_word' id='word_1_24' title='bbox 2187 617 2277 712; x_wconf 54' lang='grc' dir='ltr'><strong>[ξςί</strong></span> 
     </span>
    </p>
   </div>
   <div class='ocr_carea' id='block_1_5' title="bbox 709 709 2272 790">
    <p class='ocr_par' dir='ltr' id='par_1_5' title="bbox 709 709 2272 790">
     <span class='ocr_line' id='line_1_5' title="bbox 709 709 2272 790; baseline -0.018 0"><span class='ocrx_word' id='word_1_25' title='bbox 709 709 825 790; x_wconf 80' lang='lat' dir='ltr'><strong>erat</strong></span> <span class='ocrx_word' id='word_1_26' title='bbox 850 728 1206 788; x_wconf 84' lang='lat' dir='ltr'><strong>testimonium</strong></span> <span class='ocrx_word' id='word_1_27' title='bbox 1232 740 1250 780; x_wconf 86' lang='lat'><strong>:</strong></span> <span class='ocrx_word' id='word_1_28' title='bbox 1278 723 1346 778; x_wconf 87' lang='lat' dir='ltr'><strong>ab</strong></span> <span class='ocrx_word' id='word_1_29' title='bbox 1375 722 1465 776; x_wconf 89' lang='lat' dir='ltr'><strong>illo</strong></span> <span class='ocrx_word' id='word_1_30' title='bbox 1498 719 1638 774; x_wconf 90' lang='lat' dir='ltr'><strong>enim</strong></span> <span class='ocrx_word' id='word_1_31' title='bbox 1675 714 1933 769; x_wconf 90' lang='lat' dir='ltr'><strong>didicerat</strong></span> <span class='ocrx_word' id='word_1_32' title='bbox 1962 727 2024 766; x_wconf 86' lang='lat' dir='ltr'><strong>ea</strong></span> <span class='ocrx_word' id='word_1_33' title='bbox 2053 727 2168 781; x_wconf 76' lang='lat' dir='ltr'><strong>qua:</strong></span> <span class='ocrx_word' id='word_1_34' title='bbox 2193 709 2272 764; x_wconf 89' lang='lat' dir='ltr'><strong>di-</strong></span> 
     </span>
    </p>
   </div>
   <div class='ocr_carea' id='block_1_6' title="bbox 707 800 2282 882">
    <p class='ocr_par' dir='ltr' id='par_1_6' title="bbox 707 800 2282 882">
     <span class='ocr_line' id='line_1_6' title="bbox 707 800 2282 882; baseline -0.018 1"><span class='ocrx_word' id='word_1_35' title='bbox 707 825 878 882; x_wconf 79' lang='lat' dir='ltr'><strong>cebat.</strong></span> <span class='ocrx_word' id='word_1_36' title='bbox 909 821 1016 878; x_wconf 90' lang='lat' dir='ltr'><strong>Sed</strong></span> <span class='ocrx_word' id='word_1_37' title='bbox 1046 835 1112 875; x_wconf 89' lang='lat' dir='ltr'><strong>ne</strong></span> <span class='ocrx_word' id='word_1_38' title='bbox 1140 818 1397 880; x_wconf 90' lang='lat' dir='ltr'><strong>dicerent,</strong></span> <span class='ocrx_word' id='word_1_39' title='bbox 1426 811 1578 867; x_wconf 84' lang='lat' dir='ltr'><strong>Unde</strong></span> <span class='ocrx_word' id='word_1_40' title='bbox 1599 815 1807 862; x_wconf 80' lang='lat' dir='ltr'><strong>constat</strong></span> <span class='ocrx_word' id='word_1_41' title='bbox 1836 806 1981 859; x_wconf 91' lang='lat' dir='ltr'><strong>illum</strong></span> <span class='ocrx_word' id='word_1_42' title='bbox 2011 819 2040 858; x_wconf 86' lang='lat' dir='ltr'><strong>a</strong></span> <span class='ocrx_word' id='word_1_43' title='bbox 2073 803 2179 857; x_wconf 87' lang='lat' dir='ltr'><strong>Deo</strong></span> <span class='ocrx_word' id='word_1_44' title='bbox 2201 800 2282 855; x_wconf 84' lang='lat' dir='ltr'><strong>di-</strong></span> 
     </span>
    </p>
   </div>
   <div class='ocr_carea' id='block_1_7' title="bbox 708 892 2278 970">
    <p class='ocr_par' dir='ltr' id='par_1_7' title="bbox 708 892 2278 970">
     <span class='ocr_line' id='line_1_7' title="bbox 708 892 2278 970; baseline -0.013 -3"><span class='ocrx_word' id='word_1_45' title='bbox 708 915 904 970; x_wconf 77' lang='lat' dir='ltr'><strong>dicisse</strong></span> <span class='ocrx_word' id='word_1_46' title='bbox 942 922 996 967; x_wconf 89' lang='lat' dir='ltr'><strong>et</strong></span> <span class='ocrx_word' id='word_1_47' title='bbox 1039 910 1161 964; x_wconf 86' lang='lat' dir='ltr'><strong>hinc</strong></span> <span class='ocrx_word' id='word_1_48' title='bbox 1199 906 1481 960; x_wconf 87' lang='lat' dir='ltr'><strong>adversum</strong></span> <span class='ocrx_word' id='word_1_49' title='bbox 1509 907 1732 962; x_wconf 87' lang='lat' dir='ltr'><strong>starent,</strong></span> <span class='ocrx_word' id='word_1_50' title='bbox 1761 897 1968 951; x_wconf 91' lang='lat' dir='ltr'><strong>illorum</strong></span> <span class='ocrx_word' id='word_1_51' title='bbox 1996 909 2086 949; x_wconf 89' lang='lat' dir='ltr'><strong>ora</strong></span> <span class='ocrx_word' id='word_1_52' title='bbox 2113 892 2278 947; x_wconf 82' lang='lat' dir='ltr'><strong>vehe-</strong></span> 
     </span>
    </p>
   </div>
   <div class='ocr_carea' id='block_1_8' title="bbox 711 986 2278 1071">
    <p class='ocr_par' dir='ltr' id='par_1_8' title="bbox 711 986 2278 1071">
     <span class='ocr_line' id='line_1_8' title="bbox 711 986 2278 1071; baseline -0.015 -11"><span class='ocrx_word' id='word_1_53' title='bbox 711 1014 917 1059; x_wconf 90' lang='lat' dir='ltr'><strong>menter</strong></span> <span class='ocrx_word' id='word_1_54' title='bbox 944 1000 1219 1071; x_wconf 90' lang='lat' dir='ltr'><strong>reprimit,</strong></span> <span class='ocrx_word' id='word_1_55' title='bbox 1251 1006 1306 1052; x_wconf 91' lang='lat' dir='ltr'><strong>et</strong></span> <span class='ocrx_word' id='word_1_56' title='bbox 1332 995 1503 1048; x_wconf 87' lang='lat' dir='ltr'><strong>adhuc</strong></span> <span class='ocrx_word' id='word_1_57' title='bbox 1527 1001 1711 1045; x_wconf 89' lang='lat' dir='ltr'><strong>contra</strong></span> <span class='ocrx_word' id='word_1_58' title='bbox 1739 989 1947 1044; x_wconf 88' lang='lat' dir='ltr'><strong>illorum</strong></span> <span class='ocrx_word' id='word_1_59' title='bbox 1975 986 2278 1056; x_wconf 83' lang='lat' dir='ltr'><strong>opinionem</strong></span> 
     </span>
    </p>
   </div>
   <div class='ocr_carea' id='block_1_9' title="bbox 709 1076 2280 1161">
    <p class='ocr_par' dir='ltr' id='par_1_9' title="bbox 709 1076 2280 1161">
     <span class='ocr_line' id='line_1_9' title="bbox 709 1076 2280 1161; baseline -0.013 -12"><span class='ocrx_word' id='word_1_60' title='bbox 709 1095 971 1152; x_wconf 75' lang='lat' dir='ltr'><strong>edisserit.</strong></span> <span class='ocrx_word' id='word_1_61' title='bbox 1003 1091 1182 1161; x_wconf 80' lang='lat' dir='ltr'><strong>Neque</strong></span> <span class='ocrx_word' id='word_1_62' title='bbox 1206 1088 1347 1144; x_wconf 88' lang='lat' dir='ltr'><strong>enim</strong></span> <span class='ocrx_word' id='word_1_63' title='bbox 1372 1083 1657 1140; x_wconf 75' lang='lat' dir='ltr'><strong>verisimile</strong></span> <span class='ocrx_word' id='word_1_64' title='bbox 1680 1090 1794 1136; x_wconf 89' lang='lat' dir='ltr'><strong>erat</strong></span> <span class='ocrx_word' id='word_1_65' title='bbox 1815 1079 2010 1133; x_wconf 91' lang='lat' dir='ltr'><strong>multos</strong></span> <span class='ocrx_word' id='word_1_66' title='bbox 2036 1078 2150 1131; x_wconf 66' lang='lat' dir='ltr'><strong>haec</strong></span> <span class='ocrx_word' id='word_1_67' title='bbox 2175 1076 2280 1130; x_wconf 85' lang='lat' dir='ltr'><strong>sci-</strong></span> 
     </span>
    </p>
   </div>
   <div class='ocr_carea' id='block_1_10' title="bbox 712 1166 2279 1249">
    <p class='ocr_par' dir='ltr' id='par_1_10' title="bbox 712 1166 2279 1249">
     <span class='ocr_line' id='line_1_10' title="bbox 712 1166 2279 1249; baseline -0.012 -10"><span class='ocrx_word' id='word_1_68' title='bbox 712 1188 868 1249; x_wconf 87' lang='lat' dir='ltr'><strong>visse,</strong></span> <span class='ocrx_word' id='word_1_69' title='bbox 898 1182 991 1239; x_wconf 88' lang='lat' dir='ltr'><strong>sed</strong></span> <span class='ocrx_word' id='word_1_70' title='bbox 1012 1178 1202 1237; x_wconf 89' lang='lat' dir='ltr'><strong>Joanni</strong></span> <span class='ocrx_word' id='word_1_71' title='bbox 1229 1174 1586 1238; x_wconf 84' lang='lat' dir='ltr'><strong>attendebant,</strong></span> <span class='ocrx_word' id='word_1_72' title='bbox 1609 1181 1665 1226; x_wconf 92' lang='lat' dir='ltr'><strong>ut</strong></span> <span class='ocrx_word' id='word_1_73' title='bbox 1689 1187 1754 1226; x_wconf 79' lang='lat' dir='ltr'><strong>ex</strong></span> <span class='ocrx_word' id='word_1_74' title='bbox 1783 1185 1842 1225; x_wconf 90' lang='lat' dir='ltr'><strong>se</strong></span> <span class='ocrx_word' id='word_1_75' title='bbox 1871 1167 2123 1239; x_wconf 80' lang='lat' dir='ltr'><strong>loquenti.</strong></span> <span class='ocrx_word' id='word_1_76' title='bbox 2156 1166 2279 1222; x_wconf 89' lang='lat' dir='ltr'><strong>Ideo</strong></span> 
     </span>
    </p>
   </div>
   <div class='ocr_carea' id='block_1_11' title="bbox 709 1258 2279 1347">
    <p class='ocr_par' dir='ltr' id='par_1_11' title="bbox 709 1258 2279 1347">
     <span class='ocr_line' id='line_1_11' title="bbox 709 1258 2279 1347; baseline -0.011 -16"><span class='ocrx_word' id='word_1_77' title='bbox 709 1278 782 1330; x_wconf 85' lang='lat' dir='ltr'><strong>ait</strong></span> <span class='ocrx_word' id='word_1_78' title='bbox 813 1293 825 1328; x_wconf 73' lang='grc' dir='ltr'>ε</span> <span class='ocrx_word' id='word_1_79' title='bbox 853 1274 960 1347; x_wconf 74' lang='lat' dir='ltr'><strong>Ego</strong></span> <span class='ocrx_word' id='word_1_80' title='bbox 987 1271 1049 1326; x_wconf 89' lang='lat' dir='ltr'><strong>ab</strong></span> <span class='ocrx_word' id='word_1_81' title='bbox 1073 1273 1273 1326; x_wconf 86' lang='lat' dir='ltr'><strong>homine</strong></span> <span class='ocrx_word' id='word_1_82' title='bbox 1291 1267 1624 1323; x_wconf 79' lang='lat' dir='ltr'><strong>testimonium</strong></span> <span class='ocrx_word' id='word_1_83' title='bbox 1647 1281 1745 1318; x_wconf 89' lang='lat' dir='ltr'><strong>non</strong></span> <span class='ocrx_word' id='word_1_84' title='bbox 1769 1260 1982 1330; x_wconf 89' lang='lat' dir='ltr'><strong>accipio.</strong></span> <span class='ocrx_word' id='word_1_85' title='bbox 2009 1260 2063 1315; x_wconf 90' lang='lat' dir='ltr'><strong>Si</strong></span> <span class='ocrx_word' id='word_1_86' title='bbox 2092 1259 2158 1313; x_wconf 90' lang='lat' dir='ltr'><strong>ab</strong></span> <span class='ocrx_word' id='word_1_87' title='bbox 2183 1258 2279 1314; x_wconf 80' lang='lat' dir='ltr'><strong>ho-</strong></span> 
     </span>
    </p>
   </div>
   <div class='ocr_carea' id='block_1_12' title="bbox 710 1352 2278 1436">
    <p class='ocr_par' dir='ltr' id='par_1_12' title="bbox 710 1352 2278 1436">
     <span class='ocr_line' id='line_1_12' title="bbox 710 1352 2278 1436; baseline -0.01 -17"><span class='ocrx_word' id='word_1_88' title='bbox 710 1365 850 1436; x_wconf 85' lang='lat' dir='ltr'><strong>mine</strong></span> <span class='ocrx_word' id='word_1_89' title='bbox 877 1363 1237 1419; x_wconf 78' lang='lat' dir='ltr'><strong>testimonium</strong></span> <span class='ocrx_word' id='word_1_90' title='bbox 1267 1375 1370 1413; x_wconf 90' lang='lat' dir='ltr'><strong>non</strong></span> <span class='ocrx_word' id='word_1_91' title='bbox 1398 1364 1731 1426; x_wconf 85' lang='lat' dir='ltr'><strong>accepturus,</strong></span> <span class='ocrx_word' id='word_1_92' title='bbox 1765 1367 1936 1421; x_wconf 85' lang='lat' dir='ltr'><strong>neque</strong></span> <span class='ocrx_word' id='word_1_93' title='bbox 1966 1352 2054 1405; x_wconf 91' lang='lat' dir='ltr'><strong>illo</strong></span> <span class='ocrx_word' id='word_1_94' title='bbox 2083 1363 2278 1405; x_wconf 88' lang='lat' dir='ltr'><strong>usurus</strong></span> 
     </span>
    </p>
   </div>
   <div class='ocr_carea' id='block_1_13' title="bbox 709 1439 2278 1522">
    <p class='ocr_par' dir='ltr' id='par_1_13' title="bbox 709 1439 2278 1522">
     <span class='ocr_line' id='line_1_13' title="bbox 709 1439 2278 1522; baseline -0.011 -12"><span class='ocrx_word' id='word_1_95' title='bbox 709 1471 828 1509; x_wconf 79' lang='lat' dir='ltr'><strong>eras</strong></span> <span class='ocrx_word' id='word_1_96' title='bbox 850 1497 865 1521; x_wconf 92' lang='lat'><strong>,</strong></span> <span class='ocrx_word' id='word_1_97' title='bbox 895 1470 991 1509; x_wconf 90' lang='lat' dir='ltr'><strong>cur</strong></span> <span class='ocrx_word' id='word_1_98' title='bbox 1019 1453 1133 1522; x_wconf 87' lang='lat' dir='ltr'><strong>ejus</strong></span> <span class='ocrx_word' id='word_1_99' title='bbox 1161 1450 1522 1506; x_wconf 89' lang='lat' dir='ltr'><strong>testimonium</strong></span> <span class='ocrx_word' id='word_1_100' title='bbox 1548 1443 1849 1499; x_wconf 78' lang='lat' dir='ltr'><strong>adduxisti?</strong></span> <span class='ocrx_word' id='word_1_101' title='bbox 1875 1442 1951 1496; x_wconf 78' lang='lat' dir='ltr'><strong>Ne</strong></span> <span class='ocrx_word' id='word_1_102' title='bbox 1979 1443 2134 1512; x_wconf 89' lang='lat' dir='ltr'><strong>igitur</strong></span> <span class='ocrx_word' id='word_1_103' title='bbox 2165 1439 2278 1494; x_wconf 76' lang='lat' dir='ltr'><strong>lucc</strong></span> 
     </span>
    </p>
   </div>
   <div class='ocr_carea' id='block_1_14' title="bbox 709 1531 2275 1614">
    <p class='ocr_par' dir='ltr' id='par_1_14' title="bbox 709 1531 2275 1614">
     <span class='ocr_line' id='line_1_14' title="bbox 709 1531 2275 1614; baseline -0.012 -12"><span class='ocrx_word' id='word_1_104' title='bbox 709 1548 965 1612; x_wconf 81' lang='lat' dir='ltr'><strong>dicerent,</strong></span> <span class='ocrx_word' id='word_1_105' title='bbox 987 1546 1109 1600; x_wconf 82' lang='lat' dir='ltr'><strong>audi</strong></span> <span class='ocrx_word' id='word_1_106' title='bbox 1135 1542 1399 1614; x_wconf 90' lang='lat' dir='ltr'><strong>quomodo</strong></span> <span class='ocrx_word' id='word_1_107' title='bbox 1427 1539 1516 1592; x_wconf 91' lang='lat' dir='ltr'><strong>tali</strong></span> <span class='ocrx_word' id='word_1_108' title='bbox 1542 1536 1827 1607; x_wconf 89' lang='lat' dir='ltr'><strong>objectioni</strong></span> <span class='ocrx_word' id='word_1_109' title='bbox 1853 1541 2113 1589; x_wconf 88' lang='lat' dir='ltr'><strong>occurrat.</strong></span> <span class='ocrx_word' id='word_1_110' title='bbox 2143 1531 2275 1588; x_wconf 91' lang='lat' dir='ltr'><strong>Cum</strong></span> 
     </span>
    </p>
   </div>
   <div class='ocr_carea' id='block_1_15' title="bbox 710 1625 2276 1697">
    <p class='ocr_par' dir='ltr' id='par_1_15' title="bbox 710 1625 2276 1697">
     <span class='ocr_line' id='line_1_15' title="bbox 710 1625 2276 1697; baseline -0.01 -5"><span class='ocrx_word' id='word_1_111' title='bbox 710 1639 928 1692; x_wconf 78' lang='lat' dir='ltr'><strong>dixisset</strong></span> <span class='ocrx_word' id='word_1_112' title='bbox 968 1635 1132 1697; x_wconf 86' lang='lat' dir='ltr'><strong>enim,</strong></span> <span class='ocrx_word' id='word_1_113' title='bbox 1174 1635 1248 1687; x_wconf 83' lang='lat' dir='ltr'><strong>Ab</strong></span> <span class='ocrx_word' id='word_1_114' title='bbox 1289 1633 1490 1686; x_wconf 84' lang='lat' dir='ltr'><strong>homine</strong></span> <span class='ocrx_word' id='word_1_115' title='bbox 1529 1628 1861 1683; x_wconf 87' lang='lat' dir='ltr'><strong>testimonium</strong></span> <span class='ocrx_word' id='word_1_116' title='bbox 1905 1643 2006 1679; x_wconf 88' lang='lat' dir='ltr'><strong>non</strong></span> <span class='ocrx_word' id='word_1_117' title='bbox 2043 1625 2234 1695; x_wconf 83' lang='lat' dir='ltr'><strong>accipio</strong></span> <span class='ocrx_word' id='word_1_118' title='bbox 2256 1641 2276 1689; x_wconf 70' lang='lat'><strong>,-</strong></span> 
     </span>
    </p>
   </div>
   <div class='ocr_carea' id='block_1_16' title="bbox 709 1717 2273 1796">
    <p class='ocr_par' dir='ltr' id='par_1_16' title="bbox 709 1717 2273 1796">
     <span class='ocr_line' id='line_1_16' title="bbox 709 1717 2273 1796; baseline -0.007 -15"><span class='ocrx_word' id='word_1_119' title='bbox 709 1725 978 1796; x_wconf 71' lang='lat' dir='ltr'><strong>snlijnnxit</strong></span> <span class='ocrx_word' id='word_1_120' title='bbox 1008 1743 1021 1780; x_wconf 90' lang='lat'><strong>:</strong></span> <span class='ocrx_word' id='word_1_121' title='bbox 1055 1723 1160 1780; x_wconf 83' lang='lat' dir='ltr'><strong>Sed</strong></span> <span class='ocrx_word' id='word_1_122' title='bbox 1192 1724 1300 1778; x_wconf 72' lang='lat' dir='ltr'><strong>hac</strong></span> <span class='ocrx_word' id='word_1_123' title='bbox 1337 1722 1467 1785; x_wconf 87' lang='lat' dir='ltr'><strong>dico,</strong></span> <span class='ocrx_word' id='word_1_124' title='bbox 1498 1729 1550 1773; x_wconf 85' lang='lat' dir='ltr'><strong>ut</strong></span> <span class='ocrx_word' id='word_1_125' title='bbox 1576 1735 1662 1774; x_wconf 85' lang='lat' dir='ltr'><strong>vos</strong></span> <span class='ocrx_word' id='word_1_126' title='bbox 1689 1719 1816 1774; x_wconf 87' lang='lat' dir='ltr'><strong>salvi</strong></span> <span class='ocrx_word' id='word_1_127' title='bbox 1843 1718 1971 1771; x_wconf 90' lang='lat' dir='ltr'><strong>sitis.</strong></span> <span class='ocrx_word' id='word_1_128' title='bbox 2005 1717 2115 1771; x_wconf 82' lang='lat' dir='ltr'><strong>Hoc</strong></span> <span class='ocrx_word' id='word_1_129' title='bbox 2147 1727 2228 1770; x_wconf 87' lang='lat' dir='ltr'><strong>est</strong></span> <span class='ocrx_word' id='word_1_130' title='bbox 2259 1730 2273 1770; x_wconf 91' lang='lat'><strong>:</strong></span> 
     </span>
    </p>
   </div>
   <div class='ocr_carea' id='block_1_17' title="bbox 708 1809 2273 1888">
    <p class='ocr_par' dir='ltr' id='par_1_17' title="bbox 708 1809 2273 1888">
     <span class='ocr_line' id='line_1_17' title="bbox 708 1809 2273 1888; baseline -0.007 -18"><span class='ocrx_word' id='word_1_131' title='bbox 708 1819 819 1887; x_wconf 73' lang='lat' dir='ltr'><strong>Ego</strong></span> <span class='ocrx_word' id='word_1_132' title='bbox 863 1817 1016 1888; x_wconf 82' lang='lat' dir='ltr'><strong>hujus</strong></span> <span class='ocrx_word' id='word_1_133' title='bbox 1055 1815 1357 1871; x_wconf 79' lang='lat' dir='ltr'><strong>te5timonio</strong></span> <span class='ocrx_word' id='word_1_134' title='bbox 1399 1813 1633 1867; x_wconf 90' lang='lat' dir='ltr'><strong>humano</strong></span> <span class='ocrx_word' id='word_1_135' title='bbox 1677 1825 1780 1864; x_wconf 92' lang='lat' dir='ltr'><strong>non</strong></span> <span class='ocrx_word' id='word_1_136' title='bbox 1821 1824 1953 1879; x_wconf 85' lang='lat' dir='ltr'><strong>opus</strong></span> <span class='ocrx_word' id='word_1_137' title='bbox 1992 1809 2273 1874; x_wconf 81' lang='lat' dir='ltr'><strong>habebam,</strong></span> 
     </span>
    </p>
   </div>
   <div class='ocr_carea' id='block_1_18' title="bbox 706 1901 2277 1975">
    <p class='ocr_par' dir='ltr' id='par_1_18' title="bbox 706 1901 2277 1975">
     <span class='ocr_line' id='line_1_18' title="bbox 706 1901 2277 1975; baseline -0.006 -13"><span class='ocrx_word' id='word_1_138' title='bbox 706 1924 825 1962; x_wconf 91' lang='lat' dir='ltr'><strong>cum</strong></span> <span class='ocrx_word' id='word_1_139' title='bbox 864 1908 1000 1962; x_wconf 84' lang='lat' dir='ltr'><strong>Deus</strong></span> <span class='ocrx_word' id='word_1_140' title='bbox 1035 1908 1172 1972; x_wconf 87' lang='lat' dir='ltr'><strong>sim;</strong></span> <span class='ocrx_word' id='word_1_141' title='bbox 1211 1905 1307 1960; x_wconf 89' lang='lat' dir='ltr'><strong>sed</strong></span> <span class='ocrx_word' id='word_1_142' title='bbox 1333 1905 1455 1975; x_wconf 83' lang='lat' dir='ltr'><strong>quia</strong></span> <span class='ocrx_word' id='word_1_143' title='bbox 1486 1903 1632 1956; x_wconf 90' lang='lat' dir='ltr'><strong>illum</strong></span> <span class='ocrx_word' id='word_1_144' title='bbox 1659 1901 1926 1971; x_wconf 87' lang='lat' dir='ltr'><strong>suspicitis</strong></span> <span class='ocrx_word' id='word_1_145' title='bbox 1952 1910 2004 1954; x_wconf 89' lang='lat' dir='ltr'><strong>et</strong></span> <span class='ocrx_word' id='word_1_146' title='bbox 2030 1901 2277 1954; x_wconf 82' lang='lat' dir='ltr'><strong>omnibus</strong></span> 
     </span>
    </p>
   </div>
   <div class='ocr_carea' id='block_1_19' title="bbox 710 1991 2278 2069">
    <p class='ocr_par' dir='ltr' id='par_1_19' title="bbox 710 1991 2278 2069">
     <span class='ocr_line' id='line_1_19' title="bbox 710 1991 2278 2069; baseline -0.003 -19"><span class='ocrx_word' id='word_1_147' title='bbox 710 1999 811 2054; x_wconf 86' lang='lat' dir='ltr'><strong>tlde</strong></span> <span class='ocrx_word' id='word_1_148' title='bbox 829 1998 1120 2069; x_wconf 87' lang='lat' dir='ltr'><strong>digniorem</strong></span> <span class='ocrx_word' id='word_1_149' title='bbox 1151 1998 1378 2066; x_wconf 77' lang='lat' dir='ltr'><strong>putatis;</strong></span> <span class='ocrx_word' id='word_1_150' title='bbox 1408 2005 1461 2051; x_wconf 90' lang='lat' dir='ltr'><strong>et</strong></span> <span class='ocrx_word' id='word_1_151' title='bbox 1488 1995 1553 2048; x_wconf 89' lang='lat' dir='ltr'><strong>ad</strong></span> <span class='ocrx_word' id='word_1_152' title='bbox 1584 1995 1732 2048; x_wconf 88' lang='lat' dir='ltr'><strong>illum</strong></span> <span class='ocrx_word' id='word_1_153' title='bbox 1755 1992 1967 2062; x_wconf 89' lang='lat' dir='ltr'><strong>quidem</strong></span> <span class='ocrx_word' id='word_1_154' title='bbox 1991 2003 2044 2046; x_wconf 91' lang='lat' dir='ltr'><strong>ut</strong></span> <span class='ocrx_word' id='word_1_155' title='bbox 2065 1991 2131 2046; x_wconf 88' lang='lat' dir='ltr'><strong>ad</strong></span> <span class='ocrx_word' id='word_1_156' title='bbox 2157 2006 2278 2060; x_wconf 82' lang='lat' dir='ltr'><strong>pro-</strong></span> 
     </span>
    </p>
   </div>
   <div class='ocr_carea' id='block_1_20' title="bbox 707 2079 2276 2158">
    <p class='ocr_par' dir='ltr' id='par_1_20' title="bbox 707 2079 2276 2158">
     <span class='ocr_line' id='line_1_20' title="bbox 707 2079 2276 2158; baseline -0.006 -15"><span class='ocrx_word' id='word_1_157' title='bbox 707 2090 916 2158; x_wconf 88' lang='lat' dir='ltr'><strong>phetam</strong></span> <span class='ocrx_word' id='word_1_158' title='bbox 945 2079 1534 2157; x_wconf 57' lang='lat' dir='ltr'><strong>accurrebatislcivitas</strong></span> <span class='ocrx_word' id='word_1_159' title='bbox 1553 2084 1692 2138; x_wconf 90' lang='lat' dir='ltr'><strong>enim</strong></span> <span class='ocrx_word' id='word_1_160' title='bbox 1714 2083 1779 2136; x_wconf 89' lang='lat' dir='ltr'><strong>ad</strong></span> <span class='ocrx_word' id='word_1_161' title='bbox 1800 2081 2085 2136; x_wconf 90' lang='lat' dir='ltr'><strong>Jordanem</strong></span> <span class='ocrx_word' id='word_1_162' title='bbox 2108 2081 2276 2134; x_wconf 74' lang='lat' dir='ltr'><strong>etran-</strong></span> 
     </span>
    </p>
   </div>
   <div class='ocr_carea' id='block_1_21' title="bbox 703 2172 2274 2249">
    <p class='ocr_par' dir='ltr' id='par_1_21' title="bbox 703 2172 2274 2249">
     <span class='ocr_line' id='line_1_21' title="bbox 703 2172 2274 2249; baseline -0.004 -16"><span class='ocrx_word' id='word_1_163' title='bbox 703 2181 966 2249; x_wconf 88' lang='lat' dir='ltr'><strong>debatur),</strong></span> <span class='ocrx_word' id='word_1_164' title='bbox 996 2179 1122 2232; x_wconf 89' lang='lat' dir='ltr'><strong>mihi</strong></span> <span class='ocrx_word' id='word_1_165' title='bbox 1148 2193 1275 2233; x_wconf 85' lang='lat' dir='ltr'><strong>vero</strong></span> <span class='ocrx_word' id='word_1_166' title='bbox 1303 2192 1369 2232; x_wconf 89' lang='lat' dir='ltr'><strong>ne</strong></span> <span class='ocrx_word' id='word_1_167' title='bbox 1393 2175 1606 2246; x_wconf 86' lang='lat' dir='ltr'><strong>quidem</strong></span> <span class='ocrx_word' id='word_1_168' title='bbox 1633 2172 1884 2228; x_wconf 89' lang='lat' dir='ltr'><strong>miracula</strong></span> <span class='ocrx_word' id='word_1_169' title='bbox 1908 2173 2133 2242; x_wconf 85' lang='lat' dir='ltr'><strong>patranti</strong></span> <span class='ocrx_word' id='word_1_170' title='bbox 2156 2188 2274 2227; x_wconf 90' lang='lat' dir='ltr'><strong>crc-</strong></span> 
     </span>
    </p>
   </div>
   <div class='ocr_carea' id='block_1_22' title="bbox 703 2266 2269 2324">
    <p class='ocr_par' dir='ltr' id='par_1_22' title="bbox 703 2266 2269 2324">
     <span class='ocr_line' id='line_1_22' title="bbox 703 2266 2269 2324; baseline -0.004 -3"><span class='ocrx_word' id='word_1_171' title='bbox 703 2269 908 2323; x_wconf 88' lang='lat' dir='ltr'><strong>didistis</strong></span> <span class='ocrx_word' id='word_1_172' title='bbox 940 2286 953 2324; x_wconf 88' lang='lat'><strong>:</strong></span> <span class='ocrx_word' id='word_1_173' title='bbox 985 2268 1103 2322; x_wconf 90' lang='lat' dir='ltr'><strong>ideo</strong></span> <span class='ocrx_word' id='word_1_174' title='bbox 1148 2267 1248 2322; x_wconf 88' lang='lat' dir='ltr'><strong>hoc</strong></span> <span class='ocrx_word' id='word_1_175' title='bbox 1293 2267 1442 2321; x_wconf 90' lang='lat' dir='ltr'><strong>vobis</strong></span> <span class='ocrx_word' id='word_1_176' title='bbox 1484 2266 1843 2321; x_wconf 81' lang='lat' dir='ltr'><strong>testimonium</strong></span> <span class='ocrx_word' id='word_1_177' title='bbox 1886 2279 2269 2319; x_wconf 86' lang='lat' dir='ltr'><strong>commemoro.</strong></span> 
     </span>
    </p>
   </div>
   <div class='ocr_carea' id='block_1_23' title="bbox 707 2355 2268 2412">
    <p class='ocr_par' dir='ltr' id='par_1_23' title="bbox 707 2355 2268 2412">
     <span class='ocr_line' id='line_1_23' title="bbox 707 2355 2268 2412; baseline -0.003 0"><span class='ocrx_word' id='word_1_178' title='bbox 707 2359 797 2412; x_wconf 77' lang='lat'><strong>35.</strong></span> <span class='ocrx_word' id='word_1_179' title='bbox 828 2357 927 2412; x_wconf 82' lang='lat' dir='ltr'><strong>Ille</strong></span> <span class='ocrx_word' id='word_1_180' title='bbox 945 2368 1049 2412; x_wconf 85' lang='lat' dir='ltr'><strong>erat</strong></span> <span class='ocrx_word' id='word_1_181' title='bbox 1071 2356 1274 2412; x_wconf 83' lang='lat' dir='ltr'><strong>lucerna</strong></span> <span class='ocrx_word' id='word_1_182' title='bbox 1303 2357 1485 2409; x_wconf 88' lang='lat' dir='ltr'><strong>ardens</strong></span> <span class='ocrx_word' id='word_1_183' title='bbox 1507 2361 1553 2408; x_wconf 85' lang='lat' dir='ltr'><strong>et</strong></span> <span class='ocrx_word' id='word_1_184' title='bbox 1577 2358 1746 2409; x_wconf 91' lang='lat' dir='ltr'><strong>lucens</strong></span> <span class='ocrx_word' id='word_1_185' title='bbox 1768 2371 1786 2408; x_wconf 92' lang='lat'><em>:</em></span> <span class='ocrx_word' id='word_1_186' title='bbox 1807 2371 1892 2409; x_wconf 75' lang='lat' dir='ltr'><strong>vos</strong></span> <span class='ocrx_word' id='word_1_187' title='bbox 1914 2365 2080 2408; x_wconf 80' lang='lat' dir='ltr'><strong>autent</strong></span> <span class='ocrx_word' id='word_1_188' title='bbox 2109 2355 2241 2409; x_wconf 83' lang='lat' dir='ltr'><strong>rotui</strong></span> <span class='ocrx_word' id='word_1_189' title='bbox 2254 2384 2268 2392; x_wconf 89' lang='lat'><strong>-</strong></span> 
     </span>
    </p>
   </div>
   <div class='ocr_carea' id='block_1_24' title="bbox 699 2447 2266 2519">
    <p class='ocr_par' dir='ltr' id='par_1_24' title="bbox 699 2447 2266 2519">
     <span class='ocr_line' id='line_1_24' title="bbox 699 2447 2266 2519; baseline -0.002 -17"><span class='ocrx_word' id='word_1_190' title='bbox 699 2450 788 2503; x_wconf 89' lang='lat' dir='ltr'><strong>stis</strong></span> <span class='ocrx_word' id='word_1_191' title='bbox 811 2449 1064 2504; x_wconf 76' lang='lat' dir='ltr'><strong>exsultare</strong></span> <span class='ocrx_word' id='word_1_192' title='bbox 1080 2450 1147 2502; x_wconf 87' lang='lat' dir='ltr'><strong>ad</strong></span> <span class='ocrx_word' id='word_1_193' title='bbox 1167 2452 1343 2502; x_wconf 85' lang='lat' dir='ltr'><strong>horam</strong></span> <span class='ocrx_word' id='word_1_194' title='bbox 1365 2450 1417 2502; x_wconf 88' lang='lat' dir='ltr'><strong>in</strong></span> <span class='ocrx_word' id='word_1_195' title='bbox 1444 2450 1556 2502; x_wconf 90' lang='lat' dir='ltr'><strong>luce</strong></span> <span class='ocrx_word' id='word_1_196' title='bbox 1578 2449 1709 2519; x_wconf 85' lang='lat' dir='ltr'><strong>ejus.</strong></span> <span class='ocrx_word' id='word_1_197' title='bbox 1741 2447 1817 2502; x_wconf 85' lang='lat' dir='ltr'><strong>Ne</strong></span> <span class='ocrx_word' id='word_1_198' title='bbox 1842 2448 2081 2502; x_wconf 85' lang='lat' dir='ltr'><strong>dicerent</strong></span> <span class='ocrx_word' id='word_1_199' title='bbox 2104 2449 2266 2512; x_wconf 88' lang='lat' dir='ltr'><strong>enim,</strong></span> 
     </span>
    </p>
   </div>
   <div class='ocr_carea' id='block_1_25' title="bbox 699 2539 2272 2607">
    <p class='ocr_par' dir='ltr' id='par_1_25' title="bbox 699 2539 2272 2607">
     <span class='ocr_line' id='line_1_25' title="bbox 699 2539 2272 2607; baseline 0 -14"><span class='ocrx_word' id='word_1_200' title='bbox 699 2539 855 2607; x_wconf 77' lang='lat' dir='ltr'><strong>Quid,</strong></span> <span class='ocrx_word' id='word_1_201' title='bbox 879 2540 923 2594; x_wconf 83' lang='lat' dir='ltr'><strong>si</strong></span> <span class='ocrx_word' id='word_1_202' title='bbox 956 2539 1045 2596; x_wconf 90' lang='lat' dir='ltr'><strong>ille</strong></span> <span class='ocrx_word' id='word_1_203' title='bbox 1071 2541 1223 2604; x_wconf 78' lang='lat' dir='ltr'><strong>dixit,</strong></span> <span class='ocrx_word' id='word_1_204' title='bbox 1251 2550 1306 2595; x_wconf 90' lang='lat' dir='ltr'><strong>et</strong></span> <span class='ocrx_word' id='word_1_205' title='bbox 1335 2554 1431 2593; x_wconf 88' lang='lat' dir='ltr'><strong>nos</strong></span> <span class='ocrx_word' id='word_1_206' title='bbox 1458 2555 1562 2593; x_wconf 90' lang='lat' dir='ltr'><strong>non</strong></span> <span class='ocrx_word' id='word_1_207' title='bbox 1592 2539 1928 2607; x_wconf 78' lang='lat' dir='ltr'><strong>recepimus?</strong></span> <span class='ocrx_word' id='word_1_208' title='bbox 1954 2539 2092 2592; x_wconf 87' lang='lat' dir='ltr'><strong>dicta</strong></span> <span class='ocrx_word' id='word_1_209' title='bbox 2122 2553 2272 2593; x_wconf 81' lang='lat' dir='ltr'><strong>rece-</strong></span> 
     </span>
    </p>
   </div>
   <div class='ocr_carea' id='block_1_26' title="bbox 699 2629 2274 2700">
    <p class='ocr_par' dir='ltr' id='par_1_26' title="bbox 699 2629 2274 2700">
     <span class='ocr_line' id='line_1_26' title="bbox 699 2629 2274 2700; baseline -0.003 -14"><span class='ocrx_word' id='word_1_210' title='bbox 699 2633 840 2700; x_wconf 83' lang='lat' dir='ltr'><strong>pisse</strong></span> <span class='ocrx_word' id='word_1_211' title='bbox 875 2632 994 2686; x_wconf 86' lang='lat' dir='ltr'><strong>illos</strong></span> <span class='ocrx_word' id='word_1_212' title='bbox 1037 2632 1292 2687; x_wconf 87' lang='lat' dir='ltr'><strong>ostendit.</strong></span> <span class='ocrx_word' id='word_1_213' title='bbox 1336 2630 1516 2700; x_wconf 84' lang='lat' dir='ltr'><strong>Neque</strong></span> <span class='ocrx_word' id='word_1_214' title='bbox 1560 2631 1703 2685; x_wconf 90' lang='lat' dir='ltr'><strong>enim</strong></span> <span class='ocrx_word' id='word_1_215' title='bbox 1740 2631 1984 2700; x_wconf 77' lang='lat' dir='ltr'><strong>vulgares</strong></span> <span class='ocrx_word' id='word_1_216' title='bbox 2032 2629 2274 2683; x_wconf 83' lang='lat' dir='ltr'><strong>homines</strong></span> 
     </span>
    </p>
   </div>
   <div class='ocr_carea' id='block_1_27' title="bbox 699 2720 2268 2787">
    <p class='ocr_par' dir='ltr' id='par_1_27' title="bbox 699 2720 2268 2787">
     <span class='ocr_line' id='line_1_27' title="bbox 699 2720 2268 2787; baseline -0.003 -13"><span class='ocrx_word' id='word_1_217' title='bbox 699 2724 976 2787; x_wconf 87' lang='lat' dir='ltr'><strong>miserunt,</strong></span> <span class='ocrx_word' id='word_1_218' title='bbox 1010 2723 1102 2777; x_wconf 88' lang='lat' dir='ltr'><strong>sed</strong></span> <span class='ocrx_word' id='word_1_219' title='bbox 1127 2723 1434 2777; x_wconf 86' lang='lat' dir='ltr'><strong>sacerdotes</strong></span> <span class='ocrx_word' id='word_1_220' title='bbox 1464 2731 1517 2776; x_wconf 90' lang='lat' dir='ltr'><strong>et</strong></span> <span class='ocrx_word' id='word_1_221' title='bbox 1541 2721 1856 2775; x_wconf 71' lang='lat' dir='ltr'><strong>Pinariswos.</strong></span> <span class='ocrx_word' id='word_1_222' title='bbox 1887 2720 1972 2775; x_wconf 89' lang='lat' dir='ltr'><strong>Sic</strong></span> <span class='ocrx_word' id='word_1_223' title='bbox 1998 2720 2268 2772; x_wconf 82' lang='lat' dir='ltr'><strong>hominem</strong></span> 
     </span>
    </p>
   </div>
   <div class='ocr_carea' id='block_1_28' title="bbox 699 2811 2267 2882">
    <p class='ocr_par' dir='ltr' id='par_1_28' title="bbox 699 2811 2267 2882">
     <span class='ocr_line' id='line_1_28' title="bbox 699 2811 2267 2882; baseline 0.001 -17"><span class='ocrx_word' id='word_1_224' title='bbox 699 2813 1056 2876; x_wconf 85' lang='lat' dir='ltr'><strong>mirabantur,</strong></span> <span class='ocrx_word' id='word_1_225' title='bbox 1094 2827 1191 2868; x_wconf 89' lang='lat' dir='ltr'><strong>nec</strong></span> <span class='ocrx_word' id='word_1_226' title='bbox 1221 2821 1465 2882; x_wconf 83' lang='lat' dir='ltr'><strong>poterant</strong></span> <span class='ocrx_word' id='word_1_227' title='bbox 1494 2814 1649 2867; x_wconf 88' lang='lat' dir='ltr'><strong>dictis</strong></span> <span class='ocrx_word' id='word_1_228' title='bbox 1670 2813 1783 2882; x_wconf 91' lang='lat' dir='ltr'><strong>ejus</strong></span> <span class='ocrx_word' id='word_1_229' title='bbox 1814 2813 2097 2867; x_wconf 87' lang='lat' dir='ltr'><strong>obsistere.</strong></span> <span class='ocrx_word' id='word_1_230' title='bbox 2133 2811 2267 2866; x_wconf 88' lang='lat' dir='ltr'><strong>Illud</strong></span> 
     </span>
    </p>
   </div>
   <div class='ocr_carea' id='block_1_29' title="bbox 696 2904 2263 2973">
    <p class='ocr_par' dir='ltr' id='par_1_29' title="bbox 696 2904 2263 2973">
     <span class='ocr_line' id='line_1_29' title="bbox 696 2904 2263 2973; baseline -0.002 -15"><span class='ocrx_word' id='word_1_231' title='bbox 696 2915 892 2970; x_wconf 86' lang='lat' dir='ltr'><strong>autem,</strong></span> <span class='ocrx_word' id='word_1_232' title='bbox 920 2905 998 2958; x_wconf 82' lang='lat' dir='ltr'><strong>Ad</strong></span> <span class='ocrx_word' id='word_1_233' title='bbox 1017 2905 1213 2973; x_wconf 88' lang='lat' dir='ltr'><strong>horam,</strong></span> <span class='ocrx_word' id='word_1_234' title='bbox 1244 2905 1459 2959; x_wconf 88' lang='lat' dir='ltr'><strong>nimiam</strong></span> <span class='ocrx_word' id='word_1_235' title='bbox 1483 2905 1691 2958; x_wconf 88' lang='lat' dir='ltr'><strong>illorum</strong></span> <span class='ocrx_word' id='word_1_236' title='bbox 1717 2905 2021 2959; x_wconf 77' lang='lat' dir='ltr'><strong>facilitatem</strong></span> <span class='ocrx_word' id='word_1_237' title='bbox 2051 2904 2263 2968; x_wconf 87' lang='lat' dir='ltr'><strong>iudicat,</strong></span> 
     </span>
    </p>
   </div>
   <div class='ocr_carea' id='block_1_30' title="bbox 697 2994 2271 3064">
    <p class='ocr_par' dir='ltr' id='par_1_30' title="bbox 697 2994 2271 3064">
     <span class='ocr_line' id='line_1_30' title="bbox 697 2994 2271 3064; baseline -0.001 -17"><span class='ocrx_word' id='word_1_238' title='bbox 697 2997 836 3064; x_wconf 88' lang='lat' dir='ltr'><strong>quod</strong></span> <span class='ocrx_word' id='word_1_239' title='bbox 868 2996 1074 3050; x_wconf 79' lang='lat' dir='ltr'><strong>scilicet</strong></span> <span class='ocrx_word' id='word_1_240' title='bbox 1115 2998 1221 3049; x_wconf 88' lang='lat' dir='ltr'><strong>cito</strong></span> <span class='ocrx_word' id='word_1_241' title='bbox 1266 2997 1332 3049; x_wconf 88' lang='lat' dir='ltr'><strong>ab</strong></span> <span class='ocrx_word' id='word_1_242' title='bbox 1364 2997 1453 3050; x_wconf 90' lang='lat' dir='ltr'><strong>illo</strong></span> <span class='ocrx_word' id='word_1_243' title='bbox 1480 2996 1783 3050; x_wconf 76' lang='lat' dir='ltr'><strong>resilLerint.</strong></span> <span class='ocrx_word' id='word_1_244' title='bbox 1828 2995 1918 3049; x_wconf 75' lang='lat'><strong>36.</strong></span> <span class='ocrx_word' id='word_1_245' title='bbox 1966 2994 2074 3064; x_wconf 82' lang='lat' dir='ltr'><strong>Ego</strong></span> <span class='ocrx_word' id='word_1_246' title='bbox 2103 3005 2271 3047; x_wconf 83' lang='lat' dir='ltr'><strong>autem</strong></span> 
     </span>
    </p>
   </div>
   <div class='ocr_carea' id='block_1_31' title="bbox 699 3084 2269 3153">
    <p class='ocr_par' dir='ltr' id='par_1_31' title="bbox 699 3084 2269 3153">
     <span class='ocr_line' id='line_1_31' title="bbox 699 3084 2269 3153; baseline 0.001 -16"><span class='ocrx_word' id='word_1_247' title='bbox 699 3087 855 3139; x_wconf 92' lang='lat' dir='ltr'><strong>habeo</strong></span> <span class='ocrx_word' id='word_1_248' title='bbox 876 3088 1040 3153; x_wconf 88' lang='lat' dir='ltr'><strong>majus</strong></span> <span class='ocrx_word' id='word_1_249' title='bbox 1068 3086 1400 3139; x_wconf 87' lang='lat' dir='ltr'><strong>testimonium</strong></span> <span class='ocrx_word' id='word_1_250' title='bbox 1433 3084 1655 3138; x_wconf 81' lang='lat' dir='ltr'><strong>Joanne.</strong></span> <span class='ocrx_word' id='word_1_251' title='bbox 1689 3086 1744 3139; x_wconf 88' lang='lat' dir='ltr'><strong>Si</strong></span> <span class='ocrx_word' id='word_1_252' title='bbox 1777 3085 1983 3139; x_wconf 81' lang='lat' dir='ltr'><strong>velletis</strong></span> <span class='ocrx_word' id='word_1_253' title='bbox 2007 3086 2146 3138; x_wconf 87' lang='lat' dir='ltr'><strong>enim</strong></span> <span class='ocrx_word' id='word_1_254' title='bbox 2181 3099 2269 3139; x_wconf 80' lang='lat' dir='ltr'><strong>se-</strong></span> 
     </span>
    </p>
   </div>
   <div class='ocr_carea' id='block_1_32' title="bbox 697 3175 2270 3244">
    <p class='ocr_par' dir='ltr' id='par_1_32' title="bbox 697 3175 2270 3244">
     <span class='ocr_line' id='line_1_32' title="bbox 697 3175 2270 3244; baseline 0.001 -16"><span class='ocrx_word' id='word_1_255' title='bbox 697 3178 924 3229; x_wconf 86' lang='lat' dir='ltr'><strong>cundum</strong></span> <span class='ocrx_word' id='word_1_256' title='bbox 947 3192 1125 3229; x_wconf 87' lang='lat' dir='ltr'><strong>veram</strong></span> <span class='ocrx_word' id='word_1_257' title='bbox 1154 3191 1331 3229; x_wconf 87' lang='lat' dir='ltr'><strong>rerum</strong></span> <span class='ocrx_word' id='word_1_258' title='bbox 1353 3178 1544 3230; x_wconf 88' lang='lat' dir='ltr'><strong>seriem</strong></span> <span class='ocrx_word' id='word_1_259' title='bbox 1575 3175 1729 3229; x_wconf 85' lang='lat' dir='ltr'><strong>iidem</strong></span> <span class='ocrx_word' id='word_1_260' title='bbox 1755 3177 2019 3244; x_wconf 76' lang='lat' dir='ltr'><strong>accipere,</strong></span> <span class='ocrx_word' id='word_1_261' title='bbox 2050 3177 2116 3229; x_wconf 92' lang='lat' dir='ltr'><strong>ab</strong></span> <span class='ocrx_word' id='word_1_262' title='bbox 2143 3191 2270 3244; x_wconf 84' lang='lat' dir='ltr'><strong>0pc-</strong></span> 
     </span>
    </p>
   </div>
   <div class='ocr_carea' id='block_1_33' title="bbox 698 3265 2266 3335">
    <p class='ocr_par' dir='ltr' id='par_1_33' title="bbox 698 3265 2266 3335">
     <span class='ocr_line' id='line_1_33' title="bbox 698 3265 2266 3335; baseline 0 -16"><span class='ocrx_word' id='word_1_263' title='bbox 698 3266 842 3319; x_wconf 72' lang='lat' dir='ltr'><strong>thus</strong></span> <span class='ocrx_word' id='word_1_264' title='bbox 871 3281 965 3318; x_wconf 91' lang='lat' dir='ltr'><strong>vos</strong></span> <span class='ocrx_word' id='word_1_265' title='bbox 991 3265 1154 3335; x_wconf 87' lang='lat' dir='ltr'><strong>magis</strong></span> <span class='ocrx_word' id='word_1_266' title='bbox 1186 3265 1532 3319; x_wconf 74' lang='lat' dir='ltr'><strong>induxissem.</strong></span> <span class='ocrx_word' id='word_1_267' title='bbox 1566 3266 1696 3332; x_wconf 79' lang='lat' dir='ltr'><strong>Quia</strong></span> <span class='ocrx_word' id='word_1_268' title='bbox 1722 3280 1849 3320; x_wconf 89' lang='lat' dir='ltr'><strong>vero</strong></span> <span class='ocrx_word' id='word_1_269' title='bbox 1873 3281 1976 3318; x_wconf 91' lang='lat' dir='ltr'><strong>non</strong></span> <span class='ocrx_word' id='word_1_270' title='bbox 2003 3267 2178 3331; x_wconf 86' lang='lat' dir='ltr'><strong>vultis,</strong></span> <span class='ocrx_word' id='word_1_271' title='bbox 2200 3266 2266 3319; x_wconf 88' lang='lat' dir='ltr'><strong>ad</strong></span> 
     </span>
    </p>
   </div>
   <div class='ocr_carea' id='block_1_34' title="bbox 697 3355 2264 3426">
    <p class='ocr_par' dir='ltr' id='par_1_34' title="bbox 697 3355 2264 3426">
     <span class='ocr_line' id='line_1_34' title="bbox 697 3355 2264 3426; baseline 0.001 -18"><span class='ocrx_word' id='word_1_272' title='bbox 697 3355 950 3410; x_wconf 88' lang='lat' dir='ltr'><strong>Joannem</strong></span> <span class='ocrx_word' id='word_1_273' title='bbox 975 3369 1066 3409; x_wconf 81' lang='lat' dir='ltr'><strong>vos</strong></span> <span class='ocrx_word' id='word_1_274' title='bbox 1087 3357 1253 3420; x_wconf 82' lang='lat' dir='ltr'><strong>duco;</strong></span> <span class='ocrx_word' id='word_1_275' title='bbox 1290 3371 1394 3408; x_wconf 89' lang='lat' dir='ltr'><strong>non</strong></span> <span class='ocrx_word' id='word_1_276' title='bbox 1422 3355 1561 3424; x_wconf 90' lang='lat' dir='ltr'><strong>quod</strong></span> <span class='ocrx_word' id='word_1_277' title='bbox 1590 3357 1704 3423; x_wconf 86' lang='lat' dir='ltr'><strong>ejus</strong></span> <span class='ocrx_word' id='word_1_278' title='bbox 1728 3370 1909 3426; x_wconf 80' lang='lat' dir='ltr'><strong>egeam</strong></span> <span class='ocrx_word' id='word_1_279' title='bbox 1938 3356 2264 3421; x_wconf 74' lang='lat' dir='ltr'><strong>testimonio;</strong></span> 
     </span>
    </p>
   </div>
   <div class='ocr_carea' id='block_1_35' title="bbox 696 3444 2265 3515">
    <p class='ocr_par' dir='ltr' id='par_1_35' title="bbox 696 3444 2265 3515">
     <span class='ocr_line' id='line_1_35' title="bbox 696 3444 2265 3515; baseline 0.003 -18"><span class='ocrx_word' id='word_1_280' title='bbox 696 3446 787 3500; x_wconf 74' lang='lat' dir='ltr'><strong>sed</strong></span> <span class='ocrx_word' id='word_1_281' title='bbox 819 3446 940 3515; x_wconf 87' lang='lat' dir='ltr'><strong>quia</strong></span> <span class='ocrx_word' id='word_1_282' title='bbox 968 3445 1085 3499; x_wconf 88' lang='lat' dir='ltr'><strong>ideo</strong></span> <span class='ocrx_word' id='word_1_283' title='bbox 1109 3447 1285 3498; x_wconf 86' lang='lat' dir='ltr'><strong>omnia</strong></span> <span class='ocrx_word' id='word_1_284' title='bbox 1327 3444 1464 3499; x_wconf 77' lang='lat' dir='ltr'><strong>facio</strong></span> <span class='ocrx_word' id='word_1_285' title='bbox 1504 3453 1560 3499; x_wconf 92' lang='lat' dir='ltr'><strong>ut</strong></span> <span class='ocrx_word' id='word_1_286' title='bbox 1600 3445 1749 3499; x_wconf 85' lang='lat' dir='ltr'><strong>vobis</strong></span> <span class='ocrx_word' id='word_1_287' title='bbox 1787 3447 2010 3500; x_wconf 83' lang='lat' dir='ltr'><strong>salutem</strong></span> <span class='ocrx_word' id='word_1_288' title='bbox 2043 3449 2265 3514; x_wconf 88' lang='lat' dir='ltr'><strong>pariam.</strong></span> 
     </span>
    </p>
   </div>
   <div class='ocr_carea' id='block_1_36' title="bbox 696 3537 2270 3608">
    <p class='ocr_par' dir='ltr' id='par_1_36' title="bbox 696 3537 2270 3608">
     <span class='ocr_line' id='line_1_36' title="bbox 696 3537 2270 3608; baseline 0.003 -17"><span class='ocrx_word' id='word_1_289' title='bbox 696 3537 1078 3593; x_wconf 61' lang='lat' dir='ltr'><strong>Testimonium</strong></span> <span class='ocrx_word' id='word_1_290' title='bbox 1120 3539 1262 3591; x_wconf 86' lang='lat' dir='ltr'><strong>enim</strong></span> <span class='ocrx_word' id='word_1_291' title='bbox 1305 3538 1473 3606; x_wconf 86' lang='lat' dir='ltr'><strong>majus</strong></span> <span class='ocrx_word' id='word_1_292' title='bbox 1509 3538 1679 3593; x_wconf 86' lang='lat' dir='ltr'><strong>habeo</strong></span> <span class='ocrx_word' id='word_1_293' title='bbox 1713 3553 1870 3608; x_wconf 90' lang='lat' dir='ltr'><strong>quam</strong></span> <span class='ocrx_word' id='word_1_294' title='bbox 1905 3539 2157 3595; x_wconf 82' lang='lat' dir='ltr'><strong>Joannis:</strong></span> <span class='ocrx_word' id='word_1_295' title='bbox 2202 3541 2270 3596; x_wconf 90' lang='lat' dir='ltr'><strong>ab</strong></span> 
     </span>
    </p>
   </div>
   <div class='ocr_carea' id='block_1_37' title="bbox 695 3625 2269 3697">
    <p class='ocr_par' dir='ltr' id='par_1_37' title="bbox 695 3625 2269 3697">
     <span class='ocr_line' id='line_1_37' title="bbox 695 3625 2269 3697; baseline 0.004 -17"><span class='ocrx_word' id='word_1_296' title='bbox 695 3628 962 3696; x_wconf 86' lang='lat' dir='ltr'><strong>operibus.</strong></span> <span class='ocrx_word' id='word_1_297' title='bbox 1007 3625 1198 3682; x_wconf 75' lang='lat' dir='ltr'><strong>Verum</strong></span> <span class='ocrx_word' id='word_1_298' title='bbox 1241 3628 1442 3681; x_wconf 90' lang='lat' dir='ltr'><strong>nonad</strong></span> <span class='ocrx_word' id='word_1_299' title='bbox 1483 3629 1534 3681; x_wconf 94' lang='lat' dir='ltr'><strong>id</strong></span> <span class='ocrx_word' id='word_1_300' title='bbox 1576 3638 1762 3697; x_wconf 89' lang='lat' dir='ltr'><strong>specto</strong></span> <span class='ocrx_word' id='word_1_301' title='bbox 1789 3630 1984 3696; x_wconf 85' lang='lat' dir='ltr'><strong>solum,</strong></span> <span class='ocrx_word' id='word_1_302' title='bbox 2021 3640 2130 3684; x_wconf 91' lang='lat' dir='ltr'><strong>uta</strong></span> <span class='ocrx_word' id='word_1_303' title='bbox 2163 3631 2269 3688; x_wconf 85' lang='lat' dir='ltr'><strong>lidc</strong></span> 
     </span>
    </p>
   </div>
   <div class='ocr_carea' id='block_1_38' title="bbox 698 3718 2271 3787">
    <p class='ocr_par' dir='ltr' id='par_1_38' title="bbox 698 3718 2271 3787">
     <span class='ocr_line' id='line_1_38' title="bbox 698 3718 2271 3787; baseline 0.004 -16"><span class='ocrx_word' id='word_1_304' title='bbox 698 3719 868 3787; x_wconf 82' lang='lat' dir='ltr'><strong>dignis</strong></span> <span class='ocrx_word' id='word_1_305' title='bbox 895 3718 1056 3772; x_wconf 72' lang='lat' dir='ltr'><strong>viris’</strong></span> <span class='ocrx_word' id='word_1_306' title='bbox 1083 3718 1220 3787; x_wconf 85' lang='lat' dir='ltr'><strong>apud</strong></span> <span class='ocrx_word' id='word_1_307' title='bbox 1250 3733 1346 3772; x_wconf 90' lang='lat' dir='ltr'><strong>vos</strong></span> <span class='ocrx_word' id='word_1_308' title='bbox 1387 3720 1761 3784; x_wconf 86' lang='lat' dir='ltr'><strong>commendcr;</strong></span> <span class='ocrx_word' id='word_1_309' title='bbox 1805 3721 1898 3774; x_wconf 89' lang='lat' dir='ltr'><strong>sed</strong></span> <span class='ocrx_word' id='word_1_310' title='bbox 1949 3729 2006 3774; x_wconf 92' lang='lat' dir='ltr'><strong>ut</strong></span> <span class='ocrx_word' id='word_1_311' title='bbox 2046 3736 2077 3774; x_wconf 90' lang='lat' dir='ltr'><strong>a</strong></span> <span class='ocrx_word' id='word_1_312' title='bbox 2122 3721 2271 3778; x_wconf 87' lang='lat' dir='ltr'><strong>vobis</strong></span> 
     </span>
    </p>
   </div>
   <div class='ocr_carea' id='block_1_39' title="bbox 699 3811 2275 3883">
    <p class='ocr_par' dir='ltr' id='par_1_39' title="bbox 699 3811 2275 3883">
     <span class='ocr_line' id='line_1_39' title="bbox 699 3811 2275 3883; baseline 0.003 -20"><span class='ocrx_word' id='word_1_313' title='bbox 699 3811 856 3875; x_wconf 90' lang='lat' dir='ltr'><strong>notis,</strong></span> <span class='ocrx_word' id='word_1_314' title='bbox 895 3811 983 3879; x_wconf 92' lang='lat' dir='ltr'><strong>qui</strong></span> <span class='ocrx_word' id='word_1_315' title='bbox 1017 3812 1154 3878; x_wconf 90' lang='lat' dir='ltr'><strong>apud</strong></span> <span class='ocrx_word' id='word_1_316' title='bbox 1196 3825 1290 3864; x_wconf 90' lang='lat' dir='ltr'><strong>vos</strong></span> <span class='ocrx_word' id='word_1_317' title='bbox 1335 3811 1603 3865; x_wconf 86' lang='lat' dir='ltr'><strong>mirabiles</strong></span> <span class='ocrx_word' id='word_1_318' title='bbox 1643 3811 1954 3867; x_wconf 88' lang='lat' dir='ltr'><strong>habeantur.</strong></span> <span class='ocrx_word' id='word_1_319' title='bbox 1999 3811 2088 3868; x_wconf 89' lang='lat' dir='ltr'><strong>Sic</strong></span> <span class='ocrx_word' id='word_1_320' title='bbox 2129 3826 2275 3883; x_wconf 85' lang='lat' dir='ltr'><strong>post-</strong></span> 
     </span>
    </p>
   </div>
   <div class='ocr_carea' id='block_1_40' title="bbox 697 3899 2271 3970">
    <p class='ocr_par' dir='ltr' id='par_1_40' title="bbox 697 3899 2271 3970">
     <span class='ocr_line' id='line_1_40' title="bbox 697 3899 2271 3970; baseline 0.006 -21"><span class='ocrx_word' id='word_1_321' title='bbox 697 3916 853 3970; x_wconf 85' lang='lat' dir='ltr'><strong>quam</strong></span> <span class='ocrx_word' id='word_1_322' title='bbox 884 3901 1002 3954; x_wconf 88' lang='lat' dir='ltr'><strong>illos</strong></span> <span class='ocrx_word' id='word_1_323' title='bbox 1029 3899 1319 3954; x_wconf 85' lang='lat' dir='ltr'><strong>incesserat</strong></span> <span class='ocrx_word' id='word_1_324' title='bbox 1349 3899 1428 3954; x_wconf 88' lang='lat' dir='ltr'><strong>his</strong></span> <span class='ocrx_word' id='word_1_325' title='bbox 1454 3901 1650 3967; x_wconf 85' lang='lat' dir='ltr'><strong>verbis,</strong></span> <span class='ocrx_word' id='word_1_326' title='bbox 1683 3901 1914 3956; x_wconf 82' lang='lat' dir='ltr'><strong>Voluistis</strong></span> <span class='ocrx_word' id='word_1_327' title='bbox 1935 3905 2188 3958; x_wconf 72' lang='lat' dir='ltr'><strong>exsultare</strong></span> <span class='ocrx_word' id='word_1_328' title='bbox 2206 3906 2271 3958; x_wconf 81' lang='lat' dir='ltr'><strong>ad</strong></span> 
     </span>
    </p>
   </div>
   <div class='ocr_carea' id='block_1_41' title="bbox 699 3991 2270 4064">
    <p class='ocr_par' dir='ltr' id='par_1_41' title="bbox 699 3991 2270 4064">
     <span class='ocr_line' id='line_1_41' title="bbox 699 3991 2270 4064; baseline 0.004 -20"><span class='ocrx_word' id='word_1_329' title='bbox 699 3995 872 4046; x_wconf 88' lang='lat' dir='ltr'><strong>horam</strong></span> <span class='ocrx_word' id='word_1_330' title='bbox 916 3993 966 4045; x_wconf 88' lang='lat' dir='ltr'><strong>in</strong></span> <span class='ocrx_word' id='word_1_331' title='bbox 1009 3992 1119 4045; x_wconf 82' lang='lat' dir='ltr'><strong>luce</strong></span> <span class='ocrx_word' id='word_1_332' title='bbox 1157 3993 1287 4062; x_wconf 87' lang='lat' dir='ltr'><strong>ejus,</strong></span> <span class='ocrx_word' id='word_1_333' title='bbox 1316 3991 1876 4064; x_wconf 87' lang='lat' dir='ltr'><strong>demoustraveratque</strong></span> <span class='ocrx_word' id='word_1_334' title='bbox 1917 3995 2042 4050; x_wconf 90' lang='lat' dir='ltr'><strong>illud</strong></span> <span class='ocrx_word' id='word_1_335' title='bbox 2086 4010 2270 4051; x_wconf 90' lang='lat' dir='ltr'><strong>eorum</strong></span> 
     </span>
    </p>
   </div>
   <div class='ocr_carea' id='block_1_42' title="bbox 698 4083 2271 4154">
    <p class='ocr_par' dir='ltr' id='par_1_42' title="bbox 698 4083 2271 4154">
     <span class='ocr_line' id='line_1_42' title="bbox 698 4083 2271 4154; baseline 0.005 -18"><span class='ocrx_word' id='word_1_336' title='bbox 698 4083 930 4137; x_wconf 82' lang='lat' dir='ltr'><strong>studium</strong></span> <span class='ocrx_word' id='word_1_337' title='bbox 954 4092 1348 4152; x_wconf 89' lang='lat' dir='ltr'><strong>temporancum</strong></span> <span class='ocrx_word' id='word_1_338' title='bbox 1369 4097 1431 4138; x_wconf 88' lang='lat' dir='ltr'><strong>ac</strong></span> <span class='ocrx_word' id='word_1_339' title='bbox 1451 4084 1667 4139; x_wconf 89' lang='lat' dir='ltr'><strong>minime</strong></span> <span class='ocrx_word' id='word_1_340' title='bbox 1691 4087 1900 4140; x_wconf 78' lang='lat' dir='ltr'><strong>firmum</strong></span> <span class='ocrx_word' id='word_1_341' title='bbox 1922 4086 2117 4154; x_wconf 78' lang='lat' dir='ltr'><strong>fuisse;</strong></span> <span class='ocrx_word' id='word_1_342' title='bbox 2149 4104 2271 4144; x_wconf 88' lang='lat' dir='ltr'><strong>cum</strong></span> 
     </span>
    </p>
   </div>
   <div class='ocr_carea' id='block_1_43' title="bbox 708 4176 2272 4251">
    <p class='ocr_par' dir='ltr' id='par_1_43' title="bbox 708 4176 2272 4251">
     <span class='ocr_line' id='line_1_43' title="bbox 708 4176 2272 4251; baseline 0.003 -17"><span class='ocrx_word' id='word_1_343' title='bbox 708 4179 967 4234; x_wconf 79' lang='lat' dir='ltr'><strong>lucernam</strong></span> <span class='ocrx_word' id='word_1_344' title='bbox 996 4176 1164 4244; x_wconf 88' lang='lat' dir='ltr'><strong>ipsum</strong></span> <span class='ocrx_word' id='word_1_345' title='bbox 1197 4177 1436 4242; x_wconf 85' lang='lat' dir='ltr'><strong>vocavit,</strong></span> <span class='ocrx_word' id='word_1_346' title='bbox 1468 4179 1702 4232; x_wconf 88' lang='lat' dir='ltr'><strong>ostendit</strong></span> <span class='ocrx_word' id='word_1_347' title='bbox 1732 4179 1901 4247; x_wconf 89' lang='lat' dir='ltr'><strong>ipsum</strong></span> <span class='ocrx_word' id='word_1_348' title='bbox 1929 4195 1959 4233; x_wconf 87' lang='lat' dir='ltr'><strong>a</strong></span> <span class='ocrx_word' id='word_1_349' title='bbox 1985 4183 2272 4251; x_wconf 87' lang='lat' dir='ltr'><strong>semetipso</strong></span> 
     </span>
    </p>
   </div>
   <div class='ocr_carea' id='block_1_44' title="bbox 702 4267 2274 4338">
    <p class='ocr_par' dir='ltr' id='par_1_44' title="bbox 702 4267 2274 4338">
     <span class='ocr_line' id='line_1_44' title="bbox 702 4267 2274 4338; baseline 0.003 -18"><span class='ocrx_word' id='word_1_350' title='bbox 702 4271 871 4324; x_wconf 86' lang='lat' dir='ltr'><strong>lucem</strong></span> <span class='ocrx_word' id='word_1_351' title='bbox 901 4283 1006 4322; x_wconf 89' lang='lat' dir='ltr'><strong>non</strong></span> <span class='ocrx_word' id='word_1_352' title='bbox 1035 4267 1252 4334; x_wconf 87' lang='lat' dir='ltr'><strong>habere,</strong></span> <span class='ocrx_word' id='word_1_353' title='bbox 1281 4269 1376 4322; x_wconf 88' lang='lat' dir='ltr'><strong>sed</strong></span> <span class='ocrx_word' id='word_1_354' title='bbox 1403 4283 1434 4320; x_wconf 87' lang='lat' dir='ltr'><strong>a</strong></span> <span class='ocrx_word' id='word_1_355' title='bbox 1462 4269 1631 4336; x_wconf 87' lang='lat' dir='ltr'><strong>gratia</strong></span> <span class='ocrx_word' id='word_1_356' title='bbox 1656 4269 1902 4338; x_wconf 88' lang='lat' dir='ltr'><strong>Spiritus.</strong></span> <span class='ocrx_word' id='word_1_357' title='bbox 1933 4269 2166 4325; x_wconf 84' lang='lat' dir='ltr'><strong>Necdum</strong></span> <span class='ocrx_word' id='word_1_358' title='bbox 2195 4281 2274 4324; x_wconf 86' lang='lat' dir='ltr'><strong>ta-</strong></span> 
     </span>
    </p>
   </div>
   <div class='ocr_carea' id='block_1_45' title="bbox 702 4358 2274 4433">
    <p class='ocr_par' dir='ltr' id='par_1_45' title="bbox 702 4358 2274 4433">
     <span class='ocr_line' id='line_1_45' title="bbox 702 4358 2274 4433; baseline 0.002 -19"><span class='ocrx_word' id='word_1_359' title='bbox 702 4377 821 4414; x_wconf 90' lang='lat' dir='ltr'><strong>men</strong></span> <span class='ocrx_word' id='word_1_360' title='bbox 851 4360 981 4413; x_wconf 80' lang='lat' dir='ltr'><strong>dixit</strong></span> <span class='ocrx_word' id='word_1_361' title='bbox 1012 4359 1065 4412; x_wconf 90' lang='lat' dir='ltr'><strong>in</strong></span> <span class='ocrx_word' id='word_1_362' title='bbox 1089 4375 1195 4428; x_wconf 90' lang='lat' dir='ltr'><strong>quo</strong></span> <span class='ocrx_word' id='word_1_363' title='bbox 1223 4358 1458 4413; x_wconf 87' lang='lat' dir='ltr'><strong>diil&#39;erret</strong></span> <span class='ocrx_word' id='word_1_364' title='bbox 1485 4359 1552 4412; x_wconf 91' lang='lat' dir='ltr'><strong>ab</strong></span> <span class='ocrx_word' id='word_1_365' title='bbox 1580 4359 1696 4428; x_wconf 91' lang='lat' dir='ltr'><strong>ipso</strong></span> <span class='ocrx_word' id='word_1_366' title='bbox 1719 4401 1732 4422; x_wconf 93' lang='lat'><strong>,</strong></span> <span class='ocrx_word' id='word_1_367' title='bbox 1763 4361 1902 4430; x_wconf 90' lang='lat' dir='ltr'><strong>quod</strong></span> <span class='ocrx_word' id='word_1_368' title='bbox 1929 4363 2133 4418; x_wconf 78' lang='lat' dir='ltr'><strong>scilicet</strong></span> <span class='ocrx_word' id='word_1_369' title='bbox 2162 4363 2274 4433; x_wconf 88' lang='lat' dir='ltr'><strong>ipse</strong></span> 
     </span>
    </p>
   </div>
   <div class='ocr_carea' id='block_1_46' title="bbox 701 4450 2270 4522">
    <p class='ocr_par' dir='ltr' id='par_1_46' title="bbox 701 4450 2270 4522">
     <span class='ocr_line' id='line_1_46' title="bbox 701 4450 2270 4522; baseline 0.004 -18"><span class='ocrx_word' id='word_1_370' title='bbox 701 4451 778 4504; x_wconf 86' lang='lat' dir='ltr'><strong>sol</strong></span> <span class='ocrx_word' id='word_1_371' title='bbox 797 4451 1011 4518; x_wconf 85' lang='lat' dir='ltr'><strong>justitiae</strong></span> <span class='ocrx_word' id='word_1_372' title='bbox 1033 4460 1206 4513; x_wconf 87' lang='lat' dir='ltr'><strong>esset;</strong></span> <span class='ocrx_word' id='word_1_373' title='bbox 1235 4450 1325 4504; x_wconf 86' lang='lat' dir='ltr'><strong>sed</strong></span> <span class='ocrx_word' id='word_1_374' title='bbox 1347 4464 1466 4504; x_wconf 91' lang='lat' dir='ltr'><strong>cum</strong></span> <span class='ocrx_word' id='word_1_375' title='bbox 1489 4450 1614 4504; x_wconf 90' lang='lat' dir='ltr'><strong>illud</strong></span> <span class='ocrx_word' id='word_1_376' title='bbox 1639 4451 2025 4508; x_wconf 87' lang='lat' dir='ltr'><strong>subindicasset</strong></span> <span class='ocrx_word' id='word_1_377' title='bbox 2048 4464 2270 4522; x_wconf 90' lang='lat' dir='ltr'><strong>tantum,</strong></span> 
     </span>
    </p>
   </div>
   <div class='ocr_carea' id='block_1_47' title="bbox 704 4541 2272 4616">
    <p class='ocr_par' dir='ltr' id='par_1_47' title="bbox 704 4541 2272 4616">
     <span class='ocr_line' id='line_1_47' title="bbox 704 4541 2272 4616; baseline 0.006 -21"><span class='ocrx_word' id='word_1_378' title='bbox 704 4544 753 4595; x_wconf 91' lang='lat' dir='ltr'><strong>in</strong></span> <span class='ocrx_word' id='word_1_379' title='bbox 799 4541 917 4595; x_wconf 90' lang='lat' dir='ltr'><strong>illos</strong></span> <span class='ocrx_word' id='word_1_380' title='bbox 956 4541 1300 4596; x_wconf 88' lang='lat' dir='ltr'><strong>vehementer</strong></span> <span class='ocrx_word' id='word_1_381' title='bbox 1344 4542 1638 4610; x_wconf 79' lang='lat' dir='ltr'><strong>invehitur,</strong></span> <span class='ocrx_word' id='word_1_382' title='bbox 1668 4545 2003 4616; x_wconf 85' lang='lat' dir='ltr'><strong>ostenditque</strong></span> <span class='ocrx_word' id='word_1_383' title='bbox 2031 4548 2150 4603; x_wconf 91' lang='lat' dir='ltr'><strong>illos</strong></span> <span class='ocrx_word' id='word_1_384' title='bbox 2179 4564 2272 4604; x_wconf 92' lang='lat' dir='ltr'><strong>e0-</strong></span> 
     </span>
    </p>
   </div>
   <div class='ocr_carea' id='block_1_48' title="bbox 701 4634 2272 4711">
    <p class='ocr_par' dir='ltr' id='par_1_48' title="bbox 701 4634 2272 4711">
     <span class='ocr_line' id='line_1_48' title="bbox 701 4634 2272 4711; baseline 0.004 -23"><span class='ocrx_word' id='word_1_385' title='bbox 701 4635 820 4688; x_wconf 89' lang='lat' dir='ltr'><strong>dem</strong></span> <span class='ocrx_word' id='word_1_386' title='bbox 867 4634 1030 4688; x_wconf 89' lang='lat' dir='ltr'><strong>animi</strong></span> <span class='ocrx_word' id='word_1_387' title='bbox 1084 4635 1393 4703; x_wconf 85' lang='lat' dir='ltr'><strong>proposito,</strong></span> <span class='ocrx_word' id='word_1_388' title='bbox 1446 4651 1551 4705; x_wconf 89' lang='lat' dir='ltr'><strong>quo</strong></span> <span class='ocrx_word' id='word_1_389' title='bbox 1603 4637 1748 4690; x_wconf 90' lang='lat' dir='ltr'><strong>illum</strong></span> <span class='ocrx_word' id='word_1_390' title='bbox 1803 4650 2272 4711; x_wconf 80' lang='lat' dir='ltr'><strong>contempserant,</strong></span> 
     </span>
    </p>
   </div>
   <div class='ocr_carea' id='block_1_49' title="bbox 703 4725 2276 4785">
    <p class='ocr_par' dir='ltr' id='par_1_49' title="bbox 703 4725 2276 4785">
     <span class='ocr_line' id='line_1_49' title="bbox 703 4725 2276 4785; baseline 0.004 -6"><span class='ocrx_word' id='word_1_391' title='bbox 703 4727 914 4779; x_wconf 71' lang='lat' dir='ltr'><strong>Christo</strong></span> <span class='ocrx_word' id='word_1_392' title='bbox 951 4725 1171 4779; x_wconf 90' lang='lat' dir='ltr'><strong>credere</strong></span> <span class='ocrx_word' id='word_1_393' title='bbox 1213 4726 1464 4780; x_wconf 83' lang='lat' dir='ltr'><strong>noluisse.</strong></span> <span class='ocrx_word' id='word_1_394' title='bbox 1513 4726 1643 4780; x_wconf 84' lang='lat' dir='ltr'><strong>Nam</strong></span> <span class='ocrx_word' id='word_1_395' title='bbox 1689 4726 1944 4782; x_wconf 80' lang='lat' dir='ltr'><strong>Joannem</strong></span> <span class='ocrx_word' id='word_1_396' title='bbox 1985 4731 2061 4782; x_wconf 82' lang='lat' dir='ltr'><strong>Ad</strong></span> <span class='ocrx_word' id='word_1_397' title='bbox 2100 4733 2276 4785; x_wconf 89' lang='lat' dir='ltr'><strong>horam</strong></span> 
     </span>
    </p>
   </div>
   <div class='ocr_carea' id='block_1_50' title="bbox 705 4814 2276 4886">
    <p class='ocr_par' dir='ltr' id='par_1_50' title="bbox 705 4814 2276 4886">
     <span class='ocr_line' id='line_1_50' title="bbox 705 4814 2276 4886; baseline 0.006 -18"><span class='ocrx_word' id='word_1_398' title='bbox 705 4815 876 4868; x_wconf 85' lang='lat' dir='ltr'><strong>solum</strong></span> <span class='ocrx_word' id='word_1_399' title='bbox 904 4814 1146 4868; x_wconf 83' lang='lat' dir='ltr'><strong>admirati</strong></span> <span class='ocrx_word' id='word_1_400' title='bbox 1188 4825 1347 4869; x_wconf 88' lang='lat' dir='ltr'><strong>sunt:</strong></span> <span class='ocrx_word' id='word_1_401' title='bbox 1376 4816 1515 4886; x_wconf 89' lang='lat' dir='ltr'><strong>quod</strong></span> <span class='ocrx_word' id='word_1_402' title='bbox 1563 4818 1661 4871; x_wconf 88' lang='lat' dir='ltr'><strong>nisi</strong></span> <span class='ocrx_word' id='word_1_403' title='bbox 1707 4817 1976 4886; x_wconf 79' lang='lat' dir='ltr'><strong>iecissent,</strong></span> <span class='ocrx_word' id='word_1_404' title='bbox 2009 4823 2114 4877; x_wconf 89' lang='lat' dir='ltr'><strong>cito</strong></span> <span class='ocrx_word' id='word_1_405' title='bbox 2157 4823 2276 4879; x_wconf 91' lang='lat' dir='ltr'><strong>illos</strong></span> 
     </span>
    </p>
   </div>
   <div class='ocr_carea' id='block_1_51' title="bbox 705 4905 2276 4983">
    <p class='ocr_par' dir='ltr' id='par_1_51' title="bbox 705 4905 2276 4983">
     <span class='ocr_line' id='line_1_51' title="bbox 705 4905 2276 4983; baseline 0.008 -25"><span class='ocrx_word' id='word_1_406' title='bbox 705 4906 769 4960; x_wconf 87' lang='lat' dir='ltr'><strong>ad</strong></span> <span class='ocrx_word' id='word_1_407' title='bbox 799 4905 980 4961; x_wconf 88' lang='lat' dir='ltr'><strong>Jesum</strong></span> <span class='ocrx_word' id='word_1_408' title='bbox 1006 4907 1260 4961; x_wconf 89' lang='lat' dir='ltr'><strong>ducturus</strong></span> <span class='ocrx_word' id='word_1_409' title='bbox 1287 4919 1420 4962; x_wconf 88' lang='lat' dir='ltr'><strong>erat.</strong></span> <span class='ocrx_word' id='word_1_410' title='bbox 1467 4909 1749 4979; x_wconf 82' lang='lat' dir='ltr'><strong>Postquam</strong></span> <span class='ocrx_word' id='word_1_411' title='bbox 1793 4913 1952 4983; x_wconf 91' lang='lat' dir='ltr'><strong>igitur</strong></span> <span class='ocrx_word' id='word_1_412' title='bbox 1987 4915 2104 4968; x_wconf 92' lang='lat' dir='ltr'><strong>illos</strong></span> <span class='ocrx_word' id='word_1_413' title='bbox 2133 4920 2276 4970; x_wconf 90' lang='lat' dir='ltr'><strong>omni</strong></span> 
     </span>
    </p>
   </div>
   <div class='ocr_carea' id='block_1_52' title="bbox 704 4995 2279 5074">
    <p class='ocr_par' dir='ltr' id='par_1_52' title="bbox 704 4995 2279 5074">
     <span class='ocr_line' id='line_1_52' title="bbox 704 4995 2279 5074; baseline 0.006 -24"><span class='ocrx_word' id='word_1_414' title='bbox 704 5012 768 5050; x_wconf 81' lang='lat' dir='ltr'><strong>ex</strong></span> <span class='ocrx_word' id='word_1_415' title='bbox 800 5005 948 5066; x_wconf 85' lang='lat' dir='ltr'><strong>parte</strong></span> <span class='ocrx_word' id='word_1_416' title='bbox 975 4995 1220 5067; x_wconf 89' lang='lat' dir='ltr'><strong>indignos</strong></span> <span class='ocrx_word' id='word_1_417' title='bbox 1245 5001 1395 5052; x_wconf 87' lang='lat' dir='ltr'><strong>venia</strong></span> <span class='ocrx_word' id='word_1_418' title='bbox 1426 5000 1748 5067; x_wconf 87' lang='lat' dir='ltr'><strong>ostenderat,</strong></span> <span class='ocrx_word' id='word_1_419' title='bbox 1773 5003 1974 5058; x_wconf 86' lang='lat' dir='ltr'><strong>addidit</strong></span> <span class='ocrx_word' id='word_1_420' title='bbox 2004 5022 2017 5056; x_wconf 88' lang='lat'><strong>:</strong></span> <span class='ocrx_word' id='word_1_421' title='bbox 2054 5005 2160 5074; x_wconf 77' lang='lat' dir='ltr'><strong>Ego</strong></span> <span class='ocrx_word' id='word_1_422' title='bbox 2186 5022 2279 5060; x_wconf 85' lang='lat' dir='ltr'><strong>au-</strong></span> 
     </span>
    </p>
   </div>
   <div class='ocr_carea' id='block_1_53' title="bbox 708 5088 2276 5166">
    <p class='ocr_par' dir='ltr' id='par_1_53' title="bbox 708 5088 2276 5166">
     <span class='ocr_line' id='line_1_53' title="bbox 708 5088 2276 5166; baseline 0.007 -25"><span class='ocrx_word' id='word_1_423' title='bbox 708 5100 804 5142; x_wconf 85' lang='lat' dir='ltr'><strong>tem</strong></span> <span class='ocrx_word' id='word_1_424' title='bbox 823 5088 978 5143; x_wconf 83' lang='lat' dir='ltr'><strong>habeo</strong></span> <span class='ocrx_word' id='word_1_425' title='bbox 997 5089 1335 5144; x_wconf 88' lang='lat' dir='ltr'><strong>testimonium</strong></span> <span class='ocrx_word' id='word_1_426' title='bbox 1360 5091 1524 5160; x_wconf 84' lang='lat' dir='ltr'><strong>majus</strong></span> <span class='ocrx_word' id='word_1_427' title='bbox 1546 5089 1763 5145; x_wconf 86' lang='lat' dir='ltr'><strong>Joanne.</strong></span> <span class='ocrx_word' id='word_1_428' title='bbox 1787 5095 1992 5160; x_wconf 77' lang='lat' dir='ltr'><strong>Quale?</strong></span> <span class='ocrx_word' id='word_1_429' title='bbox 2020 5097 2276 5166; x_wconf 89' lang='lat' dir='ltr'><strong>Operum.</strong></span> 
     </span>
    </p>
   </div>
   <div class='ocr_carea' id='block_1_54' title="bbox 711 5178 2278 5258">
    <p class='ocr_par' dir='ltr' id='par_1_54' title="bbox 711 5178 2278 5258">
     <span class='ocr_line' id='line_1_54' title="bbox 711 5178 2278 5258; baseline 0.008 -29"><span class='ocrx_word' id='word_1_430' title='bbox 711 5178 880 5246; x_wconf 82' lang='lat' dir='ltr'><strong>Opera</strong></span> <span class='ocrx_word' id='word_1_431' title='bbox 903 5180 1053 5242; x_wconf 86' lang='lat' dir='ltr'><strong>enim,</strong></span> <span class='ocrx_word' id='word_1_432' title='bbox 1077 5179 1266 5248; x_wconf 87' lang='lat' dir='ltr'><strong>inquit,</strong></span> <span class='ocrx_word' id='word_1_433' title='bbox 1291 5196 1404 5249; x_wconf 72' lang='lat' dir='ltr'><strong>qua:</strong></span> <span class='ocrx_word' id='word_1_434' title='bbox 1426 5182 1562 5234; x_wconf 85' lang='lat' dir='ltr'><strong>dedit</strong></span> <span class='ocrx_word' id='word_1_435' title='bbox 1590 5184 1712 5235; x_wconf 88' lang='lat' dir='ltr'><strong>mihi</strong></span> <span class='ocrx_word' id='word_1_436' title='bbox 1733 5183 1911 5250; x_wconf 86' lang='lat' dir='ltr'><strong>Pater,</strong></span> <span class='ocrx_word' id='word_1_437' title='bbox 1937 5198 1989 5239; x_wconf 88' lang='lat' dir='ltr'><strong>ut</strong></span> <span class='ocrx_word' id='word_1_438' title='bbox 2019 5189 2278 5258; x_wconf 75' lang='lat' dir='ltr'><strong>perﬁciam</strong></span> 
     </span>
    </p>
   </div>
   <div class='ocr_carea' id='block_1_55' title="bbox 707 5269 2280 5348">
    <p class='ocr_par' dir='ltr' id='par_1_55' title="bbox 707 5269 2280 5348">
     <span class='ocr_line' id='line_1_55' title="bbox 707 5269 2280 5348; baseline 0.008 -26"><span class='ocrx_word' id='word_1_439' title='bbox 707 5286 784 5333; x_wconf 84' lang='lat' dir='ltr'><strong>ea,</strong></span> <span class='ocrx_word' id='word_1_440' title='bbox 811 5269 922 5339; x_wconf 86' lang='lat' dir='ltr'><strong>ipsa</strong></span> <span class='ocrx_word' id='word_1_441' title='bbox 949 5285 1101 5338; x_wconf 86' lang='lat' dir='ltr'><strong>opera</strong></span> <span class='ocrx_word' id='word_1_442' title='bbox 1127 5271 1458 5324; x_wconf 86' lang='lat' dir='ltr'><strong>testimonium</strong></span> <span class='ocrx_word' id='word_1_443' title='bbox 1480 5273 1737 5341; x_wconf 83' lang='lat' dir='ltr'><strong>perhibent</strong></span> <span class='ocrx_word' id='word_1_444' title='bbox 1767 5275 1829 5328; x_wconf 90' lang='lat' dir='ltr'><strong>de</strong></span> <span class='ocrx_word' id='word_1_445' title='bbox 1859 5293 1954 5342; x_wconf 88' lang='lat' dir='ltr'><strong>me,</strong></span> <span class='ocrx_word' id='word_1_446' title='bbox 1981 5279 2099 5348; x_wconf 87' lang='lat' dir='ltr'><strong>quia</strong></span> <span class='ocrx_word' id='word_1_447' title='bbox 2125 5278 2280 5334; x_wconf 81' lang='lat' dir='ltr'><strong>Pater</strong></span> 
     </span>
    </p>
   </div>
   <div class='ocr_carea' id='block_1_56' title="bbox 651 5360 2279 5433">
    <p class='ocr_par' dir='ltr' id='par_1_56' title="bbox 651 5360 2279 5433">
     <span class='ocr_line' id='line_1_56' title="bbox 651 5360 2279 5433; baseline 0.01 -20"><span class='ocrx_word' id='word_1_448' title='bbox 651 5417 656 5423; x_wconf 91' lang='lat'>_</span> <span class='ocrx_word' id='word_1_449' title='bbox 709 5377 785 5414; x_wconf 82' lang='lat' dir='ltr'><strong>nte</strong></span> <span class='ocrx_word' id='word_1_450' title='bbox 823 5360 974 5414; x_wconf 89' lang='lat' dir='ltr'><strong>misit.</strong></span> <span class='ocrx_word' id='word_1_451' title='bbox 1022 5360 1118 5415; x_wconf 86' lang='lat' dir='ltr'><strong>llic</strong></span> <span class='ocrx_word' id='word_1_452' title='bbox 1161 5363 1506 5433; x_wconf 82' lang='lat' dir='ltr'><strong>paralytieum</strong></span> <span class='ocrx_word' id='word_1_453' title='bbox 1545 5376 1786 5420; x_wconf 89' lang='lat' dir='ltr'><strong>sanatum</strong></span> <span class='ocrx_word' id='word_1_454' title='bbox 1829 5378 1883 5422; x_wconf 88' lang='lat' dir='ltr'><strong>et</strong></span> <span class='ocrx_word' id='word_1_455' title='bbox 1911 5370 2042 5427; x_wconf 88' lang='lat' dir='ltr'><strong>alios</strong></span> <span class='ocrx_word' id='word_1_456' title='bbox 2084 5374 2279 5429; x_wconf 88' lang='lat' dir='ltr'><strong>multos</strong></span> 
     </span>
    </p>
   </div>
   <div class='ocr_carea' id='block_1_57' title="bbox 708 5451 2278 5533">
    <p class='ocr_par' dir='ltr' id='par_1_57' title="bbox 708 5451 2278 5533">
     <span class='ocr_line' id='line_1_57' title="bbox 708 5451 2278 5533; baseline 0.01 -29"><span class='ocrx_word' id='word_1_457' title='bbox 708 5461 1107 5506; x_wconf 88' lang='lat' dir='ltr'><strong>commemorat.</strong></span> <span class='ocrx_word' id='word_1_458' title='bbox 1136 5451 1302 5507; x_wconf 82' lang='lat' dir='ltr'><strong>Verba</strong></span> <span class='ocrx_word' id='word_1_459' title='bbox 1325 5453 1535 5522; x_wconf 89' lang='lat' dir='ltr'><strong>quidem</strong></span> <span class='ocrx_word' id='word_1_460' title='bbox 1556 5497 1569 5520; x_wconf 89' lang='lat'><strong>,</strong></span> <span class='ocrx_word' id='word_1_461' title='bbox 1601 5456 1821 5512; x_wconf 80' lang='lat' dir='ltr'><strong>dixisset</strong></span> <span class='ocrx_word' id='word_1_462' title='bbox 1849 5459 1983 5516; x_wconf 84' lang='lat' dir='ltr'><strong>forte</strong></span> <span class='ocrx_word' id='word_1_463' title='bbox 2019 5464 2278 5533; x_wconf 85' lang='lat' dir='ltr'><strong>quiSpiam</strong></span> 
     </span>
    </p>
   </div>
   <div class='ocr_carea' id='block_1_58' title="bbox 709 5536 2278 5614">
    <p class='ocr_par' dir='ltr' id='par_1_58' title="bbox 709 5536 2278 5614">
     <span class='ocr_line' id='line_1_58' title="bbox 709 5536 2278 5614; baseline 0.01 -28"><span class='ocrx_word' id='word_1_464' title='bbox 709 5549 926 5598; x_wconf 88' lang='lat' dir='ltr'><strong>eorum,</strong></span> <span class='ocrx_word' id='word_1_465' title='bbox 961 5536 1044 5589; x_wconf 90' lang='lat' dir='ltr'><strong>illa</strong></span> <span class='ocrx_word' id='word_1_466' title='bbox 1088 5537 1362 5605; x_wconf 75' lang='lat' dir='ltr'><strong>magnifica</strong></span> <span class='ocrx_word' id='word_1_467' title='bbox 1407 5537 1636 5594; x_wconf 87' lang='lat' dir='ltr'><strong>Joannes</strong></span> <span class='ocrx_word' id='word_1_468' title='bbox 1676 5542 1740 5596; x_wconf 88' lang='lat' dir='ltr'><strong>ad</strong></span> <span class='ocrx_word' id='word_1_469' title='bbox 1787 5544 2011 5612; x_wconf 82' lang='lat' dir='ltr'><strong>gratiam</strong></span> <span class='ocrx_word' id='word_1_470' title='bbox 2055 5546 2278 5614; x_wconf 75' lang='lat' dir='ltr'><strong>dixerit;</strong></span> 
     </span>
    </p>
   </div>
   <div class='ocr_carea' id='block_1_59' title="bbox 712 5618 2280 5703">
    <p class='ocr_par' dir='ltr' id='par_1_59' title="bbox 712 5618 2280 5703">
     <span class='ocr_line' id='line_1_59' title="bbox 712 5618 2280 5703; baseline 0.011 -31"><span class='ocrx_word' id='word_1_471' title='bbox 712 5618 833 5672; x_wconf 84' lang='lat' dir='ltr'><strong>licet</strong></span> <span class='ocrx_word' id='word_1_472' title='bbox 859 5629 1029 5671; x_wconf 75' lang='lat' dir='ltr'><strong>L&#39;IIIICII</strong></span> <span class='ocrx_word' id='word_1_473' title='bbox 1053 5620 1152 5674; x_wconf 88' lang='lat' dir='ltr'><strong>hoc</strong></span> <span class='ocrx_word' id='word_1_474' title='bbox 1171 5621 1347 5674; x_wconf 81' lang='lat' dir='ltr'><strong>dicere</strong></span> <span class='ocrx_word' id='word_1_475' title='bbox 1379 5639 1479 5673; x_wconf 89' lang='lat' dir='ltr'><strong>non</strong></span> <span class='ocrx_word' id='word_1_476' title='bbox 1512 5637 1723 5690; x_wconf 77' lang='lat' dir='ltr'><strong>possent</strong></span> <span class='ocrx_word' id='word_1_477' title='bbox 1748 5628 1812 5682; x_wconf 86' lang='lat' dir='ltr'><strong>dc</strong></span> <span class='ocrx_word' id='word_1_478' title='bbox 1838 5627 2042 5685; x_wconf 90' lang='lat' dir='ltr'><strong>Joanne</strong></span> <span class='ocrx_word' id='word_1_479' title='bbox 2069 5631 2135 5685; x_wconf 86' lang='lat' dir='ltr'><strong>ita</strong></span> <span class='ocrx_word' id='word_1_480' title='bbox 2167 5633 2280 5703; x_wconf 80' lang='lat' dir='ltr'><strong>plli-</strong></span> 
     </span>
    </p>
   </div>
   <div class='ocr_carea' id='block_1_60' title="bbox 777 5720 1765 5787">
    <p class='ocr_par' dir='ltr' id='par_1_60' title="bbox 777 5720 1765 5787">
     <span class='ocr_line' id='line_1_60' title="bbox 777 5720 1765 5787; baseline 0.013 -20"><span class='ocrx_word' id='word_1_481' title='bbox 777 5720 791 5750; x_wconf 80' lang='grc'>⁸</span> <span class='ocrx_word' id='word_1_482' title='bbox 831 5721 913 5770; x_wconf 77' lang='lat' dir='ltr'><strong>Aiii</strong></span> <span class='ocrx_word' id='word_1_483' title='bbox 938 5721 1133 5785; x_wconf 82' lang='lat' dir='ltr'><strong>habent,</strong></span> <span class='ocrx_word' id='word_1_484' title='bbox 1156 5730 1203 5774; x_wconf 84' lang='lat' dir='ltr'><strong>ut</strong></span> <span class='ocrx_word' id='word_1_485' title='bbox 1226 5738 1254 5773; x_wconf 87' lang='lat' dir='ltr'><strong>a</strong></span> <span class='ocrx_word' id='word_1_486' title='bbox 1282 5726 1559 5787; x_wconf 68' lang='lat' dir='ltr'><strong>propinquis</strong></span> <span class='ocrx_word' id='word_1_487' title='bbox 1585 5729 1765 5780; x_wconf 74' lang='lat' dir='ltr'><strong>reatris.</strong></span> 
     </span>
    </p>
   </div>
   <div class='ocr_carea' id='block_1_61' title="bbox 1453 318 3254 392">
    <p class='ocr_par' dir='ltr' id='par_1_61' title="bbox 1453 318 3254 392">
     <span class='ocr_line' id='line_1_61' title="bbox 1453 318 3254 392; baseline -0.008 0"><span class='ocrx_word' id='word_1_488' title='bbox 1453 339 1505 392; x_wconf 81' lang='lat' dir='ltr'><strong>S.</strong></span> <span class='ocrx_word' id='word_1_489' title='bbox 1547 330 1819 389; x_wconf 68' lang='lat' dir='ltr'><strong>JUANNIS</strong></span> <span class='ocrx_word' id='word_1_490' title='bbox 1856 321 2322 382; x_wconf 66' lang='lat' dir='ltr'><strong>CIIRYSOSTOMI</strong></span> <span class='ocrx_word' id='word_1_491' title='bbox 2362 320 2678 379; x_wconf 77' lang='lat' dir='ltr'><strong>ARCHIEP.</strong></span> <span class='ocrx_word' id='word_1_492' title='bbox 2721 318 3254 379; x_wconf 74' lang='lat' dir='ltr'><strong>CONSTANTINOP.</strong></span> 
     </span>
    </p>
   </div>
   <div class='ocr_carea' id='block_1_62' title="bbox 3869 319 3979 374">
    <p class='ocr_par' dir='ltr' id='par_1_62' title="bbox 3869 319 3979 374">
     <span class='ocr_line' id='line_1_62' title="bbox 3869 319 3979 374; baseline 0.027 -3"><span class='ocrx_word' id='word_1_493' title='bbox 3869 319 3979 374; x_wconf 61' lang='lat'><strong>‘23:!</strong></span> 
     </span>
    </p>
   </div>
   <div class='ocr_carea' id='block_1_63' title="bbox 2388 429 3972 502">
    <p class='ocr_par' dir='ltr' id='par_1_63' title="bbox 2388 429 3972 502">
     <span class='ocr_line' id='line_1_63' title="bbox 2388 429 3972 502; baseline -0.002 -17"><span class='ocrx_word' id='word_1_494' title='bbox 2388 432 2642 502; x_wconf 71' lang='lat' dir='ltr'><strong>Iosephim</strong></span> <span class='ocrx_word' id='word_1_495' title='bbox 2661 432 2921 496; x_wconf 89' lang='lat' dir='ltr'><strong>studioso,</strong></span> <span class='ocrx_word' id='word_1_496' title='bbox 2945 447 3102 501; x_wconf 85' lang='lat' dir='ltr'><strong>quem</strong></span> <span class='ocrx_word' id='word_1_497' title='bbox 3125 429 3522 486; x_wconf 87' lang='lat' dir='ltr'><strong>admirabantur</strong></span> <span class='ocrx_word' id='word_1_498' title='bbox 3548 447 3561 481; x_wconf 93' lang='lat'><em>:</em></span> <span class='ocrx_word' id='word_1_499' title='bbox 3586 443 3746 498; x_wconf 83' lang='lat' dir='ltr'><strong>opera</strong></span> <span class='ocrx_word' id='word_1_500' title='bbox 3768 439 3972 496; x_wconf 67' lang='lat' dir='ltr'><strong>amem,</strong></span> 
     </span>
    </p>
   </div>
   <div class='ocr_carea' id='block_1_64' title="bbox 2385 519 3975 593">
    <p class='ocr_par' dir='ltr' id='par_1_64' title="bbox 2385 519 3975 593">
     <span class='ocr_line' id='line_1_64' title="bbox 2385 519 3975 593; baseline -0.003 -17"><span class='ocrx_word' id='word_1_501' title='bbox 2385 524 2467 578; x_wconf 81' lang='lat' dir='ltr'><strong>vel</strong></span> <span class='ocrx_word' id='word_1_502' title='bbox 2491 523 2629 593; x_wconf 88' lang='lat' dir='ltr'><strong>apud</strong></span> <span class='ocrx_word' id='word_1_503' title='bbox 2653 525 2888 588; x_wconf 84' lang='lat' dir='ltr'><strong>insanos,</strong></span> <span class='ocrx_word' id='word_1_504' title='bbox 2915 523 3042 577; x_wconf 87' lang='lat' dir='ltr'><strong>nulli</strong></span> <span class='ocrx_word' id='word_1_505' title='bbox 3069 531 3222 576; x_wconf 89' lang='lat' dir='ltr'><strong>erant</strong></span> <span class='ocrx_word' id='word_1_506' title='bbox 3248 520 3535 590; x_wconf 86' lang='lat' dir='ltr'><strong>suspicioni</strong></span> <span class='ocrx_word' id='word_1_507' title='bbox 3565 519 3815 573; x_wconf 79' lang='lat' dir='ltr'><strong>obnoxia.</strong></span> <span class='ocrx_word' id='word_1_508' title='bbox 3851 519 3975 572; x_wconf 89' lang='lat' dir='ltr'><strong>Ideo</strong></span> 
     </span>
    </p>
   </div>
   <div class='ocr_carea' id='block_1_65' title="bbox 2385 610 3973 680">
    <p class='ocr_par' dir='ltr' id='par_1_65' title="bbox 2385 610 3973 680">
     <span class='ocr_line' id='line_1_65' title="bbox 2385 610 3973 680; baseline -0.004 -11"><span class='ocrx_word' id='word_1_509' title='bbox 2385 618 2611 670; x_wconf 87' lang='lat' dir='ltr'><strong>alterum</strong></span> <span class='ocrx_word' id='word_1_510' title='bbox 2641 615 2860 670; x_wconf 75' lang='lat' dir='ltr'><strong>adduxit</strong></span> <span class='ocrx_word' id='word_1_511' title='bbox 2891 614 3252 669; x_wconf 89' lang='lat' dir='ltr'><strong>testimonium</strong></span> <span class='ocrx_word' id='word_1_512' title='bbox 3283 613 3468 668; x_wconf 88' lang='lat' dir='ltr'><strong>dicens</strong></span> <span class='ocrx_word' id='word_1_513' title='bbox 3498 629 3510 663; x_wconf 93' lang='lat'>:</span> <span class='ocrx_word' id='word_1_514' title='bbox 3543 610 3712 680; x_wconf 83' lang='lat' dir='ltr'><strong>Opera</strong></span> <span class='ocrx_word' id='word_1_515' title='bbox 3741 627 3856 680; x_wconf 72' lang='lat' dir='ltr'><strong>qum</strong></span> <span class='ocrx_word' id='word_1_516' title='bbox 3879 613 3973 664; x_wconf 81' lang='lat' dir='ltr'><strong>de-</strong></span> 
     </span>
    </p>
   </div>
   <div class='ocr_carea' id='block_1_66' title="bbox 2386 702 3971 774">
    <p class='ocr_par' dir='ltr' id='par_1_66' title="bbox 2386 702 3971 774">
     <span class='ocr_line' id='line_1_66' title="bbox 2386 702 3971 774; baseline -0.003 -16"><span class='ocrx_word' id='word_1_517' title='bbox 2386 706 2460 759; x_wconf 85' lang='lat' dir='ltr'><strong>dit</strong></span> <span class='ocrx_word' id='word_1_518' title='bbox 2485 707 2607 768; x_wconf 81' lang='lat' dir='ltr'><strong>mihi</strong></span> <span class='ocrx_word' id='word_1_519' title='bbox 2635 705 2809 769; x_wconf 88' lang='lat' dir='ltr'><strong>Pater,</strong></span> <span class='ocrx_word' id='word_1_520' title='bbox 2839 714 2893 759; x_wconf 88' lang='lat' dir='ltr'><strong>ut</strong></span> <span class='ocrx_word' id='word_1_521' title='bbox 2920 705 3178 773; x_wconf 80' lang='lat' dir='ltr'><strong>perﬁciam</strong></span> <span class='ocrx_word' id='word_1_522' title='bbox 3203 720 3283 768; x_wconf 88' lang='lat' dir='ltr'><strong>ea,</strong></span> <span class='ocrx_word' id='word_1_523' title='bbox 3314 705 3426 772; x_wconf 90' lang='lat' dir='ltr'><strong>ipsa</strong></span> <span class='ocrx_word' id='word_1_524' title='bbox 3454 719 3606 772; x_wconf 81' lang='lat' dir='ltr'><strong>Opera</strong></span> <span class='ocrx_word' id='word_1_525' title='bbox 3633 717 3747 773; x_wconf 69' lang='lat' dir='ltr'><strong>qua</strong></span> <span class='ocrx_word' id='word_1_526' title='bbox 3769 718 3863 774; x_wconf 68' lang='lat' dir='ltr'><strong>ego</strong></span> <span class='ocrx_word' id='word_1_527' title='bbox 3891 702 3971 769; x_wconf 83' lang='lat' dir='ltr'><strong>fa-</strong></span> 
     </span>
    </p>
   </div>
   <div class='ocr_carea' id='block_1_67' title="bbox 2384 791 3972 861">
    <p class='ocr_par' dir='ltr' id='par_1_67' title="bbox 2384 791 3972 861">
     <span class='ocr_line' id='line_1_67' title="bbox 2384 791 3972 861; baseline -0.003 -12"><span class='ocrx_word' id='word_1_528' title='bbox 2384 797 2464 850; x_wconf 90' lang='lat' dir='ltr'><strong>cio</strong></span> <span class='ocrx_word' id='word_1_529' title='bbox 2483 805 2724 850; x_wconf 79' lang='lat' dir='ltr'><strong>testantur</strong></span> <span class='ocrx_word' id='word_1_530' title='bbox 2750 796 2811 848; x_wconf 90' lang='lat' dir='ltr'><strong>de</strong></span> <span class='ocrx_word' id='word_1_531' title='bbox 2833 812 2928 858; x_wconf 91' lang='lat' dir='ltr'><strong>me,</strong></span> <span class='ocrx_word' id='word_1_532' title='bbox 2949 795 3185 861; x_wconf 84' lang='lat' dir='ltr'><strong>quoniam</strong></span> <span class='ocrx_word' id='word_1_533' title='bbox 3217 794 3351 848; x_wconf 86' lang='lat' dir='ltr'><strong>misit</strong></span> <span class='ocrx_word' id='word_1_534' title='bbox 3377 810 3455 846; x_wconf 87' lang='lat' dir='ltr'><strong>me</strong></span> <span class='ocrx_word' id='word_1_535' title='bbox 3482 791 3653 846; x_wconf 86' lang='lat' dir='ltr'><strong>Pater.</strong></span> <span class='ocrx_word' id='word_1_536' title='bbox 3683 792 3780 846; x_wconf 79' lang='lat' dir='ltr'><strong>llic</strong></span> <span class='ocrx_word' id='word_1_537' title='bbox 3810 806 3972 846; x_wconf 85' lang='lat' dir='ltr'><strong>accu-</strong></span> 
     </span>
    </p>
   </div>
   <div class='ocr_carea' id='block_1_68' title="bbox 2384 882 3968 954">
    <p class='ocr_par' dir='ltr' id='par_1_68' title="bbox 2384 882 3968 954">
     <span class='ocr_line' id='line_1_68' title="bbox 2384 882 3968 954; baseline -0.004 -13"><span class='ocrx_word' id='word_1_538' title='bbox 2384 887 2642 942; x_wconf 87' lang='lat' dir='ltr'><strong>sationem</strong></span> <span class='ocrx_word' id='word_1_539' title='bbox 2672 886 2739 941; x_wconf 91' lang='lat' dir='ltr'><strong>de</strong></span> <span class='ocrx_word' id='word_1_540' title='bbox 2769 887 2964 940; x_wconf 87' lang='lat' dir='ltr'><strong>violato</strong></span> <span class='ocrx_word' id='word_1_541' title='bbox 2994 885 3213 942; x_wconf 84' lang='lat' dir='ltr'><strong>sabbato</strong></span> <span class='ocrx_word' id='word_1_542' title='bbox 3237 884 3470 954; x_wconf 88' lang='lat' dir='ltr'><strong>depellit.</strong></span> <span class='ocrx_word' id='word_1_543' title='bbox 3502 883 3633 951; x_wconf 85' lang='lat' dir='ltr'><strong>Quia</strong></span> <span class='ocrx_word' id='word_1_544' title='bbox 3657 883 3798 937; x_wconf 89' lang='lat' dir='ltr'><strong>enim</strong></span> <span class='ocrx_word' id='word_1_545' title='bbox 3826 882 3968 936; x_wconf 87' lang='lat' dir='ltr'><strong>diee-</strong></span> 
     </span>
    </p>
   </div>
   <div class='ocr_carea' id='block_1_69' title="bbox 2384 973 3970 1046">
    <p class='ocr_par' dir='ltr' id='par_1_69' title="bbox 2384 973 3970 1046">
     <span class='ocr_line' id='line_1_69' title="bbox 2384 973 3970 1046; baseline -0.004 -14"><span class='ocrx_word' id='word_1_546' title='bbox 2384 977 2510 1032; x_wconf 86' lang='lat' dir='ltr'><strong>bant</strong></span> <span class='ocrx_word' id='word_1_547' title='bbox 2540 977 2646 1040; x_wconf 88' lang='lat' dir='ltr'><strong>illi,</strong></span> <span class='ocrx_word' id='word_1_548' title='bbox 2678 976 2957 1046; x_wconf 83' lang='lat' dir='ltr'><strong>Quomodo</strong></span> <span class='ocrx_word' id='word_1_549' title='bbox 2983 986 3161 1046; x_wconf 87' lang='lat' dir='ltr'><strong>potest</strong></span> <span class='ocrx_word' id='word_1_550' title='bbox 3187 991 3215 1029; x_wconf 88' lang='lat' dir='ltr'><strong>a</strong></span> <span class='ocrx_word' id='word_1_551' title='bbox 3251 976 3357 1029; x_wconf 86' lang='lat' dir='ltr'><strong>Deo</strong></span> <span class='ocrx_word' id='word_1_552' title='bbox 3386 990 3504 1029; x_wconf 86' lang='lat' dir='ltr'><strong>esse</strong></span> <span class='ocrx_word' id='word_1_553' title='bbox 3524 1015 3538 1038; x_wconf 89' lang='lat'><strong>,</strong></span> <span class='ocrx_word' id='word_1_554' title='bbox 3569 975 3654 1044; x_wconf 92' lang='lat' dir='ltr'><strong>qui</strong></span> <span class='ocrx_word' id='word_1_555' title='bbox 3687 973 3970 1028; x_wconf 74' lang='lat' dir='ltr'><strong>Sabbatum</strong></span> 
     </span>
    </p>
   </div>
   <div class='ocr_carea' id='block_1_70' title="bbox 2385 1064 3969 1132">
    <p class='ocr_par' dir='ltr' id='par_1_70' title="bbox 2385 1064 3969 1132">
     <span class='ocr_line' id='line_1_70' title="bbox 2385 1064 3969 1132; baseline -0.003 -10"><span class='ocrx_word' id='word_1_556' title='bbox 2385 1084 2490 1122; x_wconf 90' lang='lat' dir='ltr'><strong>non</strong></span> <span class='ocrx_word' id='word_1_557' title='bbox 2538 1068 2804 1124; x_wconf 84' lang='lat' dir='ltr'><strong>custodit?</strong></span> <span class='ocrx_word' id='word_1_558' title='bbox 2855 1069 2975 1122; x_wconf 87' lang='lat' dir='ltr'><strong>ideo</strong></span> <span class='ocrx_word' id='word_1_559' title='bbox 3023 1068 3197 1129; x_wconf 81' lang='lat' dir='ltr'><strong>dixit,</strong></span> <span class='ocrx_word' id='word_1_560' title='bbox 3255 1068 3382 1132; x_wconf 78' lang='lat' dir='ltr'><strong>Qua:</strong></span> <span class='ocrx_word' id='word_1_561' title='bbox 3429 1067 3566 1120; x_wconf 83' lang='lat' dir='ltr'><strong>dedit</strong></span> <span class='ocrx_word' id='word_1_562' title='bbox 3615 1067 3738 1118; x_wconf 86' lang='lat' dir='ltr'><strong>mihi</strong></span> <span class='ocrx_word' id='word_1_563' title='bbox 3789 1064 3969 1119; x_wconf 86' lang='lat' dir='ltr'><strong>Pater.</strong></span> 
     </span>
    </p>
   </div>
   <div class='ocr_carea' id='block_1_71' title="bbox 2383 1155 3971 1226">
    <p class='ocr_par' dir='ltr' id='par_1_71' title="bbox 2383 1155 3971 1226">
     <span class='ocr_line' id='line_1_71' title="bbox 2383 1155 3971 1226; baseline -0.001 -15"><span class='ocrx_word' id='word_1_564' title='bbox 2383 1157 2605 1213; x_wconf 89' lang='lat' dir='ltr'><strong>Etiamsi</strong></span> <span class='ocrx_word' id='word_1_565' title='bbox 2653 1159 2739 1212; x_wconf 92' lang='lat' dir='ltr'><strong>ille</strong></span> <span class='ocrx_word' id='word_1_566' title='bbox 2779 1159 3093 1213; x_wconf 81' lang='lat' dir='ltr'><strong>auctoritate</strong></span> <span class='ocrx_word' id='word_1_567' title='bbox 3137 1173 3228 1212; x_wconf 86' lang='lat' dir='ltr'><strong>sua</strong></span> <span class='ocrx_word' id='word_1_568' title='bbox 3275 1167 3489 1226; x_wconf 80' lang='lat' dir='ltr'><strong>ageret;</strong></span> <span class='ocrx_word' id='word_1_569' title='bbox 3531 1156 3624 1210; x_wconf 90' lang='lat' dir='ltr'><strong>sed</strong></span> <span class='ocrx_word' id='word_1_570' title='bbox 3661 1166 3718 1209; x_wconf 90' lang='lat' dir='ltr'><strong>ut</strong></span> <span class='ocrx_word' id='word_1_571' title='bbox 3743 1155 3971 1209; x_wconf 86' lang='lat' dir='ltr'><strong>validius</strong></span> 
     </span>
    </p>
   </div>
   <div class='ocr_carea' id='block_1_72' title="bbox 2385 1245 3971 1319">
    <p class='ocr_par' dir='ltr' id='par_1_72' title="bbox 2385 1245 3971 1319">
     <span class='ocr_line' id='line_1_72' title="bbox 2385 1245 3971 1319; baseline -0.002 -16"><span class='ocrx_word' id='word_1_572' title='bbox 2385 1251 2633 1319; x_wconf 88' lang='lat' dir='ltr'><strong>probaret</strong></span> <span class='ocrx_word' id='word_1_573' title='bbox 2658 1266 2716 1305; x_wconf 89' lang='lat' dir='ltr'><strong>se</strong></span> <span class='ocrx_word' id='word_1_574' title='bbox 2741 1250 2882 1305; x_wconf 90' lang='lat' dir='ltr'><strong>Patri</strong></span> <span class='ocrx_word' id='word_1_575' title='bbox 2910 1249 3044 1304; x_wconf 87' lang='lat' dir='ltr'><strong>nihil</strong></span> <span class='ocrx_word' id='word_1_576' title='bbox 3075 1250 3402 1305; x_wconf 87' lang='lat' dir='ltr'><strong>contrarium</strong></span> <span class='ocrx_word' id='word_1_577' title='bbox 3433 1249 3610 1304; x_wconf 81' lang='lat' dir='ltr'><strong>facere</strong></span> <span class='ocrx_word' id='word_1_578' title='bbox 3629 1289 3644 1314; x_wconf 93' lang='lat'><strong>,</strong></span> <span class='ocrx_word' id='word_1_579' title='bbox 3675 1247 3794 1302; x_wconf 87' lang='lat' dir='ltr'><strong>ideo</strong></span> <span class='ocrx_word' id='word_1_580' title='bbox 3825 1245 3971 1317; x_wconf 90' lang='lat' dir='ltr'><strong>quod</strong></span> 
     </span>
    </p>
   </div>
   <div class='ocr_carea' id='block_1_73' title="bbox 2383 1340 3098 1410">
    <p class='ocr_par' dir='ltr' id='par_1_73' title="bbox 2383 1340 3098 1410">
     <span class='ocr_line' id='line_1_73' title="bbox 2383 1340 3098 1410; baseline 0 -16"><span class='ocrx_word' id='word_1_581' title='bbox 2383 1340 2537 1410; x_wconf 88' lang='lat' dir='ltr'><strong>longe</strong></span> <span class='ocrx_word' id='word_1_582' title='bbox 2564 1341 2736 1395; x_wconf 88' lang='lat' dir='ltr'><strong>minus</strong></span> <span class='ocrx_word' id='word_1_583' title='bbox 2763 1349 2880 1396; x_wconf 87' lang='lat' dir='ltr'><strong>erat</strong></span> <span class='ocrx_word' id='word_1_584' title='bbox 2906 1342 3098 1410; x_wconf 88' lang='lat' dir='ltr'><strong>posuit.</strong></span> 
     </span>
    </p>
   </div>
   <div class='ocr_carea' id='block_1_74' title="bbox 2453 1428 3972 1499">
    <p class='ocr_par' dir='ltr' id='par_1_74' title="bbox 2453 1428 3972 1499">
     <span class='ocr_line' id='line_1_74' title="bbox 2453 1428 3972 1499; baseline -0.003 -13"><span class='ocrx_word' id='word_1_585' title='bbox 2453 1431 2505 1486; x_wconf 77' lang='lat'><strong>5.</strong></span> <span class='ocrx_word' id='word_1_586' title='bbox 2529 1430 2697 1496; x_wconf 83' lang='lat' dir='ltr'><strong>Quare</strong></span> <span class='ocrx_word' id='word_1_587' title='bbox 2715 1430 2943 1485; x_wconf 82' lang='lat' dir='ltr'><strong>Christus</strong></span> <span class='ocrx_word' id='word_1_588' title='bbox 2966 1432 3044 1484; x_wconf 85' lang='lat' dir='ltr'><strong>hic</strong></span> <span class='ocrx_word' id='word_1_589' title='bbox 3064 1447 3127 1484; x_wconf 81' lang='lat' dir='ltr'><strong>ea:</strong></span> <span class='ocrx_word' id='word_1_590' title='bbox 3146 1429 3378 1499; x_wconf 85' lang='lat' dir='ltr'><strong>operibus</strong></span> <span class='ocrx_word' id='word_1_591' title='bbox 3397 1429 3502 1483; x_wconf 85' lang='lat' dir='ltr'><strong>suis</strong></span> <span class='ocrx_word' id='word_1_592' title='bbox 3519 1428 3828 1482; x_wconf 78' lang='lat' dir='ltr'><strong>divinitatem</strong></span> <span class='ocrx_word' id='word_1_593' title='bbox 3851 1429 3972 1482; x_wconf 63' lang='lat' dir='ltr'><strong>mis.</strong></span> 
     </span>
    </p>
   </div>
   <div class='ocr_carea' id='block_1_75' title="bbox 2381 1520 3968 1591">
    <p class='ocr_par' dir='ltr' id='par_1_75' title="bbox 2381 1520 3968 1591">
     <span class='ocr_line' id='line_1_75' title="bbox 2381 1520 3968 1591; baseline -0.001 -17"><span class='ocrx_word' id='word_1_594' title='bbox 2381 1520 2535 1574; x_wconf 83' lang='lat' dir='ltr'><strong>sionis</strong></span> <span class='ocrx_word' id='word_1_595' title='bbox 2549 1537 2654 1575; x_wconf 75' lang='lat' dir='ltr'><strong>sua:</strong></span> <span class='ocrx_word' id='word_1_596' title='bbox 2673 1530 2884 1585; x_wconf 83' lang='lat' dir='ltr'><strong>tantum,</strong></span> <span class='ocrx_word' id='word_1_597' title='bbox 2906 1522 3045 1575; x_wconf 84' lang='lat' dir='ltr'><strong>nulla</strong></span> <span class='ocrx_word' id='word_1_598' title='bbox 3066 1523 3128 1575; x_wconf 87' lang='lat' dir='ltr'><strong>de</strong></span> <span class='ocrx_word' id='word_1_599' title='bbox 3145 1538 3238 1575; x_wconf 87' lang='lat' dir='ltr'><strong>sua</strong></span> <span class='ocrx_word' id='word_1_600' title='bbox 3259 1521 3516 1575; x_wconf 79' lang='lat' dir='ltr'><strong>divinitate</strong></span> <span class='ocrx_word' id='word_1_601' title='bbox 3538 1521 3788 1574; x_wconf 85' lang='lat' dir='ltr'><strong>mentione</strong></span> <span class='ocrx_word' id='word_1_602' title='bbox 3807 1523 3968 1591; x_wconf 62' lang='lat' dir='ltr'><strong>facta,</strong></span> 
     </span>
    </p>
   </div>
   <div class='ocr_carea' id='block_1_76' title="bbox 2382 1609 3974 1682">
    <p class='ocr_par' dir='ltr' id='par_1_76' title="bbox 2382 1609 3974 1682">
     <span class='ocr_line' id='line_1_76' title="bbox 2382 1609 3974 1682; baseline 0.001 -20"><span class='ocrx_word' id='word_1_603' title='bbox 2382 1611 2626 1664; x_wconf 88' lang='lat' dir='ltr'><strong>adstruat.</strong></span> <span class='ocrx_word' id='word_1_604' title='bbox 2676 1609 2832 1664; x_wconf 81' lang='lat' dir='ltr'><strong>Pater</strong></span> <span class='ocrx_word' id='word_1_605' title='bbox 2869 1612 3117 1682; x_wconf 90' lang='lat' dir='ltr'><strong>quomodo</strong></span> <span class='ocrx_word' id='word_1_606' title='bbox 3157 1612 3395 1665; x_wconf 84' lang='lat' dir='ltr'><strong>audiatur</strong></span> <span class='ocrx_word' id='word_1_607' title='bbox 3431 1621 3477 1665; x_wconf 90' lang='lat' dir='ltr'><strong>et</strong></span> <span class='ocrx_word' id='word_1_608' title='bbox 3511 1611 3759 1667; x_wconf 79' lang='lat' dir='ltr'><strong>videatur.</strong></span> <span class='ocrx_word' id='word_1_609' title='bbox 3800 1612 3974 1678; x_wconf 77' lang='lat' dir='ltr'><strong>Quare</strong></span> 
     </span>
    </p>
   </div>
   <div class='ocr_carea' id='block_1_77' title="bbox 2379 1697 3972 1771">
    <p class='ocr_par' dir='ltr' id='par_1_77' title="bbox 2379 1697 3972 1771">
     <span class='ocr_line' id='line_1_77' title="bbox 2379 1697 3972 1771; baseline 0.003 -20"><span class='ocrx_word' id='word_1_610' title='bbox 2379 1697 2589 1754; x_wconf 73' lang='lat' dir='ltr'><strong>Iuda-:os</strong></span> <span class='ocrx_word' id='word_1_611' title='bbox 2613 1700 2842 1755; x_wconf 79' lang='lat' dir='ltr'><strong>(.hristus</strong></span> <span class='ocrx_word' id='word_1_612' title='bbox 2864 1701 2932 1754; x_wconf 88' lang='lat' dir='ltr'><strong>ad</strong></span> <span class='ocrx_word' id='word_1_613' title='bbox 2957 1702 3252 1771; x_wconf 87' lang='lat' dir='ltr'><strong>Scripturas</strong></span> <span class='ocrx_word' id='word_1_614' title='bbox 3272 1702 3538 1756; x_wconf 86' lang='lat' dir='ltr'><strong>remiserit.</strong></span> <span class='ocrx_word' id='word_1_615' title='bbox 3562 1730 3634 1741; x_wconf 91' lang='lat'><strong>—</strong></span> <span class='ocrx_word' id='word_1_616' title='bbox 3654 1701 3720 1755; x_wconf 84' lang='lat' dir='ltr'><strong>Et</strong></span> <span class='ocrx_word' id='word_1_617' title='bbox 3745 1715 3864 1767; x_wconf 90' lang='lat' dir='ltr'><strong>cur,</strong></span> <span class='ocrx_word' id='word_1_618' title='bbox 3890 1703 3972 1756; x_wconf 90' lang='lat' dir='ltr'><strong>in-</strong></span> 
     </span>
    </p>
   </div>
   <div class='ocr_carea' id='block_1_78' title="bbox 2381 1790 3972 1862">
    <p class='ocr_par' dir='ltr' id='par_1_78' title="bbox 2381 1790 3972 1862">
     <span class='ocr_line' id='line_1_78' title="bbox 2381 1790 3972 1862; baseline 0.004 -22"><span class='ocrx_word' id='word_1_619' title='bbox 2381 1791 2531 1859; x_wconf 85' lang='lat' dir='ltr'><strong>quies</strong></span> <span class='ocrx_word' id='word_1_620' title='bbox 2556 1831 2568 1854; x_wconf 92' lang='lat'><strong>,</strong></span> <span class='ocrx_word' id='word_1_621' title='bbox 2602 1806 2706 1846; x_wconf 89' lang='lat' dir='ltr'><strong>non</strong></span> <span class='ocrx_word' id='word_1_622' title='bbox 2735 1791 2886 1854; x_wconf 82' lang='lat' dir='ltr'><strong>dixit,</strong></span> <span class='ocrx_word' id='word_1_623' title='bbox 2919 1791 3092 1861; x_wconf 85' lang='lat' dir='ltr'><strong>Opera</strong></span> <span class='ocrx_word' id='word_1_624' title='bbox 3122 1806 3240 1862; x_wconf 71' lang='lat' dir='ltr'><strong>qua:</strong></span> <span class='ocrx_word' id='word_1_625' title='bbox 3265 1790 3413 1846; x_wconf 89' lang='lat' dir='ltr'><strong>dedit</strong></span> <span class='ocrx_word' id='word_1_626' title='bbox 3444 1792 3572 1846; x_wconf 85' lang='lat' dir='ltr'><strong>mihi</strong></span> <span class='ocrx_word' id='word_1_627' title='bbox 3603 1792 3782 1859; x_wconf 88' lang='lat' dir='ltr'><strong>Pater,</strong></span> <span class='ocrx_word' id='word_1_628' title='bbox 3817 1794 3972 1846; x_wconf 84' lang='lat' dir='ltr'><strong>testi-</strong></span> 
     </span>
    </p>
   </div>
   <div class='ocr_carea' id='block_1_79' title="bbox 2383 1879 3973 1952">
    <p class='ocr_par' dir='ltr' id='par_1_79' title="bbox 2383 1879 3973 1952">
     <span class='ocr_line' id='line_1_79' title="bbox 2383 1879 3973 1952; baseline 0.004 -20"><span class='ocrx_word' id='word_1_629' title='bbox 2383 1879 2609 1936; x_wconf 81' lang='lat' dir='ltr'><strong>ﬁcantur</strong></span> <span class='ocrx_word' id='word_1_630' title='bbox 2634 1896 2719 1936; x_wconf 89' lang='lat' dir='ltr'><strong>me</strong></span> <span class='ocrx_word' id='word_1_631' title='bbox 2748 1881 2888 1936; x_wconf 87' lang='lat' dir='ltr'><strong>Patri</strong></span> <span class='ocrx_word' id='word_1_632' title='bbox 2916 1882 3174 1951; x_wconf 78' lang='lat' dir='ltr'><strong>:rqualcm</strong></span> <span class='ocrx_word' id='word_1_633' title='bbox 3204 1883 3364 1938; x_wconf 85' lang='lat' dir='ltr'><strong>esse?</strong></span> <span class='ocrx_word' id='word_1_634' title='bbox 3401 1881 3561 1938; x_wconf 84' lang='lat' dir='ltr'><strong>Certe</strong></span> <span class='ocrx_word' id='word_1_635' title='bbox 3590 1891 3881 1952; x_wconf 88' lang='lat' dir='ltr'><strong>utrumque</strong></span> <span class='ocrx_word' id='word_1_636' title='bbox 3903 1899 3973 1939; x_wconf 76' lang='lat' dir='ltr'><strong>es</strong></span> 
     </span>
    </p>
   </div>
   <div class='ocr_carea' id='block_1_80' title="bbox 2381 1972 3972 2043">
    <p class='ocr_par' dir='ltr' id='par_1_80' title="bbox 2381 1972 3972 2043">
     <span class='ocr_line' id='line_1_80' title="bbox 2381 1972 3972 2043; baseline 0.005 -21"><span class='ocrx_word' id='word_1_637' title='bbox 2381 1972 2631 2038; x_wconf 89' lang='lat' dir='ltr'><strong>operibus</strong></span> <span class='ocrx_word' id='word_1_638' title='bbox 2677 1972 2840 2027; x_wconf 89' lang='lat' dir='ltr'><strong>edisci</strong></span> <span class='ocrx_word' id='word_1_639' title='bbox 2888 1981 3112 2042; x_wconf 82' lang='lat' dir='ltr'><strong>poterat,</strong></span> <span class='ocrx_word' id='word_1_640' title='bbox 3143 1982 3195 2029; x_wconf 85' lang='lat' dir='ltr'><strong>et</strong></span> <span class='ocrx_word' id='word_1_641' title='bbox 3241 1975 3412 2043; x_wconf 86' lang='lat' dir='ltr'><strong>ipsum</strong></span> <span class='ocrx_word' id='word_1_642' title='bbox 3457 1974 3587 2028; x_wconf 89' lang='lat' dir='ltr'><strong>nihil</strong></span> <span class='ocrx_word' id='word_1_643' title='bbox 3632 1975 3972 2030; x_wconf 87' lang='lat' dir='ltr'><strong>contrarium</strong></span> 
     </span>
    </p>
   </div>
   <div class='ocr_carea' id='block_1_81' title="bbox 2382 2062 3976 2137">
    <p class='ocr_par' dir='ltr' id='par_1_81' title="bbox 2382 2062 3976 2137">
     <span class='ocr_line' id='line_1_81' title="bbox 2382 2062 3976 2137; baseline 0.004 -21"><span class='ocrx_word' id='word_1_644' title='bbox 2382 2062 2526 2117; x_wconf 89' lang='lat' dir='ltr'><strong>Patri</strong></span> <span class='ocrx_word' id='word_1_645' title='bbox 2575 2063 2773 2129; x_wconf 80' lang='lat' dir='ltr'><strong>facere,</strong></span> <span class='ocrx_word' id='word_1_646' title='bbox 2811 2074 2867 2119; x_wconf 90' lang='lat' dir='ltr'><strong>et</strong></span> <span class='ocrx_word' id='word_1_647' title='bbox 2911 2067 3169 2134; x_wconf 62' lang='lat' dir='ltr'><strong>aequalem</strong></span> <span class='ocrx_word' id='word_1_648' title='bbox 3209 2066 3438 2135; x_wconf 79' lang='lat' dir='ltr'><strong>genitori</strong></span> <span class='ocrx_word' id='word_1_649' title='bbox 3482 2081 3633 2134; x_wconf 84' lang='lat' dir='ltr'><strong>esse,</strong></span> <span class='ocrx_word' id='word_1_650' title='bbox 3663 2065 3712 2120; x_wconf 91' lang='lat' dir='ltr'><strong>id</strong></span> <span class='ocrx_word' id='word_1_651' title='bbox 3743 2067 3888 2137; x_wconf 90' lang='lat' dir='ltr'><strong>quod</strong></span> <span class='ocrx_word' id='word_1_652' title='bbox 3917 2078 3976 2124; x_wconf 89' lang='lat' dir='ltr'><strong>et</strong></span> 
     </span>
    </p>
   </div>
   <div class='ocr_carea' id='block_1_82' title="bbox 2378 2154 3976 2226">
    <p class='ocr_par' dir='ltr' id='par_1_82' title="bbox 2378 2154 3976 2226">
     <span class='ocr_line' id='line_1_82' title="bbox 2378 2154 3976 2226; baseline 0.004 -20"><span class='ocrx_word' id='word_1_653' title='bbox 2378 2155 2502 2208; x_wconf 88' lang='lat' dir='ltr'><strong>alibi</strong></span> <span class='ocrx_word' id='word_1_654' title='bbox 2534 2155 2721 2224; x_wconf 83' lang='lat' dir='ltr'><strong>probat</strong></span> <span class='ocrx_word' id='word_1_655' title='bbox 2746 2169 2867 2209; x_wconf 87' lang='lat' dir='ltr'><strong>cum</strong></span> <span class='ocrx_word' id='word_1_656' title='bbox 2898 2154 3025 2210; x_wconf 87' lang='lat' dir='ltr'><strong>dicit</strong></span> <span class='ocrx_word' id='word_1_657' title='bbox 3054 2172 3068 2208; x_wconf 90' lang='lat'><em>:</em></span> <span class='ocrx_word' id='word_1_658' title='bbox 3102 2155 3164 2210; x_wconf 89' lang='lat' dir='ltr'><strong>Si</strong></span> <span class='ocrx_word' id='word_1_659' title='bbox 3196 2157 3319 2210; x_wconf 85' lang='lat' dir='ltr'><strong>mihi</strong></span> <span class='ocrx_word' id='word_1_660' title='bbox 3348 2173 3448 2210; x_wconf 88' lang='lat' dir='ltr'><strong>non</strong></span> <span class='ocrx_word' id='word_1_661' title='bbox 3479 2158 3703 2220; x_wconf 85' lang='lat' dir='ltr'><strong>creditis,</strong></span> <span class='ocrx_word' id='word_1_662' title='bbox 3733 2159 3976 2226; x_wconf 80' lang='lat' dir='ltr'><strong>operibus</strong></span> 
     </span>
    </p>
   </div>
   <div class='ocr_carea' id='block_1_83' title="bbox 2379 2247 3976 2319">
    <p class='ocr_par' dir='ltr' id='par_1_83' title="bbox 2379 2247 3976 2319">
     <span class='ocr_line' id='line_1_83' title="bbox 2379 2247 3976 2319; baseline 0.006 -22"><span class='ocrx_word' id='word_1_663' title='bbox 2379 2247 2500 2299; x_wconf 88' lang='lat' dir='ltr'><strong>meis</strong></span> <span class='ocrx_word' id='word_1_664' title='bbox 2537 2247 2723 2299; x_wconf 85' lang='lat' dir='ltr'><strong>credite</strong></span> <span class='ocrx_word' id='word_1_665' title='bbox 2747 2288 2761 2312; x_wconf 90' lang='lat'><strong>,</strong></span> <span class='ocrx_word' id='word_1_666' title='bbox 2797 2256 2849 2299; x_wconf 87' lang='lat' dir='ltr'><strong>ut</strong></span> <span class='ocrx_word' id='word_1_667' title='bbox 2876 2249 3045 2300; x_wconf 88' lang='lat' dir='ltr'><strong>sciatis</strong></span> <span class='ocrx_word' id='word_1_668' title='bbox 3068 2257 3116 2301; x_wconf 87' lang='lat' dir='ltr'><strong>et</strong></span> <span class='ocrx_word' id='word_1_669' title='bbox 3136 2247 3351 2301; x_wconf 87' lang='lat' dir='ltr'><strong>credatis</strong></span> <span class='ocrx_word' id='word_1_670' title='bbox 3374 2249 3494 2317; x_wconf 88' lang='lat' dir='ltr'><strong>quia</strong></span> <span class='ocrx_word' id='word_1_671' title='bbox 3520 2264 3611 2319; x_wconf 88' lang='lat' dir='ltr'><strong>ego</strong></span> <span class='ocrx_word' id='word_1_672' title='bbox 3637 2249 3690 2300; x_wconf 87' lang='lat' dir='ltr'><strong>in</strong></span> <span class='ocrx_word' id='word_1_673' title='bbox 3722 2247 3904 2316; x_wconf 85' lang='lat' dir='ltr'><strong>Patre,</strong></span> <span class='ocrx_word' id='word_1_674' title='bbox 3927 2262 3976 2305; x_wconf 83' lang='lat' dir='ltr'><strong>et</strong></span> 
     </span>
    </p>
   </div>
   <div class='ocr_carea' id='block_1_84' title="bbox 2383 2334 3974 2409">
    <p class='ocr_par' dir='ltr' id='par_1_84' title="bbox 2383 2334 3974 2409">
     <span class='ocr_line' id='line_1_84' title="bbox 2383 2334 3974 2409; baseline 0.004 -21"><span class='ocrx_word' id='word_1_675' title='bbox 2383 2334 2539 2389; x_wconf 79' lang='lat' dir='ltr'><strong>Pater</strong></span> <span class='ocrx_word' id='word_1_676' title='bbox 2569 2337 2619 2389; x_wconf 90' lang='lat' dir='ltr'><strong>in</strong></span> <span class='ocrx_word' id='word_1_677' title='bbox 2647 2353 2725 2390; x_wconf 89' lang='lat' dir='ltr'><strong>me</strong></span> <span class='ocrx_word' id='word_1_678' title='bbox 2750 2349 2822 2391; x_wconf 89' lang='lat' dir='ltr'><strong>est</strong></span> <span class='ocrx_word' id='word_1_679' title='bbox 2856 2337 3033 2408; x_wconf 84' lang='lat' dir='ltr'><strong>(Joan.</strong></span> <span class='ocrx_word' id='word_1_680' title='bbox 3060 2337 3144 2392; x_wconf 84' lang='grc'><strong>10.</strong></span> <span class='ocrx_word' id='word_1_681' title='bbox 3179 2337 3296 2408; x_wconf 79' lang='lat'><strong>38).</strong></span> <span class='ocrx_word' id='word_1_682' title='bbox 3345 2338 3637 2408; x_wconf 90' lang='lat' dir='ltr'><strong>Utrumque</strong></span> <span class='ocrx_word' id='word_1_683' title='bbox 3662 2382 3675 2404; x_wconf 92' lang='lat'><strong>,</strong></span> <span class='ocrx_word' id='word_1_684' title='bbox 3709 2340 3930 2409; x_wconf 86' lang='lat' dir='ltr'><strong>inquam</strong></span> <span class='ocrx_word' id='word_1_685' title='bbox 3958 2382 3974 2403; x_wconf 89' lang='lat'><strong>,</strong></span> 
     </span>
    </p>
   </div>
   <div class='ocr_carea' id='block_1_85' title="bbox 2383 2427 3978 2498">
    <p class='ocr_par' dir='ltr' id='par_1_85' title="bbox 2383 2427 3978 2498">
     <span class='ocr_line' id='line_1_85' title="bbox 2383 2427 3978 2498; baseline 0.004 -18"><span class='ocrx_word' id='word_1_686' title='bbox 2383 2427 2692 2482; x_wconf 81' lang='lat' dir='ltr'><strong>testiﬁcatus</strong></span> <span class='ocrx_word' id='word_1_687' title='bbox 2715 2437 2877 2490; x_wconf 86' lang='lat' dir='ltr'><strong>esset.</strong></span> <span class='ocrx_word' id='word_1_688' title='bbox 2903 2437 2956 2482; x_wconf 88' lang='lat' dir='ltr'><strong>ct</strong></span> <span class='ocrx_word' id='word_1_689' title='bbox 2981 2443 3040 2482; x_wconf 89' lang='lat' dir='ltr'><strong>se</strong></span> <span class='ocrx_word' id='word_1_690' title='bbox 3067 2429 3322 2498; x_wconf 61' lang='lat' dir='ltr'><strong>(aqualem</strong></span> <span class='ocrx_word' id='word_1_691' title='bbox 3346 2443 3467 2484; x_wconf 89' lang='lat' dir='ltr'><strong>esse</strong></span> <span class='ocrx_word' id='word_1_692' title='bbox 3493 2429 3654 2494; x_wconf 83' lang='lat' dir='ltr'><strong>Patri,</strong></span> <span class='ocrx_word' id='word_1_693' title='bbox 3677 2441 3729 2485; x_wconf 92' lang='lat' dir='ltr'><strong>et</strong></span> <span class='ocrx_word' id='word_1_694' title='bbox 3751 2447 3813 2486; x_wconf 90' lang='lat' dir='ltr'><strong>se</strong></span> <span class='ocrx_word' id='word_1_695' title='bbox 3835 2432 3978 2488; x_wconf 89' lang='lat' dir='ltr'><strong>nihil</strong></span> 
     </span>
    </p>
   </div>
   <div class='ocr_carea' id='block_1_86' title="bbox 2381 2519 3981 2596">
    <p class='ocr_par' dir='ltr' id='par_1_86' title="bbox 2381 2519 3981 2596">
     <span class='ocr_line' id='line_1_86' title="bbox 2381 2519 3981 2596; baseline 0.004 -23"><span class='ocrx_word' id='word_1_696' title='bbox 2381 2519 2554 2574; x_wconf 78' lang='lat' dir='ltr'><strong>facere</strong></span> <span class='ocrx_word' id='word_1_697' title='bbox 2580 2521 2718 2575; x_wconf 88' lang='lat' dir='ltr'><strong>Patri</strong></span> <span class='ocrx_word' id='word_1_698' title='bbox 2749 2523 3092 2576; x_wconf 87' lang='lat' dir='ltr'><strong>contrarium.</strong></span> <span class='ocrx_word' id='word_1_699' title='bbox 3138 2521 3247 2577; x_wconf 89' lang='lat' dir='ltr'><strong>Cur</strong></span> <span class='ocrx_word' id='word_1_700' title='bbox 3284 2537 3414 2594; x_wconf 82' lang='lat' dir='ltr'><strong>ergo</strong></span> <span class='ocrx_word' id='word_1_701' title='bbox 3452 2538 3556 2580; x_wconf 91' lang='lat' dir='ltr'><strong>non</strong></span> <span class='ocrx_word' id='word_1_702' title='bbox 3597 2525 3676 2580; x_wconf 91' lang='lat' dir='ltr'><strong>sic</strong></span> <span class='ocrx_word' id='word_1_703' title='bbox 3717 2527 3981 2596; x_wconf 89' lang='lat' dir='ltr'><strong>loquutus</strong></span> 
     </span>
    </p>
   </div>
   <div class='ocr_carea' id='block_1_87' title="bbox 2378 2612 3976 2686">
    <p class='ocr_par' dir='ltr' id='par_1_87' title="bbox 2378 2612 3976 2686">
     <span class='ocr_line' id='line_1_87' title="bbox 2378 2612 3976 2686; baseline 0.005 -21"><span class='ocrx_word' id='word_1_704' title='bbox 2378 2620 2482 2676; x_wconf 88' lang='lat' dir='ltr'><strong>est,</strong></span> <span class='ocrx_word' id='word_1_705' title='bbox 2516 2612 2609 2666; x_wconf 88' lang='lat' dir='ltr'><strong>sed</strong></span> <span class='ocrx_word' id='word_1_706' title='bbox 2637 2613 2841 2682; x_wconf 90' lang='lat' dir='ltr'><strong>majore</strong></span> <span class='ocrx_word' id='word_1_707' title='bbox 2871 2622 3021 2683; x_wconf 89' lang='lat' dir='ltr'><strong>parte</strong></span> <span class='ocrx_word' id='word_1_708' title='bbox 3049 2613 3256 2680; x_wconf 88' lang='lat' dir='ltr'><strong>relicta,</strong></span> <span class='ocrx_word' id='word_1_709' title='bbox 3290 2616 3553 2672; x_wconf 89' lang='lat' dir='ltr'><strong>minorem</strong></span> <span class='ocrx_word' id='word_1_710' title='bbox 3584 2618 3801 2686; x_wconf 82' lang='lat' dir='ltr'><strong>posuit?</strong></span> <span class='ocrx_word' id='word_1_711' title='bbox 3831 2619 3976 2686; x_wconf 84' lang='lat' dir='ltr'><strong>Quia</strong></span> 
     </span>
    </p>
   </div>
   <div class='ocr_carea' id='block_1_88' title="bbox 2375 2701 3978 2778">
    <p class='ocr_par' dir='ltr' id='par_1_88' title="bbox 2375 2701 3978 2778">
     <span class='ocr_line' id='line_1_88' title="bbox 2375 2701 3978 2778; baseline 0.006 -24"><span class='ocrx_word' id='word_1_712' title='bbox 2375 2701 2476 2754; x_wconf 83' lang='lat' dir='ltr'><strong>hoc</strong></span> <span class='ocrx_word' id='word_1_713' title='bbox 2499 2702 2726 2770; x_wconf 91' lang='lat' dir='ltr'><strong>primum</strong></span> <span class='ocrx_word' id='word_1_714' title='bbox 2746 2713 2880 2769; x_wconf 88' lang='lat' dir='ltr'><strong>erat,</strong></span> <span class='ocrx_word' id='word_1_715' title='bbox 2903 2702 2973 2759; x_wconf 89' lang='lat' dir='ltr'><strong>de</strong></span> <span class='ocrx_word' id='word_1_716' title='bbox 2994 2720 3100 2774; x_wconf 89' lang='lat' dir='ltr'><strong>quo</strong></span> <span class='ocrx_word' id='word_1_717' title='bbox 3121 2714 3238 2759; x_wconf 89' lang='lat' dir='ltr'><strong>erat</strong></span> <span class='ocrx_word' id='word_1_718' title='bbox 3259 2706 3502 2774; x_wconf 64' lang='lat' dir='ltr'><strong>quaestio.</strong></span> <span class='ocrx_word' id='word_1_719' title='bbox 3530 2706 3662 2760; x_wconf 83' lang='lat' dir='ltr'><strong>Nam</strong></span> <span class='ocrx_word' id='word_1_720' title='bbox 3688 2709 3788 2764; x_wconf 88' lang='lat' dir='ltr'><strong>etsi</strong></span> <span class='ocrx_word' id='word_1_721' title='bbox 3811 2708 3978 2778; x_wconf 88' lang='lat' dir='ltr'><strong>longe</strong></span> 
     </span>
    </p>
   </div>
   <div class='ocr_carea' id='block_1_89' title="bbox 2375 2794 3978 2867">
    <p class='ocr_par' dir='ltr' id='par_1_89' title="bbox 2375 2794 3978 2867">
     <span class='ocr_line' id='line_1_89' title="bbox 2375 2794 3978 2867; baseline 0.005 -20"><span class='ocrx_word' id='word_1_722' title='bbox 2375 2794 2550 2848; x_wconf 90' lang='lat' dir='ltr'><strong>minus</strong></span> <span class='ocrx_word' id='word_1_723' title='bbox 2579 2804 2661 2849; x_wconf 83' lang='lat' dir='ltr'><strong>est</strong></span> <span class='ocrx_word' id='word_1_724' title='bbox 2687 2795 2831 2849; x_wconf 86' lang='lat' dir='ltr'><strong>credi</strong></span> <span class='ocrx_word' id='word_1_725' title='bbox 2863 2795 3033 2863; x_wconf 92' lang='lat' dir='ltr'><strong>ipsum</strong></span> <span class='ocrx_word' id='word_1_726' title='bbox 3062 2811 3093 2850; x_wconf 88' lang='lat' dir='ltr'><strong>a</strong></span> <span class='ocrx_word' id='word_1_727' title='bbox 3122 2795 3230 2851; x_wconf 90' lang='lat' dir='ltr'><strong>Deo</strong></span> <span class='ocrx_word' id='word_1_728' title='bbox 3250 2797 3480 2862; x_wconf 79' lang='lat' dir='ltr'><strong>veniSSe,</strong></span> <span class='ocrx_word' id='word_1_729' title='bbox 3499 2813 3656 2867; x_wconf 84' lang='lat' dir='ltr'><strong>quam</strong></span> <span class='ocrx_word' id='word_1_730' title='bbox 3680 2800 3828 2854; x_wconf 89' lang='lat' dir='ltr'><strong>credi</strong></span> <span class='ocrx_word' id='word_1_731' title='bbox 3859 2801 3978 2855; x_wconf 88' lang='lat' dir='ltr'><strong>Deo</strong></span> 
     </span>
    </p>
   </div>
   <div class='ocr_carea' id='block_1_90' title="bbox 2377 2887 3979 2957">
    <p class='ocr_par' dir='ltr' id='par_1_90' title="bbox 2377 2887 3979 2957">
     <span class='ocr_line' id='line_1_90' title="bbox 2377 2887 3979 2957; baseline 0.004 -16"><span class='ocrx_word' id='word_1_732' title='bbox 2377 2887 2632 2955; x_wconf 69' lang='lat' dir='ltr'><strong>rcqnalem</strong></span> <span class='ocrx_word' id='word_1_733' title='bbox 2651 2901 2800 2952; x_wconf 88' lang='lat' dir='ltr'><strong>esse;</strong></span> <span class='ocrx_word' id='word_1_734' title='bbox 2825 2887 2951 2942; x_wconf 91' lang='lat' dir='ltr'><strong>illud</strong></span> <span class='ocrx_word' id='word_1_735' title='bbox 2969 2889 3110 2943; x_wconf 90' lang='lat' dir='ltr'><strong>enim</strong></span> <span class='ocrx_word' id='word_1_736' title='bbox 3134 2887 3408 2957; x_wconf 72' lang='lat' dir='ltr'><strong>propheta:</strong></span> <span class='ocrx_word' id='word_1_737' title='bbox 3429 2888 3696 2956; x_wconf 82' lang='lat' dir='ltr'><strong>dixerant,</strong></span> <span class='ocrx_word' id='word_1_738' title='bbox 3720 2889 3823 2946; x_wconf 90' lang='lat' dir='ltr'><strong>boc</strong></span> <span class='ocrx_word' id='word_1_739' title='bbox 3840 2908 3979 2948; x_wconf 77' lang='lat' dir='ltr'><strong>vero</strong></span> 
     </span>
    </p>
   </div>
   <div class='ocr_carea' id='block_1_91' title="bbox 2376 2979 3976 3050">
    <p class='ocr_par' dir='ltr' id='par_1_91' title="bbox 2376 2979 3976 3050">
     <span class='ocr_line' id='line_1_91' title="bbox 2376 2979 3976 3050; baseline 0.005 -20"><span class='ocrx_word' id='word_1_740' title='bbox 2376 2979 2625 3042; x_wconf 87' lang='lat' dir='ltr'><strong>minime;</strong></span> <span class='ocrx_word' id='word_1_741' title='bbox 2651 2986 2880 3032; x_wconf 88' lang='lat' dir='ltr'><strong>attamen</strong></span> <span class='ocrx_word' id='word_1_742' title='bbox 2905 2980 3017 3047; x_wconf 84' lang='lat' dir='ltr'><strong>ipse</strong></span> <span class='ocrx_word' id='word_1_743' title='bbox 3037 2980 3103 3033; x_wconf 91' lang='lat' dir='ltr'><strong>de</strong></span> <span class='ocrx_word' id='word_1_744' title='bbox 3123 2980 3328 3035; x_wconf 91' lang='lat' dir='ltr'><strong>minore</strong></span> <span class='ocrx_word' id='word_1_745' title='bbox 3348 2991 3499 3048; x_wconf 89' lang='lat' dir='ltr'><strong>parte</strong></span> <span class='ocrx_word' id='word_1_746' title='bbox 3519 2994 3766 3050; x_wconf 86' lang='lat' dir='ltr'><strong>magnam</strong></span> <span class='ocrx_word' id='word_1_747' title='bbox 3780 2996 3976 3038; x_wconf 85' lang='lat' dir='ltr'><strong>curam</strong></span> 
     </span>
    </p>
   </div>
   <div class='ocr_carea' id='block_1_92' title="bbox 2375 3070 3978 3139">
    <p class='ocr_par' dir='ltr' id='par_1_92' title="bbox 2375 3070 3978 3139">
     <span class='ocr_line' id='line_1_92' title="bbox 2375 3070 3978 3139; baseline 0.003 -15"><span class='ocrx_word' id='word_1_748' title='bbox 2375 3070 2556 3135; x_wconf 87' lang='lat' dir='ltr'><strong>habet,</strong></span> <span class='ocrx_word' id='word_1_749' title='bbox 2587 3085 2780 3139; x_wconf 88' lang='lat' dir='ltr'><strong>gnarus</strong></span> <span class='ocrx_word' id='word_1_750' title='bbox 2814 3071 2858 3124; x_wconf 91' lang='lat' dir='ltr'><strong>si</strong></span> <span class='ocrx_word' id='word_1_751' title='bbox 2905 3071 3004 3124; x_wconf 90' lang='lat' dir='ltr'><strong>hoc</strong></span> <span class='ocrx_word' id='word_1_752' title='bbox 3047 3071 3360 3125; x_wconf 87' lang='lat' dir='ltr'><strong>admittatur</strong></span> <span class='ocrx_word' id='word_1_753' title='bbox 3383 3073 3421 3137; x_wconf 75' lang='lat'><strong>&#39;,</strong></span> <span class='ocrx_word' id='word_1_754' title='bbox 3455 3071 3582 3126; x_wconf 93' lang='lat' dir='ltr'><strong>illud</strong></span> <span class='ocrx_word' id='word_1_755' title='bbox 3614 3073 3778 3127; x_wconf 88' lang='lat' dir='ltr'><strong>etiam</strong></span> <span class='ocrx_word' id='word_1_756' title='bbox 3812 3075 3978 3130; x_wconf 78' lang='lat' dir='ltr'><strong>facile</strong></span> 
     </span>
    </p>
   </div>
   <div class='ocr_carea' id='block_1_93' title="bbox 2372 3159 3978 3229">
    <p class='ocr_par' dir='ltr' id='par_1_93' title="bbox 2372 3159 3978 3229">
     <span class='ocr_line' id='line_1_93' title="bbox 2372 3159 3978 3229; baseline 0.005 -17"><span class='ocrx_word' id='word_1_757' title='bbox 2372 3159 2664 3213; x_wconf 89' lang='lat' dir='ltr'><strong>admissum</strong></span> <span class='ocrx_word' id='word_1_758' title='bbox 2692 3160 2752 3213; x_wconf 91' lang='lat' dir='ltr'><strong>iri</strong></span> <span class='ocrx_word' id='word_1_759' title='bbox 2776 3199 2791 3225; x_wconf 93' lang='lat'><strong>,</strong></span> <span class='ocrx_word' id='word_1_760' title='bbox 2821 3168 2875 3215; x_wconf 90' lang='lat' dir='ltr'><strong>et</strong></span> <span class='ocrx_word' id='word_1_761' title='bbox 2900 3160 3100 3229; x_wconf 90' lang='lat' dir='ltr'><strong>majore</strong></span> <span class='ocrx_word' id='word_1_762' title='bbox 3129 3162 3487 3229; x_wconf 73' lang='lat' dir='ltr'><strong>prmtcrmissa</strong></span> <span class='ocrx_word' id='word_1_763' title='bbox 3509 3162 3821 3229; x_wconf 61' lang='lat' dir='ltr'><strong>,~minorem</strong></span> <span class='ocrx_word' id='word_1_764' title='bbox 3849 3180 3978 3221; x_wconf 89' lang='lat' dir='ltr'><strong>me-</strong></span> 
     </span>
    </p>
   </div>
   <div class='ocr_carea' id='block_1_94' title="bbox 2373 3250 3979 3323">
    <p class='ocr_par' dir='ltr' id='par_1_94' title="bbox 2373 3250 3979 3323">
     <span class='ocr_line' id='line_1_94' title="bbox 2373 3250 3979 3323; baseline 0.006 -21"><span class='ocrx_word' id='word_1_765' title='bbox 2373 3258 2581 3314; x_wconf 92' lang='lat' dir='ltr'><strong>morat,</strong></span> <span class='ocrx_word' id='word_1_766' title='bbox 2608 3260 2663 3304; x_wconf 92' lang='lat' dir='ltr'><strong>ut</strong></span> <span class='ocrx_word' id='word_1_767' title='bbox 2693 3265 2786 3318; x_wconf 85' lang='lat' dir='ltr'><strong>per</strong></span> <span class='ocrx_word' id='word_1_768' title='bbox 2819 3250 2955 3305; x_wconf 90' lang='lat' dir='ltr'><strong>hanc</strong></span> <span class='ocrx_word' id='word_1_769' title='bbox 2981 3261 3033 3306; x_wconf 88' lang='lat' dir='ltr'><strong>et</strong></span> <span class='ocrx_word' id='word_1_770' title='bbox 3070 3253 3212 3306; x_wconf 88' lang='lat' dir='ltr'><strong>illam</strong></span> <span class='ocrx_word' id='word_1_771' title='bbox 3240 3253 3560 3322; x_wconf 87' lang='lat' dir='ltr'><strong>reciperent.</strong></span> <span class='ocrx_word' id='word_1_772' title='bbox 3591 3253 3707 3310; x_wconf 83' lang='lat' dir='ltr'><strong>Hoc</strong></span> <span class='ocrx_word' id='word_1_773' title='bbox 3747 3267 3979 3323; x_wconf 89' lang='lat' dir='ltr'><strong>peracto</strong></span> 
     </span>
    </p>
   </div>
   <div class='ocr_carea' id='block_1_95' title="bbox 2373 3340 3980 3414">
    <p class='ocr_par' dir='ltr' id='par_1_95' title="bbox 2373 3340 3980 3414">
     <span class='ocr_line' id='line_1_95' title="bbox 2373 3340 3980 3414; baseline 0.005 -21"><span class='ocrx_word' id='word_1_774' title='bbox 2373 3355 2584 3393; x_wconf 86' lang='lat' dir='ltr'><strong>rursum</strong></span> <span class='ocrx_word' id='word_1_775' title='bbox 2617 3340 2798 3408; x_wconf 88' lang='lat' dir='ltr'><strong>adjicit</strong></span> <span class='ocrx_word' id='word_1_776' title='bbox 2826 3358 2838 3392; x_wconf 93' lang='lat'><strong>:</strong></span> <span class='ocrx_word' id='word_1_777' title='bbox 2869 3341 2956 3394; x_wconf 84' lang='lat'><strong>3&#39;7.</strong></span> <span class='ocrx_word' id='word_1_778' title='bbox 2991 3342 3091 3408; x_wconf 84' lang='lat' dir='ltr'><strong>Qui</strong></span> <span class='ocrx_word' id='word_1_779' title='bbox 3118 3342 3250 3396; x_wconf 85' lang='lat' dir='ltr'><strong>misit</strong></span> <span class='ocrx_word' id='word_1_780' title='bbox 3273 3359 3350 3396; x_wconf 88' lang='lat' dir='ltr'><strong>me</strong></span> <span class='ocrx_word' id='word_1_781' title='bbox 3379 3342 3565 3411; x_wconf 78' lang='lat' dir='ltr'><strong>Pater,</strong></span> <span class='ocrx_word' id='word_1_782' title='bbox 3593 3345 3706 3414; x_wconf 82' lang='lat' dir='ltr'><strong>ipse</strong></span> <span class='ocrx_word' id='word_1_783' title='bbox 3741 3348 3980 3401; x_wconf 86' lang='lat' dir='ltr'><strong>testimo-</strong></span> 
     </span>
    </p>
   </div>
   <div class='ocr_carea' id='block_1_96' title="bbox 2374 3430 3983 3505">
    <p class='ocr_par' dir='ltr' id='par_1_96' title="bbox 2374 3430 3983 3505">
     <span class='ocr_line' id='line_1_96' title="bbox 2374 3430 3983 3505; baseline 0.008 -24"><span class='ocrx_word' id='word_1_784' title='bbox 2374 3431 2515 3482; x_wconf 87' lang='lat' dir='ltr'><strong>nium</strong></span> <span class='ocrx_word' id='word_1_785' title='bbox 2545 3430 2795 3498; x_wconf 86' lang='lat' dir='ltr'><strong>perhibuit</strong></span> <span class='ocrx_word' id='word_1_786' title='bbox 2825 3431 2888 3484; x_wconf 83' lang='lat' dir='ltr'><strong>de</strong></span> <span class='ocrx_word' id='word_1_787' title='bbox 2917 3449 3015 3486; x_wconf 88' lang='lat' dir='ltr'><strong>me.</strong></span> <span class='ocrx_word' id='word_1_788' title='bbox 3063 3432 3126 3486; x_wconf 86' lang='lat' dir='ltr'><strong>Et</strong></span> <span class='ocrx_word' id='word_1_789' title='bbox 3162 3433 3248 3488; x_wconf 91' lang='lat' dir='ltr'><strong>ubi</strong></span> <span class='ocrx_word' id='word_1_790' title='bbox 3291 3435 3655 3489; x_wconf 90' lang='lat' dir='ltr'><strong>testimonium</strong></span> <span class='ocrx_word' id='word_1_791' title='bbox 3691 3435 3983 3505; x_wconf 84' lang='lat' dir='ltr'><strong>perhibuit</strong></span> 
     </span>
    </p>
   </div>
   <div class='ocr_carea' id='block_1_97' title="bbox 2374 3521 3983 3585">
    <p class='ocr_par' dir='ltr' id='par_1_97' title="bbox 2374 3521 3983 3585">
     <span class='ocr_line' id='line_1_97' title="bbox 2374 3521 3983 3585; baseline 0.006 -10"><span class='ocrx_word' id='word_1_792' title='bbox 2374 3521 2440 3575; x_wconf 91' lang='lat' dir='ltr'><strong>de</strong></span> <span class='ocrx_word' id='word_1_793' title='bbox 2472 3521 2597 3577; x_wconf 83' lang='lat' dir='ltr'><strong>illo?</strong></span> <span class='ocrx_word' id='word_1_794' title='bbox 2630 3521 2683 3577; x_wconf 88' lang='lat' dir='ltr'><strong>In</strong></span> <span class='ocrx_word' id='word_1_795' title='bbox 2709 3522 2960 3585; x_wconf 84' lang='lat' dir='ltr'><strong>Jordane,</strong></span> <span class='ocrx_word' id='word_1_796' title='bbox 2981 3540 3101 3579; x_wconf 89' lang='lat' dir='ltr'><strong>cum</strong></span> <span class='ocrx_word' id='word_1_797' title='bbox 3132 3526 3262 3580; x_wconf 83' lang='lat' dir='ltr'><strong>dixit</strong></span> <span class='ocrx_word' id='word_1_798' title='bbox 3284 3544 3297 3580; x_wconf 93' lang='lat'>:</span> <span class='ocrx_word' id='word_1_799' title='bbox 3318 3526 3417 3580; x_wconf 86' lang='lat' dir='ltr'><strong>Hic</strong></span> <span class='ocrx_word' id='word_1_800' title='bbox 3436 3539 3508 3582; x_wconf 84' lang='lat' dir='ltr'><strong>est</strong></span> <span class='ocrx_word' id='word_1_801' title='bbox 3528 3527 3698 3583; x_wconf 83' lang='lat' dir='ltr'><strong>Filius</strong></span> <span class='ocrx_word' id='word_1_802' title='bbox 3727 3546 3872 3585; x_wconf 75' lang='lat' dir='ltr'><strong>utens</strong></span> <span class='ocrx_word' id='word_1_803' title='bbox 3896 3531 3983 3585; x_wconf 87' lang='lat' dir='ltr'><strong>di-</strong></span> 
     </span>
    </p>
   </div>
   <div class='ocr_carea' id='block_1_98' title="bbox 2377 3613 3980 3691">
    <p class='ocr_par' dir='ltr' id='par_1_98' title="bbox 2377 3613 3980 3691">
     <span class='ocr_line' id='line_1_98' title="bbox 2377 3613 3980 3691; baseline 0.006 -24"><span class='ocrx_word' id='word_1_804' title='bbox 2377 3613 2576 3669; x_wconf 85' lang='lat' dir='ltr'><strong>lectus:</strong></span> <span class='ocrx_word' id='word_1_805' title='bbox 2604 3617 2769 3685; x_wconf 85' lang='lat' dir='ltr'><strong>ipsum</strong></span> <span class='ocrx_word' id='word_1_806' title='bbox 2808 3618 2997 3670; x_wconf 86' lang='lat' dir='ltr'><strong>audite.</strong></span> <span class='ocrx_word' id='word_1_807' title='bbox 3049 3617 3243 3672; x_wconf 79' lang='lat' dir='ltr'><strong>Verum</strong></span> <span class='ocrx_word' id='word_1_808' title='bbox 3293 3618 3395 3672; x_wconf 90' lang='lat' dir='ltr'><strong>hoc</strong></span> <span class='ocrx_word' id='word_1_809' title='bbox 3434 3628 3693 3690; x_wconf 87' lang='lat' dir='ltr'><strong>apparatu</strong></span> <span class='ocrx_word' id='word_1_810' title='bbox 3731 3621 3980 3691; x_wconf 85' lang='lat' dir='ltr'><strong>quodam</strong></span> 
     </span>
    </p>
   </div>
   <div class='ocr_carea' id='block_1_99' title="bbox 2375 3705 3978 3778">
    <p class='ocr_par' dir='ltr' id='par_1_99' title="bbox 2375 3705 3978 3778">
     <span class='ocr_line' id='line_1_99' title="bbox 2375 3705 3978 3778; baseline 0.004 -19"><span class='ocrx_word' id='word_1_811' title='bbox 2375 3705 2582 3775; x_wconf 82' lang='lat' dir='ltr'><strong>egebat.</strong></span> <span class='ocrx_word' id='word_1_812' title='bbox 2629 3707 2780 3773; x_wconf 88' lang='lat' dir='ltr'><strong>Quod</strong></span> <span class='ocrx_word' id='word_1_813' title='bbox 2828 3707 2894 3761; x_wconf 89' lang='lat' dir='ltr'><strong>ad</strong></span> <span class='ocrx_word' id='word_1_814' title='bbox 2935 3708 3199 3763; x_wconf 82' lang='lat' dir='ltr'><strong>JOanncm</strong></span> <span class='ocrx_word' id='word_1_815' title='bbox 3238 3709 3572 3778; x_wconf 82' lang='lat' dir='ltr'><strong>pertinebat,</strong></span> <span class='ocrx_word' id='word_1_816' title='bbox 3613 3711 3978 3768; x_wconf 80' lang='lat' dir='ltr'><strong>manifestqu</strong></span> 
     </span>
    </p>
   </div>
   <div class='ocr_carea' id='block_1_100' title="bbox 2375 3797 3980 3874">
    <p class='ocr_par' dir='ltr' id='par_1_100' title="bbox 2375 3797 3980 3874">
     <span class='ocr_line' id='line_1_100' title="bbox 2375 3797 3980 3874; baseline 0.006 -23"><span class='ocrx_word' id='word_1_817' title='bbox 2375 3807 2493 3851; x_wconf 88' lang='lat' dir='ltr'><strong>erat</strong></span> <span class='ocrx_word' id='word_1_818' title='bbox 2521 3815 2535 3851; x_wconf 92' lang='lat'>:</span> <span class='ocrx_word' id='word_1_819' title='bbox 2567 3797 2666 3867; x_wconf 88' lang='lat' dir='ltr'><strong>ipsi</strong></span> <span class='ocrx_word' id='word_1_820' title='bbox 2694 3814 2924 3869; x_wconf 88' lang='lat' dir='ltr'><strong>namque</strong></span> <span class='ocrx_word' id='word_1_821' title='bbox 2960 3801 3252 3864; x_wconf 90' lang='lat' dir='ltr'><strong>miserant,</strong></span> <span class='ocrx_word' id='word_1_822' title='bbox 3287 3816 3462 3872; x_wconf 82' lang='lat' dir='ltr'><strong>neque</strong></span> <span class='ocrx_word' id='word_1_823' title='bbox 3489 3802 3542 3856; x_wconf 92' lang='lat' dir='ltr'><strong>id</strong></span> <span class='ocrx_word' id='word_1_824' title='bbox 3572 3819 3772 3874; x_wconf 85' lang='lat' dir='ltr'><strong>negare</strong></span> <span class='ocrx_word' id='word_1_825' title='bbox 3813 3814 3980 3874; x_wconf 85' lang='lat' dir='ltr'><strong>pote-</strong></span> 
     </span>
    </p>
   </div>
   <div class='ocr_carea' id='block_1_101' title="bbox 2378 3888 3982 3964">
    <p class='ocr_par' dir='ltr' id='par_1_101' title="bbox 2378 3888 3982 3964">
     <span class='ocr_line' id='line_1_101' title="bbox 2378 3888 3982 3964; baseline 0.006 -22"><span class='ocrx_word' id='word_1_826' title='bbox 2378 3898 2514 3943; x_wconf 88' lang='lat' dir='ltr'><strong>rant.</strong></span> <span class='ocrx_word' id='word_1_827' title='bbox 2549 3888 2709 3960; x_wconf 89' lang='lat' dir='ltr'><strong>Signa</strong></span> <span class='ocrx_word' id='word_1_828' title='bbox 2736 3907 2949 3960; x_wconf 89' lang='lat' dir='ltr'><strong>quoque</strong></span> <span class='ocrx_word' id='word_1_829' title='bbox 2976 3892 3122 3946; x_wconf 87' lang='lat' dir='ltr'><strong>clara</strong></span> <span class='ocrx_word' id='word_1_830' title='bbox 3159 3903 3335 3948; x_wconf 90' lang='lat' dir='ltr'><strong>erant.</strong></span> <span class='ocrx_word' id='word_1_831' title='bbox 3373 3893 3474 3964; x_wconf 87' lang='lat' dir='ltr'><strong>Ipsi</strong></span> <span class='ocrx_word' id='word_1_832' title='bbox 3509 3894 3646 3950; x_wconf 82' lang='lat' dir='ltr'><strong>facta</strong></span> <span class='ocrx_word' id='word_1_833' title='bbox 3676 3895 3982 3964; x_wconf 87' lang='lat' dir='ltr'><strong>viderant,</strong></span> 
     </span>
    </p>
   </div>
   <div class='ocr_carea' id='block_1_102' title="bbox 2377 3982 3982 4058">
    <p class='ocr_par' dir='ltr' id='par_1_102' title="bbox 2377 3982 3982 4058">
     <span class='ocr_line' id='line_1_102' title="bbox 2377 3982 3982 4058; baseline 0.009 -26"><span class='ocrx_word' id='word_1_834' title='bbox 2377 3992 2535 4050; x_wconf 87' lang='lat' dir='ltr'><strong>atque</strong></span> <span class='ocrx_word' id='word_1_835' title='bbox 2555 3990 2798 4035; x_wconf 86' lang='lat' dir='ltr'><strong>sanatum</strong></span> <span class='ocrx_word' id='word_1_836' title='bbox 2817 3982 3114 4048; x_wconf 87' lang='lat' dir='ltr'><strong>audierant,</strong></span> <span class='ocrx_word' id='word_1_837' title='bbox 3139 3994 3193 4038; x_wconf 92' lang='lat' dir='ltr'><strong>et</strong></span> <span class='ocrx_word' id='word_1_838' title='bbox 3212 3984 3572 4053; x_wconf 88' lang='lat' dir='ltr'><strong>crediderant,</strong></span> <span class='ocrx_word' id='word_1_839' title='bbox 3596 4002 3657 4042; x_wconf 86' lang='lat' dir='ltr'><strong>ac</strong></span> <span class='ocrx_word' id='word_1_840' title='bbox 3678 3999 3982 4058; x_wconf 81' lang='lat' dir='ltr'><strong>propterea</strong></span> 
     </span>
    </p>
   </div>
   <div class='ocr_carea' id='block_1_103' title="bbox 2377 4073 3985 4136">
    <p class='ocr_par' dir='ltr' id='par_1_103' title="bbox 2377 4073 3985 4136">
     <span class='ocr_line' id='line_1_103' title="bbox 2377 4073 3985 4136; baseline 0.006 -10"><span class='ocrx_word' id='word_1_841' title='bbox 2377 4073 2524 4127; x_wconf 89' lang='lat' dir='ltr'><strong>illtnn</strong></span> <span class='ocrx_word' id='word_1_842' title='bbox 2553 4074 2892 4128; x_wconf 84' lang='lat' dir='ltr'><strong>accusabant.</strong></span> <span class='ocrx_word' id='word_1_843' title='bbox 2921 4075 3175 4130; x_wconf 84' lang='lat' dir='ltr'><strong>Restabat</strong></span> <span class='ocrx_word' id='word_1_844' title='bbox 3198 4076 3414 4130; x_wconf 89' lang='lat' dir='ltr'><strong>demum</strong></span> <span class='ocrx_word' id='word_1_845' title='bbox 3440 4088 3495 4131; x_wconf 90' lang='lat' dir='ltr'><strong>ut</strong></span> <span class='ocrx_word' id='word_1_846' title='bbox 3526 4078 3698 4132; x_wconf 86' lang='lat' dir='ltr'><strong>Patris</strong></span> <span class='ocrx_word' id='word_1_847' title='bbox 3725 4082 3985 4136; x_wconf 88' lang='lat' dir='ltr'><strong>testimo-</strong></span> 
     </span>
    </p>
   </div>
   <div class='ocr_carea' id='block_1_104' title="bbox 2380 4166 3986 4236">
    <p class='ocr_par' dir='ltr' id='par_1_104' title="bbox 2380 4166 3986 4236">
     <span class='ocr_line' id='line_1_104' title="bbox 2380 4166 3986 4236; baseline 0.006 -16"><span class='ocrx_word' id='word_1_848' title='bbox 2380 4168 2524 4220; x_wconf 90' lang='lat' dir='ltr'><strong>nium</strong></span> <span class='ocrx_word' id='word_1_849' title='bbox 2553 4166 2850 4230; x_wconf 81' lang='lat' dir='ltr'><strong>atl&#39;erretur,</strong></span> <span class='ocrx_word' id='word_1_850' title='bbox 2875 4169 3014 4236; x_wconf 85' lang='lat' dir='ltr'><strong>quod</strong></span> <span class='ocrx_word' id='word_1_851' title='bbox 3045 4170 3356 4225; x_wconf 84' lang='lat' dir='ltr'><strong>inducturus</strong></span> <span class='ocrx_word' id='word_1_852' title='bbox 3375 4171 3644 4227; x_wconf 87' lang='lat' dir='ltr'><strong>subdidit:</strong></span> <span class='ocrx_word' id='word_1_853' title='bbox 3666 4172 3778 4228; x_wconf 86' lang='lat' dir='ltr'><strong>Nec</strong></span> <span class='ocrx_word' id='word_1_854' title='bbox 3802 4193 3986 4231; x_wconf 82' lang='lat' dir='ltr'><strong>rocens</strong></span> 
     </span>
    </p>
   </div>
   <div class='ocr_carea' id='block_1_105' title="bbox 2385 4256 3987 4333">
    <p class='ocr_par' dir='ltr' id='par_1_105' title="bbox 2385 4256 3987 4333">
     <span class='ocr_line' id='line_1_105' title="bbox 2385 4256 3987 4333; baseline 0.009 -26"><span class='ocrx_word' id='word_1_855' title='bbox 2385 4256 2492 4324; x_wconf 85' lang='lat' dir='ltr'><strong>ejus</strong></span> <span class='ocrx_word' id='word_1_856' title='bbox 2516 4272 2752 4324; x_wconf 85' lang='lat' dir='ltr'><strong>umquam</strong></span> <span class='ocrx_word' id='word_1_857' title='bbox 2778 4259 3010 4312; x_wconf 85' lang='lat' dir='ltr'><strong>audistis.</strong></span> <span class='ocrx_word' id='word_1_858' title='bbox 3041 4259 3106 4313; x_wconf 86' lang='lat' dir='ltr'><strong>Et</strong></span> <span class='ocrx_word' id='word_1_859' title='bbox 3128 4260 3396 4329; x_wconf 89' lang='lat' dir='ltr'><strong>quomodo</strong></span> <span class='ocrx_word' id='word_1_860' title='bbox 3423 4261 3632 4333; x_wconf 80' lang='lat' dir='ltr'><strong>Moyses</strong></span> <span class='ocrx_word' id='word_1_861' title='bbox 3659 4264 3810 4330; x_wconf 90' lang='lat' dir='ltr'><strong>dicit,</strong></span> <span class='ocrx_word' id='word_1_862' title='bbox 3831 4265 3987 4322; x_wconf 81' lang='lat' dir='ltr'><strong>Deus</strong></span> 
     </span>
    </p>
   </div>
   <div class='ocr_carea' id='block_1_106' title="bbox 2385 4347 3988 4425">
    <p class='ocr_par' dir='ltr' id='par_1_106' title="bbox 2385 4347 3988 4425">
     <span class='ocr_line' id='line_1_106' title="bbox 2385 4347 3988 4425; baseline 0.009 -25"><span class='ocrx_word' id='word_1_863' title='bbox 2385 4347 2692 4415; x_wconf 81' lang='lat' dir='ltr'><strong>loquebatur,</strong></span> <span class='ocrx_word' id='word_1_864' title='bbox 2717 4348 2918 4419; x_wconf 79' lang='lat' dir='ltr'><strong>Moyses</strong></span> <span class='ocrx_word' id='word_1_865' title='bbox 2937 4350 3196 4420; x_wconf 84' lang='lat' dir='ltr'><strong>respondit</strong></span> <span class='ocrx_word' id='word_1_866' title='bbox 3224 4349 3415 4417; x_wconf 71' lang='lat' dir='ltr'><strong>(Exod.</strong></span> <span class='ocrx_word' id='word_1_867' title='bbox 3437 4354 3522 4408; x_wconf 84' lang='grc'><strong>19.</strong></span> <span class='ocrx_word' id='word_1_868' title='bbox 3550 4353 3659 4425; x_wconf 85' lang='grc'><strong>19).</strong></span> <span class='ocrx_word' id='word_1_869' title='bbox 3686 4355 3988 4423; x_wconf 82' lang='lat' dir='ltr'><strong>Quomodo</strong></span> 
     </span>
    </p>
   </div>
   <div class='ocr_carea' id='block_1_107' title="bbox 2381 4437 3988 4515">
    <p class='ocr_par' dir='ltr' id='par_1_107' title="bbox 2381 4437 3988 4515">
     <span class='ocr_line' id='line_1_107' title="bbox 2381 4437 3988 4515; baseline 0.006 -21"><span class='ocrx_word' id='word_1_870' title='bbox 2381 4438 2567 4504; x_wconf 87' lang='lat' dir='ltr'><strong>David,</strong></span> <span class='ocrx_word' id='word_1_871' title='bbox 2585 4437 2832 4510; x_wconf 86' lang='lat' dir='ltr'><strong>Linguam</strong></span> <span class='ocrx_word' id='word_1_872' title='bbox 2843 4457 2994 4509; x_wconf 85' lang='lat' dir='ltr'><strong>quant</strong></span> <span class='ocrx_word' id='word_1_873' title='bbox 3010 4457 3110 4494; x_wconf 86' lang='lat' dir='ltr'><strong>non</strong></span> <span class='ocrx_word' id='word_1_874' title='bbox 3132 4451 3355 4509; x_wconf 75' lang='lat' dir='ltr'><strong>noverat,</strong></span> <span class='ocrx_word' id='word_1_875' title='bbox 3373 4444 3564 4497; x_wconf 86' lang='lat' dir='ltr'><strong>audivit</strong></span> <span class='ocrx_word' id='word_1_876' title='bbox 3587 4442 3757 4515; x_wconf 81' lang='lat' dir='ltr'><strong>(Psal.</strong></span> <span class='ocrx_word' id='word_1_877' title='bbox 3773 4446 3870 4502; x_wconf 76' lang='lat'><strong>80.</strong></span> <span class='ocrx_word' id='word_1_878' title='bbox 3895 4450 3988 4513; x_wconf 84' lang='lat'><strong>6)?</strong></span> 
     </span>
    </p>
   </div>
   <div class='ocr_carea' id='block_1_108' title="bbox 2380 4530 3989 4603">
    <p class='ocr_par' dir='ltr' id='par_1_108' title="bbox 2380 4530 3989 4603">
     <span class='ocr_line' id='line_1_108' title="bbox 2380 4530 3989 4603; baseline 0.007 -19"><span class='ocrx_word' id='word_1_879' title='bbox 2380 4530 2609 4585; x_wconf 80' lang='lat' dir='ltr'><strong>Rursum</strong></span> <span class='ocrx_word' id='word_1_880' title='bbox 2639 4531 2867 4601; x_wconf 78' lang='lat' dir='ltr'><strong>Moyses,</strong></span> <span class='ocrx_word' id='word_1_881' title='bbox 2897 4531 2953 4585; x_wconf 91' lang='lat' dir='ltr'><strong>Si</strong></span> <span class='ocrx_word' id='word_1_882' title='bbox 2979 4540 3062 4585; x_wconf 90' lang='lat' dir='ltr'><strong>est</strong></span> <span class='ocrx_word' id='word_1_883' title='bbox 3086 4546 3217 4602; x_wconf 88' lang='lat' dir='ltr'><strong>gens</strong></span> <span class='ocrx_word' id='word_1_884' title='bbox 3243 4532 3382 4598; x_wconf 88' lang='lat' dir='ltr'><strong>talis,</strong></span> <span class='ocrx_word' id='word_1_885' title='bbox 3411 4550 3529 4603; x_wconf 69' lang='lat' dir='ltr'><strong>quae</strong></span> <span class='ocrx_word' id='word_1_886' title='bbox 3557 4535 3761 4590; x_wconf 79' lang='lat' dir='ltr'><strong>audivit</strong></span> <span class='ocrx_word' id='word_1_887' title='bbox 3785 4553 3989 4595; x_wconf 81' lang='lat' dir='ltr'><strong>vocem</strong></span> 
     </span>
    </p>
   </div>
   <div class='ocr_carea' id='block_1_109' title="bbox 2382 4621 3990 4701">
    <p class='ocr_par' dir='ltr' id='par_1_109' title="bbox 2382 4621 3990 4701">
     <span class='ocr_line' id='line_1_109' title="bbox 2382 4621 3990 4701; baseline 0.006 -25"><span class='ocrx_word' id='word_1_888' title='bbox 2382 4623 2516 4679; x_wconf 86' lang='lat' dir='ltr'><strong>Dei?</strong></span> <span class='ocrx_word' id='word_1_889' title='bbox 2547 4621 2726 4692; x_wconf 75' lang='lat' dir='ltr'><strong>Neque</strong></span> <span class='ocrx_word' id='word_1_890' title='bbox 2756 4624 2970 4688; x_wconf 84' lang='lat' dir='ltr'><strong>speciem</strong></span> <span class='ocrx_word' id='word_1_891' title='bbox 2996 4624 3104 4692; x_wconf 86' lang='lat' dir='ltr'><strong>ejus</strong></span> <span class='ocrx_word' id='word_1_892' title='bbox 3130 4623 3322 4679; x_wconf 78' lang='lat' dir='ltr'><strong>vidistis</strong></span> <span class='ocrx_word' id='word_1_893' title='bbox 3348 4623 3524 4692; x_wconf 87' lang='lat' dir='ltr'><strong>(Deut.</strong></span> <span class='ocrx_word' id='word_1_894' title='bbox 3555 4627 3609 4680; x_wconf 73' lang='grc'><strong>4.</strong></span> <span class='ocrx_word' id='word_1_895' title='bbox 3641 4627 3768 4696; x_wconf 79' lang='lat'><strong>35).</strong></span> <span class='ocrx_word' id='word_1_896' title='bbox 3815 4631 3990 4701; x_wconf 83' lang='lat' dir='ltr'><strong>Atqui</strong></span> 
     </span>
    </p>
   </div>
   <div class='ocr_carea' id='block_1_110' title="bbox 2383 4712 3990 4782">
    <p class='ocr_par' dir='ltr' id='par_1_110' title="bbox 2383 4712 3990 4782">
     <span class='ocr_line' id='line_1_110' title="bbox 2383 4712 3990 4782; baseline 0.005 -14"><span class='ocrx_word' id='word_1_897' title='bbox 2383 4715 2527 4768; x_wconf 90' lang='lat' dir='ltr'><strong>illum</strong></span> <span class='ocrx_word' id='word_1_898' title='bbox 2551 4713 2745 4768; x_wconf 85' lang='lat' dir='ltr'><strong>vidisse</strong></span> <span class='ocrx_word' id='word_1_899' title='bbox 2764 4712 3012 4769; x_wconf 91' lang='lat' dir='ltr'><strong>dicuntur</strong></span> <span class='ocrx_word' id='word_1_900' title='bbox 3035 4713 3218 4778; x_wconf 90' lang='lat' dir='ltr'><strong>Isaias,</strong></span> <span class='ocrx_word' id='word_1_901' title='bbox 3235 4714 3516 4782; x_wconf 87' lang='lat' dir='ltr'><strong>Jeremias,</strong></span> <span class='ocrx_word' id='word_1_902' title='bbox 3539 4715 3788 4772; x_wconf 81' lang='lat' dir='ltr'><strong>Ezechiel</strong></span> <span class='ocrx_word' id='word_1_903' title='bbox 3813 4731 3868 4776; x_wconf 89' lang='lat' dir='ltr'><strong>et</strong></span> <span class='ocrx_word' id='word_1_904' title='bbox 3895 4722 3990 4776; x_wconf 84' lang='lat' dir='ltr'><strong>alii</strong></span> 
     </span>
    </p>
   </div>
   <div class='ocr_carea' id='block_1_111' title="bbox 2386 4805 3992 4881">
    <p class='ocr_par' dir='ltr' id='par_1_111' title="bbox 2386 4805 3992 4881">
     <span class='ocr_line' id='line_1_111' title="bbox 2386 4805 3992 4881; baseline 0.006 -22"><span class='ocrx_word' id='word_1_905' title='bbox 2386 4806 2616 4876; x_wconf 90' lang='lat' dir='ltr'><strong>plurimi.</strong></span> <span class='ocrx_word' id='word_1_906' title='bbox 2655 4806 2792 4873; x_wconf 91' lang='lat' dir='ltr'><strong>Quid</strong></span> <span class='ocrx_word' id='word_1_907' title='bbox 2817 4821 2945 4876; x_wconf 87' lang='lat' dir='ltr'><strong>ergo</strong></span> <span class='ocrx_word' id='word_1_908' title='bbox 2971 4821 3112 4861; x_wconf 93' lang='lat' dir='ltr'><strong>nunc</strong></span> <span class='ocrx_word' id='word_1_909' title='bbox 3135 4807 3235 4861; x_wconf 89' lang='lat' dir='ltr'><strong>sibi</strong></span> <span class='ocrx_word' id='word_1_910' title='bbox 3260 4807 3374 4861; x_wconf 84' lang='lat' dir='ltr'><strong>vnit</strong></span> <span class='ocrx_word' id='word_1_911' title='bbox 3399 4805 3682 4863; x_wconf 86' lang='lat' dir='ltr'><strong>Christus?</strong></span> <span class='ocrx_word' id='word_1_912' title='bbox 3715 4810 3767 4864; x_wconf 92' lang='lat' dir='ltr'><strong>In</strong></span> <span class='ocrx_word' id='word_1_913' title='bbox 3797 4813 3992 4881; x_wconf 83' lang='lat' dir='ltr'><strong>philo-</strong></span> 
     </span>
    </p>
   </div>
   <div class='ocr_carea' id='block_1_112' title="bbox 2383 4898 3993 4970">
    <p class='ocr_par' dir='ltr' id='par_1_112' title="bbox 2383 4898 3993 4970">
     <span class='ocr_line' id='line_1_112' title="bbox 2383 4898 3993 4970; baseline 0.006 -18"><span class='ocrx_word' id='word_1_914' title='bbox 2383 4899 2654 4969; x_wconf 84' lang='lat' dir='ltr'><strong>sophicam</strong></span> <span class='ocrx_word' id='word_1_915' title='bbox 2692 4899 2812 4953; x_wconf 85' lang='lat' dir='ltr'><strong>illos</strong></span> <span class='ocrx_word' id='word_1_916' title='bbox 2853 4898 3055 4953; x_wconf 91' lang='lat' dir='ltr'><strong>inducit</strong></span> <span class='ocrx_word' id='word_1_917' title='bbox 3095 4898 3468 4969; x_wconf 84' lang='lat' dir='ltr'><strong>disciplinam,</strong></span> <span class='ocrx_word' id='word_1_918' title='bbox 3504 4901 3754 4970; x_wconf 86' lang='lat' dir='ltr'><strong>paulatim</strong></span> <span class='ocrx_word' id='word_1_919' title='bbox 3790 4916 3993 4960; x_wconf 87' lang='lat' dir='ltr'><strong>osten-</strong></span> 
     </span>
    </p>
   </div>
   <div class='ocr_carea' id='block_1_113' title="bbox 2384 4989 3993 5066">
    <p class='ocr_par' dir='ltr' id='par_1_113' title="bbox 2384 4989 3993 5066">
     <span class='ocr_line' id='line_1_113' title="bbox 2384 4989 3993 5066; baseline 0.002 -21"><span class='ocrx_word' id='word_1_920' title='bbox 2384 4991 2537 5056; x_wconf 78' lang='lat' dir='ltr'><strong>dens,</strong></span> <span class='ocrx_word' id='word_1_921' title='bbox 2568 4989 2619 5044; x_wconf 91' lang='lat' dir='ltr'><strong>in</strong></span> <span class='ocrx_word' id='word_1_922' title='bbox 2653 4989 2764 5044; x_wconf 87' lang='lat' dir='ltr'><strong>Deo</strong></span> <span class='ocrx_word' id='word_1_923' title='bbox 2792 5004 2890 5043; x_wconf 91' lang='lat' dir='ltr'><strong>nec</strong></span> <span class='ocrx_word' id='word_1_924' title='bbox 2920 5004 3102 5044; x_wconf 87' lang='lat' dir='ltr'><strong>vocem</strong></span> <span class='ocrx_word' id='word_1_925' title='bbox 3131 5003 3233 5043; x_wconf 89' lang='lat' dir='ltr'><strong>nec</strong></span> <span class='ocrx_word' id='word_1_926' title='bbox 3257 4991 3490 5058; x_wconf 88' lang='lat' dir='ltr'><strong>speciem</strong></span> <span class='ocrx_word' id='word_1_927' title='bbox 3517 5005 3660 5058; x_wconf 90' lang='lat' dir='ltr'><strong>esse,</strong></span> <span class='ocrx_word' id='word_1_928' title='bbox 3691 4991 3789 5048; x_wconf 89' lang='lat' dir='ltr'><strong>sed</strong></span> <span class='ocrx_word' id='word_1_929' title='bbox 3824 5011 3993 5066; x_wconf 62' lang='lat' dir='ltr'><strong>supe«</strong></span> 
     </span>
    </p>
   </div>
   <div class='ocr_carea' id='block_1_114' title="bbox 2385 5078 3995 5150">
    <p class='ocr_par' dir='ltr' id='par_1_114' title="bbox 2385 5078 3995 5150">
     <span class='ocr_line' id='line_1_114' title="bbox 2385 5078 3995 5150; baseline 0.005 -17"><span class='ocrx_word' id='word_1_930' title='bbox 2385 5081 2578 5134; x_wconf 84' lang='lat' dir='ltr'><strong>riorcnt</strong></span> <span class='ocrx_word' id='word_1_931' title='bbox 2608 5079 2758 5133; x_wconf 91' lang='lat' dir='ltr'><strong>illum</strong></span> <span class='ocrx_word' id='word_1_932' title='bbox 2787 5093 2906 5132; x_wconf 86' lang='lat' dir='ltr'><strong>esse</strong></span> <span class='ocrx_word' id='word_1_933' title='bbox 2931 5087 2985 5133; x_wconf 92' lang='lat' dir='ltr'><strong>et</strong></span> <span class='ocrx_word' id='word_1_934' title='bbox 3007 5078 3152 5133; x_wconf 90' lang='lat' dir='ltr'><strong>sonis</strong></span> <span class='ocrx_word' id='word_1_935' title='bbox 3181 5089 3234 5133; x_wconf 89' lang='lat' dir='ltr'><strong>et</strong></span> <span class='ocrx_word' id='word_1_936' title='bbox 3266 5079 3448 5149; x_wconf 85' lang='lat' dir='ltr'><strong>lignris</strong></span> <span class='ocrx_word' id='word_1_937' title='bbox 3477 5080 3814 5150; x_wconf 88' lang='lat' dir='ltr'><strong>hujusmodi.</strong></span> <span class='ocrx_word' id='word_1_938' title='bbox 3851 5083 3995 5142; x_wconf 82' lang='lat' dir='ltr'><strong>Nam</strong></span> 
     </span>
    </p>
   </div>
   <div class='ocr_carea' id='block_1_115' title="bbox 2388 5167 3995 5241">
    <p class='ocr_par' dir='ltr' id='par_1_115' title="bbox 2388 5167 3995 5241">
     <span class='ocr_line' id='line_1_115' title="bbox 2388 5167 3995 5241; baseline 0.003 -17"><span class='ocrx_word' id='word_1_939' title='bbox 2388 5179 2444 5224; x_wconf 91' lang='lat' dir='ltr'><strong>ut</strong></span> <span class='ocrx_word' id='word_1_940' title='bbox 2463 5169 2709 5236; x_wconf 88' lang='lat' dir='ltr'><strong>dicendo,</strong></span> <span class='ocrx_word' id='word_1_941' title='bbox 2742 5167 2921 5239; x_wconf 84' lang='lat' dir='ltr'><strong>Neque</strong></span> <span class='ocrx_word' id='word_1_942' title='bbox 2941 5184 3111 5224; x_wconf 81' lang='lat' dir='ltr'><strong>vocem</strong></span> <span class='ocrx_word' id='word_1_943' title='bbox 3135 5170 3246 5238; x_wconf 87' lang='lat' dir='ltr'><strong>ejus</strong></span> <span class='ocrx_word' id='word_1_944' title='bbox 3271 5169 3486 5224; x_wconf 85' lang='lat' dir='ltr'><strong>audistis</strong></span> <span class='ocrx_word' id='word_1_945' title='bbox 3505 5210 3518 5234; x_wconf 93' lang='lat'><strong>,</strong></span> <span class='ocrx_word' id='word_1_946' title='bbox 3553 5184 3657 5224; x_wconf 89' lang='lat' dir='ltr'><strong>non</strong></span> <span class='ocrx_word' id='word_1_947' title='bbox 3686 5171 3995 5241; x_wconf 84' lang='lat' dir='ltr'><strong>signiﬁcat,</strong></span> 
     </span>
    </p>
   </div>
   <div class='ocr_carea' id='block_1_116' title="bbox 2388 5258 3997 5329">
    <p class='ocr_par' dir='ltr' id='par_1_116' title="bbox 2388 5258 3997 5329">
     <span class='ocr_line' id='line_1_116' title="bbox 2388 5258 3997 5329; baseline 0.004 -14"><span class='ocrx_word' id='word_1_948' title='bbox 2388 5262 2535 5315; x_wconf 90' lang='lat' dir='ltr'><strong>illum</strong></span> <span class='ocrx_word' id='word_1_949' title='bbox 2569 5277 2751 5316; x_wconf 87' lang='lat' dir='ltr'><strong>vocem</strong></span> <span class='ocrx_word' id='word_1_950' title='bbox 2780 5261 3044 5326; x_wconf 87' lang='lat' dir='ltr'><strong>emittere,</strong></span> <span class='ocrx_word' id='word_1_951' title='bbox 3079 5274 3176 5315; x_wconf 89' lang='lat' dir='ltr'><strong>nec</strong></span> <span class='ocrx_word' id='word_1_952' title='bbox 3196 5258 3366 5314; x_wconf 87' lang='lat' dir='ltr'><strong>audiri</strong></span> <span class='ocrx_word' id='word_1_953' title='bbox 3391 5277 3405 5314; x_wconf 88' lang='lat'>:</span> <span class='ocrx_word' id='word_1_954' title='bbox 3435 5261 3512 5314; x_wconf 91' lang='lat' dir='ltr'><strong>sic</strong></span> <span class='ocrx_word' id='word_1_955' title='bbox 3540 5274 3661 5316; x_wconf 88' lang='lat' dir='ltr'><strong>cum</strong></span> <span class='ocrx_word' id='word_1_956' title='bbox 3689 5261 3851 5329; x_wconf 86' lang='lat' dir='ltr'><strong>dicit,</strong></span> <span class='ocrx_word' id='word_1_957' title='bbox 3885 5265 3997 5322; x_wconf 77' lang='lat' dir='ltr'><strong>Ne-</strong></span> 
     </span>
    </p>
   </div>
   <div class='ocr_carea' id='block_1_117' title="bbox 2386 5350 3998 5423">
    <p class='ocr_par' dir='ltr' id='par_1_117' title="bbox 2386 5350 3998 5423">
     <span class='ocr_line' id='line_1_117' title="bbox 2386 5350 3998 5423; baseline 0.003 -18"><span class='ocrx_word' id='word_1_958' title='bbox 2386 5369 2481 5421; x_wconf 88' lang='lat' dir='ltr'><strong>que</strong></span> <span class='ocrx_word' id='word_1_959' title='bbox 2505 5351 2718 5421; x_wconf 86' lang='lat' dir='ltr'><strong>speciem</strong></span> <span class='ocrx_word' id='word_1_960' title='bbox 2745 5353 2857 5423; x_wconf 88' lang='lat' dir='ltr'><strong>ejus</strong></span> <span class='ocrx_word' id='word_1_961' title='bbox 2884 5351 3096 5416; x_wconf 75' lang='lat' dir='ltr'><strong>vidistis,</strong></span> <span class='ocrx_word' id='word_1_962' title='bbox 3128 5365 3233 5406; x_wconf 91' lang='lat' dir='ltr'><strong>non</strong></span> <span class='ocrx_word' id='word_1_963' title='bbox 3259 5350 3388 5405; x_wconf 88' lang='lat' dir='ltr'><strong>dicit</strong></span> <span class='ocrx_word' id='word_1_964' title='bbox 3409 5351 3580 5420; x_wconf 88' lang='lat' dir='ltr'><strong>ipsum</strong></span> <span class='ocrx_word' id='word_1_965' title='bbox 3609 5352 3856 5420; x_wconf 85' lang='lat' dir='ltr'><strong>speciem</strong></span> <span class='ocrx_word' id='word_1_966' title='bbox 3891 5356 3998 5411; x_wconf 86' lang='lat' dir='ltr'><strong>ha—</strong></span> 
     </span>
    </p>
   </div>
   <div class='ocr_carea' id='block_1_118' title="bbox 2388 5441 3999 5508">
    <p class='ocr_par' dir='ltr' id='par_1_118' title="bbox 2388 5441 3999 5508">
     <span class='ocr_line' id='line_1_118' title="bbox 2388 5441 3999 5508; baseline 0.004 -11"><span class='ocrx_word' id='word_1_967' title='bbox 2388 5444 2514 5497; x_wconf 87' lang='lat' dir='ltr'><strong>bere</strong></span> <span class='ocrx_word' id='word_1_968' title='bbox 2538 5483 2551 5508; x_wconf 91' lang='lat'><strong>,</strong></span> <span class='ocrx_word' id='word_1_969' title='bbox 2583 5458 2684 5497; x_wconf 91' lang='lat' dir='ltr'><strong>nec</strong></span> <span class='ocrx_word' id='word_1_970' title='bbox 2723 5454 2896 5496; x_wconf 86' lang='lat' dir='ltr'><strong>tamen</strong></span> <span class='ocrx_word' id='word_1_971' title='bbox 2927 5442 3128 5507; x_wconf 92' lang='lat' dir='ltr'><strong>videri;</strong></span> <span class='ocrx_word' id='word_1_972' title='bbox 3160 5457 3344 5496; x_wconf 84' lang='lat' dir='ltr'><strong>verum</strong></span> <span class='ocrx_word' id='word_1_973' title='bbox 3373 5451 3622 5496; x_wconf 89' lang='lat' dir='ltr'><strong>neutrum</strong></span> <span class='ocrx_word' id='word_1_974' title='bbox 3651 5441 3860 5498; x_wconf 86' lang='lat' dir='ltr'><strong>horum</strong></span> <span class='ocrx_word' id='word_1_975' title='bbox 3893 5446 3999 5503; x_wconf 63' lang='lat' dir='ltr'><strong>lia-</strong></span> 
     </span>
    </p>
   </div>
   <div class='ocr_carea' id='block_1_119' title="bbox 2391 5530 4001 5602">
    <p class='ocr_par' dir='ltr' id='par_1_119' title="bbox 2391 5530 4001 5602">
     <span class='ocr_line' id='line_1_119' title="bbox 2391 5530 4001 5602; baseline 0.002 -15"><span class='ocrx_word' id='word_1_976' title='bbox 2391 5533 2517 5588; x_wconf 89' lang='lat' dir='ltr'><strong>bere</strong></span> <span class='ocrx_word' id='word_1_977' title='bbox 2545 5533 2710 5587; x_wconf 88' lang='lat' dir='ltr'><strong>Deum</strong></span> <span class='ocrx_word' id='word_1_978' title='bbox 2739 5531 3002 5602; x_wconf 86' lang='lat' dir='ltr'><strong>intelligit.</strong></span> <span class='ocrx_word' id='word_1_979' title='bbox 3041 5530 3152 5585; x_wconf 84' lang='lat' dir='ltr'><strong>Nec</strong></span> <span class='ocrx_word' id='word_1_980' title='bbox 3189 5531 3429 5585; x_wconf 82' lang='lat' dir='ltr'><strong>dicerent</strong></span> <span class='ocrx_word' id='word_1_981' title='bbox 3457 5531 3599 5585; x_wconf 89' lang='lat' dir='ltr'><strong>enim</strong></span> <span class='ocrx_word' id='word_1_982' title='bbox 3629 5574 3642 5595; x_wconf 95' lang='lat'><strong>,</strong></span> <span class='ocrx_word' id='word_1_983' title='bbox 3679 5531 3914 5587; x_wconf 76' lang='lat' dir='ltr'><strong>Frustra</strong></span> <span class='ocrx_word' id='word_1_984' title='bbox 3947 5547 4001 5590; x_wconf 84' lang='lat' dir='ltr'><strong>t:</strong></span> 
     </span>
    </p>
   </div>
   <div class='ocr_carea' id='block_1_120' title="bbox 2386 5622 4002 5695">
    <p class='ocr_par' dir='ltr' id='par_1_120' title="bbox 2386 5622 4002 5695">
     <span class='ocr_line' id='line_1_120' title="bbox 2386 5622 4002 5695; baseline 0.002 -17"><span class='ocrx_word' id='word_1_985' title='bbox 2386 5626 2576 5694; x_wconf 67' lang='lat' dir='ltr'><strong>jactus,</strong></span> <span class='ocrx_word' id='word_1_986' title='bbox 2620 5624 2784 5695; x_wconf 83' lang='lat' dir='ltr'><strong>Moysi</strong></span> <span class='ocrx_word' id='word_1_987' title='bbox 2837 5632 3039 5678; x_wconf 90' lang='lat' dir='ltr'><strong>tantum</strong></span> <span class='ocrx_word' id='word_1_988' title='bbox 3085 5622 3334 5692; x_wconf 83' lang='lat' dir='ltr'><strong>loquutus</strong></span> <span class='ocrx_word' id='word_1_989' title='bbox 3375 5631 3457 5678; x_wconf 82' lang='lat' dir='ltr'><strong>est</strong></span> <span class='ocrx_word' id='word_1_990' title='bbox 3504 5622 3681 5687; x_wconf 88' lang='lat' dir='ltr'><strong>Deus;</strong></span> <span class='ocrx_word' id='word_1_991' title='bbox 3733 5623 4002 5683; x_wconf 79' lang='lat' dir='ltr'><strong>dicebant</strong></span> 
     </span>
    </p>
   </div>
   <div class='ocr_carea' id='block_1_121' title="bbox 2464 5733 3412 5801">
    <p class='ocr_par' dir='ltr' id='par_1_121' title="bbox 2464 5733 3412 5801">
     <span class='ocr_line' id='line_1_121' title="bbox 2464 5733 3412 5801; baseline -0.003 -14"><span class='ocrx_word' id='word_1_992' title='bbox 2464 5740 2478 5768; x_wconf 82' lang='grc'>⁸</span> <span class='ocrx_word' id='word_1_993' title='bbox 2516 5734 2612 5787; x_wconf 71' lang='lat' dir='ltr'><strong>Alii</strong></span> <span class='ocrx_word' id='word_1_994' title='bbox 2638 5736 2822 5800; x_wconf 76' lang='lat' dir='ltr'><strong>legunt,</strong></span> <span class='ocrx_word' id='word_1_995' title='bbox 2840 5749 3016 5801; x_wconf 79' lang='lat' dir='ltr'><strong>gnarus</strong></span> <span class='ocrx_word' id='word_1_996' title='bbox 3034 5735 3074 5786; x_wconf 87' lang='lat' dir='ltr'><strong>si</strong></span> <span class='ocrx_word' id='word_1_997' title='bbox 3091 5733 3179 5786; x_wconf 82' lang='lat' dir='ltr'><strong>hac</strong></span> <span class='ocrx_word' id='word_1_998' title='bbox 3204 5733 3412 5786; x_wconf 83' lang='lat' dir='ltr'><strong>dicatur.</strong></span> 
     </span>
    </p>
   </div>
  </div>
