4164 6324
232 516 399 574 enim,
432 504 547 561 Nos
570 501 759 556 scimus
786 495 902 564 quia
937 489 1101 559 Moysi
1127 487 1362 552 loquutus
1391 488 1461 533 est
1487 476 1622 530 Deus
1651 489 1669 526 :
1697 472 1830 524 hunc

238 567 350 658 uero
372 567 623 652 nescimus
653 588 790 644 unde
807 587 869 649 sit
896 581 1075 653 (Joan.
1101 577 1153 632 9.
1175 573 1300 644 39);
1334 571 1453 625 ideo
1478 568 1555 621 sic
1584 567 1834 634 loquutus

238 704 324 749 cst
344 733 358 755 .
388 686 683 745 ostendens
714 683 767 735 in
800 679 910 731 Deo
934 688 1031 727 nec
1062 683 1247 725 vocem
1284 678 1383 718 nec
1424 659 1658 731 Speciem
1693 669 1831 710 esse.

244 747 312 838 lit
334 747 466 853 quid
497 780 597 832 hoc
618 769 773 828 dico?
803 768 918 822 Non
940 762 1100 819 modo
1118 772 1303 813 vocem
1321 756 1437 825 ejus
1459 767 1563 806 non
1583 747 1826 811 audistis,

240 840 619 941 nec-speciem
658 861 868 918 vidistis
891 898 906 921 ,
939 854 1033 911 sed
1065 853 1118 906 id
1147 851 1213 905 de
1239 863 1345 918 quo
1377 844 1607 899 maxime
1632 840 1828 909 gloria.

242 968 397 1025 mini.
416 934 497 1017 de
521 973 627 1029 quo
650 955 882 1010 maxime
908 948 1069 1004 inllati
1094 945 1225 999 estis
1250 954 1435 995 omnes
1459 980 1474 1002 ,
1506 934 1647 1006 quod
1678 947 1833 986 man-

240 1058 365 1111 data
394 1053 515 1121 ejus
540 1024 858 1116 acceperitis
881 1051 936 1097 et
960 1036 1230 1098 habeatis;
1267 1048 1333 1087 ne
1363 1029 1490 1084 illud
1517 1026 1730 1098 quidem
1760 1024 1865 1111 dio‘

240 1160 371 1201 cere
401 1116 645 1213 potestis.
674 1137 800 1192 Ideo
830 1130 1102 1202 subiungit
1136 1144 1149 1180 :
1182 1126 1269 1180 58.
1311 1121 1487 1189 Neque
1508 1120 1707 1173 verbum
1733 1116 1841 1183 ejus

241 1235 439 1289 habetis
467 1236 520 1286 in
549 1231 687 1286 vobis
715 1240 958 1286 manens;
991 1222 1041 1276 id
1069 1229 1150 1274 est
1170 1258 1186 1283 ,
1213 1215 1459 1271 mandata
1481 1254 1495 1278 ,
1531 1218 1791 1281 praecepta
1822 1248 1837 1271 ,

245 1333 422 1400 legem
448 1370 464 1395 ,
496 1327 804 1397 prophetas.
836 1316 1055 1374 Etiamsi
1081 1313 1223 1367 enim
1258 1312 1395 1364 Deus
1428 1308 1543 1361 lucc
1570 1318 1841 1374 prtecepe-

243 1394 335 1485 rit:
363 1394 598 1474 attamen
645 1414 760 1468 huic
795 1408 934 1479 apud
976 1423 1069 1461 vos
1109 1421 1213 1458 non
1250 1411 1393 1461 sunt,
1427 1399 1547 1468 quia
1580 1394 1706 1450 mihi
1736 1409 1841 1449 non

244 1510 489 1564 creditis.
523 1506 632 1560 Etsi
656 1504 797 1557 enim
824 1499 1016 1570 passim
1040 1504 1093 1549 et
1113 1494 1304 1561 ubique
1332 1491 1509 1542 dicant
1534 1487 1839 1553 Scripturm,

246 1599 381 1654 mihi
407 1611 527 1652 esse
552 1592 898 1653 credendum,
927 1600 1024 1639 vos
1048 1595 1222 1637 tamen
1251 1598 1355 1634 non
1378 1577 1616 1638 creditis,
1646 1574 1845 1641 palam-

246 1709 356 1763 que
386 1700 469 1745 est
497 1688 719 1742 verbum
750 1684 866 1753 ejus
893 1697 920 1733 a
950 1678 1098 1732 vobis
1140 1672 1485 1728 abscessisse.
1535 1668 1656 1721 ideo
1701 1665 1847 1719 addit

250 1787 443 1838 iterum
474 1798 487 1834 :
518 1779 650 1843 Quia
688 1776 731 1830 ei
770 1789 916 1844 quem
959 1770 1089 1822 misit
1118 1767 1203 1820 ille
1229 1780 1312 1816 vos
1342 1778 1443 1815 non
1477 1758 1697 1814 creditis.
1751 1756 1844 1808 lie-

248 1874 374 1928 inde
396 1888 463 1925 ne
485 1871 746 1927 dicereut,
777 1861 1057 1931 Quomodo
1084 1859 1125 1911 si
1160 1870 1344 1909 vocem
1369 1854 1483 1920 ejus
1511 1864 1617 1902 nou
1640 1846 1847 1901 audivi-

248 1981 392 2031 mus,
428 1963 523 2017 tibi
554 1958 916 2015 testimonium
947 1948 1251 2021 perhibuit?
1278 1948 1352 2001 ait
1382 1944 1469 1998 ille
1497 1962 1508 1997 :
1536 1938 1849 1996 Scrutamini

249 2058 585 2125 Scripturas;
614 2051 717 2104 illa
739 2049 868 2101 enim
888 2054 1002 2100 sunt
1022 2058 1133 2113 qua
1149 2038 1487 2093 testimonium
1508 2033 1763 2103 perhibent
1788 2031 1851 2083 de

247 2164 328 2200 me
354 2123 538 2218 (Joan.
562 2144 615 2197 5.
647 2138 764 2209 39);
786 2137 1024 2191 indicans
1053 2148 1145 2201 per
1174 2132 1268 2183 has
1298 2131 1460 2183 Deum
1485 2123 1847 2180 testimonium

248 2213 613 2306 perliibuisse.
646 2229 778 2283 Nam
809 2237 860 2280 et
887 2227 937 2278 in
960 2221 1194 2278 Jordane
1227 2228 1278 2272 et
1308 2218 1357 2271 in
1402 2224 1583 2269 monte
1612 2213 1849 2265 testimo-

248 2304 398 2381 nium
423 2323 710 2394 perhibuit.
738 2318 843 2373 Sed
874 2317 1017 2371 illam
1048 2327 1230 2367 vocem
1255 2324 1358 2362 non
1384 2307 1484 2361 fert
1512 2308 1561 2359 in
1592 2304 1843 2358 medium.

248 2419 523 2474 Fortassis
546 2416 688 2470 enim
714 2427 820 2466 non
845 2407 1081 2464 creditus
1105 2405 1302 2457 luisset.
1331 2400 1460 2454 Nam
1484 2399 1641 2451 aliam
1664 2410 1847 2449 vocem

249 2529 359 2566 non
388 2509 691 2571 audierant,
716 2517 909 2572 nempe
931 2503 982 2554 in
1006 2508 1214 2561 monte;
1241 2496 1401 2548 aliam
1422 2508 1548 2548 vero
1572 2491 1851 2545 audierant

247 2600 469 2672 quidem
495 2640 509 2661 ,
545 2597 638 2652 sed
672 2610 777 2665 non
803 2592 1161 2647 attenderant.
1217 2586 1414 2640 Idcirco
1447 2584 1609 2636 mittit
1639 2581 1755 2634 illos
1782 2577 1849 2631 ad

248 2695 595 2761 Scripturas,
626 2686 916 2742 ostendens
950 2681 1153 2736 Patris‘
1187 2675 1551 2732 testimonium
1580 2673 1703 2726 inde
1730 2685 1850 2725 esse

249 2782 579 2839 sumendum
604 2820 619 2843 ,
658 2776 879 2832 sublatis
912 2773 1057 2844 prius
1087 2770 1318 2837 antiquis
1348 2768 1398 2820 in
1427 2765 1617 2834 quibus
1645 2762 1848 2833 gloria-

250 2877 453 2929 bantur
476 2913 491 2935 ,
536 2870 618 2924 vel
664 2868 813 2938 quasi
846 2866 1103 2919 vidissent
1135 2861 1303 2914 Deum
1326 2900 1339 2922 ,
1373 2857 1453 2911 vel
1482 2856 1631 2925 quasi
1663 2868 1849 2907 vocem

253 2968 378 3036 ejus
400 2963 698 3017 audissent.
741 2958 873 3025 Quia
904 2969 1031 3009 vero
1056 2951 1309 3008 credibile
1330 2958 1442 3004 erat
1468 2949 1581 3017 ejus
1605 2946 1718 3000 voci
1744 2960 1847 2998 non

246 3056 559 3112 credituros
609 3066 763 3112 esse,
823 3062 989 3117 eaque
1039 3045 1419 3113 imaginaturos
1463 3054 1582 3095 esse
1634 3054 1753 3109 qua:
1798 3039 1847 3092 in

250 3158 440 3204 monte
482 3145 609 3200 Sina
652 3140 997 3201 acciderunt,
1039 3144 1279 3191 correcta
1311 3135 1455 3202 prius
1484 3147 1545 3185 ea
1575 3147 1692 3199 qua:
1719 3130 1849 3183 sub-

246 3238 382 3294 oriri
427 3241 631 3304 peierat
670 3246 733 3285 ea
774 3229 841 3283 de
884 3242 941 3281 re
985 3224 1309 3293 suspicione,
1338 3230 1392 3275 et
1430 3219 1721 3274 ostendens
1764 3219 1849 3271 illa

247 3343 350 3399 per
378 3324 763 3381 demissionem
790 3317 1073 3388 quamdam
1097 3314 1231 3369 facta
1263 3328 1403 3378 esse,
1447 3312 1589 3381 ipsos
1612 3311 1679 3364 ad
1704 3310 1847 3365 Scri-

248 3429 531 3490 pturarutn
560 3410 921 3468 testimOniuin
950 3407 1127 3477 mittit.

320 3512 381 3564 4.
405 3506 593 3561 Contra
621 3503 878 3557 hereticos
906 3516 934 3555 e
974 3498 1253 3567 Scripturis
1283 3494 1634 3567 pugnandum.
1673 3492 1843 3559 Quas-

245 3601 373 3655 dam
404 3607 602 3651 tantum
626 3594 852 3658 uirtutes,
887 3590 1002 3644 aliis
1041 3589 1297 3658 neglectis,
1326 3602 1554 3640 exercere
1589 3601 1687 3636 non
1711 3581 1849 3651 sufﬁ-

242 3695 336 3747 cit.
371 3689 656 3744 Hominum
681 3700 948 3739 avarorum
992 3683 1391 3751 injustorumque
1411 3677 1611 3730 insania
1640 3685 1685 3728 et
1719 3690 1846 3741 sup-

242 3784 466 3858 plicium
513 3785 766 3850 futurum.
812 3806 882 3817 —-
924 3776 992 3831 Et
1024 3789 1121 3828 nos
1162 3786 1373 3842 quoque
1417 3768 1631 3840 quando
1661 3777 1848 3821 contra

246 3873 543 3928 haereticos
572 3882 871 3939 pugnamus
906 3874 958 3919 et
988 3877 1261 3917 armamur
1284 3902 1297 3923 ,
1332 3860 1454 3913 hinc
1486 3873 1584 3912 nos
1615 3859 1847 3911 instrua-

244 3979 395 4021 tuus.
418 3962 601 4018 Omnis
619 3962 749 4014 enim
777 3958 1069 4026 Scriptura,
1102 3954 1292 4023 inquit,
1320 3952 1559 4005 divinitus
1580 3950 1846 4018 inspirata,

241 4061 395 4115 utilis
421 4072 491 4112 est
508 4056 576 4109 ad
600 4054 901 4117 docendum,
926 4051 992 4103 ad
1014 4048 1349 4119 arguentium,
1373 4046 1440 4099 ad
1471 4044 1847 4114 corrigendum,

241 4151 315 4206 ad
338 4147 712 4202 instituendum
740 4145 791 4196 in
814 4141 1016 4211 justitia
1045 4182 1060 4206 ,
1090 4149 1144 4191 ut
1174 4138 1425 4208 perfectus
1451 4138 1517 4189 sit
1539 4134 1635 4188 Dei
1676 4135 1846 4199 homo,

245 4242 320 4296 ad
344 4256 496 4295 omne
519 4253 645 4307 apus
673 4236 858 4289 bonum
883 4234 1153 4286 instructus
1186 4229 1261 4299 (2.
1293 4227 1425 4281 Tim.
1450 4228 1502 4280 5.
1534 4225 1620 4281 l6.
1648 4236 1692 4279 et
1722 4224 1847 4295 l7).

243 4334 369 4389 Non
401 4330 581 4385 utalia
616 4325 963 4391 habeat,aliis
983 4332 1165 4379 careat
1195 4342 1207 4377 :
1237 4337 1358 4375 nam
1390 4320 1509 4373 talis
1539 4319 1699 4372 homo
1730 4334 1849 4387 per.

243 4427 426 4479 fectus
468 4435 574 4473 non
619 4427 779 4473 esset.
825 4420 955 4482 Quas
1000 4413 1219 4477 utilitas,
1274 4426 1495 4480 quaeso,
1543 4410 1588 4463 si
1638 4410 1851 4463 assidue

245 4521 526 4585 precetur,
585 4523 684 4563 nec
723 4508 1119 4576 eleemosynam
1151 4503 1373 4573 largiter
1416 4502 1638 4571 eroget?
1688 4502 1767 4555 vel
1802 4502 1845 4554 si

245 4605 478 4674 largiter
504 4608 728 4670 eroget,
760 4597 855 4653 sed
886 4611 1051 4665 rapax
1098 4604 1153 4649 et
1184 4594 1448 4648 violentus
1488 4592 1597 4645 sit?
1622 4591 1703 4645 vel
1730 4591 1772 4643 si
1806 4590 1853 4643 id

245 4697 421 4753 facint
456 4693 522 4747 ad
570 4691 986 4747 ostentationem
1030 4695 1085 4741 et
1137 4701 1324 4739 vanam
1368 4682 1637 4754 gloriam?
1685 4682 1767 4737 vel
1812 4683 1854 4734 si

251 4797 454 4857 eroget
494 4783 708 4853 quidem
748 4787 999 4835 accurate
1024 4821 1038 4843 ,
1087 4787 1141 4832 et
1180 4779 1246 4830 ad
1296 4777 1544 4845 placitum
1593 4774 1725 4836 Dei,
1764 4771 1857 4825 sed

247 4879 387 4935 inde
434 4890 553 4931 sese
593 4874 817 4930 extollat
862 4881 916 4926 et
964 4870 1130 4924 altum
1174 4867 1389 4939 sapiat?
1427 4866 1511 4921 vel
1559 4865 1603 4920 si
1645 4864 1859 4918 humilis

321 5017 336 5049 ι
379 5012 577 5073 Quidam
600 5012 801 5068 habent.
832 5006 1052 5073 Spiritus,
1079 5020 1182 5070 pro,
1210 5004 1385 5055 Patris.

1262 366 1324 423 ΙΝ
1360 356 1672 422 ΙΟᾹΝΝΕΜ
1713 352 1846 410 11011

1986 350 2123 406 XLI.
2163 349 2237 403 al.
2281 346 2387 402 XL.
3432 338 3536 389 27$

1941 463 2155 534 quidem
2197 462 2266 515 sit
2296 470 2348 514 ct
2370 458 2588 528 jejuniis
2633 470 2693 509 se
2718 459 2962 507 exerceat
2991 491 3003 513 ,
3035 464 3226 503 avarus
3276 457 3451 501 tamen
3482 459 3537 500 et

1943 559 2217 612 usurarius
2252 562 2305 607 et
2342 552 2569 607 terrenis
2598 548 2863 610 addictus,
2898 554 3232 614 matremque
3262 543 3526 598 malorum

1942 650 2181 703 omnium
2215 649 2267 701 in
2300 645 2533 700 animam
2578 657 2728 697 suam
2763 638 3019 694 inducat?
3044 637 3279 691 Avaritia
3310 651 3540 704 namque

1945 740 2096 795 radix
2140 738 2378 792 omnium
2421 735 2683 789 malorum
2712 742 2812 786 est.
2864 731 3008 784 Ilauc
3039 729 3410 792 loriuidemus,
3441 727 3542 781 hoc

1946 830 2210 899 fugiamus
2251 835 2550 897 peccatum.
2585 824 2710 877 llu'c
2741 822 2926 875 orbem
2971 832 3232 874 terrarum
3258 818 3539 881 subvertit,

1947 921 2060 974 haec
2086 920 2266 973 omnia
2314 916 2525 969 miscuit
2548 956 2561 976 ,
2596 916 2710 969 hare
2740 927 2768 965 a
2804 910 3110 965 beatissima
3140 909 3337 962 CitriSli
3370 909 3543 959 servi-

1948 1021 2059 1065 tute
2086 1025 2182 1064 nos
2210 1008 2427 1061 abducit
2458 1024 2469 1058 :
2507 1005 2627 1059 Non
2656 1002 2860 1073 potestis
2886 1044 2899 1064 ,
2931 1002 3121 1069 inquit,
3160 1000 3263 1052 Deo
3294 1000 3477 1052 servire
3499 1008 3544 1050 et

1866 1114 1869 1121 ‘
1947 1117 2216 1165 mamonte,
2267 1100 2352 1169 qui
2404 1097 2617 1151 Christo
2656 1094 2926 1149 contraria
2986 1093 3244 1161 prmcipit.
3297 1090 3543 1143 Christus

1948 1193 2143 1260 quippe
2174 1190 2321 1251 dicit,
2352 1189 2420 1241 Da
2453 1186 2814 1255 indigentibus
2841 1200 2855 1248 ;
2886 1184 2995 1245 ille,
3028 1183 3175 1251 Rape
3205 1182 3273 1234 ab
3302 1174 3546 1249 indigen-

1951 1286 2109 1338 tibus.
2142 1283 2389 1337 Christus
2422 1280 2568 1343 dicit,
2601 1276 2984 1331 lnsidiantibus
3008 1273 3122 1339 tibi,
3146 1282 3203 1329 et
3227 1272 3546 1326 lmdentibus

1952 1383 2001 1427 te
2032 1374 2095 1427 da
2126 1373 2331 1425 veniant
2361 1390 2373 1422 :
2404 1372 2487 1423 hic
2509 1366 2721 1431 contra,
2751 1370 2992 1435 Laqueus
3025 1380 3150 1433 para
3170 1363 3429 1417 adversus
3453 1378 3551 1415 eos

1951 1468 2038 1535 qui
2074 1473 2122 1518 te
2165 1463 2294 1517 nihil
2348 1464 2621 1516 larsernnt.
2680 1459 2928 1511 Cbrisms
2974 1456 3122 1519 dicit,
3176 1454 3443 1523 Benignus
3492 1463 3548 1507 ct

1953 1565 2259 1609 mansuetus
2312 1562 2462 1617 esto;
2520 1553 2603 1604 hic
2650 1570 2678 1604 e
2723 1550 3031 1608 contrario,
3065 1546 3309 1601 Crudelis
3351 1556 3468 1599 esto
3497 1554 3552 1597 et

1956 1648 2297 1708 inhumanus,
2322 1654 2374 1698 et
2402 1644 2531 1696 nihil
2565 1658 2684 1695 esse
2732 1640 3035 1694 existimato
3064 1638 3328 1707 lacryinas
3353 1652 3555 1705 paupe-

1953 1754 2105 1802 rum;
2138 1747 2193 1789 ut
2222 1740 2273 1789 in
2303 1736 2388 1789 illa
2418 1733 2505 1787 die
2522 1748 2770 1787 severum
2801 1730 2955 1785 nobis
2977 1729 3551 1797 constituatjudicem.

1954 1830 2103 1882 'l'unc
2132 1828 2274 1881 enim
2306 1826 2458 1880 nobis
2484 1827 2664 1877 omnia
2693 1866 2707 1889 ,
2759 1838 2880 1893 quia
2924 1821 3149 1875 fecimus
3168 1830 3197 1885 ,'
3216 1830 3340 1873 ante
3369 1821 3555 1873 oculos

1954 1919 2340 1982 versabuntnr,
2375 1917 2595 1984 lit-sique
2641 1916 2714 1967 illi
2766 1924 2820 1967 et
2863 1913 3047 1966 nudati
3086 1930 3114 1963 a
3149 1911 3304 1965 nobis
3334 1926 3550 1965 onmem

1955 2012 2109 2064 nobis
2136 2009 2504 2063 defensionem
2536 2005 2913 2060 intercludant.
2943 2005 2998 2059 Si
3023 2004 3166 2058 enim
3198 2002 3436 2057 Lazarus
3461 2003 3553 2072 qui

1956 2102 2085 2155 nihil
2136 2102 2296 2155 lmsus
2332 2100 2503 2154 fuerat
2532 2114 2560 2151 a
2590 2098 2754 2152 divite
2776 2140 2789 2161 ,
2828 2097 2922 2151 sed
2957 2097 3157 2150 nullam
3204 2097 3272 2149 ah
3302 2112 3367 2150 eo
3398 2111 3555 2164 opem

1955 2202 2257 2262 acceperat,
2284 2192 2507 2246 acerbus
2529 2192 2646 2258 ejus
2674 2198 2954 2243 accusator
2981 2188 3209 2252 exstitit,
3239 2203 3337 2242 nec
3361 2190 3559 2256 permi-

1955 2277 2023 2340 sit
2056 2295 2110 2338 ut
2142 2286 2352 2338 veniam
2397 2284 2561 2337 ullam
2609 2291 3028 2351 consequeretur
3072 2298 3083 2333 :
3118 2295 3302 2350 quam,
3332 2295 3515 2350 qtneso
3536 2323 3551 2346 ,

1956 2377 2324 2432 defensionem
2356 2375 2667 2437 habebunt,
2721 2372 2808 2443 qui
2854 2372 3029 2426 aliena
3079 2371 3314 2440 rapiunt,
3358 2372 3554 2425 nedum

1955 2468 2357 2537 elcemosynam
2404 2473 2658 2534 erogent,
2710 2462 3140 2532 pupillorumque
3179 2461 3369 2515 domos
3394 2477 3556 2516 ever.

1958 2557 2113 2610 lunt?
2169 2556 2223 2610 Si
2265 2556 2339 2609 illi
2369 2555 2456 2624 qui
2504 2553 2773 2608 Christum
2820 2553 3144 2607 esurientem
3198 2567 3301 2605 non
3350 2553 3559 2607 nutrie-

1956 2658 2104 2711 runt,
2146 2657 2348 2700 tantum
2395 2648 2571 2715 ignem
2600 2647 2653 2698 in
2689 2654 2846 2713 caput
2873 2659 3026 2697 suum
3055 2652 3391 2699 attraxerant
3420 2662 3431 2695 :
3464 2647 3553 2713 qui

1955 2739 2126 2792 aliena
2154 2738 2389 2805 rapiunt,
2422 2737 2571 2790 inille
2597 2736 2715 2789 lites
2755 2743 2973 2789 movent
2995 2775 3009 2797 ,
3040 2735 3386 2803 omniumque
3419 2736 3555 2789 bona

1956 2830 2056 2883 sibi
2074 2830 2407 2894 adscribunt,
2438 2844 2543 2897 qua
2560 2827 2933 2883 consolatione
2956 2827 3237 2882 fruentur?
3257 2827 3403 2882 lianc
3426 2844 3555 2898 ergo

1955 2924 2299 2993 cupiditatem
2332 2921 2633 2990 ejiciamns.
2683 2922 2971 2989 Ejieiemns
3003 2930 3181 2975 autem
3209 2962 3224 2987 ,
3259 2922 3300 2974 si
3348 2923 3548 2991 cogite-

1956 3031 2074 3068 mus
2099 3014 2324 3080 injustos
2351 3013 2599 3065 homines
2628 3020 2682 3065 et
2721 3026 2916 3066 avaros
2940 3012 3031 3081 qui
3059 3021 3181 3067 ante
3207 3026 3307 3066 nos
3340 3012 3555 3067 luerunt

1956 3116 2009 3158 et
2038 3105 2303 3157 obierunt.
2340 3105 2533 3156 Annon
2585 3103 2673 3155 alii
2705 3118 2890 3156 eorum
2926 3104 3164 3171 paeoniis
3195 3111 3250 3158 et
3281 3104 3556 3160 laboribus

1958 3196 2222 3259 fruuntur,
2249 3196 2345 3263 ipsi
2376 3194 2639 3264 supplicio
2664 3236 2677 3257 ,
2707 3194 2944 3247 cruciatu
2990 3203 3046 3248 et
3072 3194 3222 3246 malis
3251 3193 3559 3249 intolerabi-

1957 3286 2097 3340 libus
2134 3286 2477 3353 plectuntur?
2506 3289 2700 3337 Annon
2742 3292 3001 3337 extremm
3041 3283 3329 3337 dementia:
3359 3285 3515 3338 fuerit
3542 3329 3555 3350 ,

1958 3377 2007 3428 in
2037 3374 2399 3429 sollicitudine
2427 3385 2480 3427 et
2515 3373 2772 3426 aerumnis
2802 3374 3026 3437 versari,
3059 3382 3115 3426 ut
3155 3382 3208 3427 et
3239 3375 3290 3427 in
3326 3374 3420 3429 hac
3455 3377 3559 3430 vita

1957 3465 2229 3519 laboribus
2258 3473 2585 3526 atteramur,
2622 3472 2675 3515 et
2729 3462 2853 3517 hinc
2882 3463 3172 3531 migrantes
3204 3465 3559 3521 intolerabili-

1960 3556 2057 3609 bus
2117 3567 2462 3624 lorqueamur
2515 3555 2793 3625 suppliciis
2856 3563 3015 3623 atque
3066 3554 3376 3624 laboribus,
3436 3575 3557 3614 cum

1957 3656 2233 3715 oporteret
2259 3656 2314 3700 et
2342 3646 2426 3699 hic
2455 3646 2505 3698 in
2538 3646 2746 3699 deliciis
2784 3646 2963 3701 vivere
2990 3646 3145 3714 (intnl
3177 3650 3322 3703 enim
3356 3659 3557 3705 tantam

1958 3740 2285 3807 voluptatem
2323 3738 2495 3805 parit,
2526 3749 2781 3807 quantam
2815 3740 3151 3810 eleemosyua
3180 3783 3192 3803 ,
3222 3743 3551 3799 conscientia

1958 3845 2087 3899 pura
2113 3831 2127 3860 ⁸
2156 3828 2199 3901 ),
2225 3839 2279 3883 et
2305 3829 2587 3883 defunctos
2614 3830 2682 3882 ab
2702 3830 2949 3883 omnibus
2968 3832 3084 3884 erui
3115 3833 3287 3898 malis,
3314 3844 3367 3889 et
3399 3836 3559 3891 inuno

1958 3938 2102 3977 mera
2135 3924 2387 3992 consequi
2412 3924 2550 3977 bona
2574 3923 2595 3976 ?
2624 3923 2772 3977 Sicut
2793 3924 2934 3977 enim
2963 3925 3218 3993 nequitia,
3246 3928 3407 3980 etiam
3432 3940 3559 3984 ante

1956 4016 2295 4085 gehennam,
2329 4030 2423 4070 eos
2455 4017 2545 4085 qui
2579 4016 2723 4070 illam
2769 4026 3024 4070 exercent
3053 4020 3317 4086 supplicio
3348 4020 3563 4076 allicere

1957 4108 2095 4161 solet
2127 4124 2137 4157 :
2167 4108 2244 4161 sic
2273 4116 2324 4160 et
2357 4108 2559 4171 virtus,
2584 4108 2745 4161 etiam
2779 4116 2905 4161 ante
2926 4122 3149 4177 regnum
3175 4151 3189 4173 ,
3226 4110 3369 4165 illam
3401 4128 3562 4167 exer—

1957 4198 2205 4252 centibus
2227 4198 2451 4251 delicias
2476 4208 2648 4266 parat,
2696 4198 2837 4251 bona
2870 4214 2963 4267 5pc
2992 4240 3006 4263 ,
3039 4201 3258 4266 perenni
3295 4203 3564 4271 Voluptate

1964 4291 2118 4341 vitam
2150 4287 2415 4343 afﬁciens.
2444 4287 2510 4342 Ut
2533 4287 2668 4342 hanc
2691 4288 2868 4357 itaque
2900 4300 2953 4343 et
2985 4288 3070 4343 hic
3094 4299 3145 4342 et
3174 4291 3225 4343 in
3255 4293 3430 4346 l'utura
3456 4294 3560 4347 \ita

1959 4394 2370 4447 consequamur,
2403 4380 2555 4432 benis
2587 4379 2957 4432 incumbamus
2987 4380 3262 4448 operibus.
3293 4381 3382 4435 Sic
3413 4386 3560 4437 enim

1961 4481 2013 4525 et
2040 4469 2242 4524 futuras
2270 4470 2629 4539 adipiscemur
2668 4485 2931 4534 coronas;
2960 4488 3093 4540 quas
3125 4475 3325 4526 utinam
3354 4492 3556 4530 conse-

1963 4581 2190 4633 quamur
2236 4580 2425 4618 omnes
2468 4565 2639 4632 gratia
2679 4575 2734 4619 et
2785 4565 3111 4635 benignitate
3156 4568 3363 4621 Domini
3398 4573 3566 4623 nostri

1964 4655 2090 4709 Jesu
2121 4654 2343 4719 Chrisd,
2372 4671 2463 4722 per
2489 4671 2646 4724 quem
2676 4665 2729 4709 et
2754 4672 2875 4709 cum
2905 4673 3011 4725 quo
3040 4660 3179 4712 Patri
3213 4662 3402 4729 gloria,
3437 4678 3573 4715 una-

1966 4764 2070 4818 que
2100 4746 2325 4817 Spiritui
2350 4758 2556 4812 sancto,
2582 4763 2723 4803 nunc
2750 4759 2803 4803 et
2829 4764 3060 4819 semper,
3088 4754 3213 4805 etin
3238 4756 3434 4808 saecula
3462 4772 3568 4811 szc-

1968 4842 2232 4895 culornm.
2268 4842 2459 4893 Amen.

2033 4936 2047 4965 ι
2086 4930 2358 5003 δεςίῌοεο
2384 4929 2574 5003 illorum
2594 4968 2614 5003 ι,
2631 4940 2860 4994 quantam
2904 4933 3205 4998 eleemosyna
3226 4972 3240 4995 ,
3276 4938 3574 4992 conscientia

1968 5008 2112 5059 pura,
2142 4994 2280 5056 legit,
2306 5000 2536 5056 quantam
2558 4988 2875 5058 elcémosyna:
2897 4988 3442 5058 crogtttte"conscientia.

259 5095 3561 5135 ._______—————————-———-———~—‘———"—————-—————__—______

1624 5175 1972 5240 HOMILIA
2042 5171 2209 5232 XLI.

251 5320 353 5375 39.
411 5312 725 5372 Scrutamini
757 5309 1083 5375 Scripturas,
1125 5309 1241 5377 quia
1283 5322 1368 5360 vos
1416 5305 1600 5374 putatis
1644 5303 1696 5355 in
1736 5302 1860 5369 ipsis

332 5409 488 5463 vitam
518 5417 763 5460 teternam
789 5400 971 5455 habere
1001 5414 1018 5453 :
1045 5408 1090 5453 et
1116 5400 1220 5452 illa:
1240 5408 1356 5451 sunt
1383 5411 1494 5466 qua:
1524 5393 1861 5449 testimonium

333 5497 599 5568 perhibent
629 5494 695 5547 de
722 5508 802 5545 me
830 5507 847 5547 :
876 5490 963 5545 40.
989 5499 1155 5544 etnon
1181 5487 1328 5541 vultis
1362 5488 1528 5540 venire
1578 5484 1643 5538 ad
1673 5499 1769 5549 me,
1811 5492 1862 5534 ut

333 5590 491 5644 vitam
519 5596 771 5640 cternam
797 5582 1043 5635 habeatis.

342 5681 399 5735 1.
427 5678 523 5732 Res
537 5672 829 5746 spin'tuules
853 5673 996 5726 multi
1014 5671 1279 5741 faciendis.
1314 5671 1606 5739 Scripturas
1630 5684 1727 5720 non
1748 5682 1857 5735 per-

252 5765 521 5836 {mirtarie
576 5767 863 5840 legendum,
922 5765 1199 5833 praesertim
1240 5764 1291 5816 in
1332 5763 1452 5816 locis
1504 5761 1569 5813 ad
1604 5758 1859 5814 Christum

1967 5295 2345 5367 pertinentibus.
2389 5294 2620 5350 Christus
2667 5302 3003 5368 pertinaciam
3051 5301 3360 5359 Iudaeorum
3399 5308 3575 5361 redar-

1968 5392 2093 5461 guit,
2126 5392 2399 5444 maximam
2432 5390 2678 5445 adhibens
2721 5396 3045 5461 prudentiam
3084 5398 3462 5468 maximamque
3486 5418 3573 5453 ar-

1971 5491 2320 5553 gumentorum
2353 5483 2449 5535 vim
2473 5497 2492 5545 ;
2522 5483 2752 5548 praedicit
2776 5486 2912 5554 ipsos
2940 5488 3309 5541 Anticltristum
3339 5501 3575 5558 receptu-

1972 5573 2420 5642 ros.-—.\laguam,
2456 5574 2657 5637 dilecti,
2693 5573 2761 5628 de
2789 5576 3157 5643 Spiritualibus
3187 5580 3451 5633 rationem
3487 5581 3578 5633 ha-

1988 5670 2206 5721 l.eamus
2229 5708 2242 5731 ,
2284 5681 2455 5734 neque
2485 5676 2661 5719 tamen
2720 5667 2873 5721 nobis
2924 5668 2989 5722 ad
3022 5670 3245 5723 salutem
3299 5672 3428 5723 satis
3460 5688 3579 5729 esse

1982 5770 2247 5827 putemus,
2274 5759 2314 5811 si
2348 5774 2410 5812 ea
2435 5768 2724 5827 utcumque
2758 5766 3069 5814 tractemus.
3096 5758 3233 5815 Nam
3257 5764 3299 5814 si
3334 5762 3384 5810 in
3415 5778 3586 5815 mucu-
