4164 6324
628 358 733 415 255

631 493 833 548 laribus
868 491 1026 546 rebus
1073 505 1230 545 nemo
1275 503 1523 560 magnum
1566 487 1835 558 quidpiam
1866 487 2057 542 lucrari
2105 485 2200 539 de~

637 581 981 651 prehenditur
1007 621 1023 646 ,
1072 580 1115 633 si
1164 575 1338 633 obiter
1381 589 1430 633 et
1466 579 1820 647 perfunctorie
1846 587 1996 646 agat,
2038 575 2204 628 multo

638 672 802 739 magis
828 671 878 722 in
907 668 1267 738 spiritualibus
1303 670 1461 722 rebus
1489 667 1537 721 id
1566 667 1792 729 eveniet,
1824 667 1947 733 quia
1979 665 2058 716 lim
2086 677 2200 716 ina-

629 763 728 828 jori
769 774 902 829 opus
938 759 1134 814 habent
1161 759 1448 829 diligentia.
1487 759 1608 811 Ideo
1624 755 1868 811 Christus
1893 754 2105 810 Jndzeos
2135 752 2201 806 ad

626 849 927 916 Scripturas
969 848 1277 914 remittens,
1325 862 1427 900 non
1460 846 1525 900 ad
1573 846 1866 914 simplicem
1899 845 2199 908 lcetionem,

632 940 725 994 sed
755 940 819 994 ad
850 948 1155 993 accuratum
1183 953 1401 992 examen
1434 939 1553 991 illos
1576 937 1821 990 remittit.
1852 936 2032 1004 Neque
2056 935 2201 990 enim

629 1031 782 1095 dixit,
815 1030 995 1098 Legite
1014 1028 1316 1097 Scripturas
1340 1045 1353 1091 ;
1387 1028 1479 1082 sed
1507 1070 1520 1092 ,
1549 1027 1860 1081 Scrutamini
1887 1025 2199 1094 Scripturas.

626 1121 758 1188 Quia
788 1135 847 1175 ea
873 1161 888 1184 ,
916 1135 1034 1189 qua:
1061 1119 1127 1173 de
1173 1119 1287 1188 ipso
1318 1119 1388 1174 ibi
1420 1118 1668 1172 dicuntur
1689 1160 1704 1182 ,
1749 1117 1911 1170 multa
1944 1130 2079 1183 opus
2108 1115 2204 1168 ha-

628 1213 753 1268 bent
779 1211 1183 1281 investigatione
1207 1210 1331 1279 tsnb
1358 1210 1546 1264 umbra
1569 1211 1713 1262 enim
1742 1206 1968 1278 quadam
1997 1205 2200 1259 occulta

623 1303 892 1357 veteribus
917 1299 1145 1371 erant),
1187 1300 1307 1355 ideo
1358 1299 1477 1354 illos
1521 1307 1773 1354 accurate
1822 1297 2004 1351 fodere
2031 1296 2198 1366 jubet,

553 1440 559 1448 .
623 1399 682 1445 ut
712 1392 761 1445 in
795 1389 1053 1459 profundo
1109 1390 1278 1459 posita
1318 1390 1554 1459 reperire
1605 1388 1827 1458 possint.
1857 1387 2036 1456 Neque
2059 1387 2200 1442 enim

623 1484 676 1538 in
705 1482 989 1552 superficie
1021 1481 1104 1534 vel
1137 1481 1188 1534 in
1228 1491 1519 1550 conspectu
1543 1489 1725 1550 jacent
1747 1522 1760 1545 ,
1790 1479 1883 1533 sed
1915 1477 2066 1547 quasi
2096 1477 2204 1532 the-

623 1588 814 1625 saurus
843 1572 1101 1641 quispiam
1133 1570 1392 1639 profunde
1437 1570 1723 1624 admodum
1752 1567 2020 1622 reclnndita
2055 1576 2199 1621 sunt.

625 1666 726 1731 Qui
775 1677 901 1717 vero
933 1659 1194 1732 profunde
1225 1661 1392 1730 posita
1435 1661 1624 1732 qua‘rit
1653 1701 1667 1722 ,
1701 1661 1800 1714 nisi
1832 1674 1950 1713 cum
1978 1658 2204 1728 diligen-

625 1755 695 1808 tia
715 1762 769 1808 et
797 1751 977 1806 labore
1003 1762 1226 1821 qumrat,
1253 1767 1539 1821 numquam
1567 1751 1708 1821 quod
1727 1752 1919 1821 quaerit
1944 1751 2197 1805 inveniet.

622 1844 746 1899 Ideo
797 1852 1073 1913 postquam
1102 1843 1260 1908 dixit,
1293 1842 1605 1897 Scrutamini
1645 1841 1964 1910 Scripturas,
1998 1842 2196 1907 intulit,

622 1934 756 1999 Quia
783 1949 866 1987 vos
897 1934 1086 2003 putatis
1127 1934 1179 1986 in
1227 1934 1352 2002 ipsis
1379 1934 1529 1986 vitam
1568 1941 1809 1986 aeternam
1854 1933 2056 1988 habere.
2084 1932 2198 1987 Non

619 2024 772 2087 dixit,
804 2023 1022 2079 Habetis
1048 2064 1063 2090 ,
1097 2023 1190 2078 sed
1245 2022 1444 2078 Putatis
1482 2024 1698 2091 habere,
1731 2024 2022 2080 ostendens
2057 2026 2202 2095 ipsos

622 2115 757 2170 nihil
805 2129 1051 2186 magnum
1081 2116 1272 2169 lucrari
1297 2156 1313 2179 ,
1350 2115 1474 2168 dum
1505 2123 1754 2183 putarent
1784 2129 1843 2169 se
1870 2131 1936 2169 ex
1963 2115 2078 2170 sola
2120 2119 2197 2171 le-

615 2207 787 2261 ctione
809 2207 922 2260 sine
949 2206 1052 2260 lide
1078 2220 1235 2276 posse
1250 2207 1472 2260 salutem
1494 2205 1770 2275 consequi.
1800 2205 1878 2261 Ac
1897 2205 1943 2262 si
1975 2206 2196 2271 diceret,

618 2297 807 2350 Annon
841 2295 1105 2349 miramini
1138 2296 1484 2365 Scripturas?
1509 2310 1686 2350 annon
1720 2297 1843 2350 vita:
1866 2295 2043 2352 fontes
2081 2312 2200 2353 esse

617 2386 986 2439 arbitramini?
1018 2385 1109 2439 His
1133 2385 1242 2454 jam
1276 2386 1419 2439 nitor
1448 2395 1500 2441 et
1543 2401 1661 2457 ego.
1694 2386 1783 2440 lla:
1811 2402 2039 2455 namque
2077 2395 2201 2442 sunt

616 2493 736 2545 qua:
764 2476 1125 2531 testimonium
1159 2476 1445 2545 perhibent
1479 2475 1547 2531 de
1573 2492 1658 2530 me
1678 2517 1692 2542 ,
1724 2485 1779 2531 et
1818 2491 1926 2530 non
1951 2478 2107 2532 vultis
2133 2478 2198 2532 ad

618 2586 706 2624 tne
721 2568 902 2623 venire
920 2610 934 2633 ,
965 2580 1021 2621 ut
1037 2569 1196 2621 vitam
1220 2577 1474 2621 aeternam
1497 2567 1754 2622 habeatis.
1771 2567 1800 2621 J
1807 2583 1899 2623 ure
1911 2584 2036 2638 ergo
2057 2568 2203 2624 dicc-

620 2659 728 2722 bat,
763 2656 860 2712 Vos
889 2659 1075 2727 putatis
1098 2699 1113 2723 ,
1145 2657 1289 2726 q‘uod
1314 2657 1516 2711 nollent
1542 2657 1641 2726 ipsi
1681 2657 2050 2728 obtemperare
2069 2699 2084 2725 ,
2108 2660 2201 2714 sed

619 2751 686 2804 de
713 2749 936 2819 simplici
970 2749 1196 2803 lectione
1225 2749 1597 2817 gloriarentur.
1625 2749 1825 2803 Deinde
1858 2764 1925 2803 ne
1943 2765 2006 2804 ex
2040 2750 2201 2806 nimia

619 2858 744 2896 cura
773 2842 824 2895 in
854 2856 1000 2896 vana:
1025 2841 1206 2911 gloria:
1233 2841 1590 2910 suspicionem
1628 2841 1872 2907 veniret,
1903 2857 2037 2897 neve
2060 2843 2200 2912 quod

619 2933 827 2985 illorum
879 2930 1034 2984 (idem
1085 2931 1370 3000 exigeret,
1414 2940 1687 3000 putaretur
1727 2946 1846 3001 qua:
1894 2948 1989 2986 sua
2047 2942 2200 2988 erant

619 3035 807 3075 ein-are
830 3017 986 3090 (nam
1011 3018 1297 3076 etJoannis
1315 3034 1519 3086 vocem,
1543 3031 1596 3072 et
1623 3021 1712 3074 Dei
1738 3021 2121 3088 testimonium,
2148 3031 2203 3078 et

623 3126 784 3180 opera
832 3125 924 3164 sua
966 3118 1498 3174 eonmienioraverat,
1544 3111 1812 3180 vitamque
1850 3113 2199 3180 promiserat;

626 3201 729 3254 illis
745 3201 992 3254 omnibus
1007 3213 1152 3270 usus,
1169 3208 1224 3254 ut
1239 3214 1332 3256 eos
1343 3200 1408 3255 ad
1426 3215 1483 3255 se
1499 3200 1780 3268 alliceret):
1804 3207 1947 3272 qula,
1966 3203 2199 3272 inquam,

622 3289 877 3343 credibile
907 3297 1023 3344 erat
1044 3290 1242 3343 multos
1270 3291 1635 3358 suspicaturos
1656 3304 1776 3344 esse
1807 3291 1946 3358 quod
1978 3294 2201 3361 gloriam

622 3389 860 3448 captaret
885 3421 899 3446 ,
930 3379 1050 3434 audi
1073 3380 1200 3449 quid
1235 3379 1448 3450 adjiciat
1478 3398 1491 3434 :
1521 3381 1608 3435 4|.
1645 3380 1872 3434 Gloriam
1900 3384 1961 3436 ab
2005 3383 2202 3438 homine

623 3489 722 3525 non
748 3473 982 3541 accipio;
1014 3472 1113 3524 hoc
1139 3478 1240 3534 est,
1273 3471 1362 3524 Illa
1383 3487 1486 3524 non
1514 3485 1663 3539 egeo.
1699 3471 1812 3525 Non
1841 3488 1979 3538 sum,
2011 3473 2198 3542 inquit,

631 3565 751 3617 talis
783 3575 1006 3626 naturm,
1038 3572 1094 3616 ut
1124 3562 1394 3617 hominum
1427 3563 1594 3633 gloria
1625 3579 1759 3633 opus
1784 3565 2007 3619 habeam
2032 3607 2045 3629 ,
2070 3565 2201 3619 Nam

629 3653 674 3704 si
704 3653 785 3706 sol
832 3669 860 3707 a
909 3653 1121 3705 lucerna
1169 3652 1307 3705 lucis
1350 3653 1770 3706 additamentum
1820 3669 1923 3708 non
1974 3655 2201 3725 accipit,

637 3743 804 3796 multo
846 3742 1020 3796 minus
1057 3757 1156 3812 ego
1185 3741 1412 3796 humana
1442 3743 1611 3811 egeho
1661 3744 1848 3811 gloria.
1881 3745 1944 3798 Et
1971 3759 2068 3799 cur
2092 3745 2206 3800 lucc

625 3836 776 3897 dicis,
803 3835 844 3888 si
875 3851 978 3889 non
1009 3835 1210 3905 egeas?
1241 3834 1307 3890 Ut
1349 3850 1441 3888 vos
1470 3835 1602 3889 salvi
1635 3835 1770 3889 sitis.
1802 3835 1934 3890 Illud
1967 3852 2091 3892 vero
2119 3854 2206 3892 su-

627 3941 721 3993 pra
751 3925 977 3989 dixerat,
1004 3936 1058 3980 et
1082 3925 1166 3978 hic
1199 3924 1559 3980 subindicavit
1591 3926 1672 3979 bis
1703 3926 1897 3991 verbis,
1947 3927 2013 3982 Ut
2052 3931 2204 3982 vitam

628 4016 869 4070 habeatis.
917 4016 1086 4070 Aﬂ'ert
1129 4025 1182 4070 ct
1223 4017 1378 4070 aliam
1418 4033 1653 4072 causam.
1700 4019 1913 4086 Quam?
1961 4021 2051 4076 42.
2099 4022 2205 4078 Sed

626 4107 832 4176 cognovi
861 4123 966 4170 vos,
998 4107 1117 4176 quia
1144 4106 1465 4161 dilectionem
1494 4108 1590 4162 Dei
1627 4125 1727 4163 non
1758 4110 1948 4166 habetis
1973 4112 2026 4166 in
2045 4112 2202 4167 vobis.

630 4203 762 4263 Quia
793 4215 954 4268 s-rpe,
988 4200 1136 4268 quasi
1192 4199 1354 4254 Deum
1400 4201 1719 4271 diligerent,
1752 4204 2206 4274 persequebantur

627 4305 764 4354 eunt,
793 4290 914 4358 quia
942 4290 1198 4359 aequalem
1227 4305 1285 4344 se
1313 4291 1538 4344 faciebat
1567 4293 1697 4356 Deo,
1726 4294 2036 4364 sciebatque
2060 4296 2206 4365 ipsos

633 4394 737 4434 non
773 4379 874 4432 sibi
906 4380 1203 4433 credituros
1237 4395 1390 4438 esse:
1443 4395 1512 4434 ne
1551 4383 1670 4450 quis
1721 4383 1939 4449 diceret,
1979 4385 2087 4440 Cur
2138 4388 2208 4442 ita

633 4466 904 4537 loqueris?
957 4467 1026 4522 Ut
1070 4484 1164 4523 vos
1215 4470 1637 4538 reprehendam,
1684 4473 1871 4542 inquit,
1924 4477 2044 4544 quia
2100 4494 2206 4532 non

633 4570 847 4630 propter
874 4559 1213 4614 dilectionem
1245 4561 1335 4616 Dei
1366 4576 1452 4617 me
1484 4564 1884 4634 persequimini.
1930 4565 2204 4637 Siquidem

631 4653 746 4721 ipse
793 4652 922 4706 mihi
969 4652 1328 4708 testimonium
1365 4655 1605 4724 perhibet
1632 4664 1686 4710 et
1715 4671 1810 4725 per
1846 4673 2005 4727 opera
2032 4669 2087 4714 et
2113 4676 2208 4729 per

630 4743 950 4810 Scripturas.
1002 4743 1149 4796 Sicut
1191 4758 1288 4812 ego
1341 4745 1566 4799 antehae
1624 4761 1743 4800 eum
1799 4750 2056 4816 putaretis
2124 4766 2210 4806 me

634 4830 746 4884 Deo
800 4829 1160 4884 adversarium
1201 4846 1339 4898 esse,
1396 4848 1482 4887 me
1525 4836 1870 4904 expellebatis
1908 4855 1920 4890 :
1952 4839 2020 4893 ita
2070 4857 2209 4896 nunc

633 4937 699 4976 es
752 4937 857 4991 quo
918 4923 1030 4977 lucc
1082 4923 1491 4992 demonstravi,
1544 4942 1826 4985 accurrere
1896 4946 1992 4985 vos
2045 4948 2209 5002 opor-

632 5017 814 5082 lebat,
872 5017 916 5071 si
977 5017 1139 5071 Deum
1191 5017 1519 5086 diligeretis;
1574 5021 1668 5076 sed
1718 5037 1821 5076 non
1863 5038 1987 5078 vere
2036 5025 2209 5096 diligi-

632 5111 719 5163 tis.
767 5108 893 5163 ldeo
950 5109 1063 5163 haec
1105 5111 1232 5171 dixi,
1291 5121 1346 5164 ut
1385 5113 1787 5181 comprobarcm
1841 5129 1935 5170 vos
1976 5115 2111 5171 l'astu
2156 5128 2210 5172 et

628 5200 876 5268 jactantia
921 5199 1064 5267 duci,
1111 5210 1164 5255 et
1205 5201 1452 5255 invidiam
1509 5211 1734 5256 vestram
1779 5205 2047 5276 obtegere.
2100 5206 2206 5263 Ne-

630 5305 734 5358 que
759 5305 824 5343 ex
857 5289 936 5343 his
983 5301 1184 5345 tantmn
1208 5334 1222 5358 ,
1255 5291 1347 5346 sed
1377 5308 1439 5346 ex
1480 5292 1671 5349 futuris
1714 5310 1924 5366 quoque
1969 5297 2071 5352 hoc
2110 5299 2209 5354 ad-

629 5382 818 5447 struit;
849 5397 969 5436 nam
1001 5385 1074 5436 ait
1103 5385 1228 5439 ιιδ.
1274 5384 1384 5456 Ego
1425 5387 1535 5441 veni
1566 5388 1618 5440 in
1655 5389 1855 5443 nomine
1887 5388 2057 5445 Patris
2086 5393 2202 5461 mei,

630 5481 676 5524 et
718 5486 819 5524 non
851 5472 1107 5541 recepistis
1137 5489 1213 5526 me
1238 5490 1256 5527 :
1303 5476 1346 5529 si
1382 5479 1512 5530 alius
1553 5481 1736 5532 venerit
1775 5481 1827 5532 in
1872 5484 2071 5535 nomine
2094 5501 2204 5554 suo,

633 5561 781 5614 illum
810 5563 1082 5633 recipietis.
1125 5564 1309 5620 Viden’
1337 5569 1480 5621 illum
1515 5570 1707 5640 ubique
1729 5571 1906 5627 dicere
1927 5589 1985 5628 se
2013 5575 2078 5628 ad
2108 5577 2206 5634 hoc

633 5653 848 5705 missmn
872 5667 1009 5720 esse,
1039 5665 1090 5708 et
1113 5672 1175 5709 ex
1206 5656 1358 5711 Patre
1373 5658 1626 5726 judicium
1649 5663 1940 5731 accepisse,
1964 5681 2060 5720 nec
2082 5669 2203 5735 quid

632 5755 785 5811 posse
838 5761 866 5798 a
911 5746 1225 5818 semctispso
1267 5749 1469 5814 facere,
1502 5761 1558 5805 ut
1589 5767 1801 5809 omnem
1855 5756 2202 5826 improbitatis

1329 353 1366 408 S
1417 349 1692 407 JOANNIS
1728 349 2194 408 CllllYSOSTOMl
2236 351 2548 409 ARCIIIEP.
2590 355 3120 412 CONSTA'NTINOP.

3794 365 3906 422 236

2317 503 2499 544 ansam
2547 493 2790 546 resecet?
2839 494 2944 548 Sed
2973 509 3260 564 quemnam
3288 494 3419 552 dicit
3466 499 3518 552 in
3547 513 3646 555 suo
3673 505 3903 572 praprio

2315 582 2530 635 nomine
2561 593 2844 639 venturum
2890 587 3054 642 esse?
3098 588 3488 644 Antichristum
3519 589 3608 646 hic
3651 595 3904 649 subindi-

2313 681 2432 737 cat,
2488 687 2781 740 eorumque
2835 679 3126 747 nequitiam
3183 680 3513 736 ineluctabili
3576 695 3903 753 argumento

2313 763 2660 818 dcmonStrat.
2692 766 2824 822 Nam
2853 771 2897 824 si
2930 778 3198 841 tamquam
3229 771 3322 827 Dei
3355 783 3625 830 amatores
3655 792 3740 830 me
3771 794 3904 846 per-

2311 858 2611 925 sequimini,
2643 861 2810 914 multo
2841 862 3006 932 magis
3033 863 3423 920 Antichristum
3457 867 3702 937 persequi
3731 883 3904 937 opor-

2313 941 2489 994 tuerit.
2541 943 2634 996 llle
2680 959 2907 1015 namque
2939 946 3070 1000 nihil
3117 948 3294 1003 simile
3331 951 3587 1020 proferet,
3638 968 3810 1022 neque
3867 972 3902 1009 τι

2311 1029 2466 1086 Patre
2496 1048 2552 1087 se
2594 1035 2848 1103 missum,
2896 1052 3074 1107 neque
3117 1054 3183 1093 ex
3229 1041 3347 1109 ejus
3389 1044 3663 1100 voluntate
3711 1047 3907 1100 venire

2310 1119 2485 1175 dicet:
2515 1123 2608 1178 sed
2640 1133 2848 1191 contra,
2883 1141 2944 1180 ea
2971 1128 3248 1198 tyranniee
3285 1131 3457 1200 rapiet
3478 1149 3597 1203 quae
3617 1150 3725 1190 non
3745 1135 3812 1189 ad
3838 1150 3904 1190 se

2309 1213 2613 1280 pertinent,
2647 1228 2809 1284 seque
2837 1215 2997 1271 deum
3030 1218 3400 1276 universorum
3431 1225 3791 1297 prolitebitur,
3843 1238 3903 1281 ut

2309 1302 2503 1357 Paulus
2529 1306 2603 1359 ait
2634 1322 2648 1360 :
2674 1305 2847 1376 Supra
2866 1324 3062 1362 onmem
3083 1310 3168 1377 qui
3196 1311 3380 1366 dicitur
3403 1312 3546 1368 Deus
3574 1326 3663 1368 aut
3684 1319 3897 1381 colitur,

2307 1394 2571 1448 ostendens
2610 1412 2664 1449 se
2693 1406 2946 1466 tamquam
2970 1399 3034 1451 sit
3069 1398 3212 1454 Deus
3234 1400 3308 1472 (2.
3347 1401 3523 1458 Thess.
3552 1406 3608 1460 2.
3659 1408 3749 1476 4).
3783 1408 3901 1464 Hoc

2307 1483 2450 1537 enim
2481 1494 2563 1539 est
2593 1486 2642 1538 in
2665 1488 2878 1556 praprio
2901 1489 3115 1544 nomine
3145 1485 3345 1548 venire.
3369 1495 3483 1565 Ego
3509 1512 3639 1550 vero
3662 1516 3768 1552 non
3794 1502 3898 1566 sic,

2307 1572 2403 1626 sed
2431 1573 2482 1627 in
2532 1577 2747 1631 nomine
2778 1578 2950 1633 l’atris
2975 1580 3079 1634 mei
3111 1580 3324 1637 adveni.
3378 1583 3474 1639 Vel
3507 1584 3632 1640 hinc
3678 1589 3895 1643 ostendi

2308 1672 2514 1732 poterat
2541 1665 2684 1735 ipsos
2712 1685 2816 1723 non
2860 1686 3043 1727 amare
3079 1673 3245 1728 Deum
3272 1715 3287 1742 ,
3317 1676 3462 1746 quod
3491 1678 3664 1744 illum,
3709 1679 3802 1749 qui
3837 1699 3898 1736 se

2306 1755 2584 1813 diceretab
2607 1760 2696 1814 illo
2732 1763 2974 1828 missum,
3014 1779 3118 1819 non
3163 1767 3463 1837 reciperent
3495 1787 3508 1822 :
3536 1772 3644 1839 jam
3673 1787 3803 1825 vero
3830 1788 3896 1828 ex

2306 1852 2577 1906 contrario
2626 1855 2862 1907 ostendit
2913 1856 3125 1910 illorum
3179 1857 3564 1926 impudentiam
3621 1863 3771 1927 ‘,ex
3831 1880 3900 1919 eo

2306 1944 2445 2012 quod
2480 1946 2860 2001 Aolichristum
2890 1951 3152 2018 recepturi
3177 1960 3382 2007 essent.
3407 1953 3541 2008 Cum
3568 1957 3710 2010 enim
3743 1972 3896 2021 eum.

2306 2034 2393 2103 qui
2425 2050 2453 2087 a
2487 2035 2597 2090 Deo
2633 2052 2690 2092 se
2712 2037 2933 2094 missum
2957 2040 3187 2108 dicebat,
3225 2059 3331 2097 non
3377 2046 3713 2116 reciperent;
3744 2067 3902 2104 eum-

2305 2136 2408 2190 que
2430 2124 2520 2192 qui
2557 2125 2720 2180 Deum
2751 2143 2853 2181 non
2886 2140 3126 2196 noverat,
3158 2133 3251 2187 sed
3287 2135 3642 2204 jactabundus
3667 2155 3727 2193 se
3772 2143 3899 2193 uni-

2306 2229 2578 2271 versorum
2609 2218 3017 2290 denmdicebat,
3044 2223 3313 2280 adoraturi
3336 2239 3515 2282 essent
3548 2231 3752 2299 :palam
3780 2243 3904 2287 erat

2304 2322 2370 2361 ex
2397 2309 2591 2364 invidia
2619 2321 2673 2365 et
2702 2328 2767 2367 ex
2789 2314 2878 2368 Dei
2911 2315 3035 2369 odio
3059 2321 3529 2387 persequutionem
3551 2335 3722 2377 ortam
3747 2341 3897 2382 esse.

2306 2399 2429 2454 ldeo
2471 2401 2604 2457 duas
2655 2405 2805 2472 ponit
2843 2404 3108 2460 dictorum
3155 2425 3382 2475 causas,
3436 2414 3668 2481 priorem
3702 2432 3903 2486 nempe.

2307 2493 2451 2546 illam
2481 2510 2603 2564 qua:
2631 2497 2814 2550 utilior
2844 2508 2991 2564 erat,
3025 2498 3092 2553 Ut
3117 2502 3246 2554 salvi
3270 2503 3380 2557 sitis
3411 2545 3426 2570 ,
3457 2513 3512 2558 et
3537 2503 3606 2560 Ut
3629 2507 3778 2560 vitam
3802 2509 3903 2561 Im-

2309 2583 2482 2639 beatis.
2506 2585 2636 2652 Quia
2659 2601 2786 2643 vero
2808 2588 2979 2657 ipsum
3003 2589 3208 2646 irrisuri
3230 2604 3405 2660 erant,
3434 2595 3902 2652 vehementiorem

2309 2677 2472 2744 ponit,
2506 2678 2807 2744 declarans,
2842 2682 2884 2733 si
2911 2681 3193 2738 audientes
3235 2701 3340 2739 non
3370 2686 3766 2758 obtemperent,
3805 2709 3905 2760 pro

2306 2783 2455 2822 more
2478 2782 2575 2821 suo
2610 2769 2772 2822 Demn
2803 2771 2995 2839 ubique
3025 2771 3283 2827 iacturum
3307 2790 3449 2831 csso.

2375 2859 2429 2912 2.
2473 2859 2666 2913 Paulus
2694 2868 2839 2914 certe
2868 2861 2936 2915 de
2966 2862 3292 2919 Antichristo
3332 2865 3557 2936 loquens
3586 2869 3906 2937 prophetit'c

2303 2950 2431 3004 dicit
2461 2967 2475 3003 :
2511 2949 2674 3002 Mittct
2702 2951 2805 3006 illis
2827 2950 2964 3006 Deus
2989 2957 3327 3023 Operationent
3348 2958 3556 3024 erroris,
3590 2968 3644 3012 ut
3668 2960 3907 3025 iudicen-

2306 3053 2388 3097 tur
2418 3060 2586 3097 omnes
2612 3044 2698 3111 qui
2727 3060 2825 3097 non
2855 3046 3171 3100 crediderunt
3193 3048 3408 3116 veritati,
3430 3049 3517 3104 scd
3537 3065 3904 3107 consenserunt

2309 3134 2560 3204 iniquitati
2591 3134 2608 3203 (
2634 3134 2764 3188 ibid.
2797 3153 2845 3188 v.
2876 3138 2942 3190 lt)
2968 3146 3010 3190 et
3045 3138 3102 3191 ll
3129 3146 3170 3208 ).
3200 3138 3446 3195 Christus
3472 3151 3649 3197 autem
3677 3159 3784 3199 non
3815 3144 3906 3199 di-

2306 3225 2379 3277 cit
2405 3237 2526 3278 esse
2552 3236 2869 3291 venturum;
2899 3226 2993 3280 sed
3016 3267 3029 3291 ,
3059 3227 3122 3282 Si
3147 3231 3363 3295 venerit,
3391 3231 3723 3288 auditoribus
3747 3249 3807 3290 se
3829 3246 3910 3290 at-

2308 3323 2610 3382 temperans
2629 3356 2644 3380 ,
2675 3317 2795 3385 quia
2826 3315 3060 3371 nondum
3101 3320 3365 3388 completa
3394 3331 3511 3377 erat
3540 3333 3647 3378 tota
3679 3324 3906 3380 illorum

2307 3405 2536 3472 nequitia
2563 3423 2576 3459 :
2608 3405 2832 3476 ideoque
2860 3408 3000 3461 illius
3025 3407 3284 3464 adventus
3308 3425 3522 3467 causam
3550 3415 3733 3470 tacuit.
3761 3415 3909 3471 Pau-

2309 3495 2391 3548 lus
2422 3511 2551 3549 vero
2595 3497 3010 3566 intelligentibus
3045 3510 3228 3569 aperte
3268 3503 3406 3556 illam
3443 3503 3770 3570 declaravit;
3812 3509 3912 3565 illo

2309 3603 2535 3656 namque
2577 3598 2658 3643 est
2706 3590 2794 3659 qni
2833 3604 3046 3645 omnem
3091 3592 3219 3662 ipsis
3257 3594 3432 3662 alliert
3475 3599 3905 3654 excusationem.

2313 3679 2513 3734 Deinde
2537 3679 2918 3734 incredulitatis
2939 3697 3122 3737 eorum
3146 3679 3358 3742 causam
3383 3686 3464 3740 his
3491 3689 3666 3744 verbis
3691 3693 3863 3759 aperit
3893 3711 3906 3746 :

2313 3771 2395 3825 Η.
2432 3770 2693 3838 Quomodo
2723 3773 2926 3840 potestis
2963 3788 3048 3827 vos
3077 3774 3279 3829 credere
3297 3818 3310 3838 ,
3329 3765 3423 3847 “qui
3445 3779 3660 3848 gloriam
3690 3781 3912 3836 invicem

2307 3862 2537 3929 accipitis
2555 3903 2570 3928 ,
2601 3871 2647 3915 et
2676 3863 2889 3933 gloriam
2917 3880 3028 3931 qua:
3054 3881 3084 3918 a
3111 3868 3218 3919 solo
3248 3867 3356 3922 Deo
3385 3857 3458 3922 εἷι
3497 3886 3597 3924 non
3635 3875 3867 3940 qua‘riti;
3885 3878 3914 3928 .’

2310 3953 2433 4008 hinc
2472 3954 2662 4009 iterum
2703 3956 2991 4012 ostendens
3031 3973 3126 4013 eos
3169 3975 3272 4014 non
3317 3961 3404 4015 illa
3439 3978 3556 4032 qua:
3598 3964 3766 4020 solius
3809 3967 3910 4023 Dei

2308 4053 2461 4099 erant
2490 4054 2732 4114 spectare
2752 4088 2768 4112 ,
2799 4045 2892 4102 sed
2920 4048 3020 4103 hoc
3050 4048 3266 4105 obtentu
3293 4050 3537 4108 ell‘eetum
3577 4067 3731 4110 suum
3766 4058 3914 4114 velle

2311 4137 2467 4192 tueri.
2500 4137 2727 4193 Tantum
2758 4139 2898 4194 enim
2930 4141 3115 4196 aberat
3142 4143 3268 4210 quin
3301 4143 3415 4200 ha-c
3439 4145 3506 4200 ad
3549 4147 3638 4201 Dei
3675 4151 3910 4219 gloriam

2312 4227 2574 4294 facerent,
2608 4240 2664 4284 ut
2694 4230 2978 4286 humanam
3018 4232 3117 4288 sibi
3146 4236 3320 4304 potius
3345 4253 3504 4306 quam
3533 4239 3772 4296 divinam
3803 4260 3912 4315 op-

2315 4326 2507 4372 tarent.
2535 4320 2815 4387 Quomodo
2839 4337 2966 4393 ergo
2997 4333 3198 4379 tantum
3228 4326 3333 4380 odii
3367 4343 3461 4396 pro
3493 4329 3582 4386 Dei
3610 4333 3782 4401 gloria
3815 4351 3914 4391 su-

2313 4409 2610 4478 sciperent,
2646 4427 2802 4480 quam
2845 4429 3010 4481 usque
3049 4414 3183 4470 adeo
3222 4421 3667 4490 contemnebant,
3708 4435 3769 4479 ut
3801 4425 3913 4481 hu-

2312 4515 2522 4555 manam
2568 4501 2665 4570 ipsi
2709 4503 3073 4560 anteferrent?
3125 4506 3411 4578 PoSlquam
3464 4521 3640 4568 autem
3690 4515 3914 4572 dixerat

2313 4591 2457 4659 ipsos
2485 4591 2822 4648 dilectionem
2855 4595 2947 4649 Dei
2979 4611 3083 4651 non
3112 4596 3308 4653 habere
3327 4641 3342 4665 ,
3373 4610 3427 4655 et
3456 4602 3651 4673 duplici
3693 4607 3913 4664 ratione

2314 4682 2365 4736 id
2394 4683 2740 4751 probaverat,
2775 4702 2883 4740 tum
2913 4701 3005 4756 per
3032 4702 3094 4743 ea
3123 4705 3241 4759 qua:
3272 4693 3325 4744 in
3358 4707 3416 4747 se
3447 4692 3581 4758 laeta
3603 4737 3618 4762 ,
3664 4706 3775 4751 tum
3810 4715 3914 4768 per

2313 4787 2372 4826 ea
2404 4789 2519 4842 qua:
2551 4773 2601 4856 in
2625 4774 2956 4848 inutichristo
2982 4777 3156 4833 futura
3195 4791 3379 4848 erant,
3423 4784 3748 4856 insuperque
3792 4790 3915 4844 cla-

2313 4863 2422 4916 rius
2448 4852 2935 4933 dei‘Jonstraverat,
2967 4883 3087 4923 esse
3114 4870 3234 4926 illos
3255 4874 3401 4927 omni
3427 4852 3579 4929 venia
3611 4877 3864 4948 indignos
3896 4900 3910 4935 :

2315 4955 2390 5009 sic
2421 4954 2538 5008 illos
2577 4957 2874 5027 redarguit,
2922 4959 3138 5030 Moysen
3177 4974 3542 5020 accusatorem
3582 4967 3863 5025 adducens
3894 4991 3912 5026 ε

2313 5046 2401 5099 45.
2437 5044 2612 5100 Nolite
2639 5060 2814 5116 putare
2842 5050 2978 5118 quod
3017 5067 3108 5121 ego
3145 5064 3471 5112 accusaturus
3506 5059 3604 5112 sint
3646 5075 3732 5115 vos
3761 5065 3916 5132 apud

2315 5135 2522 5191 Patrem
2552 5155 2572 5192 :
2601 5150 2671 5194 est
2696 5142 2781 5208 qui
2807 5153 3009 5197 accusat
3038 5160 3124 5198 vos
3153 5144 3390 5216 Moyses,
3432 5149 3486 5203 in
3524 5167 3624 5220 quo
3662 5169 3749 5208 vos
3783 5172 3914 5224 spe-

2312 5233 2482 5284 rastis.
2514 5232 2600 5287 46.
2632 5233 2694 5288 Si
2721 5234 2851 5288 enim
2876 5236 3142 5290 crederetis
3172 5237 3361 5309 Moysi,
3390 5244 3656 5298 crederetis
3686 5249 3918 5316 forsitan

2313 5332 2357 5374 et
2385 5323 2507 5376 milli
2538 5340 2556 5377 :
2584 5325 2647 5377 de
2672 5341 2749 5378 nte
2777 5325 2908 5379 enim
2938 5327 3026 5380 ille
3052 5329 3272 5399 scripsit.
3315 5333 3405 5385 47.
3454 5333 3515 5388 Si
3557 5345 3726 5390 autem
3763 5340 3921 5397 illius

2314 5413 2472 5467 literis
2501 5430 2600 5467 non
2627 5416 2858 5483 creditis,
2888 5419 3140 5487 quomodo
3169 5422 3290 5474 meis
3318 5423 3532 5479 credatis
3564 5427 3723 5484 verbis
3741 5431 3768 5483 ?
3794 5430 3920 5492 lloc

2313 5511 2423 5568 est,
2455 5506 2592 5560 Ante
2621 5521 2707 5560 me
2732 5505 2818 5560 ille
2848 5510 3169 5563 contumelia
3197 5511 3428 5567 allieitnr
3458 5518 3509 5569 in
3538 5518 3601 5572 iis
3628 5535 3747 5590 qua:
3769 5537 3880 5578 con
3902 5555 3917 5564 -

2316 5602 2390 5648 tra
2415 5611 2499 5650 me
2523 5595 2713 5652 facitis.
2741 5597 2908 5669 Moysi
2931 5600 3073 5655 enim
3097 5604 3263 5671 magis
3286 5604 3441 5661 ﬁdem
3466 5613 3718 5680 negastis,
3743 5631 3914 5687 quam

2385 5752 2398 5781 ι
2439 5751 2597 5802 Morel.
2626 5752 2790 5814 habet,
2812 5753 3066 5819 invidiam,
3095 5772 3197 5820 pm,
3222 5760 3585 5826 impmtentimn.
