4164 6324
685 357 790 412 237

691 470 916 524 ποιεῖτε.
941 465 1138 536 Λέγετε
1167 465 1311 517 λύειν
1343 480 1410 533 με
1439 463 1499 515 τὸ
1528 459 1815 524 σάϐϐατον,
1845 458 1938 512 καὶ
1965 454 2261 527 παραλύειν

691 552 782 607 τὸν
811 551 998 619 νόμον·
1031 546 1420 616 ἀπεδυσάμηνε
1453 546 1545 597 καὶ
1561 543 1762 612 ταύτην
1781 542 1879 611 τὴν
1908 540 2261 610 κατηγορίαν.

691 629 1087 704 Διισχυρίζεσθε
1115 631 1338 684 Μωῡσεῖ
1359 628 1635 680 πιστεύειν
1656 620 1814 704 δι’ὦν
1845 625 1962 676 κατ’
1991 623 2124 693 ἐμοῦ
2149 620 2265 673 τολ-

695 703 858 788 μᾶτε·
888 715 1134 782 δείκνυμι
1166 710 1326 765 πάλιν
1364 711 1444 763 ὅτι
1470 709 1627 762 τοῦτο
1655 710 1750 778 μὲν
1773 703 1864 760 οῦν
1891 708 2004 759 ἐστι
2035 704 2268 776 μάλιστα

695 800 768 870 μὴ
795 797 1068 852 πιστεύειν
1093 795 1168 868 τῷ
1205 796 1446 848 Μωῦσεῖ.
1469 792 1716 862 Τοσούτῳ
1745 791 1853 861 7&9
1882 790 1986 843 δέω
2029 788 2087 854 ἐξ
2120 789 2272 841 ἐναν-

690 883 812 945 τίας
848 882 1005 951 ἥκειν
1033 879 1110 950 τῷ
1133 879 1300 948 νόμῳ,
1336 879 1414 931 ὃτι
1445 877 1566 929 οὐδὲ
1604 875 1750 927 ἐστιν
1778 874 1934 936 ἄλλος
1963 890 2046 936 τις
2080 873 2109 924 6
2142 887 2271 924 κατ-

692 967 980 1036 ηγορϊισων
1001 963 1174 1033 ὑμῶν,
1199 960 1312 1013 ἀλλ’
1343 960 1376 1027 ἢ
1400 960 1560 1021 αὐτὸς
1591 961 1622 1011 6
1649 960 1740 1012 τὸν
1770 959 1932 1028 νόμον
1955 959 2082 1027 ύμῖν
2106 954 2268 1036 δεδώ·

856 1031 1070 1114 ⁷Ὥσπερ
1099 1039 1192 1097 οῦν
1227 1043 1354 1114 περὶ
1390 1042 1498 1094 τῶν
1521 1041 1750 1111 Γραφῶν
1785 1040 1994 1108 ἔλεγεν·
2044 1040 2146 1091 Ἐν
2177 1031 2273 1100 αῖς

693 1130 920 1185 δοκεῖτε
940 1128 1092 1193 ζωὴν
1106 1124 1347 1180 ιείώνιον
1365 1126 1548 1192 ἔχειν·
1571 1123 1712 1176 οὕτω
1733 1125 1826 1176 καὶ
1850 1125 1974 1194 περὶ
1996 1119 2272 1182 Μωῦσέως

696 1215 878 1285 φησὶν,
895 1213 997 1275 Εἰς
1013 1210 1085 1263 ὃν
1101 1210 1265 1277 ὑμεῖς
1277 1209 1591 1276 ἠλπίκατε,
1607 1206 1716 1259 ἀπὸ
1729 1206 1838 1258 τῶν
1853 1205 2065 1257 οἰκείων
2078 1203 2271 1264 αὐτοὺς

696 1294 1043 1367 χειρούμενος
1078 1291 1372 1367 πανταχοῦ.
1421 1291 1532 1343 Καὶ
1566 1289 1725 1344 πόθεν
1752 1289 1929 1359 δῆλον,
1979 1287 2160 1355 φησὶν,
2191 1285 2272 1337 ὄτι

697 1363 1060 1448 κατηγορήσει
1087 1363 1347 1444 Μωῦσῆς,
1380 1373 1472 1427 καὶ
1511 1372 1572 1425 ού
1602 1372 1939 1442 κομπάζειςς
1974 1368 2025 1420 τί
2057 1369 2163 1438 γὰρ
2193 1367 2274 1420 σοὶ

697 1461 790 1514 καὶ
813 1461 944 1513 Μωῡ
955 1461 1032 1511 σεῖ
1057 1456 1252 1521 κοινόν;
1275 1456 1348 1509 Τὸ
1378 1455 1642 1509 σάϐϐατον
1667 1455 1882 1518 ἔλυσας,
1911 1453 2044 1522 ὅπερ
2069 1451 2276 1512 ἐκεῖνος

699 1543 1054 1612 ἐνομοθέτησε
1088 1543 1336 1611 κρατεῖν·
1368 1538 1486 1602 πῶς
1511 1535 1602 1592 οῦν
1636 1537 1790 1609 ἡμῶν
1814 1538 2017 1596 ἐκεῖνος
2043 1549 2278 1602 κατηγο-

702 1631 916 1698 ρήσειε;
953 1623 1120 1677 Πόθεν
1148 1623 1202 1676 δὲ
1227 1621 1383 1691 δῆλον
1415 1623 1496 1674 ὃτι
1531 1622 1623 1675 καὶ
1662 1622 1741 1683 εἰς
1764 1619 1919 1673 ἀλλον
1938 1618 1964 1656 1’
1992 1616 2278 1670 πιστεύσο-

701 1728 802 1782 μεν
824 1710 912 1762 τὸν
944 1709 1057 1778 ἰδίῳ
1075 1706 1296 1777 ὀνόματι
1323 1706 1522 1773 ἥξοντα
1541 1722 1555 1770 ;
1574 1703 1758 1757 Ταῦτα
1774 1703 1881 1773 γὰρ
1898 1702 2074 1754 πάντα
2098 1701 2280 1770 ἀμάρ-

697 1809 834 1864 τυρα
856 1791 1051 1860 λέγεις.
1077 1789 1188 1843 Καὶ
1219 1788 1326 1860 μὴν
1357 1789 1571 1842 ἅπαντα
1591 1787 1763 1841 ταῦτα
1795 1786 2000 1841 ἀνωθεν
2039 1784 2153 1854 ἔχει
2181 1783 2279 1854 τὴν

699 1877 1062 1945 κατασκευήν.
1103 1875 1270 1927 Ὅταν
1325 1871 1435 1944 7&9
1489 1871 1819 1942 ὁμολογηθῇ,
1869 1871 1949 1923 ὃτι
2003 1869 2153 1940 παρά
2185 1867 2278 1921 τοῦ

699 1957 832 2011 Θεοῦ
854 1954 1012 2027 ἦλθον
1043 1956 1150 2010 ἀπὸ
1176 1955 1283 2007 τῶν
1315 1955 1511 2025 ἐργιιιν,
1543 1955 1650 2007 ἀπὸ
1679 1956 1778 2021 τῆς
1803 1952 1987 2022 φωνῆς
2009 1951 2279 2016 Ἰωάννου,

700 2041 809 2096 ἀπὸ
833 2041 929 2111 τῆς
957 2039 1261 2110 μαρτυρίας
1291 2039 1385 2090 τοῦ
1413 2038 1648 2106 Πατρὸς,
1688 2036 1906 2108 εὔδηλον
1931 2038 2013 2090 ὅτι
2043 2036 2280 2104 Μωῡσῆς

703 2124 882 2178 αὐτῶν
911 2125 1296 2193 κατηγορήσει.
1339 2121 1403 2173 Τί
1458 2121 1565 2190 γάρ
1594 2123 1799 2182 ἐκεῖνος
1832 2116 2014 2182 εἷπεν;
2051 2114 2138 2188 ἆρ’
2184 2119 2281 2186 οὐχ

701 2210 784 2262 δτι
809 2207 902 2262 ἐάν
918 2205 1046 2279 ἔλθῃ
1059 2222 1140 2269 τις
1160 2206 1362 2274 σημεῖα
1382 2203 1570 2265 ποιῶν,
1585 2203 1675 2254 καὶ
1697 2203 1832 2272 πρὸς
1850 2201 1940 2254 τὸν
1959 2200 2090 2254 Θεὸν
2111 2200 2276 2267 ἄγων,

703 2292 799 2347 καὶ
820 2290 890 2344 τά
919 2289 1178 2361 μέλλοντα
1207 2288 1487 2356 προλέγων
1529 2285 1664 2356 μετά
1703 2285 1977 2355 ἀληθείας,
2011 2282 2147 2354 μετά
2175 2283 2274 2336 πάς

706 2390 806 2445 σης
836 2368 1300 2445 ύπακούεινδαύτῷ
1329 2368 1433 2439 χρὴ
1457 2369 1555 2438 τῆς
1575 2366 1822 2431 πειθοῦς;
1860 2368 1916 2420 Ὀ
1945 2366 2121 2419 τοίνυν
2149 2366 2284 2436 Χρι-

706 2442 831 2521 στὸς
862 2456 936 2528 μὴ
961 2455 1020 2509 οὐ
1062 2442 1237 2508 πάντα
1264 2453 1436 2506 ταῦτα
1463 2452 1758 2523 πεποίηκε;
1788 2451 1896 2504 Καὶ
1927 2449 2034 2520 7&9
2084 2451 2282 2519 σημεῖα

703 2542 996 2614 είργάσατο
1034 2539 1172 2610 μετά
1222 2537 1482 2609 ἀληθείας
1529 2537 1768 2605 ἀπάσης,
1825 2537 1915 2588 καὶ
1959 2535 2096 2606 πρὸς
2151 2535 2284 2586 Θεὸν

707 2628 950 2688 ἅπαντας
965 2617 1131 2687 εἷλκε,
1153 2623 1246 2676 καὶ
1261 2632 1283 2660 ο
1311 2623 1430 2684 ταῖς
1455 2621 1792 2692 προρρήσεσι
1820 2619 1881 2671 τὸ
1905 2617 2056 2680 τέλος
2078 2618 2284 2687 ἐπήγα-

708 2726 822 2780 γεν.
869 2707 1027 2762 Ἀλλά
1056 2705 1218 2760 πόθεν
1245 2705 1403 2775 δῆλον
1435 2704 1513 2757 ὅτι
1541 2703 1715 2774 ἐτέρῳ
1751 2701 2158 2763 πιστεύσουσιν;
2193 2700 2287 2752 Ἐκ

647 2801 650 2804 ’
708 2792 802 2846 τοῦ
833 2793 925 2845 τὸν
945 2788 1178 2861 Χριστὸν
1213 2789 1410 2858 μισεῖν.
1428 2787 1614 2856 Οίγάρ
1631 2788 1721 2838 τὸν
1753 2785 1886 2854 μετά
1915 2784 2010 2851 τῆς
2038 2783 2129 2836 τοῦ
2151 2782 2284 2836 Θεοῦ

708 2874 933 2945 γνώμης
969 2873 1173 2943 ἥκοντα
1203 2870 1690 2938 ἀποστρεφόμενοι,
1728 2867 1947 2936 εὔδηλον
1968 2867 2048 2918 ὅτι
2075 2866 2168 2918 καὶ
2196 2865 2286 2917 τὸν

709 2958 951 3012 ἀντίθεον
971 2955 1207 3022 δέξονται
1236 2951 1388 3026 [246]
1405 2953 1530 3007 Εἰδέ
1547 2952 1783 3006 Μωῦσέα
1797 2951 1891 3005 νῦν
1905 2949 2284 3016 προϐάλλεται,

713 3041 885 3095 καίτοι
914 3038 1102 3103 εἰπὼν,
1133 3039 1275 3107 Ἐγὼ
1300 3038 1457 3106 παρὰ
1487 3037 1799 3105 ἀνθρώπου
1820 3035 1935 3104 τὴν·
1958 3035 2290 3103 μαρτυρίαν

713 3128 785 3178 οὐ
819 3123 1119 3192 λαμϐάνω,
1154 3123 1228 3192 μὴ
1279 3120 1598 3190 θαυμάσῃς·
1633 3119 1753 3173 οῦδὲ
1782 3120 1886 3189 7&9
1918 3121 1998 3181 εἰς
2026 3119 2287 3181 Μωῦσέα,

715 3207 829 3261 ἀλλ’
869 3209 948 3268 εἰς
975 3205 1044 3258 τά
1072 3203 1165 3257 τοῦ
1193 3203 1325 3256 Θεοῦ
1364 3204 1664 3274 γράμματα
1693 3203 1889 3264 αὐτοὺς
1906 3201 2286 3272 παραπέμπει.

717 3289 859 3360 Πλὴν
889 3289 1001 3342 ἀλλ’
1033 3286 1219 3355 ἐπειδὴ
1249 3287 1306 3340 αἱ
1332 3286 1544 3357 Γραφαί
1571 3286 1788 3338 ἔλαττον
1819 3286 2013 3348 αύτοὺς
2041 3285 2286 3353 ἐφόϐουν,

715 3376 794 3437 εἰς
828 3374 887 3426 τὸ
913 3373 1198 3443 πρόσωπον
1227 3369 1358 3423 αὐτὸ
1387 3370 1640 3438 περιάγει
1674 3369 1765 3420 τὸν
1797 3368 1973 3436 λόγον,
2003 3367 2094 3419 τὸν
2127 3385 2288 3437 νομο-

717 3459 876 3526 θέτην
907 3454 1066 3510 αὑτὸν
1090 3455 1273 3516 αὐτοῖς
1302 3453 1524 3519 ἐφιστάς
1549 3453 1871 3521 κατήγορον,
1896 3454 1988 3504 καὶ
2015 3452 2145 3505 πολὺ
2171 3469 2293 3522 φριο

718 3540 1049 3610 κωδέστερὸν
1063 3535 1240 3590 οῦτωά
1258 3537 1316 3589 τὸ
1331 3536 1447 3600 δέος
1471 3535 1655 3596 ποιῶν,
1676 3535 1768 3587 καὶ
1785 3534 2010 3587 ἕκαστον
2031 3535 2138 3587 τῶν
2163 3536 2289 3604 παρ’

717 3618 895 3678 αὐτῶν
921 3620 1226 3691 λεγομένων
1248 3619 1477 3688 ἐλέγχει.
1503 3618 1698 3671 Σκόπει
1723 3618 1802 3670 δέ·
1837 3617 2060 3684 Ἔλεγον
2085 3616 2172 3670 διά
2195 3617 2293 3687 τὴν

718 3709 799 3769 εἰς
828 3706 920 3758 τὸν
944 3704 1074 3757 Θεὸν
1102 3702 1320 3771 ἀγάπην
1353 3702 1566 3755 διώκειν
1596 3699 1784 3754 αὐτόν·
1808 3700 2076 3753 δείκνυσιν
2099 3700 2179 3752 ὅτι
2208 3700 2294 3752 διά

718 3789 780 3841 τὸ
816 3789 991 3856 μισεῖν
1049 3785 1140 3838 τὸν
1187 3784 1318 3837 Θεὸν
1363 3783 1523 3837 τοῦτο
1573 3780 1833 3836 ποιοῦᾶιν.
1915 3783 2138 3850 Ἔλεγον
2171 3785 2294 3836 ἀντ-

719 3871 937 3943 ἔχεσθαι
970 3867 1267 3931 Μωῦσέως·
1290 3868 1558 3920 δείκνυσιν
1587 3867 1666 3919 ὅτι
1698 3867 1784 3919 διὰ
1817 3866 1877 3919 τὸ
1914 3865 1987 3936 μὴ
2022 3867 2295 3920 πιστεύειν

721 3956 944 4010 Μωῦσεῖ
974 3951 1146 4006 ταῦτα
1186 3951 1471 4022 ἐπραττον.
1507 3951 1569 4003 El
1599 3951 1706 4021 7&9
1729 3951 1820 4002 τὸν
1843 3951 2003 4021 νόμον
2046 3949 2312 4022 ἐζήλουν(

721 4040 828 4092 ιδει
880 4037 1128 4103 δέξασθαι
1187 4035 1278 4086 τὸν
1321 4036 1522 4088 ἐκεῖνον
1570 4033 1909 4103 πληροῦντα·
1951 4034 1998 4086 εί
2027 4035 2119 4088 τὸν
2165 4034 2301 4092 Θεὸν,

720 4123 970 4191 ἠγάπων,
1005 4119 1108 4172 ἔδει
1135 4117 1417 4187 πεισθῆναι
1457 4116 1534 4187 τῷ
1571 4118 1704 4188 πρὸς
1745 4119 1948 4171 ἐκεῖνον
1980 4118 2220 4172 ἐλκοντι·
2249 4121 2296 4172 εἰ

726 4205 944 4259 Μωῦσεῖ
963 4203 1262 4265 ἐπίστευον,
1301 4200 1408 4253 ἔδει
1451 4200 1825 4270 προσκυνῆσαι
1846 4203 1939 4254 τὸν
1971 4203 2060 4256 ὑπ’
2091 4202 2296 4256 ἐκείνου

725 4286 1220 4359 προφητευόμενον.
1249 4285 1311 4337 Εἰ
1340 4284 1395 4337 δὲ
1433 4284 1637 4346 ἐκεῖνος
1663 4285 1972 4337 ἀπιστεῖται
2005 4285 2110 4354 πρὸ
2142 4285 2298 4356 ἐμοῦ,

725 4371 879 4423 ούδέν
915 4368 1140 4431 ἀπεικὸς
1186 4367 1280 4420 καί⁵
1312 4367 1410 4436 ἐμὲ
1444 4366 1535 4418 τὸν
1581 4367 1673 4418 ὑπ’
1702 4364 1866 4418 αὑτοῦ
1904 4366 2300 4437 κηρυττόμενον

731 4450 1048 4504 ἐλαύνεσθαι
1082 4448 1211 4519 παρ’
1251 4447 1423 4519 ὑμῶν.
1449 4448 1660 4519 Ὥσπερ
1683 4443 1774 4501 οὖν
1801 4451 1894 4502 καὶ
1928 4449 2302 4518 θαυμάζοντας

743 4535 993 4604 Ἰωάννην
1025 4531 1188 4596 έδειξε
1216 4530 1684 4601 καταφρονοῦντας
1712 4531 1953 4585 Ἰωάννου
1985 4531 2071 4585 διὰ
2103 4533 2209 4586 τῶν
2223 4535 2331 4596 εἰς·

729 4617 892 4671 αὑτὸν
949 4615 1361 4686 γεγενημένοιν·
1432 4612 1573 4668 οὕτω
1645 4613 1960 4684 νομίζοντας
2027 4615 2301 4668 πιστεύειν

729 4701 952 4754 Μωῦσεῖ
980 4698 1248 4752 δείκνυσιν
1272 4696 1651 4761 ἀπιστοῦντας,
1687 4697 1780 4750 καὶ
1800 4697 1886 4750 ἀεὶ
1909 4698 1988 4758 εἰς
2015 4696 2111 4767 τὴν
2131 4715 2302 4764 κεφα-

730 4783 828 4854 λην
859 4781 1035 4836 αὐτῶν
1081 4782 1406 4851 περιτρέπει
1457 4780 1654 4843 πάντα,
1694 4780 1836 4851 ἅπερ
1884 4780 2129 4850 ἐνόμιζον
2164 4781 2303 4852 ὑπὲρ

731 4865 939 4919 ἑαυτῶν
967 4863 1380 4932 προϐάλλεσθαι.
1433 4861 1694 4916 Τοσοῦτον
1729 4863 1836 4934 γὰρ
1874 4862 2081 4932 ἀπέχω,
2117 4865 2301 4932 φησὶν,

729 4950 1040 5017 ἀπαγαγεῖν
1076 4949 1219 5017 ὑμᾶς
1244 4947 1338 4999 τοῦ
1372 4948 1556 5018 νόμου,
1579 4947 1658 4998 ὅτι
1690 4947 1781 4999 καὶ
1803 4945 1963 4998 αὑτὸν
1988 4946 2137 4999 καλώ
2177 4963 2306 5000 κατ-

735 5036 928 5104 ήγορον
958 5032 1110 5103 ὑμῶν
1139 5031 1229 5102 τὸν
1257 5030 1570 5100 νομοθέτην.
1604 5031 1723 5083 Ὀτι
1765 5030 1861 5100 μὲν
1887 5025 1978 5083 οὖν
2013 5033 2067 5083 αἰ
2095 5031 2306 5100 Γραφαὶ

739 5115 1123 5187 μαρτυροῦσιν,
1158 5109 1297 5167 εἷπε·
1317 5113 1416 5167 ποῦ
1445 5114 1500 5166 δὲ
1529 5114 1912 5184 μαρτυροῦσιν,
1939 5114 2120 5166 οὐκέτι
2142 5129 2307 5184 προσ-

735 5199 920 5269 έθηκε,
946 5200 1036 5251 τὸν
1062 5196 1222 5266 φόϐον
1246 5195 1468 5269 μείζονα
1494 5197 1671 5258 αὐτοῖς
1702 5196 1926 5249 ἐνθεῖναι
1965 5196 2305 5266 βουλόμενος,

737 5283 832 5334 καὶ
863 5283 938 5338 είς
969 5280 1189 5351 ἔρευναν
1220 5279 1605 5350 παραπέμψαι,
1639 5277 1731 5330 καὶ
1750 5280 1829 5342 είς
1866 5280 2112 5350 ἀνάγκην
2142 5295 2306 5332 κατα-

740 5365 933 5434 στῆσαι
959 5364 1291 5436 ἐρωτήσεως.
1313 5365 1374 5417 Εί
1391 5367 1488 5434 μὲν
1513 5363 1623 5434 γάρ
1643 5359 1869 5417 εἷπενέκ
1885 5363 1976 5416 τοῦ
1996 5365 2306 5435 προχείρου,

738 5449 830 5502 καὶ
858 5447 990 5518 μηδέ
1021 5446 1294 5518 ἐρωτῶσιν
1327 5449 1526 5512 αὐτοῖς,
1562 5445 1828 5500 ἀπέϐαλον
1868 5449 1932 5501 ἂν
1977 5447 2073 5520 τὴν
2107 5466 2312 5518 μαρτυ-

742 5533 865 5606 ρίαν
886 5548 899 5562 ·
931 5532 1046 5583 νυνὶ
1077 5530 1132 5582 δὲ
1176 5532 1223 5582 εἰ
1256 5535 1538 5601 προσεῖχον
1559 5532 1670 5593 τοῖς
1706 5531 2033 5602 λεγομένοις,
2065 5532 2172 5585 ἔδει
2207 5532 2313 5602 πρὸ

741 5615 847 5668 τῶν
876 5614 1048 5670 ἀλλων
1086 5615 1242 5668 τοῦτο
1271 5616 1540 5685 ἐρωτῆσαι
1572 5627 1596 5653 ε
1629 5616 1722 5669 καὶ
1748 5616 1938 5688 μαθεῖν
1966 5617 2094 5685 παρ’
2125 5617 2309 5671 αὑτοῦ.

810 5729 834 5755 ³
878 5727 1046 5775 Morel.
1089 5729 1282 5776 ποιεῖτε.
1331 5729 1647 5791 Κατηγορεῖτε
1681 5728 1804 5777 λύειν
1851 5730 1929 5777 τὸν
1963 5730 2131 5790 νόμον;
2176 5733 2312 5779 ama.

750 5788 860 5861 μοξ
906 5803 991 5849 pro
1015 5791 1399 5861 ⁸διισχυρίζεσθε,
1445 5788 1537 5861 ³1.ίῖ
1575 5791 1894 5861 ὒπισχνεῖσθεέ
1965 5788 2210 5861 ξ’ΜοτεξΙ.
2255 5794 2317 5847 εἰς

752 5851 944 5914 ἐκεῖνον.
1013 5854 1034 5880 θ
1081 5851 1251 5914 Morel.
1288 5851 1437 5900 είλκιν
1474 5855 1600 5914 ὥστε
1631 5851 1737 5914 καί.
1798 5852 1823 5889 ά
1864 5853 2014 5901 Szu'il.
2055 5855 2317 5914 κατήγορον

748 5913 827 5958 καὶ
851 5912 1248 5975 ἐμφαντικώτερον
1282 5914 1424 5962 οὕτω.
1499 5926 1520 5952 e
1547 5913 1641 5963 Alii
1662 5913 1751 5973 πρὸ
1773 5917 1867 5961 τῶν
1897 5915 2050 5961 ἄλλων
2075 5917 2151 5961 καὶ
2182 5912 2317 5977 σιγή-

745 5988 915 6028 σαντος
938 5976 1150 6030 ζητῆσαι.

1430 352 1488 408 S.
1523 346 1805 404 JOANNIS
1841 339 2331 401 CIIRYSOSTOMI
2374 340 2691 398 ARMIIEP.
2731 335 3277 396 CONSTANTINOP.

3848 335 3961 388 933

2371 454 2468 507 Διά
2502 456 2611 526 γὰρ
2657 453 2811 508 τοῦτο
2866 454 2959 505 καὶ
2990 455 3047 505 ἐν
3085 456 3205 514 ταῖς
3253 454 3578 519 ἀποφάσεσι,
3613 453 3705 504 καὶ
3741 454 3796 504 ἐν
3835 455 3961 514 ταῖς

2370 537 2622 601 ἀπειλαῖς
2668 526 2948 599 πλεονάζει
2999 535 3218 606 μᾶλλον,
3265 535 3363 588 οῦκ
3403 536 3460 586 ἐν
3497 537 3616 596 ταῖς
3648 535 3962 598 ἀποδείξεσι

2376 625 2554 694 μόνον,
2587 623 2673 675 ἴνα
2721 622 2824 675 κᾶν
2877 620 3050 684 οὕτως
3084 619 3281 682 αύτοῦς
3320 620 3668 688 ἐπαγάγηται
3700 618 3780 686 τῷ
3810 619 3967 687 φὸὖῳ

2371 706 2480 758 τῶν
2513 705 2838 774 λεγομένων.
2868 705 2929 756 Οἰ
2964 702 3019 755 δέ
3047 703 3140 756 καὶ
3164 701 3306 756 οὕτω
3331 701 3544 770 σιγῶσι.
3571 701 3824 754 Τοιοῦτον
3850 707 3966 771 γάρ

2371 790 2405 857 ἠ
2434 788 2694 859 πονηρία·
2724 787 2824 840 ὅσα
2849 786 2914 841 ἀν
2951 803 3035 848 τις
3075 785 3210 857 λέγῃ
3241 785 3334 837 καὶ
3368 787 3526 855 ποιῇ,
3575 784 3636 836 ού
3683 783 3965 838 διανίστα-

2371 891 2483 936 ται,
2513 871 2648 926 ἀλλά
2671 871 2819 942 μένει
2857 870 2947 923 τὸν
2977 870 3175 924 οἰκεῖον
3209 869 3287 922 ἰὸν
3307 868 3658 940 διατηροῦσα.

2443 963 2510 1026 γ’.
2529 955 2619 1009 Διὸ
2637 955 2740 1025 χρὴ
2759 955 2938 1007 πᾶσαν
2956 953 3156 1008 κακίαν
3172 953 3279 1006 ἀπὸ
3299 953 3396 1022 τῆς
3414 952 3594 1022 ψυχῆς
3612 952 3965 1015 ἐκϐαλόντας,

2378 1039 2578 1109 μηδένα
2608 1038 2828 1091 πλέκειν
2854 1036 3123 1108 μηδέποτε
3145 1035 3314 1089 δόλον.
3340 1036 3496 1104 Πρός
3521 1036 3630 1104 γὰρ
3653 1033 3794 1100 τοὺς
3819 1050 3973 1087 σκο-

2373 1124 2543 1189 λιοὺς
2567 1123 2817 1188 σκολιὰς
2843 1121 3022 1189 ὀδοὺς
3047 1119 3068 1161 ί
3097 1124 3129 1175 ὀ
3162 1121 3327 1186 Θεὸς,
3355 1120 3540 1190 φησὶν,
3571 1118 3967 1172 ἀποστέλλει.

2375 1207 2720 1274 Καί,”Αγιον
2753 1205 2989 1274 πνεῦμα
3026 1206 3248 1273 σοφίας
3285 1205 3569 1274 φεύξεται
3616 1203 3824 1264 δόλον,
3864 1203 3968 1255 καί

2374 1289 2868 1357 ἀπαναστήσεται
2883 1287 3002 1343 ἀπὸ
3015 1287 3320 1357 λογισμῶν
3330 1283 3838 1342 ἁσυνέτων.οὐδέν
3858 1302 3892 1352 7
3901 1286 3930 1336 ἀ
3941 1301 3972 1355 ρ

2375 1371 2517 1424 οὓτω
2557 1375 2703 1425 ποιεῖ
2725 1373 2958 1443 μωροὺς,
2990 1373 3065 1435 ὡς
3092 1370 3346 1442 πονηρία.
3367 1371 3536 1423 Ὅταν
3553 1369 3661 1438 γὰρ
3683 1365 3970 1436 ὓπουλοςῇ

2376 1472 2479 1518 τις,
2512 1455 2638 1508 ὅταν
2660 1455 2953 1526 ἀγνώμων,
2977 1455 3104 1508 ὅταν
3135 1454 3428 1525 ἀχάριστος
3454 1453 3648 1523 (ταῦτα
3663 1453 3719 1506 δὲ
3735 1453 3835 1522 τῆς
3867 1469 3970 1504 πο-

2377 1538 2568 1609 νηρίας
2595 1539 2666 1592 τά
2706 1540 2866 1609 εῖδη),
2898 1541 3025 1592 ὅταν
3059 1539 3222 1609 μηδὲν
3262 1537 3588 1608 ἠδικημένος
3626 1536 3793 1606 λυπῇ,
3841 1537 3973 1608 ὅταν

2380 1622 2556 1696 πλέκῃ
2578 1622 2776 1687 δόλους.
2803 1622 2916 1686 πῶς
2933 1623 3030 1675 οὐκ
3049 1624 3282 1692 ἐσχάτης
3302 1622 3488 1684 ἀνοίας
3508 1619 3703 1684 ἐξοίσει
3729 1619 3933 1688 δεῖγμα
3956 1637 3970 1682 ;

2381 1705 2546 1758 Ούδὲν
2573 1704 2715 1758 οὕτω
2738 1709 2882 1758 ποιεῖ
2917 1705 3231 1775 φρονίμους,
3252 1705 3327 1767 ὡς
3343 1706 3530 1775 ἀρετή.
3552 1702 3663 1756 Καὶ
3683 1703 3793 1776 7&9
3806 1703 3975 1772 εὐχα-

2383 1788 2598 1858 ρίστους
2631 1790 2723 1842 καὶ
2774 1788 3121 1859 εὐγνώμονας
3175 1789 3487 1858 ἐργάζεται,
3532 1785 3974 1856 φιλανθρώπους.

2381 1872 2642 1942 ἡμέρους,
2678 1874 2904 1941 πράους,
2936 1873 3199 1934 ἐπιεικεῖς
3221 1888 3233 1900 ⁸
3258 1871 3326 1924 τὰ
3365 1871 3501 1926 ἀλλα
3533 1871 3752 1924 ἅπαντα
3786 1866 3976 1936 ἀγαθά

2381 1955 2516 2023 αῦτη
2544 1955 2746 2007 τίκτειν
2770 1955 2944 2008 εἴωθε.
2978 1956 3042 2007 Τί
3065 1954 3120 2006 δὲ
3149 1953 3241 2006 τοῦ
3273 1953 3417 2006 οὕτω
3447 1953 3794 2022 διακειμένου
3848 1968 3977 2002 συν-

2384 2039 2681 2109 ετώτερον;
2715 2037 2874 2110 Πηγὴ
2919 2040 3028 2110 γὰρ
3081 2039 3248 2102 ὅντως
3286 2039 3378 2092 καὶ
3436 2038 3608 2109 ῥίζαι
3656 2037 3978 2108 φρονήσεώς

2383 2125 2582 2191 ἐστινὴ
2620 2123 2812 2191 ἀρετὴ,
2832 2122 3020 2192 ὥσπερ
3047 2117 3139 2174 οὖν
3172 2121 3266 2174 καὶ
3296 2123 3444 2174 πᾶσα
3475 2121 3708 2192 πονηρία
3729 2120 3786 2186 ἐξ
3816 2118 3978 2190 ιἐιη

2380 2207 2564 2270 ἀνοίας
2598 2207 2708 2276 ἔχει
2739 2206 2837 2276 τὴν
2859 2207 3052 2276 ἀρχήν.
3073 2206 3182 2258 Καὶ
3213 2205 3321 2274 γάρ
3351 2208 3379 2259 6
3401 2205 3612 2269 ἀλαζὼν
3647 2206 3740 2259 καὶ
3769 2206 3798 2257 6
3821 2204 3981 2274 ὀργί-

2382 2287 2470 2350 λος
2505 2291 2562 2355 ἐξ
2585 2290 2792 2352 ἐνδείας
2821 2290 3135 2359 φρονήσεως
3157 2289 3263 2340 ὑπὸ
3305 2288 3414 2342 τῶν
3451 2287 3640 2342 παθῶν
3667 2287 3976 2341 ἀλίσκεται.

2384 2373 2481 2424 Διά
2506 2371 2660 2425 τοῦτο
2687 2372 2781 2424 καὶ
2813 2372 2840 2423 6
2865 2373 3149 2442 προφήτης
3175 2371 3347 2439 ἔλεγε·
3375 2373 3497 2425 Οὐκ
3528 2371 3700 2426 ἐστιν
3725 2370 3982 2437 ιασιςὲν

2385 2454 2457 2522 τῇ
2479 2455 2658 2522 σαρκί
2672 2473 2807 2524 μου.
2826 2453 3220 2522 Προσὼζεσαν
3236 2454 3333 2507 καί
3355 2454 3680 2522 ἐσάπησαν
3695 2457 3753 2507 οι
3766 2451 3950 2530 μέλλω
3965 2483 3980 2493 -

2387 2538 2492 2602 πές
2507 2554 2624 2607 μου
2637 2537 2755 2592 ἀπὸ
2773 2536 3096 2605 προσώπου
3112 2537 3585 2605 τῆς-ἀφροσύνης
3602 2553 3741 2606 μου·
3759 2537 3982 2600 δεικνὺς

2387 2622 2467 2674 ὅτι
2493 2623 2641 2673 πᾶσα
2667 2618 2911 2689 ἁμαρτία
2942 2621 3039 2689 τὴν
3074 2619 3247 2690 ἀρχὴν
3266 2619 3324 2686 ἐξ
3351 2620 3664 2692 ἀφροσύνης
3694 2621 3836 2690 ἔχει·
3869 2618 3981 2674 ὥσ-

2390 2721 2496 2773 περ
2524 2704 2552 2756 ό
2593 2704 2844 2773 ἐνάρετος
2863 2704 2890 2744 ιι
2921 2703 3014 2756 καί
3048 2703 3208 2770 φόϐον
3231 2702 3370 2774 ἔχων
3397 2703 3551 2766 Θεοῦ,
3589 2705 3806 2757 πάντων
3859 2705 3982 2757 ἐστὶ

2388 2786 2770 2857 συνετώτερος.
2799 2786 2888 2838 Διὸ
2906 2787 2996 2838 καὶ
3024 2785 3186 2854 σοφός
3219 2802 3302 2847 τις
3333 2784 3697 2854 λέγει,Ἀρχὴ
3730 2786 3980 2854 σοφίας,

2388 2874 2573 2942 φόϐος
2603 2873 2841 2940 Κυρίου.
2873 2872 2935 2923 Et
2968 2871 3147 2923 τοίνυν
3172 2869 3232 2922 τὸ
3257 2869 3539 2938 φοϐεῖσθαι
3572 2871 3664 2924 τὸν
3697 2870 3854 2935 Θεὸν,
3891 2887 3984 2922 σο-

2390 2955 2518 3025 φίαν
2551 2957 2697 3009 ἐστὶν
2715 2956 2876 3024 ἐχειν,
2904 2955 2932 3007 ό
2961 2955 3017 3007 δὲ
3042 2953 3276 3023 πονηρὸς
3295 2953 3456 3007 τοῦτο
3493 2955 3595 3008 ούκ
3623 2954 3756 3025 ἔχει,
3780 2957 3882 3025 τῆς
3900 2956 3990 3008 δν-

2391 3058 2496 3104 τως
2518 3041 2707 3108 σοφίας
2732 3038 3050 3110 ἐστέρηται,·
3073 3039 3171 3108 τῆς
3199 3038 3257 3091 δὲ
3279 3037 3470 3106 σοφίας
3496 3038 3860 3108 ἐστερημένος
3882 3040 3988 3107 τῆς

2391 3123 2580 3186 ὅντως,
2615 3121 2832 3175 πάντων
2869 3122 3016 3174 ἐστὶν
3051 3121 3422 3192 ἀνοητότερος.
3464 3120 3655 3172 Καίτοι
3698 3137 3759 3187 γε
3793 3120 3991 3174 πολλοὶ

2393 3207 2518 3268 τοὺς
2551 3207 2819 3275 πονηροὺς
2839 3203 3230 3273 θαυμάζουσιν,
3254 3203 3330 3265 ὡς
3351 3200 3567 3266 ἱκανοὺς
3596 3203 3752 3267 ὂντας
3775 3204 3990 3256 ἀδικεῖν

2396 3289 2487 3342 καὶ
2523 3288 2800 3357 βλάπτειν,
2823 3287 2922 3338 ούκ
2945 3286 3140 3350 εἰδότες
3173 3288 3253 3339 ὅτι
3286 3284 3521 3356 μάλιστα
3541 3287 3758 3339 πάντων
3781 3287 3990 3348 αὐτοὺς

2392 3372 2698 3437 ταλανίζειν
2728 3370 2854 3442 χρὴ,
2873 3373 2953 3424 ὅτι
2970 3372 3280 3442 νομίζοντες
3312 3372 3396 3423 ἐτέ
3406 3389 3530 3441 ρους
3553 3371 3831 3440 βλάπτειν,
3857 3370 3989 3423 καθ’

2394 3455 2601 3507 ἑαυτῶν
2627 3455 2685 3514 τὸ
2712 3453 2862 3522 ξίφος
2888 3454 3119 3507 ὠθοῦσιν
3137 3471 3148 3484 ·
3180 3455 3317 3525 ὅπερ
3337 3455 3522 3516 ἀνοίας
3548 3455 3694 3508 ἐστὶν
3718 3456 3990 3524 ἐσχάτης,

2395 3537 2586 3590 ἑαυτὸν
2621 3536 2942 3608 πλήττοντα,
2973 3538 3104 3609 μηδὲ
3127 3537 3258 3590 αὐτὸ
3291 3537 3447 3590 τοῦτο
3477 3537 3692 3598 εἰδέναι,
3721 3537 3837 3589 ἀλλ’
3861 3537 3990 3588 ἓτε-

2399 3638 2489 3690 ρον
2519 3620 2693 3673 δοκεῖν
2724 3620 2946 3684 ἀδικεῖν,
2998 3623 3055 3673 ἐν
3089 3620 3166 3690 τῷ
3203 3619 3603 3688 κατασφάττειν
3638 3620 3853 3672 ἑαυτόν.
3885 3621 3994 3672 Διά

2395 3705 2550 3758 τοῦτο
2575 3707 2668 3758 καὶ
2698 3704 2904 3768 Παῦλος
2944 3703 3115 3768 εἰδὼς,
3144 3706 3222 3758 ὄτι
3252 3707 3309 3757 ἐν
3343 3704 3420 3774 τῷ
3465 3705 3717 3775 πλήττειν
3761 3705 3993 3773 ἐτέρους

2396 3789 2623 3852 ἑαυτοὺς
2640 3789 2864 3861 ἀναιροῦ
2874 3806 2994 3859 μεν,
3024 3789 3198 3858 ἔλεγε·
3218 3790 3380 3843 Atat!
3391 3788 3477 3857 μὴ
3501 3787 3743 3858 μᾶλλον
3763 3786 3996 3840 ἀδικεῖ-

2395 3880 2543 3936 σθε;
2574 3873 2730 3927 διατι
2770 3872 2855 3941 μὴ
2876 3873 3119 3942 μᾶλλον
3148 3872 3612 3941 ἀποστερεῖσθε;
3651 3871 3724 3923 Τὸ
3774 3871 3883 3940 γὰρ
3915 3871 3996 3940 μὴ

2396 3955 2696 4010 ἀδικεῖσθαι
2719 3957 2776 4009 ἐν
2807 3956 2885 4026 τῷ
2918 3955 2992 4026 μὴ
3025 3955 3228 4008 ἀδικεῖν
3255 3959 3462 4008 κεῖται·
3497 3954 3687 4024 ὥσπερ
3707 3949 3800 4007 οῦν
3821 3953 3885 4005 τὸ
3916 3956 3995 4024 μὴ

2399 4041 2629 4111 πάσχειν
2657 4041 2842 4104 κακῶς
2865 4043 2922 4094 ἐν
2950 4041 3028 4112 τῷ
3064 4041 3137 4112 μὴ
3172 4043 3346 4093 ποιεῖν
3380 4037 3583 4102 κακῶς·
3616 4037 3716 4091 κᾶν
3755 4039 3996 4108 αἴνιγμα

2398 4119 2538 4178 εἶναι
2568 4124 2698 4195 δοκῇ
2732 4124 2794 4177 τὸ
2824 4123 3115 4193 λεγόμενον
3143 4126 3254 4186 τοῖς
3295 4123 3510 4184 πολλοῖς
3543 4122 3639 4174 καὶ
3677 4120 3997 4190 φιλοσοφεῖν

2399 4209 2497 4262 ούκ
2541 4208 2806 4262 ἐθέλουσι.
2861 4205 3026 4258 Ταῦτ’
3053 4203 3146 4259 οὖν
3179 4205 3400 4271 εἰδότες,
3440 4206 3514 4275 μὴ
3543 4205 3668 4268 τοὺς
3698 4205 3998 4275 ἀδικουμέο

2401 4307 2524 4353 νους
2588 4290 2721 4359 μηδέ
2753 4291 2878 4353 τοὺς
2933 4287 3438 4361 ἐπηρεαζομένους,
3475 4288 3612 4342 ἀλλά
3660 4288 3788 4352 τοὺς
3819 4287 4000 4344 ταῦτα

2403 4373 2688 4436 ποιοῦντας
2726 4370 3098 4443 ταλανίξωμεν
3141 4372 3233 4424 καὶ
3281 4371 3625 4443 δακρύωμεν.
3669 4363 3831 4425 Οὗτοι
3885 4371 3998 4445 γάρ

2403 4457 2538 4509 είσιν
2564 4459 2610 4508 οί
2642 4456 2875 4525 μάλιστα
2892 4456 3229 4528 ἠδικημένοι,
3246 4457 3295 4508 οἰ
3318 4456 3409 4509 τὸν
3437 4455 3569 4509 Θεὸν
3586 4457 3801 4521 ἑαυτοῖς
3829 4458 4002 4512 ἐκπο-

2402 4541 2459 4594 λε
2467 4539 2712 4610 μοῦντες,
2728 4542 2821 4594 καί
2836 4539 3042 4610 μυρίων
3059 4539 3380 4610 κατηγόρων
3399 4540 3706 4607 ἀνοίγο··τες
3725 4540 3999 4610 στόματα,

2403 4624 2500 4678 καί⁵
2512 4624 2757 4693 πονηρὰν
2775 4623 3043 4691 κτώμενοι
3061 4623 3202 4676 κατὰ
3229 4622 3319 4675 τὸν
3336 4624 3577 4694 παρόντα
3602 4622 3716 4692 βίον
3733 4623 3999 4693 ὑποψίαν,

2406 4707 2494 4760 καλ
2545 4707 2784 4776 μεγάλην
2826 4706 2915 4758 τὸν
2944 4705 3084 4758 κατὰ
3117 4705 3205 4758 τὸν
3245 4705 3511 4776 μέλλοντα
3554 4708 3727 4772 αἰῶνα
3746 4707 4003 4762 ἐπισπώ-

2410 4806 2559 4858 μενοι
2591 4789 2810 4841 κόλασιν
2831 4805 2844 4819 ·
2870 4787 2952 4851 ὡς’
2973 4788 3028 4840 οῖ
3056 4806 3117 4856 γε
3148 4787 3492 4858 ἀδικούμενοι
3541 4789 3637 4842 καὶ
3686 4789 3869 4843 πάντα
3899 4791 4002 4859 φέ-

2410 4889 2590 4942 ροντες
2604 4871 2986 4940 γενναίως,τόν
3001 4887 3060 4923 τε
3092 4870 3222 4922 Θεὸν
3242 4870 3458 4940 ἔχουσιν
3481 4872 3655 4936 ἵλεων,
3676 4873 3770 4925 καὶ
3787 4875 4004 4938 πάντας

2412 4954 2808 5022 συναλγοῦντας
2835 4955 3036 5017 αὐτοῖς,
3064 4953 3155 5006 καὶ
3195 4953 3575 5017 ἐπαινοῦντας,
3598 4955 3694 5008 καὶ
3730 4957 4005 5027 ἀποδεχο-

2413 5039 2703 5107 μένους.οἰ
2724 5036 2954 5091 τοιοῦτοι
2983 5037 3075 5090 καὶ
3095 5037 3236 5089 κατά
3259 5037 3352 5090 τὸν
3369 5037 3615 5108 παρόντα
3649 5035 3761 5107 βίον
3797 5039 4007 5109 πολλῆς

2409 5121 2804 5174 ἀπολαύσονται
2856 5121 2951 5190 τῆς
3005 5121 3314 5190 εὐφημίας,
3369 5121 3687 5190 φιλοσοφίας
3740 5124 4008 5193 μέγιστον

2411 5209 2772 5279 παρεχόμενοι
2809 5209 3029 5276 δεῖγμα,
3075 5210 3173 5262 καὶ
3219 5209 3358 5262 κατά
3389 5209 3488 5280 τὴν
3524 5209 3824 5280 μέλλουσαν
3855 5211 4007 5281 ζωῆν

2411 5293 2516 5346 τῶν
2547 5293 2781 5344 αἰωνίων
2815 5291 3129 5360 μεθέξουσιν
3161 5291 3380 5359 ἀγαθῶν
3400 5308 3414 5322 ·
3447 5286 3522 5345 ὧν
3544 5294 3755 5362 γένοιτο
3790 5295 4007 5357 πάντας

2414 5378 2558 5447 ἡμᾶς
2587 5378 2881 5445 ἐπιτυχεῖν,
2913 5376 3095 5445 χάριτι.
3125 5376 3216 5428 καὶ
3250 5374 3630 5448 φιλανθρωπίᾳ
3656 5375 3749 5429 τοῦ
3792 5377 4009 5448 Κυρίου

2414 5462 2570 5532 ἡμῶν
2603 5460 2777 5530 Ἰησοῦ
2818 5459 3075 5530 Χριστοῦ,
3103 5459 3222 5531 μεθ’
3243 5452 3304 5513 οὗ
3325 5459 3405 5532 τῷ
3435 5463 3609 5533 Πατρὶ
3635 5464 3668 5532 ἡ
3691 5462 3840 5528 δόξα,
3886 5462 4010 5532 ἃμα

2414 5547 2490 5616 τῷ
2521 5545 2659 5616 ἁγίῳ
2689 5543 2986 5613 Πνεύματι,
3015 5543 3111 5597 νῦν
3145 5545 3240 5598 καὶ
3265 5544 3371 5610 ἀεὶ,
3404 5546 3498 5599 καὶ
3525 5548 3606 5609 είς
3636 5547 3762 5608 τοὺς
3797 5545 4012 5609 αἰῶνας

2416 5629 2522 5682 τῶν
2556 5628 2784 5682 αἰώνων.
2812 5628 2999 5698 Ἀμήν.

2489 5857 2717 5919 {More}.
2761 5859 2787 5904 ὀ
2833 5857 2968 5912 Θεὸς,
3017 5858 3174 5919 φησὶν,
3219 5856 3518 5919 ἀποστέλλει,
3561 5855 3639 5919 καί
3684 5856 3724 5919 δ⁵
3757 5851 4012 5919 Σολομῶν,

2422 5918 2617 5978 Πνεῦμα
2638 5921 2772 5974 ἅγιον
2793 5913 3034 5974 παιδείαςί
3072 5913 3075 5914 7
3096 5920 3119 5959 κ
3145 5916 3291 5968 Savil.
3317 5917 3407 5979 γὰρ
3424 5918 3504 5964 καὶ
3527 5917 3644 5980 ῥίζα.
3713 5914 3740 5952 δ
3764 5913 3863 5966 ΑΜ
3887 5915 4011 5979 ἔχει.

2432 5981 2490 6029 '0
2519 5982 2605 6044 γάρ
2633 5980 2858 6043 ἐνάρετος.
