  <div class='ocr_page' id='page_1' title='image "/cluster/home/n/w/nwhite01/storage/ocr_20150623/59/pst.000005712595/236.png"; bbox 0 0 4164 6324; ppageno 0'>
   <div class='ocr_carea' id='block_1_1' title="bbox 198 368 301 428">
    <p class='ocr_par' dir='ltr' id='par_1_1' title="bbox 198 368 301 428">
     <span class='ocr_line' id='line_1_1' title="bbox 198 368 301 428; baseline 0.019 -1"><span class='ocrx_word' id='word_1_1' title='bbox 198 368 301 428; x_wconf 61' lang='grc' dir='ltr'><strong><em>ἳδῖ</em></strong></span> 
     </span>
    </p>
   </div>
   <div class='ocr_carea' id='block_1_2' title="bbox 201 470 1789 548">
    <p class='ocr_par' dir='ltr' id='par_1_2' title="bbox 201 470 1789 548">
     <span class='ocr_line' id='line_1_2' title="bbox 201 470 1789 548; baseline -0.008 -12"><span class='ocrx_word' id='word_1_2' title='bbox 201 478 351 536; x_wconf 84' lang='lat' dir='ltr'><strong>mihi.</strong></span> <span class='ocrx_word' id='word_1_3' title='bbox 380 473 515 533; x_wconf 73' lang='lat' dir='ltr'><strong>Vide</strong></span> <span class='ocrx_word' id='word_1_4' title='bbox 564 475 839 548; x_wconf 86' lang='lat' dir='ltr'><strong>quomodo</strong></span> <span class='ocrx_word' id='word_1_5' title='bbox 885 475 1006 531; x_wconf 92' lang='lat' dir='ltr'><strong>illos</strong></span> <span class='ocrx_word' id='word_1_6' title='bbox 1053 472 1287 544; x_wconf 82' lang='lat' dir='ltr'><strong>undique</strong></span> <span class='ocrx_word' id='word_1_7' title='bbox 1334 472 1481 528; x_wconf 92' lang='lat' dir='ltr'><strong>omni</strong></span> <span class='ocrx_word' id='word_1_8' title='bbox 1532 470 1789 526; x_wconf 89' lang='lat' dir='ltr'><strong>interclu-</strong></span> 
     </span>
    </p>
   </div>
   <div class='ocr_carea' id='block_1_3' title="bbox 198 562 1793 636">
    <p class='ocr_par' dir='ltr' id='par_1_3' title="bbox 198 562 1793 636">
     <span class='ocr_line' id='line_1_3' title="bbox 198 562 1793 636; baseline -0.008 -9"><span class='ocrx_word' id='word_1_9' title='bbox 198 571 292 627; x_wconf 85' lang='lat' dir='ltr'><strong>dat</strong></span> <span class='ocrx_word' id='word_1_10' title='bbox 346 566 677 624; x_wconf 78' lang='lat' dir='ltr'><strong>defensione.</strong></span> <span class='ocrx_word' id='word_1_11' title='bbox 736 567 871 622; x_wconf 86' lang='lat' dir='ltr'><strong>Dum</strong></span> <span class='ocrx_word' id='word_1_12' title='bbox 926 579 1016 621; x_wconf 88' lang='lat' dir='ltr'><strong>me</strong></span> <span class='ocrx_word' id='word_1_13' title='bbox 1077 563 1529 636; x_wconf 85' lang='lat' dir='ltr'><strong>persequereinini</strong></span> <span class='ocrx_word' id='word_1_14' title='bbox 1558 604 1573 629; x_wconf 96' lang='lat'><strong>,</strong></span> <span class='ocrx_word' id='word_1_15' title='bbox 1625 562 1793 617; x_wconf 89' lang='lat' dir='ltr'><strong>Deum</strong></span> 
     </span>
    </p>
   </div>
   <div class='ocr_carea' id='block_1_4' title="bbox 198 653 1791 729">
    <p class='ocr_par' dir='ltr' id='par_1_4' title="bbox 198 653 1791 729">
     <span class='ocr_line' id='line_1_4' title="bbox 198 653 1791 729; baseline -0.005 -14"><span class='ocrx_word' id='word_1_16' title='bbox 198 676 298 715; x_wconf 84' lang='lat' dir='ltr'><strong>vos</strong></span> <span class='ocrx_word' id='word_1_17' title='bbox 334 658 557 729; x_wconf 74' lang='lat' dir='ltr'><strong>diligere</strong></span> <span class='ocrx_word' id='word_1_18' title='bbox 594 657 855 715; x_wconf 72' lang='lat' dir='ltr'><strong>dicebatis</strong></span> <span class='ocrx_word' id='word_1_19' title='bbox 898 674 912 711; x_wconf 92' lang='lat'><strong>:</strong></span> <span class='ocrx_word' id='word_1_20' title='bbox 943 656 1154 711; x_wconf 78' lang='lat' dir='ltr'><strong>ostendi</strong></span> <span class='ocrx_word' id='word_1_21' title='bbox 1194 670 1289 709; x_wconf 87' lang='lat' dir='ltr'><strong>vos</strong></span> <span class='ocrx_word' id='word_1_22' title='bbox 1340 656 1441 710; x_wconf 89' lang='lat' dir='ltr'><strong>hoc</strong></span> <span class='ocrx_word' id='word_1_23' title='bbox 1489 654 1631 710; x_wconf 89' lang='lat' dir='ltr'><strong>illius</strong></span> <span class='ocrx_word' id='word_1_24' title='bbox 1669 653 1791 708; x_wconf 89' lang='lat' dir='ltr'><strong>odio</strong></span> 
     </span>
    </p>
   </div>
   <div class='ocr_carea' id='block_1_5' title="bbox 196 746 1789 819">
    <p class='ocr_par' dir='ltr' id='par_1_5' title="bbox 196 746 1789 819">
     <span class='ocr_line' id='line_1_5' title="bbox 196 746 1789 819; baseline -0.006 -12"><span class='ocrx_word' id='word_1_25' title='bbox 196 752 397 809; x_wconf 76' lang='lat' dir='ltr'><strong>faeere.</strong></span> <span class='ocrx_word' id='word_1_26' title='bbox 428 750 511 806; x_wconf 85' lang='lat' dir='ltr'><strong>Me</strong></span> <span class='ocrx_word' id='word_1_27' title='bbox 538 751 802 807; x_wconf 88' lang='lat' dir='ltr'><strong>accusatis</strong></span> <span class='ocrx_word' id='word_1_28' title='bbox 831 747 970 819; x_wconf 90' lang='lat' dir='ltr'><strong>quod</strong></span> <span class='ocrx_word' id='word_1_29' title='bbox 1000 747 1277 803; x_wconf 77' lang='lat' dir='ltr'><strong>sabbatum</strong></span> <span class='ocrx_word' id='word_1_30' title='bbox 1306 746 1510 801; x_wconf 87' lang='lat' dir='ltr'><strong>solvam</strong></span> <span class='ocrx_word' id='word_1_31' title='bbox 1539 753 1594 800; x_wconf 90' lang='lat' dir='ltr'><strong>et</strong></span> <span class='ocrx_word' id='word_1_32' title='bbox 1617 746 1789 814; x_wconf 80' lang='lat' dir='ltr'><strong>legem</strong></span> 
     </span>
    </p>
   </div>
   <div class='ocr_carea' id='block_1_6' title="bbox 198 835 1788 912">
    <p class='ocr_par' dir='ltr' id='par_1_6' title="bbox 198 835 1788 912">
     <span class='ocr_line' id='line_1_6' title="bbox 198 835 1788 912; baseline -0.006 -13"><span class='ocrx_word' id='word_1_33' title='bbox 198 844 561 912; x_wconf 83' lang='lat' dir='ltr'><strong>transgrediar</strong></span> <span class='ocrx_word' id='word_1_34' title='bbox 587 861 602 897; x_wconf 89' lang='lat'><strong>:</strong></span> <span class='ocrx_word' id='word_1_35' title='bbox 632 843 701 899; x_wconf 91' lang='lat' dir='ltr'><strong>de</strong></span> <span class='ocrx_word' id='word_1_36' title='bbox 725 842 825 896; x_wconf 86' lang='lat' dir='ltr'><strong>hac</strong></span> <span class='ocrx_word' id='word_1_37' title='bbox 850 843 1190 896; x_wconf 71' lang='lat' dir='ltr'><strong>accusatione</strong></span> <span class='ocrx_word' id='word_1_38' title='bbox 1228 854 1315 895; x_wconf 87' lang='lat' dir='ltr'><strong>me</strong></span> <span class='ocrx_word' id='word_1_39' title='bbox 1356 838 1592 907; x_wconf 78' lang='lat' dir='ltr'><strong>purgavi.</strong></span> <span class='ocrx_word' id='word_1_40' title='bbox 1626 835 1788 890; x_wconf 84' lang='lat' dir='ltr'><strong>Aflir-</strong></span> 
     </span>
    </p>
   </div>
   <div class='ocr_carea' id='block_1_7' title="bbox 194 929 1790 1002">
    <p class='ocr_par' dir='ltr' id='par_1_7' title="bbox 194 929 1790 1002">
     <span class='ocr_line' id='line_1_7' title="bbox 194 929 1790 1002; baseline -0.007 -11"><span class='ocrx_word' id='word_1_41' title='bbox 194 935 360 991; x_wconf 86' lang='lat' dir='ltr'><strong>matis</strong></span> <span class='ocrx_word' id='word_1_42' title='bbox 388 950 484 990; x_wconf 86' lang='lat' dir='ltr'><strong>vos</strong></span> <span class='ocrx_word' id='word_1_43' title='bbox 527 932 687 989; x_wconf 82' lang='lat' dir='ltr'><strong>fidem</strong></span> <span class='ocrx_word' id='word_1_44' title='bbox 730 947 853 1002; x_wconf 85' lang='lat' dir='ltr'><strong>erga</strong></span> <span class='ocrx_word' id='word_1_45' title='bbox 898 931 1117 1002; x_wconf 81' lang='lat' dir='ltr'><strong>Moysen</strong></span> <span class='ocrx_word' id='word_1_46' title='bbox 1162 929 1398 999; x_wconf 87' lang='lat' dir='ltr'><strong>profiteri</strong></span> <span class='ocrx_word' id='word_1_47' title='bbox 1439 943 1537 999; x_wconf 89' lang='lat' dir='ltr'><strong>per</strong></span> <span class='ocrx_word' id='word_1_48' title='bbox 1578 941 1641 983; x_wconf 90' lang='lat' dir='ltr'><strong>ea</strong></span> <span class='ocrx_word' id='word_1_49' title='bbox 1668 942 1790 996; x_wconf 70' lang='lat' dir='ltr'><strong>qua:</strong></span> 
     </span>
    </p>
   </div>
   <div class='ocr_carea' id='block_1_8' title="bbox 194 1019 1790 1091">
    <p class='ocr_par' dir='ltr' id='par_1_8' title="bbox 194 1019 1790 1091">
     <span class='ocr_line' id='line_1_8' title="bbox 194 1019 1790 1091; baseline -0.004 -12"><span class='ocrx_word' id='word_1_50' title='bbox 194 1034 384 1080; x_wconf 87' lang='lat' dir='ltr'><strong>contra</strong></span> <span class='ocrx_word' id='word_1_51' title='bbox 426 1040 515 1081; x_wconf 89' lang='lat' dir='ltr'><strong>me</strong></span> <span class='ocrx_word' id='word_1_52' title='bbox 560 1022 768 1079; x_wconf 84' lang='lat' dir='ltr'><strong>audetis</strong></span> <span class='ocrx_word' id='word_1_53' title='bbox 807 1040 820 1076; x_wconf 95' lang='lat'><strong>:</strong></span> <span class='ocrx_word' id='word_1_54' title='bbox 860 1020 1088 1077; x_wconf 85' lang='lat' dir='ltr'><strong>ostendo</strong></span> <span class='ocrx_word' id='word_1_55' title='bbox 1116 1034 1215 1091; x_wconf 87' lang='lat' dir='ltr'><strong>ego</strong></span> <span class='ocrx_word' id='word_1_56' title='bbox 1254 1019 1382 1075; x_wconf 90' lang='lat' dir='ltr'><strong>illud</strong></span> <span class='ocrx_word' id='word_1_57' title='bbox 1413 1019 1644 1074; x_wconf 83' lang='lat' dir='ltr'><strong>maxime</strong></span> <span class='ocrx_word' id='word_1_58' title='bbox 1668 1032 1790 1073; x_wconf 88' lang='lat' dir='ltr'><strong>esse</strong></span> 
     </span>
    </p>
   </div>
   <div class='ocr_carea' id='block_1_9' title="bbox 191 1110 1789 1186">
    <p class='ocr_par' dir='ltr' id='par_1_9' title="bbox 191 1110 1789 1186">
     <span class='ocr_line' id='line_1_9' title="bbox 191 1110 1789 1186; baseline -0.004 -16"><span class='ocrx_word' id='word_1_59' title='bbox 191 1130 303 1171; x_wconf 89' lang='lat' dir='ltr'><strong>non</strong></span> <span class='ocrx_word' id='word_1_60' title='bbox 333 1116 557 1171; x_wconf 79' lang='lat' dir='ltr'><strong>credere</strong></span> <span class='ocrx_word' id='word_1_61' title='bbox 585 1113 773 1186; x_wconf 82' lang='lat' dir='ltr'><strong>Moysi.</strong></span> <span class='ocrx_word' id='word_1_62' title='bbox 805 1113 1032 1168; x_wconf 87' lang='lat' dir='ltr'><strong>Tantum</strong></span> <span class='ocrx_word' id='word_1_63' title='bbox 1061 1112 1205 1167; x_wconf 88' lang='lat' dir='ltr'><strong>enim</strong></span> <span class='ocrx_word' id='word_1_64' title='bbox 1235 1111 1387 1166; x_wconf 88' lang='lat' dir='ltr'><strong>abest</strong></span> <span class='ocrx_word' id='word_1_65' title='bbox 1414 1118 1473 1165; x_wconf 90' lang='lat' dir='ltr'><strong>ut</strong></span> <span class='ocrx_word' id='word_1_66' title='bbox 1498 1110 1599 1182; x_wconf 90' lang='lat' dir='ltr'><strong>legi</strong></span> <span class='ocrx_word' id='word_1_67' title='bbox 1628 1124 1789 1179; x_wconf 81' lang='lat' dir='ltr'><strong>repu-</strong></span> 
     </span>
    </p>
   </div>
   <div class='ocr_carea' id='block_1_10' title="bbox 190 1203 1782 1277">
    <p class='ocr_par' dir='ltr' id='par_1_10' title="bbox 190 1203 1782 1277">
     <span class='ocr_line' id='line_1_10' title="bbox 190 1203 1782 1277; baseline -0.001 -17"><span class='ocrx_word' id='word_1_68' title='bbox 190 1222 352 1277; x_wconf 84' lang='lat' dir='ltr'><strong>gnem</strong></span> <span class='ocrx_word' id='word_1_69' title='bbox 373 1248 391 1275; x_wconf 92' lang='lat'><strong>,</strong></span> <span class='ocrx_word' id='word_1_70' title='bbox 423 1216 482 1261; x_wconf 91' lang='lat' dir='ltr'><strong>ut</strong></span> <span class='ocrx_word' id='word_1_71' title='bbox 509 1208 555 1269; x_wconf 87' lang='lat' dir='ltr'><strong>is</strong></span> <span class='ocrx_word' id='word_1_72' title='bbox 582 1206 671 1275; x_wconf 91' lang='lat' dir='ltr'><strong>qui</strong></span> <span class='ocrx_word' id='word_1_73' title='bbox 700 1220 797 1262; x_wconf 91' lang='lat' dir='ltr'><strong>vos</strong></span> <span class='ocrx_word' id='word_1_74' title='bbox 822 1214 1167 1260; x_wconf 83' lang='lat' dir='ltr'><strong>accusaturus</strong></span> <span class='ocrx_word' id='word_1_75' title='bbox 1196 1214 1278 1259; x_wconf 90' lang='lat' dir='ltr'><strong>est</strong></span> <span class='ocrx_word' id='word_1_76' title='bbox 1302 1204 1480 1258; x_wconf 92' lang='lat' dir='ltr'><strong>nullus</strong></span> <span class='ocrx_word' id='word_1_77' title='bbox 1517 1204 1651 1258; x_wconf 88' lang='lat' dir='ltr'><strong>alius</strong></span> <span class='ocrx_word' id='word_1_78' title='bbox 1680 1203 1782 1268; x_wconf 92' lang='lat' dir='ltr'><strong>sit,</strong></span> 
     </span>
    </p>
   </div>
   <div class='ocr_carea' id='block_1_11' title="bbox 190 1292 1785 1368">
    <p class='ocr_par' dir='ltr' id='par_1_11' title="bbox 190 1292 1785 1368">
     <span class='ocr_line' id='line_1_11' title="bbox 190 1292 1785 1368; baseline -0.003 -16"><span class='ocrx_word' id='word_1_79' title='bbox 190 1313 354 1367; x_wconf 87' lang='lat' dir='ltr'><strong>quam</strong></span> <span class='ocrx_word' id='word_1_80' title='bbox 381 1298 427 1352; x_wconf 88' lang='lat' dir='ltr'><strong>is</strong></span> <span class='ocrx_word' id='word_1_81' title='bbox 454 1297 545 1367; x_wconf 87' lang='lat' dir='ltr'><strong>qui</strong></span> <span class='ocrx_word' id='word_1_82' title='bbox 578 1300 745 1368; x_wconf 80' lang='lat' dir='ltr'><strong>legem</strong></span> <span class='ocrx_word' id='word_1_83' title='bbox 779 1296 927 1351; x_wconf 83' lang='lat' dir='ltr'><strong>vobis</strong></span> <span class='ocrx_word' id='word_1_84' title='bbox 955 1296 1120 1351; x_wconf 87' lang='lat' dir='ltr'><strong>dedit.</strong></span> <span class='ocrx_word' id='word_1_85' title='bbox 1150 1295 1219 1351; x_wconf 91' lang='lat' dir='ltr'><strong>Ut</strong></span> <span class='ocrx_word' id='word_1_86' title='bbox 1260 1294 1419 1365; x_wconf 85' lang='lat' dir='ltr'><strong>igitur</strong></span> <span class='ocrx_word' id='word_1_87' title='bbox 1446 1295 1515 1349; x_wconf 93' lang='lat' dir='ltr'><strong>de</strong></span> <span class='ocrx_word' id='word_1_88' title='bbox 1542 1292 1785 1364; x_wconf 89' lang='lat' dir='ltr'><strong>Scriptu-</strong></span> 
     </span>
    </p>
   </div>
   <div class='ocr_carea' id='block_1_12' title="bbox 189 1378 1784 1459">
    <p class='ocr_par' dir='ltr' id='par_1_12' title="bbox 189 1378 1784 1459">
     <span class='ocr_line' id='line_1_12' title="bbox 189 1378 1784 1459; baseline -0.002 -16"><span class='ocrx_word' id='word_1_89' title='bbox 189 1390 269 1443; x_wconf 84' lang='lat' dir='ltr'><strong>ris</strong></span> <span class='ocrx_word' id='word_1_90' title='bbox 292 1388 545 1455; x_wconf 86' lang='lat' dir='ltr'><strong>dicebat,</strong></span> <span class='ocrx_word' id='word_1_91' title='bbox 574 1388 641 1443; x_wconf 84' lang='lat' dir='ltr'><strong>In</strong></span> <span class='ocrx_word' id='word_1_92' title='bbox 674 1389 855 1459; x_wconf 85' lang='lat' dir='ltr'><strong>quibus</strong></span> <span class='ocrx_word' id='word_1_93' title='bbox 883 1388 1075 1459; x_wconf 87' lang='lat' dir='ltr'><strong>putatis</strong></span> <span class='ocrx_word' id='word_1_94' title='bbox 1109 1378 1263 1442; x_wconf 72' lang='lat' dir='ltr'><strong>vitam</strong></span> <span class='ocrx_word' id='word_1_95' title='bbox 1298 1395 1536 1441; x_wconf 65' lang='lat' dir='ltr'><strong>(sternam</strong></span> <span class='ocrx_word' id='word_1_96' title='bbox 1563 1386 1784 1451; x_wconf 85' lang='lat' dir='ltr'><strong>habere;</strong></span> 
     </span>
    </p>
   </div>
   <div class='ocr_carea' id='block_1_13' title="bbox 190 1466 1785 1550">
    <p class='ocr_par' dir='ltr' id='par_1_13' title="bbox 190 1466 1785 1550">
     <span class='ocr_line' id='line_1_13' title="bbox 190 1466 1785 1550; baseline 0.001 -19"><span class='ocrx_word' id='word_1_97' title='bbox 190 1478 265 1532; x_wconf 85' lang='lat' dir='ltr'><strong>ita</strong></span> <span class='ocrx_word' id='word_1_98' title='bbox 291 1478 365 1533; x_wconf 90' lang='lat' dir='ltr'><strong>de</strong></span> <span class='ocrx_word' id='word_1_99' title='bbox 390 1466 575 1550; x_wconf 73' lang='lat' dir='ltr'><strong>Moyse</strong></span> <span class='ocrx_word' id='word_1_100' title='bbox 601 1480 675 1534; x_wconf 85' lang='lat' dir='ltr'><strong>ait</strong></span> <span class='ocrx_word' id='word_1_101' title='bbox 720 1497 735 1535; x_wconf 89' lang='lat'><strong>:</strong></span> <span class='ocrx_word' id='word_1_102' title='bbox 777 1478 843 1533; x_wconf 87' lang='lat' dir='ltr'><strong>In</strong></span> <span class='ocrx_word' id='word_1_103' title='bbox 884 1496 982 1550; x_wconf 87' lang='lat' dir='ltr'><strong>quo</strong></span> <span class='ocrx_word' id='word_1_104' title='bbox 1018 1494 1103 1533; x_wconf 81' lang='lat' dir='ltr'><strong>vos</strong></span> <span class='ocrx_word' id='word_1_105' title='bbox 1140 1479 1413 1549; x_wconf 70' lang='lat' dir='ltr'><strong>sperastis,</strong></span> <span class='ocrx_word' id='word_1_106' title='bbox 1449 1492 1518 1533; x_wconf 83' lang='lat' dir='ltr'><strong>ex</strong></span> <span class='ocrx_word' id='word_1_107' title='bbox 1553 1478 1664 1533; x_wconf 88' lang='lat' dir='ltr'><strong>suis</strong></span> <span class='ocrx_word' id='word_1_108' title='bbox 1690 1492 1785 1533; x_wconf 91' lang='lat' dir='ltr'><strong>eos</strong></span> 
     </span>
    </p>
   </div>
   <div class='ocr_carea' id='block_1_14' title="bbox 185 1568 1782 1640">
    <p class='ocr_par' dir='ltr' id='par_1_14' title="bbox 185 1568 1782 1640">
     <span class='ocr_line' id='line_1_14' title="bbox 185 1568 1782 1640; baseline 0 -17"><span class='ocrx_word' id='word_1_109' title='bbox 185 1570 531 1624; x_wconf 85' lang='lat' dir='ltr'><strong>sermonibus</strong></span> <span class='ocrx_word' id='word_1_110' title='bbox 570 1571 787 1639; x_wconf 86' lang='lat' dir='ltr'><strong>capiens</strong></span> <span class='ocrx_word' id='word_1_111' title='bbox 826 1570 1039 1640; x_wconf 89' lang='lat' dir='ltr'><strong>ubique.</strong></span> <span class='ocrx_word' id='word_1_112' title='bbox 1075 1571 1139 1624; x_wconf 87' lang='lat' dir='ltr'><strong>Et</strong></span> <span class='ocrx_word' id='word_1_113' title='bbox 1178 1570 1319 1625; x_wconf 93' lang='lat' dir='ltr'><strong>unde</strong></span> <span class='ocrx_word' id='word_1_114' title='bbox 1348 1569 1617 1625; x_wconf 87' lang='lat' dir='ltr'><strong>discemus</strong></span> <span class='ocrx_word' id='word_1_115' title='bbox 1641 1609 1657 1634; x_wconf 93' lang='lat'><strong>,</strong></span> <span class='ocrx_word' id='word_1_116' title='bbox 1698 1568 1782 1623; x_wconf 90' lang='lat' dir='ltr'><strong>in-</strong></span> 
     </span>
    </p>
   </div>
   <div class='ocr_carea' id='block_1_15' title="bbox 182 1660 1783 1734">
    <p class='ocr_par' dir='ltr' id='par_1_15' title="bbox 182 1660 1783 1734">
     <span class='ocr_line' id='line_1_15' title="bbox 182 1660 1783 1734; baseline 0.002 -21"><span class='ocrx_word' id='word_1_117' title='bbox 182 1661 376 1730; x_wconf 91' lang='lat' dir='ltr'><strong>quient</strong></span> <span class='ocrx_word' id='word_1_118' title='bbox 404 1660 598 1729; x_wconf 65' lang='lat' dir='ltr'><strong>Judaei,</strong></span> <span class='ocrx_word' id='word_1_119' title='bbox 630 1663 845 1734; x_wconf 82' lang='lat' dir='ltr'><strong>Moysen</strong></span> <span class='ocrx_word' id='word_1_120' title='bbox 872 1672 1241 1720; x_wconf 89' lang='lat' dir='ltr'><strong>accusaturum</strong></span> <span class='ocrx_word' id='word_1_121' title='bbox 1266 1679 1406 1731; x_wconf 89' lang='lat' dir='ltr'><strong>esse,</strong></span> <span class='ocrx_word' id='word_1_122' title='bbox 1431 1678 1495 1720; x_wconf 89' lang='lat' dir='ltr'><strong>ac</strong></span> <span class='ocrx_word' id='word_1_123' title='bbox 1520 1672 1573 1720; x_wconf 85' lang='lat' dir='ltr'><strong>te</strong></span> <span class='ocrx_word' id='word_1_124' title='bbox 1598 1678 1701 1719; x_wconf 92' lang='lat' dir='ltr'><strong>non</strong></span> <span class='ocrx_word' id='word_1_125' title='bbox 1730 1664 1783 1717; x_wconf 91' lang='lat' dir='ltr'><strong>id</strong></span> 
     </span>
    </p>
   </div>
   <div class='ocr_carea' id='block_1_16' title="bbox 182 1752 1783 1826">
    <p class='ocr_par' dir='ltr' id='par_1_16' title="bbox 182 1752 1783 1826">
     <span class='ocr_line' id='line_1_16' title="bbox 182 1752 1783 1826; baseline 0.004 -24"><span class='ocrx_word' id='word_1_126' title='bbox 182 1764 324 1805; x_wconf 85' lang='lat' dir='ltr'><strong>vane</strong></span> <span class='ocrx_word' id='word_1_127' title='bbox 350 1752 632 1822; x_wconf 83' lang='lat' dir='ltr'><strong>jactitare?</strong></span> <span class='ocrx_word' id='word_1_128' title='bbox 659 1753 782 1823; x_wconf 90' lang='lat' dir='ltr'><strong>quid</strong></span> <span class='ocrx_word' id='word_1_129' title='bbox 807 1754 949 1809; x_wconf 88' lang='lat' dir='ltr'><strong>enim</strong></span> <span class='ocrx_word' id='word_1_130' title='bbox 982 1754 1077 1809; x_wconf 90' lang='lat' dir='ltr'><strong>tibi</strong></span> <span class='ocrx_word' id='word_1_131' title='bbox 1104 1770 1225 1809; x_wconf 89' lang='lat' dir='ltr'><strong>cum</strong></span> <span class='ocrx_word' id='word_1_132' title='bbox 1256 1754 1438 1826; x_wconf 86' lang='lat' dir='ltr'><strong>Moyse</strong></span> <span class='ocrx_word' id='word_1_133' title='bbox 1462 1754 1783 1810; x_wconf 77' lang='lat' dir='ltr'><strong>commune?</strong></span> 
     </span>
    </p>
   </div>
   <div class='ocr_carea' id='block_1_17' title="bbox 180 1841 1783 1917">
    <p class='ocr_par' dir='ltr' id='par_1_17' title="bbox 180 1841 1783 1917">
     <span class='ocr_line' id='line_1_17' title="bbox 180 1841 1783 1917; baseline 0.001 -17"><span class='ocrx_word' id='word_1_134' title='bbox 180 1841 479 1900; x_wconf 86' lang='lat' dir='ltr'><strong>Sabbatum</strong></span> <span class='ocrx_word' id='word_1_135' title='bbox 510 1845 746 1912; x_wconf 82' lang='lat' dir='ltr'><strong>solvisti,</strong></span> <span class='ocrx_word' id='word_1_136' title='bbox 789 1847 929 1917; x_wconf 91' lang='lat' dir='ltr'><strong>quod</strong></span> <span class='ocrx_word' id='word_1_137' title='bbox 950 1847 1110 1917; x_wconf 88' lang='lat' dir='ltr'><strong>jussit</strong></span> <span class='ocrx_word' id='word_1_138' title='bbox 1137 1848 1229 1903; x_wconf 91' lang='lat' dir='ltr'><strong>ille</strong></span> <span class='ocrx_word' id='word_1_139' title='bbox 1256 1846 1579 1902; x_wconf 86' lang='lat' dir='ltr'><strong>servandum</strong></span> <span class='ocrx_word' id='word_1_140' title='bbox 1608 1865 1620 1900; x_wconf 94' lang='lat'><strong>:</strong></span> <span class='ocrx_word' id='word_1_141' title='bbox 1648 1862 1783 1917; x_wconf 91' lang='lat' dir='ltr'><strong>quo-</strong></span> 
     </span>
    </p>
   </div>
   <div class='ocr_carea' id='block_1_18' title="bbox 180 1936 1778 2010">
    <p class='ocr_par' dir='ltr' id='par_1_18' title="bbox 180 1936 1778 2010">
     <span class='ocr_line' id='line_1_18' title="bbox 180 1936 1778 2010; baseline 0.003 -20"><span class='ocrx_word' id='word_1_142' title='bbox 180 1936 349 1992; x_wconf 88' lang='lat' dir='ltr'><strong>modo</strong></span> <span class='ocrx_word' id='word_1_143' title='bbox 378 1952 507 2007; x_wconf 88' lang='lat' dir='ltr'><strong>ergo</strong></span> <span class='ocrx_word' id='word_1_144' title='bbox 534 1938 626 1993; x_wconf 90' lang='lat' dir='ltr'><strong>ille</strong></span> <span class='ocrx_word' id='word_1_145' title='bbox 655 1953 754 1993; x_wconf 91' lang='lat' dir='ltr'><strong>nos</strong></span> <span class='ocrx_word' id='word_1_146' title='bbox 788 1940 1158 1995; x_wconf 86' lang='lat' dir='ltr'><strong>aecusaverit?</strong></span> <span class='ocrx_word' id='word_1_147' title='bbox 1185 1939 1254 1994; x_wconf 83' lang='lat' dir='ltr'><strong>Et</strong></span> <span class='ocrx_word' id='word_1_148' title='bbox 1286 1939 1557 2010; x_wconf 91' lang='lat' dir='ltr'><strong>quomodo</strong></span> <span class='ocrx_word' id='word_1_149' title='bbox 1586 1939 1778 2010; x_wconf 85' lang='lat' dir='ltr'><strong>proba-</strong></span> 
     </span>
    </p>
   </div>
   <div class='ocr_carea' id='block_1_19' title="bbox 178 2026 1782 2099">
    <p class='ocr_par' dir='ltr' id='par_1_19' title="bbox 178 2026 1782 2099">
     <span class='ocr_line' id='line_1_19' title="bbox 178 2026 1782 2099; baseline 0.003 -18"><span class='ocrx_word' id='word_1_150' title='bbox 178 2026 350 2093; x_wconf 87' lang='lat' dir='ltr'><strong>bitur,</strong></span> <span class='ocrx_word' id='word_1_151' title='bbox 379 2028 610 2096; x_wconf 88' lang='lat' dir='ltr'><strong>inquies,</strong></span> <span class='ocrx_word' id='word_1_152' title='bbox 640 2043 739 2083; x_wconf 89' lang='lat' dir='ltr'><strong>nos</strong></span> <span class='ocrx_word' id='word_1_153' title='bbox 764 2029 816 2083; x_wconf 93' lang='lat' dir='ltr'><strong>in</strong></span> <span class='ocrx_word' id='word_1_154' title='bbox 843 2029 1008 2083; x_wconf 89' lang='lat' dir='ltr'><strong>alium</strong></span> <span class='ocrx_word' id='word_1_155' title='bbox 1038 2031 1129 2099; x_wconf 90' lang='lat' dir='ltr'><strong>qui</strong></span> <span class='ocrx_word' id='word_1_156' title='bbox 1159 2030 1210 2085; x_wconf 90' lang='lat' dir='ltr'><strong>in</strong></span> <span class='ocrx_word' id='word_1_157' title='bbox 1237 2044 1336 2085; x_wconf 87' lang='lat' dir='ltr'><strong>suo</strong></span> <span class='ocrx_word' id='word_1_158' title='bbox 1361 2029 1578 2084; x_wconf 85' lang='lat' dir='ltr'><strong>nomine</strong></span> <span class='ocrx_word' id='word_1_159' title='bbox 1602 2032 1782 2086; x_wconf 89' lang='lat' dir='ltr'><strong>veniat</strong></span> 
     </span>
    </p>
   </div>
   <div class='ocr_carea' id='block_1_20' title="bbox 176 2118 1776 2191">
    <p class='ocr_par' dir='ltr' id='par_1_20' title="bbox 176 2118 1776 2191">
     <span class='ocr_line' id='line_1_20' title="bbox 176 2118 1776 2191; baseline 0.003 -18"><span class='ocrx_word' id='word_1_160' title='bbox 176 2132 305 2173; x_wconf 84' lang='lat' dir='ltr'><strong>esse</strong></span> <span class='ocrx_word' id='word_1_161' title='bbox 334 2118 674 2174; x_wconf 79' lang='lat' dir='ltr'><strong>credituros?</strong></span> <span class='ocrx_word' id='word_1_162' title='bbox 704 2119 829 2175; x_wconf 65' lang='lat' dir='ltr'><strong>Hac</strong></span> <span class='ocrx_word' id='word_1_163' title='bbox 853 2121 1049 2191; x_wconf 86' lang='lat' dir='ltr'><strong>quippe</strong></span> <span class='ocrx_word' id='word_1_164' title='bbox 1082 2121 1257 2176; x_wconf 88' lang='lat' dir='ltr'><strong>omnia</strong></span> <span class='ocrx_word' id='word_1_165' title='bbox 1284 2121 1433 2177; x_wconf 89' lang='lat' dir='ltr'><strong>nullo</strong></span> <span class='ocrx_word' id='word_1_166' title='bbox 1459 2130 1594 2178; x_wconf 89' lang='lat' dir='ltr'><strong>teste</strong></span> <span class='ocrx_word' id='word_1_167' title='bbox 1622 2121 1776 2177; x_wconf 91' lang='lat' dir='ltr'><strong>dicis.</strong></span> 
     </span>
    </p>
   </div>
   <div class='ocr_carea' id='block_1_21' title="bbox 176 2209 1779 2283">
    <p class='ocr_par' dir='ltr' id='par_1_21' title="bbox 176 2209 1779 2283">
     <span class='ocr_line' id='line_1_21' title="bbox 176 2209 1779 2283; baseline 0.002 -19"><span class='ocrx_word' id='word_1_168' title='bbox 176 2210 345 2279; x_wconf 79' lang='lat' dir='ltr'><strong>Atqui</strong></span> <span class='ocrx_word' id='word_1_169' title='bbox 378 2209 495 2265; x_wconf 64' lang='lat' dir='ltr'><strong>haec</strong></span> <span class='ocrx_word' id='word_1_170' title='bbox 524 2209 704 2265; x_wconf 79' lang='lat' dir='ltr'><strong>omnia</strong></span> <span class='ocrx_word' id='word_1_171' title='bbox 734 2225 800 2266; x_wconf 87' lang='lat' dir='ltr'><strong>ex</strong></span> <span class='ocrx_word' id='word_1_172' title='bbox 829 2211 1194 2281; x_wconf 84' lang='lat' dir='ltr'><strong>superioribus</strong></span> <span class='ocrx_word' id='word_1_173' title='bbox 1213 2213 1523 2283; x_wconf 88' lang='lat' dir='ltr'><strong>probantur.</strong></span> <span class='ocrx_word' id='word_1_174' title='bbox 1553 2214 1779 2281; x_wconf 87' lang='lat' dir='ltr'><strong>Quando</strong></span> 
     </span>
    </p>
   </div>
   <div class='ocr_carea' id='block_1_22' title="bbox 173 2299 1777 2371">
    <p class='ocr_par' dir='ltr' id='par_1_22' title="bbox 173 2299 1777 2371">
     <span class='ocr_line' id='line_1_22' title="bbox 173 2299 1777 2371; baseline 0.005 -19"><span class='ocrx_word' id='word_1_175' title='bbox 173 2299 325 2353; x_wconf 86' lang='lat' dir='ltr'><strong>enim</strong></span> <span class='ocrx_word' id='word_1_176' title='bbox 355 2314 420 2354; x_wconf 84' lang='lat' dir='ltr'><strong>ex</strong></span> <span class='ocrx_word' id='word_1_177' title='bbox 460 2300 745 2369; x_wconf 86' lang='lat' dir='ltr'><strong>operibus,</strong></span> <span class='ocrx_word' id='word_1_178' title='bbox 777 2315 841 2355; x_wconf 85' lang='lat' dir='ltr'><strong>ex</strong></span> <span class='ocrx_word' id='word_1_179' title='bbox 881 2300 1101 2357; x_wconf 79' lang='lat' dir='ltr'><strong>Joannis</strong></span> <span class='ocrx_word' id='word_1_180' title='bbox 1130 2316 1283 2371; x_wconf 85' lang='lat' dir='ltr'><strong>voce,</strong></span> <span class='ocrx_word' id='word_1_181' title='bbox 1313 2318 1379 2359; x_wconf 85' lang='lat' dir='ltr'><strong>ex</strong></span> <span class='ocrx_word' id='word_1_182' title='bbox 1408 2302 1581 2359; x_wconf 86' lang='lat' dir='ltr'><strong>Patris</strong></span> <span class='ocrx_word' id='word_1_183' title='bbox 1625 2304 1777 2360; x_wconf 90' lang='lat' dir='ltr'><strong>testi-</strong></span> 
     </span>
    </p>
   </div>
   <div class='ocr_carea' id='block_1_23' title="bbox 173 2388 1777 2463">
    <p class='ocr_par' dir='ltr' id='par_1_23' title="bbox 173 2388 1777 2463">
     <span class='ocr_line' id='line_1_23' title="bbox 173 2388 1777 2463; baseline 0.004 -19"><span class='ocrx_word' id='word_1_184' title='bbox 173 2390 367 2445; x_wconf 79' lang='lat' dir='ltr'><strong>monio</strong></span> <span class='ocrx_word' id='word_1_185' title='bbox 396 2390 450 2444; x_wconf 93' lang='lat' dir='ltr'><strong>in</strong></span> <span class='ocrx_word' id='word_1_186' title='bbox 480 2390 727 2446; x_wconf 87' lang='lat' dir='ltr'><strong>confesso</strong></span> <span class='ocrx_word' id='word_1_187' title='bbox 755 2388 915 2446; x_wconf 89' lang='lat' dir='ltr'><strong>fuerit</strong></span> <span class='ocrx_word' id='word_1_188' title='bbox 951 2407 1039 2447; x_wconf 91' lang='lat' dir='ltr'><strong>me</strong></span> <span class='ocrx_word' id='word_1_189' title='bbox 1083 2406 1116 2447; x_wconf 87' lang='lat' dir='ltr'><strong>a</strong></span> <span class='ocrx_word' id='word_1_190' title='bbox 1155 2392 1267 2448; x_wconf 91' lang='lat' dir='ltr'><strong>Deo</strong></span> <span class='ocrx_word' id='word_1_191' title='bbox 1303 2393 1517 2449; x_wconf 84' lang='lat' dir='ltr'><strong>venisse</strong></span> <span class='ocrx_word' id='word_1_192' title='bbox 1540 2435 1556 2462; x_wconf 95' lang='lat'><strong>,</strong></span> <span class='ocrx_word' id='word_1_193' title='bbox 1603 2394 1777 2463; x_wconf 86' lang='lat' dir='ltr'><strong>palam</strong></span> 
     </span>
    </p>
   </div>
   <div class='ocr_carea' id='block_1_24' title="bbox 172 2478 1775 2551">
    <p class='ocr_par' dir='ltr' id='par_1_24' title="bbox 172 2478 1775 2551">
     <span class='ocr_line' id='line_1_24' title="bbox 172 2478 1775 2551; baseline 0.004 -16"><span class='ocrx_word' id='word_1_194' title='bbox 172 2488 327 2535; x_wconf 84' lang='lat' dir='ltr'><strong>certe</strong></span> <span class='ocrx_word' id='word_1_195' title='bbox 368 2488 453 2534; x_wconf 88' lang='lat' dir='ltr'><strong>est</strong></span> <span class='ocrx_word' id='word_1_196' title='bbox 481 2478 697 2550; x_wconf 83' lang='lat' dir='ltr'><strong>Moysen</strong></span> <span class='ocrx_word' id='word_1_197' title='bbox 726 2481 870 2550; x_wconf 91' lang='lat' dir='ltr'><strong>ipsos</strong></span> <span class='ocrx_word' id='word_1_198' title='bbox 894 2492 1270 2538; x_wconf 87' lang='lat' dir='ltr'><strong>accusaturum</strong></span> <span class='ocrx_word' id='word_1_199' title='bbox 1299 2497 1437 2540; x_wconf 89' lang='lat' dir='ltr'><strong>esse.</strong></span> <span class='ocrx_word' id='word_1_200' title='bbox 1465 2483 1604 2551; x_wconf 88' lang='lat' dir='ltr'><strong>Quid</strong></span> <span class='ocrx_word' id='word_1_201' title='bbox 1631 2486 1775 2541; x_wconf 92' lang='lat' dir='ltr'><strong>enim</strong></span> 
     </span>
    </p>
   </div>
   <div class='ocr_carea' id='block_1_25' title="bbox 165 2568 1775 2646">
    <p class='ocr_par' dir='ltr' id='par_1_25' title="bbox 165 2568 1775 2646">
     <span class='ocr_line' id='line_1_25' title="bbox 165 2568 1775 2646; baseline 0.007 -23"><span class='ocrx_word' id='word_1_202' title='bbox 165 2568 265 2624; x_wconf 85' lang='lat' dir='ltr'><strong>ille</strong></span> <span class='ocrx_word' id='word_1_203' title='bbox 290 2569 469 2624; x_wconf 80' lang='lat' dir='ltr'><strong>dixit?</strong></span> <span class='ocrx_word' id='word_1_204' title='bbox 495 2584 671 2625; x_wconf 90' lang='lat' dir='ltr'><strong>annon</strong></span> <span class='ocrx_word' id='word_1_205' title='bbox 694 2612 709 2639; x_wconf 95' lang='lat'><strong>,</strong></span> <span class='ocrx_word' id='word_1_206' title='bbox 768 2572 913 2642; x_wconf 84' lang='lat' dir='ltr'><strong>quod</strong></span> <span class='ocrx_word' id='word_1_207' title='bbox 942 2574 987 2628; x_wconf 90' lang='lat' dir='ltr'><strong>si</strong></span> <span class='ocrx_word' id='word_1_208' title='bbox 1016 2575 1136 2644; x_wconf 87' lang='lat' dir='ltr'><strong>quis</strong></span> <span class='ocrx_word' id='word_1_209' title='bbox 1164 2576 1314 2646; x_wconf 87' lang='lat' dir='ltr'><strong>signa</strong></span> <span class='ocrx_word' id='word_1_210' title='bbox 1341 2575 1543 2633; x_wconf 85' lang='lat' dir='ltr'><strong>faciens</strong></span> <span class='ocrx_word' id='word_1_211' title='bbox 1570 2578 1775 2635; x_wconf 85' lang='lat' dir='ltr'><strong>venerit</strong></span> 
     </span>
    </p>
   </div>
   <div class='ocr_carea' id='block_1_26' title="bbox 172 2659 1776 2741">
    <p class='ocr_par' dir='ltr' id='par_1_26' title="bbox 172 2659 1776 2741">
     <span class='ocr_line' id='line_1_26' title="bbox 172 2659 1776 2741; baseline 0.009 -28"><span class='ocrx_word' id='word_1_212' title='bbox 172 2659 560 2731; x_wconf 75' lang='lat' dir='ltr'><strong>(Deut.l5.l),</strong></span> <span class='ocrx_word' id='word_1_213' title='bbox 580 2662 671 2733; x_wconf 89' lang='lat' dir='ltr'><strong>qui</strong></span> <span class='ocrx_word' id='word_1_214' title='bbox 698 2663 765 2717; x_wconf 88' lang='lat' dir='ltr'><strong>ad</strong></span> <span class='ocrx_word' id='word_1_215' title='bbox 795 2664 961 2719; x_wconf 91' lang='lat' dir='ltr'><strong>Deum</strong></span> <span class='ocrx_word' id='word_1_216' title='bbox 975 2665 1153 2731; x_wconf 88' lang='lat' dir='ltr'><strong>ducat,</strong></span> <span class='ocrx_word' id='word_1_217' title='bbox 1183 2667 1466 2739; x_wconf 82' lang='lat' dir='ltr'><strong>futuraque</strong></span> <span class='ocrx_word' id='word_1_218' title='bbox 1500 2684 1625 2725; x_wconf 82' lang='lat' dir='ltr'><strong>vere</strong></span> <span class='ocrx_word' id='word_1_219' title='bbox 1653 2685 1776 2741; x_wconf 90' lang='lat' dir='ltr'><strong>pro-</strong></span> 
     </span>
    </p>
   </div>
   <div class='ocr_carea' id='block_1_27' title="bbox 172 2751 1775 2822">
    <p class='ocr_par' dir='ltr' id='par_1_27' title="bbox 172 2751 1775 2822">
     <span class='ocr_line' id='line_1_27' title="bbox 172 2751 1775 2822; baseline 0.009 -18"><span class='ocrx_word' id='word_1_220' title='bbox 172 2751 425 2818; x_wconf 89' lang='lat' dir='ltr'><strong>nuntiet,</strong></span> <span class='ocrx_word' id='word_1_221' title='bbox 475 2752 576 2821; x_wconf 88' lang='lat' dir='ltr'><strong>ipsi</strong></span> <span class='ocrx_word' id='word_1_222' title='bbox 604 2752 826 2809; x_wconf 89' lang='lat' dir='ltr'><strong>credere</strong></span> <span class='ocrx_word' id='word_1_223' title='bbox 855 2756 1129 2822; x_wconf 81' lang='lat' dir='ltr'><strong>oporteat?</strong></span> <span class='ocrx_word' id='word_1_224' title='bbox 1169 2758 1361 2813; x_wconf 81' lang='lat' dir='ltr'><strong>Annon</strong></span> <span class='ocrx_word' id='word_1_225' title='bbox 1384 2758 1630 2816; x_wconf 84' lang='lat' dir='ltr'><strong>Christus</strong></span> <span class='ocrx_word' id='word_1_226' title='bbox 1659 2762 1775 2818; x_wconf 60' lang='lat' dir='ltr'><strong>hac</strong></span> 
     </span>
    </p>
   </div>
   <div class='ocr_carea' id='block_1_28' title="bbox 171 2840 1773 2916">
    <p class='ocr_par' dir='ltr' id='par_1_28' title="bbox 171 2840 1773 2916">
     <span class='ocr_line' id='line_1_28' title="bbox 171 2840 1773 2916; baseline 0.008 -21"><span class='ocrx_word' id='word_1_227' title='bbox 171 2842 354 2895; x_wconf 89' lang='lat' dir='ltr'><strong>omnia</strong></span> <span class='ocrx_word' id='word_1_228' title='bbox 385 2840 548 2897; x_wconf 76' lang='lat' dir='ltr'><strong>fecit?</strong></span> <span class='ocrx_word' id='word_1_229' title='bbox 577 2842 737 2914; x_wconf 89' lang='lat' dir='ltr'><strong>Signa</strong></span> <span class='ocrx_word' id='word_1_230' title='bbox 764 2859 883 2899; x_wconf 91' lang='lat' dir='ltr'><strong>cum</strong></span> <span class='ocrx_word' id='word_1_231' title='bbox 910 2846 1058 2901; x_wconf 89' lang='lat' dir='ltr'><strong>omni</strong></span> <span class='ocrx_word' id='word_1_232' title='bbox 1098 2847 1321 2904; x_wconf 85' lang='lat' dir='ltr'><strong>veritate</strong></span> <span class='ocrx_word' id='word_1_233' title='bbox 1346 2849 1547 2916; x_wconf 90' lang='lat' dir='ltr'><strong>edidit,</strong></span> <span class='ocrx_word' id='word_1_234' title='bbox 1583 2866 1773 2908; x_wconf 88' lang='lat' dir='ltr'><strong>omnes</strong></span> 
     </span>
    </p>
   </div>
   <div class='ocr_carea' id='block_1_29' title="bbox 172 2932 1767 3005">
    <p class='ocr_par' dir='ltr' id='par_1_29' title="bbox 172 2932 1767 3005">
     <span class='ocr_line' id='line_1_29' title="bbox 172 2932 1767 3005; baseline 0.008 -19"><span class='ocrx_word' id='word_1_235' title='bbox 172 2934 336 2987; x_wconf 79' lang='lat' dir='ltr'><strong>traxit</strong></span> <span class='ocrx_word' id='word_1_236' title='bbox 348 2933 417 2988; x_wconf 91' lang='lat' dir='ltr'><strong>ad</strong></span> <span class='ocrx_word' id='word_1_237' title='bbox 440 2932 626 3000; x_wconf 92' lang='lat' dir='ltr'><strong>Deum,</strong></span> <span class='ocrx_word' id='word_1_238' title='bbox 644 2934 1016 3005; x_wconf 74' lang='lat' dir='ltr'><strong>przedictiones</strong></span> <span class='ocrx_word' id='word_1_239' title='bbox 1031 2951 1095 2993; x_wconf 84' lang='lat' dir='ltr'><strong>ex</strong></span> <span class='ocrx_word' id='word_1_240' title='bbox 1112 2954 1289 2995; x_wconf 89' lang='lat' dir='ltr'><strong>rerum</strong></span> <span class='ocrx_word' id='word_1_241' title='bbox 1308 2951 1503 2997; x_wconf 87' lang='lat' dir='ltr'><strong>eventu</strong></span> <span class='ocrx_word' id='word_1_242' title='bbox 1519 2944 1767 3000; x_wconf 88' lang='lat' dir='ltr'><strong>asseruit.</strong></span> 
     </span>
    </p>
   </div>
   <div class='ocr_carea' id='block_1_30' title="bbox 170 3025 1772 3096">
    <p class='ocr_par' dir='ltr' id='par_1_30' title="bbox 170 3025 1772 3096">
     <span class='ocr_line' id='line_1_30' title="bbox 170 3025 1772 3096; baseline 0.009 -17"><span class='ocrx_word' id='word_1_243' title='bbox 170 3027 240 3079; x_wconf 80' lang='lat' dir='ltr'><strong>At</strong></span> <span class='ocrx_word' id='word_1_244' title='bbox 272 3025 419 3081; x_wconf 88' lang='lat' dir='ltr'><strong>unde</strong></span> <span class='ocrx_word' id='word_1_245' title='bbox 451 3026 707 3095; x_wconf 88' lang='lat' dir='ltr'><strong>probatur</strong></span> <span class='ocrx_word' id='word_1_246' title='bbox 736 3027 881 3096; x_wconf 86' lang='lat' dir='ltr'><strong>ipsos</strong></span> <span class='ocrx_word' id='word_1_247' title='bbox 909 3028 1061 3085; x_wconf 87' lang='lat' dir='ltr'><strong>alteri</strong></span> <span class='ocrx_word' id='word_1_248' title='bbox 1087 3032 1386 3089; x_wconf 84' lang='lat' dir='ltr'><strong>credituros</strong></span> <span class='ocrx_word' id='word_1_249' title='bbox 1415 3036 1570 3092; x_wconf 83' lang='lat' dir='ltr'><strong>esse?</strong></span> <span class='ocrx_word' id='word_1_250' title='bbox 1603 3038 1679 3092; x_wconf 79' lang='lat' dir='ltr'><strong>Ex</strong></span> <span class='ocrx_word' id='word_1_251' title='bbox 1704 3052 1772 3095; x_wconf 88' lang='lat' dir='ltr'><strong>eo</strong></span> 
     </span>
    </p>
   </div>
   <div class='ocr_carea' id='block_1_31' title="bbox 169 3114 1772 3197">
    <p class='ocr_par' dir='ltr' id='par_1_31' title="bbox 169 3114 1772 3197">
     <span class='ocr_line' id='line_1_31' title="bbox 169 3114 1772 3197; baseline 0.011 -28"><span class='ocrx_word' id='word_1_252' title='bbox 169 3116 312 3185; x_wconf 87' lang='lat' dir='ltr'><strong>quod</strong></span> <span class='ocrx_word' id='word_1_253' title='bbox 335 3114 613 3171; x_wconf 86' lang='lat' dir='ltr'><strong>Christum</strong></span> <span class='ocrx_word' id='word_1_254' title='bbox 637 3118 869 3174; x_wconf 87' lang='lat' dir='ltr'><strong>oderint.</strong></span> <span class='ocrx_word' id='word_1_255' title='bbox 900 3120 1032 3175; x_wconf 88' lang='lat' dir='ltr'><strong>Nam</strong></span> <span class='ocrx_word' id='word_1_256' title='bbox 1061 3124 1150 3193; x_wconf 89' lang='lat' dir='ltr'><strong>qui</strong></span> <span class='ocrx_word' id='word_1_257' title='bbox 1179 3139 1324 3193; x_wconf 91' lang='lat' dir='ltr'><strong>eum,</strong></span> <span class='ocrx_word' id='word_1_258' title='bbox 1352 3129 1441 3197; x_wconf 90' lang='lat' dir='ltr'><strong>qui</strong></span> <span class='ocrx_word' id='word_1_259' title='bbox 1467 3143 1534 3183; x_wconf 85' lang='lat' dir='ltr'><strong>ex</strong></span> <span class='ocrx_word' id='word_1_260' title='bbox 1562 3129 1654 3185; x_wconf 90' lang='lat' dir='ltr'><strong>Dei</strong></span> <span class='ocrx_word' id='word_1_261' title='bbox 1680 3145 1772 3186; x_wconf 87' lang='lat' dir='ltr'><strong>vo-</strong></span> 
     </span>
    </p>
   </div>
   <div class='ocr_carea' id='block_1_32' title="bbox 170 3206 1768 3277">
    <p class='ocr_par' dir='ltr' id='par_1_32' title="bbox 170 3206 1768 3277">
     <span class='ocr_line' id='line_1_32' title="bbox 170 3206 1768 3277; baseline 0.011 -17"><span class='ocrx_word' id='word_1_262' title='bbox 170 3206 379 3262; x_wconf 84' lang='lat' dir='ltr'><strong>luntate</strong></span> <span class='ocrx_word' id='word_1_263' title='bbox 409 3207 589 3270; x_wconf 90' lang='lat' dir='ltr'><strong>venit,</strong></span> <span class='ocrx_word' id='word_1_264' title='bbox 622 3217 957 3277; x_wconf 85' lang='lat' dir='ltr'><strong>aversantur,</strong></span> <span class='ocrx_word' id='word_1_265' title='bbox 989 3212 1098 3268; x_wconf 92' lang='lat' dir='ltr'><strong>Deo</strong></span> <span class='ocrx_word' id='word_1_266' title='bbox 1126 3214 1489 3271; x_wconf 76' lang='lat' dir='ltr'><strong>adversarium</strong></span> <span class='ocrx_word' id='word_1_267' title='bbox 1525 3219 1641 3276; x_wconf 89' lang='lat' dir='ltr'><strong>sine</strong></span> <span class='ocrx_word' id='word_1_268' title='bbox 1666 3220 1768 3276; x_wconf 88' lang='lat' dir='ltr'><strong>du-</strong></span> 
     </span>
    </p>
   </div>
   <div class='ocr_carea' id='block_1_33' title="bbox 170 3295 1771 3378">
    <p class='ocr_par' dir='ltr' id='par_1_33' title="bbox 170 3295 1771 3378">
     <span class='ocr_line' id='line_1_33' title="bbox 170 3295 1771 3378; baseline 0.011 -29"><span class='ocrx_word' id='word_1_269' title='bbox 170 3295 256 3351; x_wconf 88' lang='lat' dir='ltr'><strong>bio</strong></span> <span class='ocrx_word' id='word_1_270' title='bbox 284 3296 575 3367; x_wconf 83' lang='lat' dir='ltr'><strong>recipient.</strong></span> <span class='ocrx_word' id='word_1_271' title='bbox 613 3297 767 3363; x_wconf 86' lang='lat' dir='ltr'><strong>Quod</strong></span> <span class='ocrx_word' id='word_1_272' title='bbox 806 3300 851 3355; x_wconf 89' lang='lat' dir='ltr'><strong>si</strong></span> <span class='ocrx_word' id='word_1_273' title='bbox 894 3301 1110 3374; x_wconf 78' lang='lat' dir='ltr'><strong>Moysen</strong></span> <span class='ocrx_word' id='word_1_274' title='bbox 1155 3321 1295 3361; x_wconf 91' lang='lat' dir='ltr'><strong>nunc</strong></span> <span class='ocrx_word' id='word_1_275' title='bbox 1334 3308 1600 3378; x_wconf 89' lang='lat' dir='ltr'><strong>proferat,</strong></span> <span class='ocrx_word' id='word_1_276' title='bbox 1646 3312 1771 3369; x_wconf 84' lang='lat' dir='ltr'><strong>licet</strong></span> 
     </span>
    </p>
   </div>
   <div class='ocr_carea' id='block_1_34' title="bbox 168 3385 1770 3471">
    <p class='ocr_par' dir='ltr' id='par_1_34' title="bbox 168 3385 1770 3471">
     <span class='ocr_line' id='line_1_34' title="bbox 168 3385 1770 3471; baseline 0.011 -31"><span class='ocrx_word' id='word_1_277' title='bbox 168 3385 406 3453; x_wconf 85' lang='lat' dir='ltr'><strong>dixerit,</strong></span> <span class='ocrx_word' id='word_1_278' title='bbox 451 3386 565 3457; x_wconf 82' lang='lat' dir='ltr'><strong>Ego</strong></span> <span class='ocrx_word' id='word_1_279' title='bbox 591 3389 655 3442; x_wconf 87' lang='lat' dir='ltr'><strong>ab</strong></span> <span class='ocrx_word' id='word_1_280' title='bbox 680 3387 883 3446; x_wconf 72' lang='lat' dir='ltr'><strong>nomine</strong></span> <span class='ocrx_word' id='word_1_281' title='bbox 907 3394 1245 3449; x_wconf 80' lang='lat' dir='ltr'><strong>testimonium</strong></span> <span class='ocrx_word' id='word_1_282' title='bbox 1282 3414 1382 3452; x_wconf 86' lang='lat' dir='ltr'><strong>non</strong></span> <span class='ocrx_word' id='word_1_283' title='bbox 1410 3401 1605 3471; x_wconf 82' lang='lat' dir='ltr'><strong>accipio</strong></span> <span class='ocrx_word' id='word_1_284' title='bbox 1644 3418 1664 3455; x_wconf 92' lang='lat'><em>:</em></span> <span class='ocrx_word' id='word_1_285' title='bbox 1701 3418 1770 3458; x_wconf 90' lang='lat' dir='ltr'><strong>ne</strong></span> 
     </span>
    </p>
   </div>
   <div class='ocr_carea' id='block_1_35' title="bbox 169 3478 1769 3554">
    <p class='ocr_par' dir='ltr' id='par_1_35' title="bbox 169 3478 1769 3554">
     <span class='ocr_line' id='line_1_35' title="bbox 169 3478 1769 3554; baseline 0.011 -23"><span class='ocrx_word' id='word_1_286' title='bbox 169 3478 385 3532; x_wconf 86' lang='lat' dir='ltr'><strong>mireris</strong></span> <span class='ocrx_word' id='word_1_287' title='bbox 416 3494 432 3530; x_wconf 91' lang='lat'><strong>:</strong></span> <span class='ocrx_word' id='word_1_288' title='bbox 466 3492 573 3533; x_wconf 88' lang='lat' dir='ltr'><strong>non</strong></span> <span class='ocrx_word' id='word_1_289' title='bbox 601 3480 742 3535; x_wconf 89' lang='lat' dir='ltr'><strong>enim</strong></span> <span class='ocrx_word' id='word_1_290' title='bbox 770 3480 837 3535; x_wconf 89' lang='lat' dir='ltr'><strong>ad</strong></span> <span class='ocrx_word' id='word_1_291' title='bbox 862 3482 1115 3554; x_wconf 79' lang='lat' dir='ltr'><strong>Moysen,</strong></span> <span class='ocrx_word' id='word_1_292' title='bbox 1144 3486 1239 3542; x_wconf 91' lang='lat' dir='ltr'><strong>sed</strong></span> <span class='ocrx_word' id='word_1_293' title='bbox 1264 3487 1330 3542; x_wconf 89' lang='lat' dir='ltr'><strong>ad</strong></span> <span class='ocrx_word' id='word_1_294' title='bbox 1358 3488 1591 3545; x_wconf 89' lang='lat' dir='ltr'><strong>divinam</strong></span> <span class='ocrx_word' id='word_1_295' title='bbox 1623 3492 1769 3548; x_wconf 82' lang='lat' dir='ltr'><strong>Scri-</strong></span> 
     </span>
    </p>
   </div>
   <div class='ocr_carea' id='block_1_36' title="bbox 169 3568 1765 3649">
    <p class='ocr_par' dir='ltr' id='par_1_36' title="bbox 169 3568 1765 3649">
     <span class='ocr_line' id='line_1_36' title="bbox 169 3568 1765 3649; baseline 0.012 -28"><span class='ocrx_word' id='word_1_296' title='bbox 169 3576 381 3637; x_wconf 85' lang='lat' dir='ltr'><strong>pturam</strong></span> <span class='ocrx_word' id='word_1_297' title='bbox 411 3568 531 3625; x_wconf 85' lang='lat' dir='ltr'><strong>illos</strong></span> <span class='ocrx_word' id='word_1_298' title='bbox 556 3572 797 3627; x_wconf 87' lang='lat' dir='ltr'><strong>remittit.</strong></span> <span class='ocrx_word' id='word_1_299' title='bbox 826 3572 1019 3630; x_wconf 81' lang='lat' dir='ltr'><strong>Verum</strong></span> <span class='ocrx_word' id='word_1_300' title='bbox 1045 3577 1168 3646; x_wconf 89' lang='lat' dir='ltr'><strong>quia</strong></span> <span class='ocrx_word' id='word_1_301' title='bbox 1194 3578 1481 3649; x_wconf 75' lang='lat' dir='ltr'><strong>Scripturze</strong></span> <span class='ocrx_word' id='word_1_302' title='bbox 1503 3584 1765 3640; x_wconf 90' lang='lat' dir='ltr'><strong>minorem</strong></span> 
     </span>
    </p>
   </div>
   <div class='ocr_carea' id='block_1_37' title="bbox 170 3657 1765 3741">
    <p class='ocr_par' dir='ltr' id='par_1_37' title="bbox 170 3657 1765 3741">
     <span class='ocr_line' id='line_1_37' title="bbox 170 3657 1765 3741; baseline 0.013 -31"><span class='ocrx_word' id='word_1_303' title='bbox 170 3657 272 3712; x_wconf 88' lang='lat' dir='ltr'><strong>illis</strong></span> <span class='ocrx_word' id='word_1_304' title='bbox 300 3671 565 3714; x_wconf 86' lang='lat' dir='ltr'><strong>terrorem</strong></span> <span class='ocrx_word' id='word_1_305' title='bbox 590 3659 912 3729; x_wconf 82' lang='lat' dir='ltr'><strong>aﬂ‘erebaut,</strong></span> <span class='ocrx_word' id='word_1_306' title='bbox 956 3665 1316 3735; x_wconf 87' lang='lat' dir='ltr'><strong>legislatorem</strong></span> <span class='ocrx_word' id='word_1_307' title='bbox 1346 3671 1514 3741; x_wconf 88' lang='lat' dir='ltr'><strong>ipsum</strong></span> <span class='ocrx_word' id='word_1_308' title='bbox 1544 3688 1765 3730; x_wconf 88' lang='lat' dir='ltr'><strong>accusa-</strong></span> 
     </span>
    </p>
   </div>
   <div class='ocr_carea' id='block_1_38' title="bbox 169 3749 1767 3830">
    <p class='ocr_par' dir='ltr' id='par_1_38' title="bbox 169 3749 1767 3830">
     <span class='ocr_line' id='line_1_38' title="bbox 169 3749 1767 3830; baseline 0.013 -28"><span class='ocrx_word' id='word_1_309' title='bbox 169 3757 340 3805; x_wconf 87' lang='lat' dir='ltr'><strong>torem</strong></span> <span class='ocrx_word' id='word_1_310' title='bbox 370 3749 661 3818; x_wconf 87' lang='lat' dir='ltr'><strong>inducens,</strong></span> <span class='ocrx_word' id='word_1_311' title='bbox 690 3756 949 3824; x_wconf 84' lang='lat' dir='ltr'><strong>majorem</strong></span> <span class='ocrx_word' id='word_1_312' title='bbox 972 3758 1075 3813; x_wconf 89' lang='lat' dir='ltr'><strong>illis</strong></span> <span class='ocrx_word' id='word_1_313' title='bbox 1094 3768 1294 3814; x_wconf 88' lang='lat' dir='ltr'><strong>metum</strong></span> <span class='ocrx_word' id='word_1_314' title='bbox 1319 3762 1559 3830; x_wconf 89' lang='lat' dir='ltr'><strong>incussit,</strong></span> <span class='ocrx_word' id='word_1_315' title='bbox 1584 3776 1633 3821; x_wconf 93' lang='lat' dir='ltr'><strong>et</strong></span> <span class='ocrx_word' id='word_1_316' title='bbox 1658 3767 1767 3822; x_wconf 91' lang='lat' dir='ltr'><strong>sin-</strong></span> 
     </span>
    </p>
   </div>
   <div class='ocr_carea' id='block_1_39' title="bbox 165 3839 1762 3912">
    <p class='ocr_par' dir='ltr' id='par_1_39' title="bbox 165 3839 1762 3912">
     <span class='ocr_line' id='line_1_39' title="bbox 165 3839 1762 3912; baseline 0.012 -21"><span class='ocrx_word' id='word_1_317' title='bbox 165 3839 285 3907; x_wconf 86' lang='lat' dir='ltr'><strong>gula</strong></span> <span class='ocrx_word' id='word_1_318' title='bbox 310 3854 502 3895; x_wconf 90' lang='lat' dir='ltr'><strong>eorum</strong></span> <span class='ocrx_word' id='word_1_319' title='bbox 524 3840 663 3896; x_wconf 90' lang='lat' dir='ltr'><strong>dicta</strong></span> <span class='ocrx_word' id='word_1_320' title='bbox 684 3843 941 3899; x_wconf 89' lang='lat' dir='ltr'><strong>confutat.</strong></span> <span class='ocrx_word' id='word_1_321' title='bbox 966 3846 1063 3902; x_wconf 88' lang='lat' dir='ltr'><strong>Hic</strong></span> <span class='ocrx_word' id='word_1_322' title='bbox 1081 3860 1258 3904; x_wconf 89' lang='lat' dir='ltr'><strong>autem</strong></span> <span class='ocrx_word' id='word_1_323' title='bbox 1284 3856 1519 3908; x_wconf 90' lang='lat' dir='ltr'><strong>animum</strong></span> <span class='ocrx_word' id='word_1_324' title='bbox 1547 3856 1762 3912; x_wconf 85' lang='lat' dir='ltr'><strong>adhibe.</strong></span> 
     </span>
    </p>
   </div>
   <div class='ocr_carea' id='block_1_40' title="bbox 169 3930 1769 4015">
    <p class='ocr_par' dir='ltr' id='par_1_40' title="bbox 169 3930 1769 4015">
     <span class='ocr_line' id='line_1_40' title="bbox 169 3930 1769 4015; baseline 0.013 -31"><span class='ocrx_word' id='word_1_325' title='bbox 169 3930 432 3986; x_wconf 84' lang='lat' dir='ltr'><strong>Dicebant</strong></span> <span class='ocrx_word' id='word_1_326' title='bbox 470 3946 531 3988; x_wconf 87' lang='lat' dir='ltr'><strong>se</strong></span> <span class='ocrx_word' id='word_1_327' title='bbox 574 3950 638 3988; x_wconf 82' lang='lat' dir='ltr'><strong>ex</strong></span> <span class='ocrx_word' id='word_1_328' title='bbox 684 3935 775 3990; x_wconf 89' lang='lat' dir='ltr'><strong>Dei</strong></span> <span class='ocrx_word' id='word_1_329' title='bbox 808 3952 992 3995; x_wconf 87' lang='lat' dir='ltr'><strong>amore</strong></span> <span class='ocrx_word' id='word_1_330' title='bbox 1032 3940 1182 3996; x_wconf 91' lang='lat' dir='ltr'><strong>illum</strong></span> <span class='ocrx_word' id='word_1_331' title='bbox 1224 3948 1499 4015; x_wconf 87' lang='lat' dir='ltr'><strong>persequi;</strong></span> <span class='ocrx_word' id='word_1_332' title='bbox 1534 3950 1769 4005; x_wconf 90' lang='lat' dir='ltr'><strong>ostendit</strong></span> 
     </span>
    </p>
   </div>
   <div class='ocr_carea' id='block_1_41' title="bbox 166 4021 1766 4112">
    <p class='ocr_par' dir='ltr' id='par_1_41' title="bbox 166 4021 1766 4112">
     <span class='ocr_line' id='line_1_41' title="bbox 166 4021 1766 4112; baseline 0.014 -38"><span class='ocrx_word' id='word_1_333' title='bbox 166 4021 256 4076; x_wconf 85' lang='lat' dir='ltr'><strong>ille</strong></span> <span class='ocrx_word' id='word_1_334' title='bbox 281 4022 434 4091; x_wconf 88' lang='lat' dir='ltr'><strong>ipsos</strong></span> <span class='ocrx_word' id='word_1_335' title='bbox 465 4037 531 4077; x_wconf 84' lang='lat' dir='ltr'><strong>ex</strong></span> <span class='ocrx_word' id='word_1_336' title='bbox 567 4023 660 4079; x_wconf 91' lang='lat' dir='ltr'><strong>Dei</strong></span> <span class='ocrx_word' id='word_1_337' title='bbox 689 4026 812 4103; x_wconf 77' lang='lat' dir='ltr'><strong>odio</strong></span> <span class='ocrx_word' id='word_1_338' title='bbox 858 4028 912 4082; x_wconf 88' lang='lat' dir='ltr'><strong>id</strong></span> <span class='ocrx_word' id='word_1_339' title='bbox 951 4029 1149 4086; x_wconf 83' lang='lat' dir='ltr'><strong>facere.</strong></span> <span class='ocrx_word' id='word_1_340' title='bbox 1194 4034 1450 4090; x_wconf 88' lang='lat' dir='ltr'><strong>Dicebant</strong></span> <span class='ocrx_word' id='word_1_341' title='bbox 1496 4053 1554 4093; x_wconf 90' lang='lat' dir='ltr'><strong>se</strong></span> <span class='ocrx_word' id='word_1_342' title='bbox 1596 4040 1766 4112; x_wconf 88' lang='lat' dir='ltr'><strong>Moysi</strong></span> 
     </span>
    </p>
   </div>
   <div class='ocr_carea' id='block_1_42' title="bbox 166 4110 1763 4199">
    <p class='ocr_par' dir='ltr' id='par_1_42' title="bbox 166 4110 1763 4199">
     <span class='ocr_line' id='line_1_42' title="bbox 166 4110 1763 4199; baseline 0.014 -35"><span class='ocrx_word' id='word_1_343' title='bbox 166 4110 374 4167; x_wconf 70' lang='lat' dir='ltr'><strong>harere</strong></span> <span class='ocrx_word' id='word_1_344' title='bbox 401 4153 417 4176; x_wconf 94' lang='lat'><strong>,</strong></span> <span class='ocrx_word' id='word_1_345' title='bbox 455 4112 544 4167; x_wconf 89' lang='lat' dir='ltr'><strong>ille</strong></span> <span class='ocrx_word' id='word_1_346' title='bbox 570 4115 757 4183; x_wconf 88' lang='lat' dir='ltr'><strong>probat</strong></span> <span class='ocrx_word' id='word_1_347' title='bbox 786 4117 930 4187; x_wconf 89' lang='lat' dir='ltr'><strong>ipsos</strong></span> <span class='ocrx_word' id='word_1_348' title='bbox 957 4120 1008 4176; x_wconf 91' lang='lat' dir='ltr'><strong>id</strong></span> <span class='ocrx_word' id='word_1_349' title='bbox 1034 4136 1224 4191; x_wconf 88' lang='lat' dir='ltr'><strong>agere,</strong></span> <span class='ocrx_word' id='word_1_350' title='bbox 1267 4128 1407 4194; x_wconf 85' lang='lat' dir='ltr'><strong>quod</strong></span> <span class='ocrx_word' id='word_1_351' title='bbox 1450 4127 1615 4199; x_wconf 83' lang='lat' dir='ltr'><strong>Moysi</strong></span> <span class='ocrx_word' id='word_1_352' title='bbox 1657 4110 1763 4187; x_wconf 83' lang='lat' dir='ltr'><strong>non</strong></span> 
     </span>
    </p>
   </div>
   <div class='ocr_carea' id='block_1_43' title="bbox 165 4204 1766 4291">
    <p class='ocr_par' dir='ltr' id='par_1_43' title="bbox 165 4204 1766 4291">
     <span class='ocr_line' id='line_1_43' title="bbox 165 4204 1766 4291; baseline 0.014 -35"><span class='ocrx_word' id='word_1_353' title='bbox 165 4204 474 4259; x_wconf 78' lang='lat' dir='ltr'><strong>crederent.</strong></span> <span class='ocrx_word' id='word_1_354' title='bbox 519 4205 651 4261; x_wconf 84' lang='lat' dir='ltr'><strong>Nam</strong></span> <span class='ocrx_word' id='word_1_355' title='bbox 691 4208 737 4263; x_wconf 89' lang='lat' dir='ltr'><strong>si</strong></span> <span class='ocrx_word' id='word_1_356' title='bbox 780 4209 913 4281; x_wconf 90' lang='lat' dir='ltr'><strong>legis</strong></span> <span class='ocrx_word' id='word_1_357' title='bbox 949 4214 1122 4268; x_wconf 88' lang='lat' dir='ltr'><strong>studio</strong></span> <span class='ocrx_word' id='word_1_358' title='bbox 1167 4218 1499 4286; x_wconf 83' lang='lat' dir='ltr'><strong>tenebantur,</strong></span> <span class='ocrx_word' id='word_1_359' title='bbox 1529 4224 1766 4291; x_wconf 89' lang='lat' dir='ltr'><strong>oportuit</strong></span> 
     </span>
    </p>
   </div>
   <div class='ocr_carea' id='block_1_44' title="bbox 166 4292 1761 4386">
    <p class='ocr_par' dir='ltr' id='par_1_44' title="bbox 166 4292 1761 4386">
     <span class='ocr_line' id='line_1_44' title="bbox 166 4292 1761 4386; baseline 0.016 -40"><span class='ocrx_word' id='word_1_360' title='bbox 166 4292 311 4348; x_wconf 88' lang='lat' dir='ltr'><strong>illum</strong></span> <span class='ocrx_word' id='word_1_361' title='bbox 346 4296 592 4364; x_wconf 82' lang='lat' dir='ltr'><strong>recipere</strong></span> <span class='ocrx_word' id='word_1_362' title='bbox 618 4300 710 4367; x_wconf 90' lang='lat' dir='ltr'><strong>qui</strong></span> <span class='ocrx_word' id='word_1_363' title='bbox 742 4300 909 4371; x_wconf 90' lang='lat' dir='ltr'><strong>legem</strong></span> <span class='ocrx_word' id='word_1_364' title='bbox 950 4303 1206 4374; x_wconf 90' lang='lat' dir='ltr'><strong>implebat</strong></span> <span class='ocrx_word' id='word_1_365' title='bbox 1250 4328 1263 4362; x_wconf 90' lang='lat'>:</span> <span class='ocrx_word' id='word_1_366' title='bbox 1306 4312 1349 4363; x_wconf 89' lang='lat' dir='ltr'><strong>si</strong></span> <span class='ocrx_word' id='word_1_367' title='bbox 1378 4311 1545 4366; x_wconf 91' lang='lat' dir='ltr'><strong>Deum</strong></span> <span class='ocrx_word' id='word_1_368' title='bbox 1573 4313 1761 4386; x_wconf 87' lang='lat' dir='ltr'><strong>dilige-</strong></span> 
     </span>
    </p>
   </div>
   <div class='ocr_carea' id='block_1_45' title="bbox 163 4384 1763 4475">
    <p class='ocr_par' dir='ltr' id='par_1_45' title="bbox 163 4384 1763 4475">
     <span class='ocr_line' id='line_1_45' title="bbox 163 4384 1763 4475; baseline 0.017 -39"><span class='ocrx_word' id='word_1_369' title='bbox 163 4384 288 4439; x_wconf 84' lang='lat' dir='ltr'><strong>bant</strong></span> <span class='ocrx_word' id='word_1_370' title='bbox 309 4425 326 4451; x_wconf 96' lang='lat'><strong>,</strong></span> <span class='ocrx_word' id='word_1_371' title='bbox 360 4386 439 4439; x_wconf 87' lang='lat' dir='ltr'><strong>illi</strong></span> <span class='ocrx_word' id='word_1_372' title='bbox 465 4388 685 4443; x_wconf 84' lang='lat' dir='ltr'><strong>credere</strong></span> <span class='ocrx_word' id='word_1_373' title='bbox 711 4406 807 4459; x_wconf 86' lang='lat' dir='ltr'><strong>par</strong></span> <span class='ocrx_word' id='word_1_374' title='bbox 824 4403 967 4458; x_wconf 89' lang='lat' dir='ltr'><strong>erat,</strong></span> <span class='ocrx_word' id='word_1_375' title='bbox 995 4398 1085 4466; x_wconf 92' lang='lat' dir='ltr'><strong>qui</strong></span> <span class='ocrx_word' id='word_1_376' title='bbox 1115 4398 1181 4452; x_wconf 92' lang='lat' dir='ltr'><strong>ad</strong></span> <span class='ocrx_word' id='word_1_377' title='bbox 1207 4400 1372 4454; x_wconf 89' lang='lat' dir='ltr'><strong>Deum</strong></span> <span class='ocrx_word' id='word_1_378' title='bbox 1404 4404 1647 4475; x_wconf 85' lang='lat' dir='ltr'><strong>trahebat</strong></span> <span class='ocrx_word' id='word_1_379' title='bbox 1716 4409 1763 4465; x_wconf 91' lang='lat' dir='ltr'><strong>si</strong></span> 
     </span>
    </p>
   </div>
   <div class='ocr_carea' id='block_1_46' title="bbox 164 4476 1763 4570">
    <p class='ocr_par' dir='ltr' id='par_1_46' title="bbox 164 4476 1763 4570">
     <span class='ocr_line' id='line_1_46' title="bbox 164 4476 1763 4570; baseline 0.016 -40"><span class='ocrx_word' id='word_1_380' title='bbox 164 4476 330 4549; x_wconf 79' lang='lat' dir='ltr'><strong>Moysi</strong></span> <span class='ocrx_word' id='word_1_381' title='bbox 361 4479 692 4547; x_wconf 88' lang='lat' dir='ltr'><strong>credebant,</strong></span> <span class='ocrx_word' id='word_1_382' title='bbox 724 4486 957 4554; x_wconf 89' lang='lat' dir='ltr'><strong>oportuit</strong></span> <span class='ocrx_word' id='word_1_383' title='bbox 986 4488 1139 4543; x_wconf 89' lang='lat' dir='ltr'><strong>illum</strong></span> <span class='ocrx_word' id='word_1_384' title='bbox 1174 4491 1403 4549; x_wconf 90' lang='lat' dir='ltr'><strong>adorare</strong></span> <span class='ocrx_word' id='word_1_385' title='bbox 1446 4481 1605 4567; x_wconf 78' lang='lat' dir='ltr'><strong>quem</strong></span> <span class='ocrx_word' id='word_1_386' title='bbox 1650 4500 1763 4570; x_wconf 86' lang='lat' dir='ltr'><strong>ipse</strong></span> 
     </span>
    </p>
   </div>
   <div class='ocr_carea' id='block_1_47' title="bbox 161 4570 1764 4661">
    <p class='ocr_par' dir='ltr' id='par_1_47' title="bbox 161 4570 1764 4661">
     <span class='ocr_line' id='line_1_47' title="bbox 161 4570 1764 4661; baseline 0.017 -41"><span class='ocrx_word' id='word_1_387' title='bbox 161 4570 562 4636; x_wconf 66' lang='lat' dir='ltr'><strong>pranuntiavit.</strong></span> <span class='ocrx_word' id='word_1_388' title='bbox 591 4572 745 4639; x_wconf 87' lang='lat' dir='ltr'><strong>Quod</strong></span> <span class='ocrx_word' id='word_1_389' title='bbox 766 4576 810 4629; x_wconf 88' lang='lat' dir='ltr'><strong>si</strong></span> <span class='ocrx_word' id='word_1_390' title='bbox 838 4575 912 4630; x_wconf 89' lang='lat' dir='ltr'><strong>illi</strong></span> <span class='ocrx_word' id='word_1_391' title='bbox 948 4577 1255 4650; x_wconf 85' lang='lat' dir='ltr'><strong>priusquam</strong></span> <span class='ocrx_word' id='word_1_392' title='bbox 1287 4583 1414 4639; x_wconf 90' lang='lat' dir='ltr'><strong>mihi</strong></span> <span class='ocrx_word' id='word_1_393' title='bbox 1441 4586 1575 4643; x_wconf 86' lang='lat' dir='ltr'><strong>fides</strong></span> <span class='ocrx_word' id='word_1_394' title='bbox 1601 4605 1764 4661; x_wconf 89' lang='lat' dir='ltr'><strong>nega-</strong></span> 
     </span>
    </p>
   </div>
   <div class='ocr_carea' id='block_1_48' title="bbox 161 4660 1760 4741">
    <p class='ocr_par' dir='ltr' id='par_1_48' title="bbox 161 4660 1760 4741">
     <span class='ocr_line' id='line_1_48' title="bbox 161 4660 1760 4741; baseline 0.016 -28"><span class='ocrx_word' id='word_1_395' title='bbox 161 4667 266 4726; x_wconf 87' lang='lat' dir='ltr'><strong>tur,</strong></span> <span class='ocrx_word' id='word_1_396' title='bbox 299 4660 435 4715; x_wconf 91' lang='lat' dir='ltr'><strong>nihil</strong></span> <span class='ocrx_word' id='word_1_397' title='bbox 466 4663 664 4719; x_wconf 85' lang='lat' dir='ltr'><strong>mimm</strong></span> <span class='ocrx_word' id='word_1_398' title='bbox 694 4666 737 4719; x_wconf 89' lang='lat' dir='ltr'><strong>si</strong></span> <span class='ocrx_word' id='word_1_399' title='bbox 764 4681 865 4737; x_wconf 90' lang='lat' dir='ltr'><strong>ego</strong></span> <span class='ocrx_word' id='word_1_400' title='bbox 890 4668 958 4724; x_wconf 89' lang='lat' dir='ltr'><strong>ab</strong></span> <span class='ocrx_word' id='word_1_401' title='bbox 987 4668 1082 4725; x_wconf 91' lang='lat' dir='ltr'><strong>illo</strong></span> <span class='ocrx_word' id='word_1_402' title='bbox 1110 4676 1496 4741; x_wconf 71' lang='lat' dir='ltr'><strong>prmnuntiatus</strong></span> <span class='ocrx_word' id='word_1_403' title='bbox 1534 4695 1564 4734; x_wconf 84' lang='lat' dir='ltr'><strong>a</strong></span> <span class='ocrx_word' id='word_1_404' title='bbox 1608 4660 1760 4739; x_wconf 85' lang='lat' dir='ltr'><strong>vobis</strong></span> 
     </span>
    </p>
   </div>
   <div class='ocr_carea' id='block_1_49' title="bbox 159 4753 1757 4843">
    <p class='ocr_par' dir='ltr' id='par_1_49' title="bbox 159 4753 1757 4843">
     <span class='ocr_line' id='line_1_49' title="bbox 159 4753 1757 4843; baseline 0.017 -38"><span class='ocrx_word' id='word_1_405' title='bbox 159 4753 429 4822; x_wconf 88' lang='lat' dir='ltr'><strong>expellor.</strong></span> <span class='ocrx_word' id='word_1_406' title='bbox 466 4754 617 4811; x_wconf 89' lang='lat' dir='ltr'><strong>Sicut</strong></span> <span class='ocrx_word' id='word_1_407' title='bbox 644 4773 773 4829; x_wconf 81' lang='lat' dir='ltr'><strong>ergo</strong></span> <span class='ocrx_word' id='word_1_408' title='bbox 800 4760 937 4829; x_wconf 90' lang='lat' dir='ltr'><strong>illos,</strong></span> <span class='ocrx_word' id='word_1_409' title='bbox 980 4763 1070 4833; x_wconf 92' lang='lat' dir='ltr'><strong>qui</strong></span> <span class='ocrx_word' id='word_1_410' title='bbox 1104 4765 1365 4824; x_wconf 80' lang='lat' dir='ltr'><strong>Joannem</strong></span> <span class='ocrx_word' id='word_1_411' title='bbox 1407 4772 1757 4843; x_wconf 85' lang='lat' dir='ltr'><strong>mirabantur,</strong></span> 
     </span>
    </p>
   </div>
   <div class='ocr_carea' id='block_1_50' title="bbox 159 4844 1761 4932">
    <p class='ocr_par' dir='ltr' id='par_1_50' title="bbox 159 4844 1761 4932">
     <span class='ocr_line' id='line_1_50' title="bbox 159 4844 1761 4932; baseline 0.018 -35"><span class='ocrx_word' id='word_1_412' title='bbox 159 4844 394 4899; x_wconf 84' lang='lat' dir='ltr'><strong>ostendit</strong></span> <span class='ocrx_word' id='word_1_413' title='bbox 415 4846 589 4915; x_wconf 88' lang='lat' dir='ltr'><strong>ipsum</strong></span> <span class='ocrx_word' id='word_1_414' title='bbox 610 4848 869 4907; x_wconf 84' lang='lat' dir='ltr'><strong>Joannem</strong></span> <span class='ocrx_word' id='word_1_415' title='bbox 891 4853 1167 4925; x_wconf 89' lang='lat' dir='ltr'><strong>despicere</strong></span> <span class='ocrx_word' id='word_1_416' title='bbox 1183 4859 1251 4913; x_wconf 90' lang='lat' dir='ltr'><strong>ab</strong></span> <span class='ocrx_word' id='word_1_417' title='bbox 1268 4860 1330 4914; x_wconf 85' lang='lat' dir='ltr'><strong>iis</strong></span> <span class='ocrx_word' id='word_1_418' title='bbox 1349 4878 1469 4932; x_wconf 72' lang='lat' dir='ltr'><strong>qua:</strong></span> <span class='ocrx_word' id='word_1_419' title='bbox 1490 4875 1673 4922; x_wconf 87' lang='lat' dir='ltr'><strong>contra</strong></span> <span class='ocrx_word' id='word_1_420' title='bbox 1700 4884 1761 4926; x_wconf 90' lang='lat' dir='ltr'><strong>se</strong></span> 
     </span>
    </p>
   </div>
   <div class='ocr_carea' id='block_1_51' title="bbox 158 4940 1760 5028">
    <p class='ocr_par' dir='ltr' id='par_1_51' title="bbox 158 4940 1760 5028">
     <span class='ocr_line' id='line_1_51' title="bbox 158 4940 1760 5028; baseline 0.018 -42"><span class='ocrx_word' id='word_1_421' title='bbox 158 4946 539 5003; x_wconf 77' lang='lat' dir='ltr'><strong>pet-patrarunt</strong></span> <span class='ocrx_word' id='word_1_422' title='bbox 571 4957 586 4993; x_wconf 88' lang='lat'><strong>:</strong></span> <span class='ocrx_word' id='word_1_423' title='bbox 612 4940 690 4995; x_wconf 90' lang='lat' dir='ltr'><strong>sic</strong></span> <span class='ocrx_word' id='word_1_424' title='bbox 714 4942 932 4998; x_wconf 89' lang='lat' dir='ltr'><strong>eosdem</strong></span> <span class='ocrx_word' id='word_1_425' title='bbox 953 4985 968 5009; x_wconf 92' lang='lat'><strong>,</strong></span> <span class='ocrx_word' id='word_1_426' title='bbox 992 4960 1115 5001; x_wconf 90' lang='lat' dir='ltr'><strong>eum</strong></span> <span class='ocrx_word' id='word_1_427' title='bbox 1139 4964 1198 5003; x_wconf 88' lang='lat' dir='ltr'><strong>se</strong></span> <span class='ocrx_word' id='word_1_428' title='bbox 1223 4949 1389 5022; x_wconf 89' lang='lat' dir='ltr'><strong>Moysi</strong></span> <span class='ocrx_word' id='word_1_429' title='bbox 1416 4956 1641 5013; x_wconf 86' lang='lat' dir='ltr'><strong>credere</strong></span> <span class='ocrx_word' id='word_1_430' title='bbox 1662 4974 1760 5028; x_wconf 90' lang='lat' dir='ltr'><strong>pu-</strong></span> 
     </span>
    </p>
   </div>
   <div class='ocr_carea' id='block_1_52' title="bbox 158 5028 1755 5119">
    <p class='ocr_par' dir='ltr' id='par_1_52' title="bbox 158 5028 1755 5119">
     <span class='ocr_line' id='line_1_52' title="bbox 158 5028 1755 5119; baseline 0.021 -44"><span class='ocrx_word' id='word_1_431' title='bbox 158 5028 524 5119; x_wconf 53' lang='lat' dir='ltr'><strong>tengipsinon</strong></span> <span class='ocrx_word' id='word_1_432' title='bbox 541 5031 765 5088; x_wconf 87' lang='lat' dir='ltr'><strong>credere</strong></span> <span class='ocrx_word' id='word_1_433' title='bbox 781 5037 1153 5111; x_wconf 86' lang='lat' dir='ltr'><strong>probat,atque</strong></span> <span class='ocrx_word' id='word_1_434' title='bbox 1170 5044 1346 5098; x_wconf 89' lang='lat' dir='ltr'><strong>omnia</strong></span> <span class='ocrx_word' id='word_1_435' title='bbox 1362 5061 1480 5116; x_wconf 69' lang='lat' dir='ltr'><strong>quae</strong></span> <span class='ocrx_word' id='word_1_436' title='bbox 1493 5064 1594 5119; x_wconf 89' lang='lat' dir='ltr'><strong>pro</strong></span> <span class='ocrx_word' id='word_1_437' title='bbox 1607 5066 1665 5107; x_wconf 89' lang='lat' dir='ltr'><strong>se</strong></span> <span class='ocrx_word' id='word_1_438' title='bbox 1681 5052 1755 5108; x_wconf 91' lang='lat' dir='ltr'><strong>illi</strong></span> 
     </span>
    </p>
   </div>
   <div class='ocr_carea' id='block_1_53' title="bbox 154 5118 1752 5215">
    <p class='ocr_par' dir='ltr' id='par_1_53' title="bbox 154 5118 1752 5215">
     <span class='ocr_line' id='line_1_53' title="bbox 154 5118 1752 5215; baseline 0.018 -43"><span class='ocrx_word' id='word_1_439' title='bbox 154 5118 472 5215; x_wconf 67' lang='lat' dir='ltr'><strong>alerebant,</strong></span> <span class='ocrx_word' id='word_1_440' title='bbox 498 5124 552 5179; x_wconf 90' lang='lat' dir='ltr'><strong>in</strong></span> <span class='ocrx_word' id='word_1_441' title='bbox 573 5137 733 5197; x_wconf 82' lang='lat' dir='ltr'><strong>caput</strong></span> <span class='ocrx_word' id='word_1_442' title='bbox 753 5128 989 5198; x_wconf 89' lang='lat' dir='ltr'><strong>ipsorum</strong></span> <span class='ocrx_word' id='word_1_443' title='bbox 1015 5145 1308 5206; x_wconf 90' lang='lat' dir='ltr'><strong>retorquet.</strong></span> <span class='ocrx_word' id='word_1_444' title='bbox 1334 5118 1561 5196; x_wconf 87' lang='lat' dir='ltr'><strong>Tantum</strong></span> <span class='ocrx_word' id='word_1_445' title='bbox 1582 5144 1752 5215; x_wconf 90' lang='lat' dir='ltr'><strong>abest,</strong></span> 
     </span>
    </p>
   </div>
   <div class='ocr_carea' id='block_1_54' title="bbox 156 5210 1751 5303">
    <p class='ocr_par' dir='ltr' id='par_1_54' title="bbox 156 5210 1751 5303">
     <span class='ocr_line' id='line_1_54' title="bbox 156 5210 1751 5303; baseline 0.02 -41"><span class='ocrx_word' id='word_1_446' title='bbox 156 5210 359 5280; x_wconf 87' lang='lat' dir='ltr'><strong>inquit,</strong></span> <span class='ocrx_word' id='word_1_447' title='bbox 392 5222 451 5268; x_wconf 93' lang='lat' dir='ltr'><strong>ut</strong></span> <span class='ocrx_word' id='word_1_448' title='bbox 477 5229 574 5270; x_wconf 89' lang='lat' dir='ltr'><strong>vos</strong></span> <span class='ocrx_word' id='word_1_449' title='bbox 600 5231 629 5270; x_wconf 92' lang='lat' dir='ltr'><strong>a</strong></span> <span class='ocrx_word' id='word_1_450' title='bbox 660 5218 777 5290; x_wconf 90' lang='lat' dir='ltr'><strong>lege</strong></span> <span class='ocrx_word' id='word_1_451' title='bbox 798 5222 1086 5289; x_wconf 88' lang='lat' dir='ltr'><strong>retraham,</strong></span> <span class='ocrx_word' id='word_1_452' title='bbox 1110 5236 1167 5281; x_wconf 88' lang='lat' dir='ltr'><strong>ut</strong></span> <span class='ocrx_word' id='word_1_453' title='bbox 1194 5228 1366 5299; x_wconf 86' lang='lat' dir='ltr'><strong>ipsum</strong></span> <span class='ocrx_word' id='word_1_454' title='bbox 1396 5210 1751 5303; x_wconf 83' lang='lat' dir='ltr'><strong>legislatorem</strong></span> 
     </span>
    </p>
   </div>
   <div class='ocr_carea' id='block_1_55' title="bbox 154 5310 1751 5394">
    <p class='ocr_par' dir='ltr' id='par_1_55' title="bbox 154 5310 1751 5394">
     <span class='ocr_line' id='line_1_55' title="bbox 154 5310 1751 5394; baseline 0.018 -39"><span class='ocrx_word' id='word_1_455' title='bbox 154 5311 340 5394; x_wconf 78' lang='lat' dir='ltr'><strong>contra</strong></span> <span class='ocrx_word' id='word_1_456' title='bbox 367 5318 465 5359; x_wconf 87' lang='lat' dir='ltr'><strong>vos</strong></span> <span class='ocrx_word' id='word_1_457' title='bbox 493 5314 684 5363; x_wconf 90' lang='lat' dir='ltr'><strong>testem</strong></span> <span class='ocrx_word' id='word_1_458' title='bbox 727 5310 1005 5371; x_wconf 87' lang='lat' dir='ltr'><strong>advocem.</strong></span> <span class='ocrx_word' id='word_1_459' title='bbox 1043 5318 1195 5385; x_wconf 88' lang='lat' dir='ltr'><strong>Quod</strong></span> <span class='ocrx_word' id='word_1_460' title='bbox 1226 5335 1353 5391; x_wconf 86' lang='lat' dir='ltr'><strong>ergo</strong></span> <span class='ocrx_word' id='word_1_461' title='bbox 1382 5323 1670 5394; x_wconf 70' lang='lat' dir='ltr'><strong>Scriptura:</strong></span> <span class='ocrx_word' id='word_1_462' title='bbox 1702 5330 1751 5385; x_wconf 91' lang='lat' dir='ltr'><strong>id</strong></span> 
     </span>
    </p>
   </div>
   <div class='ocr_carea' id='block_1_56' title="bbox 156 5392 1751 5491">
    <p class='ocr_par' dir='ltr' id='par_1_56' title="bbox 156 5392 1751 5491">
     <span class='ocr_line' id='line_1_56' title="bbox 156 5392 1751 5491; baseline 0.021 -47"><span class='ocrx_word' id='word_1_463' title='bbox 156 5392 516 5451; x_wconf 78' lang='lat' dir='ltr'><strong>testiﬁeentur</strong></span> <span class='ocrx_word' id='word_1_464' title='bbox 537 5397 701 5465; x_wconf 87' lang='lat' dir='ltr'><strong>dicit;</strong></span> <span class='ocrx_word' id='word_1_465' title='bbox 744 5402 833 5457; x_wconf 93' lang='lat' dir='ltr'><strong>ubi</strong></span> <span class='ocrx_word' id='word_1_466' title='bbox 868 5419 1044 5463; x_wconf 85' lang='lat' dir='ltr'><strong>autem</strong></span> <span class='ocrx_word' id='word_1_467' title='bbox 1075 5411 1426 5469; x_wconf 89' lang='lat' dir='ltr'><strong>testitlcentur</strong></span> <span class='ocrx_word' id='word_1_468' title='bbox 1452 5392 1559 5471; x_wconf 82' lang='lat' dir='ltr'><strong>non</strong></span> <span class='ocrx_word' id='word_1_469' title='bbox 1601 5420 1751 5491; x_wconf 87' lang='lat' dir='ltr'><strong>adje-</strong></span> 
     </span>
    </p>
   </div>
   <div class='ocr_carea' id='block_1_57' title="bbox 153 5484 1749 5582">
    <p class='ocr_par' dir='ltr' id='par_1_57' title="bbox 153 5484 1749 5582">
     <span class='ocr_line' id='line_1_57' title="bbox 153 5484 1749 5582; baseline 0.021 -45"><span class='ocrx_word' id='word_1_470' title='bbox 153 5484 255 5539; x_wconf 91' lang='lat' dir='ltr'><strong>cit:</strong></span> <span class='ocrx_word' id='word_1_471' title='bbox 287 5487 550 5556; x_wconf 86' lang='lat' dir='ltr'><strong>majorem</strong></span> <span class='ocrx_word' id='word_1_472' title='bbox 588 5493 692 5549; x_wconf 91' lang='lat' dir='ltr'><strong>illis</strong></span> <span class='ocrx_word' id='word_1_473' title='bbox 732 5495 975 5554; x_wconf 90' lang='lat' dir='ltr'><strong>timorem</strong></span> <span class='ocrx_word' id='word_1_474' title='bbox 1015 5501 1255 5560; x_wconf 81' lang='lat' dir='ltr'><strong>incuteru</strong></span> <span class='ocrx_word' id='word_1_475' title='bbox 1295 5508 1479 5563; x_wconf 83' lang='lat' dir='ltr'><strong>volens</strong></span> <span class='ocrx_word' id='word_1_476' title='bbox 1506 5520 1563 5564; x_wconf 90' lang='lat' dir='ltr'><strong>ut</strong></span> <span class='ocrx_word' id='word_1_477' title='bbox 1606 5484 1749 5582; x_wconf 76' lang='lat' dir='ltr'><strong>ipsos</strong></span> 
     </span>
    </p>
   </div>
   <div class='ocr_carea' id='block_1_58' title="bbox 162 5578 1749 5662">
    <p class='ocr_par' dir='ltr' id='par_1_58' title="bbox 162 5578 1749 5662">
     <span class='ocr_line' id='line_1_58' title="bbox 162 5578 1749 5662; baseline 0.021 -33"><span class='ocrx_word' id='word_1_478' title='bbox 162 5580 225 5631; x_wconf 82' lang='lat' dir='ltr'><strong>ad</strong></span> <span class='ocrx_word' id='word_1_479' title='bbox 244 5578 637 5648; x_wconf 86' lang='lat' dir='ltr'><strong>explorandum</strong></span> <span class='ocrx_word' id='word_1_480' title='bbox 664 5593 721 5641; x_wconf 90' lang='lat' dir='ltr'><strong>et</strong></span> <span class='ocrx_word' id='word_1_481' title='bbox 759 5587 1193 5662; x_wconf 80' lang='lat' dir='ltr'><strong>interrogandum</strong></span> <span class='ocrx_word' id='word_1_482' title='bbox 1230 5600 1510 5657; x_wconf 88' lang='lat' dir='ltr'><strong>excitaret.</strong></span> <span class='ocrx_word' id='word_1_483' title='bbox 1542 5578 1674 5660; x_wconf 80' lang='lat' dir='ltr'><strong>Nam</strong></span> <span class='ocrx_word' id='word_1_484' title='bbox 1702 5607 1749 5662; x_wconf 88' lang='lat' dir='ltr'><strong>si</strong></span> 
     </span>
    </p>
   </div>
   <div class='ocr_carea' id='block_1_59' title="bbox 156 5673 1741 5764">
    <p class='ocr_par' dir='ltr' id='par_1_59' title="bbox 156 5673 1741 5764">
     <span class='ocr_line' id='line_1_59' title="bbox 156 5673 1741 5764; baseline 0.021 -46"><span class='ocrx_word' id='word_1_485' title='bbox 156 5678 256 5764; x_wconf 65' lang='lat' dir='ltr'><strong>non</strong></span> <span class='ocrx_word' id='word_1_486' title='bbox 288 5680 508 5740; x_wconf 78' lang='lat' dir='ltr'><strong>rogatus</strong></span> <span class='ocrx_word' id='word_1_487' title='bbox 536 5673 797 5745; x_wconf 76' lang='lat' dir='ltr'><strong>dixisset,</strong></span> <span class='ocrx_word' id='word_1_488' title='bbox 846 5684 1207 5744; x_wconf 85' lang='lat' dir='ltr'><strong>testimonium</strong></span> <span class='ocrx_word' id='word_1_489' title='bbox 1250 5690 1324 5745; x_wconf 90' lang='lat' dir='ltr'><strong>illi</strong></span> <span class='ocrx_word' id='word_1_490' title='bbox 1368 5695 1684 5764; x_wconf 87' lang='lat' dir='ltr'><strong>rejccissent</strong></span> <span class='ocrx_word' id='word_1_491' title='bbox 1729 5718 1741 5751; x_wconf 89' lang='lat'><strong>:</strong></span> 
     </span>
    </p>
   </div>
   <div class='ocr_carea' id='block_1_60' title="bbox 154 5755 1740 5857">
    <p class='ocr_par' dir='ltr' id='par_1_60' title="bbox 154 5755 1740 5857">
     <span class='ocr_line' id='line_1_60' title="bbox 154 5755 1740 5857; baseline 0.021 -46"><span class='ocrx_word' id='word_1_492' title='bbox 154 5755 253 5827; x_wconf 72' lang='lat' dir='ltr'><strong>jam</strong></span> <span class='ocrx_word' id='word_1_493' title='bbox 279 5776 413 5819; x_wconf 86' lang='lat' dir='ltr'><strong>vero</strong></span> <span class='ocrx_word' id='word_1_494' title='bbox 435 5765 481 5818; x_wconf 91' lang='lat' dir='ltr'><strong>si</strong></span> <span class='ocrx_word' id='word_1_495' title='bbox 506 5765 667 5821; x_wconf 88' lang='lat' dir='ltr'><strong>dictis</strong></span> <span class='ocrx_word' id='word_1_496' title='bbox 692 5773 1043 5830; x_wconf 84' lang='lat' dir='ltr'><strong>attendissent</strong></span> <span class='ocrx_word' id='word_1_497' title='bbox 1062 5820 1075 5834; x_wconf 92' lang='lat'><strong>.</strong></span> <span class='ocrx_word' id='word_1_498' title='bbox 1103 5791 1226 5837; x_wconf 88' lang='lat' dir='ltr'><strong>ante</strong></span> <span class='ocrx_word' id='word_1_499' title='bbox 1255 5755 1443 5840; x_wconf 60' lang='lat' dir='ltr'><strong>omnia</strong></span> <span class='ocrx_word' id='word_1_500' title='bbox 1461 5790 1740 5857; x_wconf 86' lang='lat' dir='ltr'><strong>oportebat</strong></span> 
     </span>
    </p>
   </div>
   <div class='ocr_carea' id='block_1_61' title="bbox 460 5864 1105 5933">
    <p class='ocr_par' dir='ltr' id='par_1_61' title="bbox 460 5864 1105 5933">
     <span class='ocr_line' id='line_1_61' title="bbox 460 5864 1105 5933; baseline 0.017 -12"><span class='ocrx_word' id='word_1_501' title='bbox 460 5864 733 5925; x_wconf 65' lang='grc' dir='ltr'><strong>Ριτιιοι.</strong></span> <span class='ocrx_word' id='word_1_502' title='bbox 781 5866 900 5926; x_wconf 81' lang='lat' dir='ltr'><strong>Gn.</strong></span> <span class='ocrx_word' id='word_1_503' title='bbox 949 5870 1105 5933; x_wconf 70' lang='lat' dir='ltr'><strong>LIX.</strong></span> 
     </span>
    </p>
   </div>
   <div class='ocr_carea' id='block_1_62' title="bbox 1203 355 2325 418">
    <p class='ocr_par' dir='ltr' id='par_1_62' title="bbox 1203 355 2325 418">
     <span class='ocr_line' id='line_1_62' title="bbox 1203 355 2325 418; baseline -0.003 1"><span class='ocrx_word' id='word_1_504' title='bbox 1203 362 1269 418; x_wconf 79' lang='lat' dir='ltr'><strong>iN</strong></span> <span class='ocrx_word' id='word_1_505' title='bbox 1302 358 1616 418; x_wconf 75' lang='lat' dir='ltr'><strong>JOANNEM</strong></span> <span class='ocrx_word' id='word_1_506' title='bbox 1652 355 1886 414; x_wconf 81' lang='lat' dir='ltr'><strong>llOMlL.</strong></span> <span class='ocrx_word' id='word_1_507' title='bbox 1926 355 2060 413; x_wconf 78' lang='lat' dir='ltr'><strong>XLI.</strong></span> <span class='ocrx_word' id='word_1_508' title='bbox 2102 362 2172 414; x_wconf 90' lang='lat' dir='ltr'><strong>al.</strong></span> <span class='ocrx_word' id='word_1_509' title='bbox 2213 358 2325 416; x_wconf 84' lang='lat' dir='ltr'><strong>XL.</strong></span> 
     </span>
    </p>
   </div>
   <div class='ocr_carea' id='block_1_63' title="bbox 3398 368 3502 423">
    <p class='ocr_par' dir='ltr' id='par_1_63' title="bbox 3398 368 3502 423">
     <span class='ocr_line' id='line_1_63' title="bbox 3398 368 3502 423; baseline 0.048 -4"><span class='ocrx_word' id='word_1_510' title='bbox 3398 368 3502 423; x_wconf 71' lang='lat'><strong>258</strong></span> 
     </span>
    </p>
   </div>
   <div class='ocr_carea' id='block_1_64' title="bbox 1902 470 3503 561">
    <p class='ocr_par' dir='ltr' id='par_1_64' title="bbox 1902 470 3503 561">
     <span class='ocr_line' id='line_1_64' title="bbox 1902 470 3503 561; baseline 0.012 -37"><span class='ocrx_word' id='word_1_511' title='bbox 1902 470 1969 526; x_wconf 90' lang='lat' dir='ltr'><strong>ab</strong></span> <span class='ocrx_word' id='word_1_512' title='bbox 1993 471 2084 525; x_wconf 94' lang='lat' dir='ltr'><strong>illo</strong></span> <span class='ocrx_word' id='word_1_513' title='bbox 2117 488 2361 541; x_wconf 72' lang='lat' dir='ltr'><strong>qumrere</strong></span> <span class='ocrx_word' id='word_1_514' title='bbox 2388 484 2443 530; x_wconf 87' lang='lat' dir='ltr'><strong>et</strong></span> <span class='ocrx_word' id='word_1_515' title='bbox 2470 474 2731 532; x_wconf 88' lang='lat' dir='ltr'><strong>ediscere.</strong></span> <span class='ocrx_word' id='word_1_516' title='bbox 2775 477 2904 534; x_wconf 91' lang='lat' dir='ltr'><strong>ldeo</strong></span> <span class='ocrx_word' id='word_1_517' title='bbox 2941 494 3083 535; x_wconf 82' lang='lat' dir='ltr'><strong>enim</strong></span> <span class='ocrx_word' id='word_1_518' title='bbox 3130 497 3235 536; x_wconf 89' lang='lat' dir='ltr'><strong>non</strong></span> <span class='ocrx_word' id='word_1_519' title='bbox 3277 483 3503 561; x_wconf 78' lang='lat' dir='ltr'><strong>demon-</strong></span> 
     </span>
    </p>
   </div>
   <div class='ocr_carea' id='block_1_65' title="bbox 1902 563 3504 634">
    <p class='ocr_par' dir='ltr' id='par_1_65' title="bbox 1902 563 3504 634">
     <span class='ocr_line' id='line_1_65' title="bbox 1902 563 3504 634; baseline 0.006 -18"><span class='ocrx_word' id='word_1_520' title='bbox 1902 563 2192 618; x_wconf 85' lang='lat' dir='ltr'><strong>strationes</strong></span> <span class='ocrx_word' id='word_1_521' title='bbox 2221 572 2427 619; x_wconf 87' lang='lat' dir='ltr'><strong>tantum</strong></span> <span class='ocrx_word' id='word_1_522' title='bbox 2444 606 2459 630; x_wconf 93' lang='lat'><strong>,</strong></span> <span class='ocrx_word' id='word_1_523' title='bbox 2493 564 2587 621; x_wconf 88' lang='lat' dir='ltr'><strong>sed</strong></span> <span class='ocrx_word' id='word_1_524' title='bbox 2609 568 2771 623; x_wconf 91' lang='lat' dir='ltr'><strong>etiam</strong></span> <span class='ocrx_word' id='word_1_525' title='bbox 2795 571 3090 627; x_wconf 88' lang='lat' dir='ltr'><strong>sententias</strong></span> <span class='ocrx_word' id='word_1_526' title='bbox 3116 580 3172 627; x_wconf 90' lang='lat' dir='ltr'><strong>et</strong></span> <span class='ocrx_word' id='word_1_527' title='bbox 3199 574 3371 630; x_wconf 87' lang='lat' dir='ltr'><strong>minas</strong></span> <span class='ocrx_word' id='word_1_528' title='bbox 3396 576 3504 634; x_wconf 86' lang='lat' dir='ltr'><strong>fre.</strong></span> 
     </span>
    </p>
   </div>
   <div class='ocr_carea' id='block_1_66' title="bbox 1899 655 3493 724">
    <p class='ocr_par' dir='ltr' id='par_1_66' title="bbox 1899 655 3493 724">
     <span class='ocr_line' id='line_1_66' title="bbox 1899 655 3493 724; baseline 0.011 -18"><span class='ocrx_word' id='word_1_529' title='bbox 1899 661 2139 722; x_wconf 88' lang='lat' dir='ltr'><strong>quentat.</strong></span> <span class='ocrx_word' id='word_1_530' title='bbox 2164 655 2321 711; x_wconf 90' lang='lat' dir='ltr'><strong>utsic</strong></span> <span class='ocrx_word' id='word_1_531' title='bbox 2343 671 2440 714; x_wconf 90' lang='lat' dir='ltr'><strong>eos</strong></span> <span class='ocrx_word' id='word_1_532' title='bbox 2459 657 2543 713; x_wconf 89' lang='lat' dir='ltr'><strong>vel</strong></span> <span class='ocrx_word' id='word_1_533' title='bbox 2566 661 2713 714; x_wconf 82' lang='lat' dir='ltr'><strong>metu</strong></span> <span class='ocrx_word' id='word_1_534' title='bbox 2738 660 2977 716; x_wconf 88' lang='lat' dir='ltr'><strong>reducat.</strong></span> <span class='ocrx_word' id='word_1_535' title='bbox 3007 662 3085 717; x_wconf 91' lang='lat' dir='ltr'><strong>llli</strong></span> <span class='ocrx_word' id='word_1_536' title='bbox 3113 670 3290 721; x_wconf 90' lang='lat' dir='ltr'><strong>tamen</strong></span> <span class='ocrx_word' id='word_1_537' title='bbox 3312 666 3493 724; x_wconf 86' lang='lat' dir='ltr'><strong>silent.</strong></span> 
     </span>
    </p>
   </div>
   <div class='ocr_carea' id='block_1_67' title="bbox 1898 744 3498 833">
    <p class='ocr_par' dir='ltr' id='par_1_67' title="bbox 1898 744 3498 833">
     <span class='ocr_line' id='line_1_67' title="bbox 1898 744 3498 833; baseline 0.012 -34"><span class='ocrx_word' id='word_1_538' title='bbox 1898 744 2043 801; x_wconf 84' lang='lat' dir='ltr'><strong>Talis</strong></span> <span class='ocrx_word' id='word_1_539' title='bbox 2071 748 2215 802; x_wconf 92' lang='lat' dir='ltr'><strong>enim</strong></span> <span class='ocrx_word' id='word_1_540' title='bbox 2248 762 2335 804; x_wconf 88' lang='lat' dir='ltr'><strong>res</strong></span> <span class='ocrx_word' id='word_1_541' title='bbox 2363 756 2447 803; x_wconf 91' lang='lat' dir='ltr'><strong>est</strong></span> <span class='ocrx_word' id='word_1_542' title='bbox 2473 751 2703 818; x_wconf 90' lang='lat' dir='ltr'><strong>malitia;</strong></span> <span class='ocrx_word' id='word_1_543' title='bbox 2734 752 2990 825; x_wconf 91' lang='lat' dir='ltr'><strong>quidquid</strong></span> <span class='ocrx_word' id='word_1_544' title='bbox 3017 756 3227 813; x_wconf 90' lang='lat' dir='ltr'><strong>dicatur</strong></span> <span class='ocrx_word' id='word_1_545' title='bbox 3250 759 3335 815; x_wconf 85' lang='lat' dir='ltr'><strong>vel</strong></span> <span class='ocrx_word' id='word_1_546' title='bbox 3366 760 3498 833; x_wconf 84' lang='lat' dir='ltr'><strong>ﬁat,</strong></span> 
     </span>
    </p>
   </div>
   <div class='ocr_carea' id='block_1_68' title="bbox 1898 839 3121 911">
    <p class='ocr_par' dir='ltr' id='par_1_68' title="bbox 1898 839 3121 911">
     <span class='ocr_line' id='line_1_68' title="bbox 1898 839 3121 911; baseline 0.01 -21"><span class='ocrx_word' id='word_1_547' title='bbox 1898 851 2003 891; x_wconf 90' lang='lat' dir='ltr'><strong>non</strong></span> <span class='ocrx_word' id='word_1_548' title='bbox 2030 840 2298 907; x_wconf 86' lang='lat' dir='ltr'><strong>exsurgit,</strong></span> <span class='ocrx_word' id='word_1_549' title='bbox 2327 839 2419 895; x_wconf 88' lang='lat' dir='ltr'><strong>sed</strong></span> <span class='ocrx_word' id='word_1_550' title='bbox 2452 843 2726 911; x_wconf 88' lang='lat' dir='ltr'><strong>proprium</strong></span> <span class='ocrx_word' id='word_1_551' title='bbox 2756 846 2901 900; x_wconf 91' lang='lat' dir='ltr'><strong>virus</strong></span> <span class='ocrx_word' id='word_1_552' title='bbox 2925 857 3121 902; x_wconf 84' lang='lat' dir='ltr'><strong>servat.</strong></span> 
     </span>
    </p>
   </div>
   <div class='ocr_carea' id='block_1_69' title="bbox 1968 928 3499 1013">
    <p class='ocr_par' dir='ltr' id='par_1_69' title="bbox 1968 928 3499 1013">
     <span class='ocr_line' id='line_1_69' title="bbox 1968 928 3499 1013; baseline 0.011 -32"><span class='ocrx_word' id='word_1_553' title='bbox 1968 928 2022 982; x_wconf 77' lang='grc'><strong>5.</strong></span> <span class='ocrx_word' id='word_1_554' title='bbox 2052 928 2218 984; x_wconf 87' lang='lat' dir='ltr'><strong>Dolus</strong></span> <span class='ocrx_word' id='word_1_555' title='bbox 2246 941 2293 984; x_wconf 85' lang='lat' dir='ltr'><strong>et</strong></span> <span class='ocrx_word' id='word_1_556' title='bbox 2319 933 2542 1002; x_wconf 81' lang='lat' dir='ltr'><strong>nequitia</strong></span> <span class='ocrx_word' id='word_1_557' title='bbox 2572 934 2834 1005; x_wconf 77' lang='lat' dir='ltr'><strong>fugienda.</strong></span> <span class='ocrx_word' id='word_1_558' title='bbox 2876 934 3124 992; x_wconf 82' lang='lat' dir='ltr'><strong>Virtutem</strong></span> <span class='ocrx_word' id='word_1_559' title='bbox 3150 956 3269 995; x_wconf 84' lang='lat' dir='ltr'><strong>vera</strong></span> <span class='ocrx_word' id='word_1_560' title='bbox 3295 944 3499 1013; x_wconf 86' lang='lat' dir='ltr'><strong>sapien-</strong></span> 
     </span>
    </p>
   </div>
   <div class='ocr_carea' id='block_1_70' title="bbox 1897 1022 3498 1105">
    <p class='ocr_par' dir='ltr' id='par_1_70' title="bbox 1897 1022 3498 1105">
     <span class='ocr_line' id='line_1_70' title="bbox 1897 1022 3498 1105; baseline 0.011 -34"><span class='ocrx_word' id='word_1_561' title='bbox 1897 1026 1969 1073; x_wconf 86' lang='lat' dir='ltr'><strong>tia</strong></span> <span class='ocrx_word' id='word_1_562' title='bbox 1990 1060 2006 1084; x_wconf 89' lang='lat'><strong>,</strong></span> <span class='ocrx_word' id='word_1_563' title='bbox 2038 1022 2310 1091; x_wconf 84' lang='lat' dir='ltr'><strong>nequitiam</strong></span> <span class='ocrx_word' id='word_1_564' title='bbox 2340 1024 2562 1078; x_wconf 75' lang='lat' dir='ltr'><strong>amentia</strong></span> <span class='ocrx_word' id='word_1_565' title='bbox 2599 1027 2892 1081; x_wconf 78' lang='lat' dir='ltr'><strong>comitatur.</strong></span> <span class='ocrx_word' id='word_1_566' title='bbox 2931 1028 3209 1101; x_wconf 77' lang='lat' dir='ltr'><strong>Infcrentis</strong></span> <span class='ocrx_word' id='word_1_567' title='bbox 3251 1033 3498 1105; x_wconf 84' lang='lat' dir='ltr'><strong>injuriam</strong></span> 
     </span>
    </p>
   </div>
   <div class='ocr_carea' id='block_1_71' title="bbox 1897 1112 3499 1197">
    <p class='ocr_par' dir='ltr' id='par_1_71' title="bbox 1897 1112 3499 1197">
     <span class='ocr_line' id='line_1_71' title="bbox 1897 1112 3499 1197; baseline 0.013 -33"><span class='ocrx_word' id='word_1_568' title='bbox 1897 1112 2041 1181; x_wconf 83' lang='lat' dir='ltr'><strong>pejor</strong></span> <span class='ocrx_word' id='word_1_569' title='bbox 2073 1115 2294 1170; x_wconf 88' lang='lat' dir='ltr'><strong>conditio</strong></span> <span class='ocrx_word' id='word_1_570' title='bbox 2338 1132 2489 1186; x_wconf 77' lang='lat' dir='ltr'><strong>quam</strong></span> <span class='ocrx_word' id='word_1_571' title='bbox 2536 1122 3232 1195; x_wconf 84' lang='lat' dir='ltr'><strong>patientis.—-Quapropter</strong></span> <span class='ocrx_word' id='word_1_572' title='bbox 3277 1142 3374 1197; x_wconf 84' lang='lat' dir='ltr'><strong>par</strong></span> <span class='ocrx_word' id='word_1_573' title='bbox 3414 1139 3499 1185; x_wconf 84' lang='lat' dir='ltr'><strong>est</strong></span> 
     </span>
    </p>
   </div>
   <div class='ocr_carea' id='block_1_72' title="bbox 1895 1207 3494 1282">
    <p class='ocr_par' dir='ltr' id='par_1_72' title="bbox 1895 1207 3494 1282">
     <span class='ocr_line' id='line_1_72' title="bbox 1895 1207 3494 1282; baseline 0.011 -24"><span class='ocrx_word' id='word_1_574' title='bbox 1895 1208 2041 1259; x_wconf 88' lang='lat' dir='ltr'><strong>omni</strong></span> <span class='ocrx_word' id='word_1_575' title='bbox 2070 1207 2290 1277; x_wconf 90' lang='lat' dir='ltr'><strong>expulsa</strong></span> <span class='ocrx_word' id='word_1_576' title='bbox 2319 1209 2485 1264; x_wconf 90' lang='lat' dir='ltr'><strong>animi</strong></span> <span class='ocrx_word' id='word_1_577' title='bbox 2515 1213 2751 1282; x_wconf 90' lang='lat' dir='ltr'><strong>nequitia</strong></span> <span class='ocrx_word' id='word_1_578' title='bbox 2772 1255 2786 1278; x_wconf 91' lang='lat'><strong>,</strong></span> <span class='ocrx_word' id='word_1_579' title='bbox 2812 1214 3013 1270; x_wconf 90' lang='lat' dir='ltr'><strong>nullum</strong></span> <span class='ocrx_word' id='word_1_580' title='bbox 3040 1225 3259 1277; x_wconf 76' lang='lat' dir='ltr'><strong>nectere</strong></span> <span class='ocrx_word' id='word_1_581' title='bbox 3288 1219 3494 1276; x_wconf 89' lang='lat' dir='ltr'><strong>dolum.</strong></span> 
     </span>
    </p>
   </div>
   <div class='ocr_carea' id='block_1_73' title="bbox 1894 1298 3490 1381">
    <p class='ocr_par' dir='ltr' id='par_1_73' title="bbox 1894 1298 3490 1381">
     <span class='ocr_line' id='line_1_73' title="bbox 1894 1298 3490 1381; baseline 0.01 -29"><span class='ocrx_word' id='word_1_582' title='bbox 1894 1298 1977 1353; x_wconf 78' lang='lat' dir='ltr'><strong>Ad</strong></span> <span class='ocrx_word' id='word_1_583' title='bbox 2004 1316 2187 1371; x_wconf 83' lang='lat' dir='ltr'><strong>pravos</strong></span> <span class='ocrx_word' id='word_1_584' title='bbox 2210 1302 2352 1356; x_wconf 89' lang='lat' dir='ltr'><strong>enim</strong></span> <span class='ocrx_word' id='word_1_585' title='bbox 2368 1344 2383 1369; x_wconf 97' lang='lat'><strong>,</strong></span> <span class='ocrx_word' id='word_1_586' title='bbox 2409 1302 2613 1374; x_wconf 91' lang='lat' dir='ltr'><strong>inquit,</strong></span> <span class='ocrx_word' id='word_1_587' title='bbox 2638 1321 2821 1375; x_wconf 84' lang='lat' dir='ltr'><strong>pravas</strong></span> <span class='ocrx_word' id='word_1_588' title='bbox 2841 1306 2949 1361; x_wconf 79' lang='lat' dir='ltr'><strong>uias</strong></span> <span class='ocrx_word' id='word_1_589' title='bbox 2970 1309 3121 1362; x_wconf 89' lang='lat' dir='ltr'><strong>mittit</strong></span> <span class='ocrx_word' id='word_1_590' title='bbox 3145 1308 3282 1365; x_wconf 86' lang='lat' dir='ltr'><strong>Deus</strong></span> <span class='ocrx_word' id='word_1_591' title='bbox 3309 1310 3490 1381; x_wconf 85' lang='lat' dir='ltr'><strong>(Prov.</strong></span> 
     </span>
    </p>
   </div>
   <div class='ocr_carea' id='block_1_74' title="bbox 1892 1391 3494 1473">
    <p class='ocr_par' dir='ltr' id='par_1_74' title="bbox 1892 1391 3494 1473">
     <span class='ocr_line' id='line_1_74' title="bbox 1892 1391 3494 1473; baseline 0.009 -26"><span class='ocrx_word' id='word_1_592' title='bbox 1892 1391 1983 1447; x_wconf 71' lang='lat'><strong>21.</strong></span> <span class='ocrx_word' id='word_1_593' title='bbox 2014 1392 2120 1460; x_wconf 91' lang='lat'><strong>8);</strong></span> <span class='ocrx_word' id='word_1_594' title='bbox 2151 1404 2238 1463; x_wconf 90' lang='lat' dir='ltr'><strong>et,</strong></span> <span class='ocrx_word' id='word_1_595' title='bbox 2270 1395 2499 1465; x_wconf 81' lang='lat' dir='ltr'><strong>Spiritus</strong></span> <span class='ocrx_word' id='word_1_596' title='bbox 2522 1408 2729 1452; x_wconf 88' lang='lat' dir='ltr'><strong>sanctus</strong></span> <span class='ocrx_word' id='word_1_597' title='bbox 2764 1398 3049 1469; x_wconf 72' lang='lat' dir='ltr'><strong>disciplima</strong></span> <span class='ocrx_word' id='word_1_598' title='bbox 3086 1400 3293 1473; x_wconf 76' lang='lat' dir='ltr'><strong>clfugiet</strong></span> <span class='ocrx_word' id='word_1_599' title='bbox 3320 1405 3494 1461; x_wconf 86' lang='lat' dir='ltr'><strong>dolum</strong></span> 
     </span>
    </p>
   </div>
   <div class='ocr_carea' id='block_1_75' title="bbox 1892 1487 3495 1560">
    <p class='ocr_par' dir='ltr' id='par_1_75' title="bbox 1892 1487 3495 1560">
     <span class='ocr_line' id='line_1_75' title="bbox 1892 1487 3495 1560; baseline 0.007 -21"><span class='ocrx_word' id='word_1_600' title='bbox 1892 1492 1941 1539; x_wconf 81' lang='lat' dir='ltr'><strong>et</strong></span> <span class='ocrx_word' id='word_1_601' title='bbox 1966 1487 2161 1556; x_wconf 82' lang='lat' dir='ltr'><strong>auferet</strong></span> <span class='ocrx_word' id='word_1_602' title='bbox 2187 1502 2242 1541; x_wconf 88' lang='lat' dir='ltr'><strong>se</strong></span> <span class='ocrx_word' id='word_1_603' title='bbox 2268 1504 2300 1541; x_wconf 92' lang='lat' dir='ltr'><strong>a</strong></span> <span class='ocrx_word' id='word_1_604' title='bbox 2326 1489 2746 1560; x_wconf 84' lang='lat' dir='ltr'><strong>cogitationibus,</strong></span> <span class='ocrx_word' id='word_1_605' title='bbox 2788 1507 2903 1559; x_wconf 71' lang='lat' dir='ltr'><strong>qua:</strong></span> <span class='ocrx_word' id='word_1_606' title='bbox 2935 1502 3054 1546; x_wconf 88' lang='lat' dir='ltr'><strong>sunt</strong></span> <span class='ocrx_word' id='word_1_607' title='bbox 3092 1494 3203 1548; x_wconf 85' lang='lat' dir='ltr'><strong>sine</strong></span> <span class='ocrx_word' id='word_1_608' title='bbox 3238 1496 3495 1551; x_wconf 83' lang='lat' dir='ltr'><strong>intellectu</strong></span> 
     </span>
    </p>
   </div>
   <div class='ocr_carea' id='block_1_76' title="bbox 1892 1571 3490 1659">
    <p class='ocr_par' dir='ltr' id='par_1_76' title="bbox 1892 1571 3490 1659">
     <span class='ocr_line' id='line_1_76' title="bbox 1892 1571 3490 1659; baseline 0.007 -27"><span class='ocrx_word' id='word_1_609' title='bbox 1892 1577 2051 1650; x_wconf 78' lang='lat' dir='ltr'><strong>(Sap.</strong></span> <span class='ocrx_word' id='word_1_610' title='bbox 2083 1571 2134 1634; x_wconf 79' lang='lat' dir='ltr'><strong>l.</strong></span> <span class='ocrx_word' id='word_1_611' title='bbox 2164 1578 2244 1653; x_wconf 83' lang='lat'><strong>5).</strong></span> <span class='ocrx_word' id='word_1_612' title='bbox 2274 1580 2416 1636; x_wconf 85' lang='lat' dir='ltr'><strong>Nihil</strong></span> <span class='ocrx_word' id='word_1_613' title='bbox 2445 1584 2589 1637; x_wconf 89' lang='lat' dir='ltr'><strong>enim</strong></span> <span class='ocrx_word' id='word_1_614' title='bbox 2616 1584 2684 1638; x_wconf 90' lang='lat' dir='ltr'><strong>ita</strong></span> <span class='ocrx_word' id='word_1_615' title='bbox 2712 1584 2905 1640; x_wconf 87' lang='lat' dir='ltr'><strong>stultos</strong></span> <span class='ocrx_word' id='word_1_616' title='bbox 2931 1585 3126 1653; x_wconf 86' lang='lat' dir='ltr'><strong>reddit,</strong></span> <span class='ocrx_word' id='word_1_617' title='bbox 3154 1598 3211 1643; x_wconf 89' lang='lat' dir='ltr'><strong>ut</strong></span> <span class='ocrx_word' id='word_1_618' title='bbox 3232 1590 3490 1659; x_wconf 86' lang='lat' dir='ltr'><strong>nequitia.</strong></span> 
     </span>
    </p>
   </div>
   <div class='ocr_carea' id='block_1_77' title="bbox 1891 1669 3494 1752">
    <p class='ocr_par' dir='ltr' id='par_1_77' title="bbox 1891 1669 3494 1752">
     <span class='ocr_line' id='line_1_77' title="bbox 1891 1669 3494 1752; baseline 0.006 -25"><span class='ocrx_word' id='word_1_619' title='bbox 1891 1669 2160 1727; x_wconf 89' lang='lat' dir='ltr'><strong>Subdolus</strong></span> <span class='ocrx_word' id='word_1_620' title='bbox 2189 1672 2332 1728; x_wconf 89' lang='lat' dir='ltr'><strong>enim</strong></span> <span class='ocrx_word' id='word_1_621' title='bbox 2352 1715 2367 1740; x_wconf 92' lang='lat'><strong>,</strong></span> <span class='ocrx_word' id='word_1_622' title='bbox 2401 1674 2698 1745; x_wconf 88' lang='lat' dir='ltr'><strong>improbus,</strong></span> <span class='ocrx_word' id='word_1_623' title='bbox 2727 1676 2967 1747; x_wconf 89' lang='lat' dir='ltr'><strong>ingratus</strong></span> <span class='ocrx_word' id='word_1_624' title='bbox 3000 1678 3119 1751; x_wconf 70' lang='lat' dir='ltr'><strong>(hie</strong></span> <span class='ocrx_word' id='word_1_625' title='bbox 3141 1681 3339 1752; x_wconf 90' lang='lat' dir='ltr'><strong>quippe</strong></span> <span class='ocrx_word' id='word_1_626' title='bbox 3367 1693 3494 1738; x_wconf 88' lang='lat' dir='ltr'><strong>sunt</strong></span> 
     </span>
    </p>
   </div>
   <div class='ocr_carea' id='block_1_78' title="bbox 1890 1764 3492 1838">
    <p class='ocr_par' dir='ltr' id='par_1_78' title="bbox 1890 1764 3492 1838">
     <span class='ocr_line' id='line_1_78' title="bbox 1890 1764 3492 1838; baseline 0.009 -21"><span class='ocrx_word' id='word_1_627' title='bbox 1890 1764 2143 1835; x_wconf 70' lang='lat' dir='ltr'><strong>nequitias</strong></span> <span class='ocrx_word' id='word_1_628' title='bbox 2167 1766 2425 1836; x_wconf 88' lang='lat' dir='ltr'><strong>genera),</strong></span> <span class='ocrx_word' id='word_1_629' title='bbox 2469 1768 2515 1823; x_wconf 88' lang='lat' dir='ltr'><strong>si</strong></span> <span class='ocrx_word' id='word_1_630' title='bbox 2562 1768 2693 1823; x_wconf 88' lang='lat' dir='ltr'><strong>nihil</strong></span> <span class='ocrx_word' id='word_1_631' title='bbox 2727 1768 2887 1825; x_wconf 77' lang='lat' dir='ltr'><strong>ltesus</strong></span> <span class='ocrx_word' id='word_1_632' title='bbox 2913 1770 3236 1838; x_wconf 82' lang='lat' dir='ltr'><strong>oli&#39;endatur,</strong></span> <span class='ocrx_word' id='word_1_633' title='bbox 3264 1775 3309 1829; x_wconf 88' lang='lat' dir='ltr'><strong>si</strong></span> <span class='ocrx_word' id='word_1_634' title='bbox 3339 1774 3492 1832; x_wconf 83' lang='lat' dir='ltr'><strong>dolos</strong></span> 
     </span>
    </p>
   </div>
   <div class='ocr_carea' id='block_1_79' title="bbox 1890 1856 3489 1932">
    <p class='ocr_par' dir='ltr' id='par_1_79' title="bbox 1890 1856 3489 1932">
     <span class='ocr_line' id='line_1_79' title="bbox 1890 1856 3489 1932; baseline 0.008 -22"><span class='ocrx_word' id='word_1_635' title='bbox 1890 1864 2091 1924; x_wconf 87' lang='lat' dir='ltr'><strong>nectat,</strong></span> <span class='ocrx_word' id='word_1_636' title='bbox 2115 1871 2292 1911; x_wconf 90' lang='lat' dir='ltr'><strong>annon</strong></span> <span class='ocrx_word' id='word_1_637' title='bbox 2316 1871 2542 1914; x_wconf 59' lang='lat' dir='ltr'><strong>summa;</strong></span> <span class='ocrx_word' id='word_1_638' title='bbox 2562 1856 2849 1916; x_wconf 63' lang='lat' dir='ltr'><strong>dementiae</strong></span> <span class='ocrx_word' id='word_1_639' title='bbox 2868 1860 3065 1917; x_wconf 89' lang='lat' dir='ltr'><strong>indicia</strong></span> <span class='ocrx_word' id='word_1_640' title='bbox 3087 1862 3362 1932; x_wconf 85' lang='lat' dir='ltr'><strong>proferat?</strong></span> <span class='ocrx_word' id='word_1_641' title='bbox 3391 1868 3489 1922; x_wconf 87' lang='lat' dir='ltr'><strong>Ni-</strong></span> 
     </span>
    </p>
   </div>
   <div class='ocr_carea' id='block_1_80' title="bbox 1889 1947 3488 2026">
    <p class='ocr_par' dir='ltr' id='par_1_80' title="bbox 1889 1947 3488 2026">
     <span class='ocr_line' id='line_1_80' title="bbox 1889 1947 3488 2026; baseline 0.009 -24"><span class='ocrx_word' id='word_1_642' title='bbox 1889 1947 1962 2002; x_wconf 91' lang='lat' dir='ltr'><strong>hil</strong></span> <span class='ocrx_word' id='word_1_643' title='bbox 1976 1949 2045 2003; x_wconf 90' lang='lat' dir='ltr'><strong>ita</strong></span> <span class='ocrx_word' id='word_1_644' title='bbox 2065 1949 2353 2019; x_wconf 88' lang='lat' dir='ltr'><strong>prudentes</strong></span> <span class='ocrx_word' id='word_1_645' title='bbox 2369 1950 2567 2019; x_wconf 86' lang='lat' dir='ltr'><strong>reddit,</strong></span> <span class='ocrx_word' id='word_1_646' title='bbox 2584 1952 2839 2007; x_wconf 90' lang='lat' dir='ltr'><strong>utvirtus.</strong></span> <span class='ocrx_word' id='word_1_647' title='bbox 2856 1953 3070 2009; x_wconf 88' lang='lat' dir='ltr'><strong>Etenim</strong></span> <span class='ocrx_word' id='word_1_648' title='bbox 3092 1966 3273 2026; x_wconf 84' lang='lat' dir='ltr'><strong>gratos</strong></span> <span class='ocrx_word' id='word_1_649' title='bbox 3289 1960 3462 2015; x_wconf 88' lang='lat' dir='ltr'><strong>reddit</strong></span> <span class='ocrx_word' id='word_1_650' title='bbox 3475 2005 3488 2022; x_wconf 88' lang='lat'><strong>.</strong></span> 
     </span>
    </p>
   </div>
   <div class='ocr_carea' id='block_1_81' title="bbox 1888 2043 3489 2116">
    <p class='ocr_par' dir='ltr' id='par_1_81' title="bbox 1888 2043 3489 2116">
     <span class='ocr_line' id='line_1_81' title="bbox 1888 2043 3489 2116; baseline 0.002 -17"><span class='ocrx_word' id='word_1_651' title='bbox 1888 2043 2107 2114; x_wconf 89' lang='lat' dir='ltr'><strong>probos,</strong></span> <span class='ocrx_word' id='word_1_652' title='bbox 2147 2043 2428 2115; x_wconf 86' lang='lat' dir='ltr'><strong>benignos,</strong></span> <span class='ocrx_word' id='word_1_653' title='bbox 2461 2044 2640 2111; x_wconf 84' lang='lat' dir='ltr'><strong>mites,</strong></span> <span class='ocrx_word' id='word_1_654' title='bbox 2669 2055 3002 2116; x_wconf 87' lang='lat' dir='ltr'><strong>mansuetos,</strong></span> <span class='ocrx_word' id='word_1_655' title='bbox 3033 2048 3309 2106; x_wconf 89' lang='lat' dir='ltr'><strong>modestos</strong></span> <span class='ocrx_word' id='word_1_656' title='bbox 3336 2067 3350 2104; x_wconf 91' lang='lat'><strong>:</strong></span> <span class='ocrx_word' id='word_1_657' title='bbox 3380 2067 3489 2105; x_wconf 66' lang='lat' dir='ltr'><strong>eae-</strong></span> 
     </span>
    </p>
   </div>
   <div class='ocr_carea' id='block_1_82' title="bbox 1887 2138 3491 2208">
    <p class='ocr_par' dir='ltr' id='par_1_82' title="bbox 1887 2138 3491 2208">
     <span class='ocr_line' id='line_1_82' title="bbox 1887 2138 3491 2208; baseline 0.003 -15"><span class='ocrx_word' id='word_1_658' title='bbox 1887 2147 2003 2193; x_wconf 87' lang='lat' dir='ltr'><strong>tera</strong></span> <span class='ocrx_word' id='word_1_659' title='bbox 2031 2138 2209 2193; x_wconf 90' lang='lat' dir='ltr'><strong>omnia</strong></span> <span class='ocrx_word' id='word_1_660' title='bbox 2241 2138 2380 2193; x_wconf 90' lang='lat' dir='ltr'><strong>bona</strong></span> <span class='ocrx_word' id='word_1_661' title='bbox 2412 2138 2527 2194; x_wconf 65' lang='lat' dir='ltr'><strong>hinc</strong></span> <span class='ocrx_word' id='word_1_662' title='bbox 2568 2153 2759 2208; x_wconf 87' lang='lat' dir='ltr'><strong>parere</strong></span> <span class='ocrx_word' id='word_1_663' title='bbox 2795 2140 2952 2196; x_wconf 91' lang='lat' dir='ltr'><strong>solet.</strong></span> <span class='ocrx_word' id='word_1_664' title='bbox 3000 2140 3138 2208; x_wconf 84' lang='lat' dir='ltr'><strong>Quid</strong></span> <span class='ocrx_word' id='word_1_665' title='bbox 3186 2143 3288 2199; x_wconf 88' lang='lat' dir='ltr'><strong>hoc</strong></span> <span class='ocrx_word' id='word_1_666' title='bbox 3328 2144 3491 2198; x_wconf 90' lang='lat' dir='ltr'><strong>modo</strong></span> 
     </span>
    </p>
   </div>
   <div class='ocr_carea' id='block_1_83' title="bbox 1883 2227 3491 2305">
    <p class='ocr_par' dir='ltr' id='par_1_83' title="bbox 1883 2227 3491 2305">
     <span class='ocr_line' id='line_1_83' title="bbox 1883 2227 3491 2305; baseline 0.006 -24"><span class='ocrx_word' id='word_1_667' title='bbox 1883 2227 2091 2284; x_wconf 82' lang='lat' dir='ltr'><strong>aﬂ&#39;ectis</strong></span> <span class='ocrx_word' id='word_1_668' title='bbox 2118 2228 2471 2298; x_wconf 86' lang='lat' dir='ltr'><strong>prudentius?</strong></span> <span class='ocrx_word' id='word_1_669' title='bbox 2497 2228 2642 2285; x_wconf 89' lang='lat' dir='ltr'><strong>Fons</strong></span> <span class='ocrx_word' id='word_1_670' title='bbox 2669 2232 2813 2285; x_wconf 91' lang='lat' dir='ltr'><strong>enim</strong></span> <span class='ocrx_word' id='word_1_671' title='bbox 2844 2246 2971 2287; x_wconf 87' lang='lat' dir='ltr'><strong>vere</strong></span> <span class='ocrx_word' id='word_1_672' title='bbox 2996 2242 3049 2288; x_wconf 92' lang='lat' dir='ltr'><strong>et</strong></span> <span class='ocrx_word' id='word_1_673' title='bbox 3074 2233 3228 2289; x_wconf 88' lang='lat' dir='ltr'><strong>radix</strong></span> <span class='ocrx_word' id='word_1_674' title='bbox 3256 2234 3491 2305; x_wconf 85' lang='lat' dir='ltr'><strong>pruden-</strong></span> 
     </span>
    </p>
   </div>
   <div class='ocr_carea' id='block_1_84' title="bbox 1887 2321 3481 2391">
    <p class='ocr_par' dir='ltr' id='par_1_84' title="bbox 1887 2321 3481 2391">
     <span class='ocr_line' id='line_1_84' title="bbox 1887 2321 3481 2391; baseline 0.007 -15"><span class='ocrx_word' id='word_1_675' title='bbox 1887 2321 1975 2378; x_wconf 63' lang='lat' dir='ltr'><strong>tiae</strong></span> <span class='ocrx_word' id='word_1_676' title='bbox 2002 2323 2169 2378; x_wconf 87' lang='lat' dir='ltr'><strong>virtus</strong></span> <span class='ocrx_word' id='word_1_677' title='bbox 2195 2331 2309 2391; x_wconf 89' lang='lat' dir='ltr'><strong>est,</strong></span> <span class='ocrx_word' id='word_1_678' title='bbox 2353 2323 2553 2378; x_wconf 88' lang='lat' dir='ltr'><strong>malitia</strong></span> <span class='ocrx_word' id='word_1_679' title='bbox 2582 2338 2711 2380; x_wconf 89' lang='lat' dir='ltr'><strong>vero</strong></span> <span class='ocrx_word' id='word_1_680' title='bbox 2737 2339 2803 2380; x_wconf 90' lang='lat' dir='ltr'><strong>ex</strong></span> <span class='ocrx_word' id='word_1_681' title='bbox 2831 2327 3065 2382; x_wconf 88' lang='lat' dir='ltr'><strong>amentia</strong></span> <span class='ocrx_word' id='word_1_682' title='bbox 3095 2338 3271 2384; x_wconf 86' lang='lat' dir='ltr'><strong>ortum</strong></span> <span class='ocrx_word' id='word_1_683' title='bbox 3305 2331 3481 2387; x_wconf 85' lang='lat' dir='ltr'><strong>habet.</strong></span> 
     </span>
    </p>
   </div>
   <div class='ocr_carea' id='block_1_85' title="bbox 1884 2414 3487 2489">
    <p class='ocr_par' dir='ltr' id='par_1_85' title="bbox 1884 2414 3487 2489">
     <span class='ocr_line' id='line_1_85' title="bbox 1884 2414 3487 2489; baseline 0.004 -19"><span class='ocrx_word' id='word_1_684' title='bbox 1884 2415 2160 2486; x_wconf 84' lang='lat' dir='ltr'><strong>Arrogans</strong></span> <span class='ocrx_word' id='word_1_685' title='bbox 2183 2414 2327 2470; x_wconf 88' lang='lat' dir='ltr'><strong>cnim</strong></span> <span class='ocrx_word' id='word_1_686' title='bbox 2352 2424 2407 2469; x_wconf 91' lang='lat' dir='ltr'><strong>et</strong></span> <span class='ocrx_word' id='word_1_687' title='bbox 2437 2414 2726 2471; x_wconf 86' lang='lat' dir='ltr'><strong>iracundus</strong></span> <span class='ocrx_word' id='word_1_688' title='bbox 2756 2415 3043 2475; x_wconf 87' lang='lat' dir='ltr'><strong>deficiente</strong></span> <span class='ocrx_word' id='word_1_689' title='bbox 3080 2420 3361 2489; x_wconf 87' lang='lat' dir='ltr'><strong>prudentia</strong></span> <span class='ocrx_word' id='word_1_690' title='bbox 3402 2422 3487 2478; x_wconf 87' lang='lat' dir='ltr'><strong>bis</strong></span> 
     </span>
    </p>
   </div>
   <div class='ocr_carea' id='block_1_86' title="bbox 1883 2506 3483 2578">
    <p class='ocr_par' dir='ltr' id='par_1_86' title="bbox 1883 2506 3483 2578">
     <span class='ocr_line' id='line_1_86' title="bbox 1883 2506 3483 2578; baseline 0.004 -16"><span class='ocrx_word' id='word_1_691' title='bbox 1883 2506 2085 2563; x_wconf 89' lang='lat' dir='ltr'><strong>morbis</strong></span> <span class='ocrx_word' id='word_1_692' title='bbox 2106 2506 2333 2578; x_wconf 89' lang='lat' dir='ltr'><strong>capitur.</strong></span> <span class='ocrx_word' id='word_1_693' title='bbox 2361 2506 2487 2562; x_wconf 89' lang='lat' dir='ltr'><strong>ldeo</strong></span> <span class='ocrx_word' id='word_1_694' title='bbox 2512 2507 2775 2578; x_wconf 90' lang='lat' dir='ltr'><strong>propheta</strong></span> <span class='ocrx_word' id='word_1_695' title='bbox 2798 2508 3016 2567; x_wconf 89' lang='lat' dir='ltr'><strong>dicebat</strong></span> <span class='ocrx_word' id='word_1_696' title='bbox 3046 2530 3059 2565; x_wconf 92' lang='lat'><strong>:</strong></span> <span class='ocrx_word' id='word_1_697' title='bbox 3095 2510 3217 2567; x_wconf 86' lang='lat' dir='ltr'><strong>Non</strong></span> <span class='ocrx_word' id='word_1_698' title='bbox 3246 2525 3318 2569; x_wconf 89' lang='lat' dir='ltr'><strong>est</strong></span> <span class='ocrx_word' id='word_1_699' title='bbox 3342 2517 3483 2570; x_wconf 82' lang='lat' dir='ltr'><strong>sani-</strong></span> 
     </span>
    </p>
   </div>
   <div class='ocr_carea' id='block_1_87' title="bbox 1882 2597 3485 2667">
    <p class='ocr_par' dir='ltr' id='par_1_87' title="bbox 1882 2597 3485 2667">
     <span class='ocr_line' id='line_1_87' title="bbox 1882 2597 3485 2667; baseline 0.007 -15"><span class='ocrx_word' id='word_1_700' title='bbox 1882 2606 1959 2653; x_wconf 84' lang='lat' dir='ltr'><strong>tas</strong></span> <span class='ocrx_word' id='word_1_701' title='bbox 1984 2599 2039 2653; x_wconf 91' lang='lat' dir='ltr'><strong>in</strong></span> <span class='ocrx_word' id='word_1_702' title='bbox 2064 2614 2219 2653; x_wconf 86' lang='lat' dir='ltr'><strong>carne</strong></span> <span class='ocrx_word' id='word_1_703' title='bbox 2240 2614 2370 2654; x_wconf 83' lang='lat' dir='ltr'><strong>mea.</strong></span> <span class='ocrx_word' id='word_1_704' title='bbox 2402 2597 2720 2655; x_wconf 85' lang='lat' dir='ltr'><strong>Putruerunt</strong></span> <span class='ocrx_word' id='word_1_705' title='bbox 2738 2611 2785 2655; x_wconf 88' lang='lat' dir='ltr'><strong>et</strong></span> <span class='ocrx_word' id='word_1_706' title='bbox 2807 2614 3061 2667; x_wconf 72' lang='lat' dir='ltr'><strong>corrupta:</strong></span> <span class='ocrx_word' id='word_1_707' title='bbox 3083 2615 3203 2661; x_wconf 86' lang='lat' dir='ltr'><strong>sunt</strong></span> <span class='ocrx_word' id='word_1_708' title='bbox 3226 2606 3485 2664; x_wconf 85' lang='lat' dir='ltr'><strong>cicatrices</strong></span> 
     </span>
    </p>
   </div>
   <div class='ocr_carea' id='block_1_88' title="bbox 1881 2690 3482 2769">
    <p class='ocr_par' dir='ltr' id='par_1_88' title="bbox 1881 2690 3482 2769">
     <span class='ocr_line' id='line_1_88' title="bbox 1881 2690 3482 2769; baseline 0.007 -25"><span class='ocrx_word' id='word_1_709' title='bbox 1881 2705 2007 2745; x_wconf 80' lang='lat' dir='ltr'><strong>mete</strong></span> <span class='ocrx_word' id='word_1_710' title='bbox 2032 2705 2065 2743; x_wconf 88' lang='lat' dir='ltr'><strong>a</strong></span> <span class='ocrx_word' id='word_1_711' title='bbox 2093 2690 2224 2761; x_wconf 82' lang='lat' dir='ltr'><strong>facie</strong></span> <span class='ocrx_word' id='word_1_712' title='bbox 2250 2690 2555 2761; x_wconf 68' lang='lat' dir='ltr'><strong>insipientia</strong></span> <span class='ocrx_word' id='word_1_713' title='bbox 2580 2708 2706 2747; x_wconf 73' lang='lat' dir='ltr'><strong>mete</strong></span> <span class='ocrx_word' id='word_1_714' title='bbox 2739 2691 2921 2763; x_wconf 87' lang='lat' dir='ltr'><strong>(Psal.</strong></span> <span class='ocrx_word' id='word_1_715' title='bbox 2948 2695 3038 2750; x_wconf 81' lang='lat'><strong>57.</strong></span> <span class='ocrx_word' id='word_1_716' title='bbox 3066 2696 3123 2752; x_wconf 75' lang='grc' dir='ltr'><strong>ι.</strong></span> <span class='ocrx_word' id='word_1_717' title='bbox 3159 2696 3267 2769; x_wconf 85' lang='lat'><strong>6);</strong></span> <span class='ocrx_word' id='word_1_718' title='bbox 3297 2709 3482 2755; x_wconf 84' lang='lat' dir='ltr'><strong>osten-</strong></span> 
     </span>
    </p>
   </div>
   <div class='ocr_carea' id='block_1_89' title="bbox 1880 2783 3479 2858">
    <p class='ocr_par' dir='ltr' id='par_1_89' title="bbox 1880 2783 3479 2858">
     <span class='ocr_line' id='line_1_89' title="bbox 1880 2783 3479 2858; baseline 0.005 -18"><span class='ocrx_word' id='word_1_719' title='bbox 1880 2783 2015 2840; x_wconf 89' lang='lat' dir='ltr'><strong>dens</strong></span> <span class='ocrx_word' id='word_1_720' title='bbox 2040 2793 2316 2856; x_wconf 86' lang='lat' dir='ltr'><strong>peccatum</strong></span> <span class='ocrx_word' id='word_1_721' title='bbox 2348 2784 2574 2855; x_wconf 90' lang='lat' dir='ltr'><strong>quodvis</strong></span> <span class='ocrx_word' id='word_1_722' title='bbox 2606 2801 2674 2841; x_wconf 88' lang='lat' dir='ltr'><strong>ex</strong></span> <span class='ocrx_word' id='word_1_723' title='bbox 2699 2786 3003 2858; x_wconf 88' lang='lat' dir='ltr'><strong>insipientia</strong></span> <span class='ocrx_word' id='word_1_724' title='bbox 3029 2798 3207 2845; x_wconf 89' lang='lat' dir='ltr'><strong>ortum</strong></span> <span class='ocrx_word' id='word_1_725' title='bbox 3232 2790 3431 2851; x_wconf 84' lang='lat' dir='ltr'><strong>habere</strong></span> <span class='ocrx_word' id='word_1_726' title='bbox 3466 2813 3479 2848; x_wconf 93' lang='lat'><strong>:</strong></span> 
     </span>
    </p>
   </div>
   <div class='ocr_carea' id='block_1_90' title="bbox 1879 2876 3480 2953">
    <p class='ocr_par' dir='ltr' id='par_1_90' title="bbox 1879 2876 3480 2953">
     <span class='ocr_line' id='line_1_90' title="bbox 1879 2876 3480 2953; baseline 0.007 -23"><span class='ocrx_word' id='word_1_727' title='bbox 1879 2885 2068 2931; x_wconf 88' lang='lat' dir='ltr'><strong>contra</strong></span> <span class='ocrx_word' id='word_1_728' title='bbox 2106 2890 2236 2932; x_wconf 88' lang='lat' dir='ltr'><strong>vero</strong></span> <span class='ocrx_word' id='word_1_729' title='bbox 2278 2876 2477 2933; x_wconf 88' lang='lat' dir='ltr'><strong>virtute</strong></span> <span class='ocrx_word' id='word_1_730' title='bbox 2518 2877 2801 2948; x_wconf 68' lang='lat' dir='ltr'><strong>prmditum</strong></span> <span class='ocrx_word' id='word_1_731' title='bbox 2841 2894 2907 2936; x_wconf 89' lang='lat' dir='ltr'><strong>ac</strong></span> <span class='ocrx_word' id='word_1_732' title='bbox 2948 2882 3227 2939; x_wconf 89' lang='lat' dir='ltr'><strong>timentem</strong></span> <span class='ocrx_word' id='word_1_733' title='bbox 3273 2884 3480 2953; x_wconf 89' lang='lat' dir='ltr'><strong>Deum,</strong></span> 
     </span>
    </p>
   </div>
   <div class='ocr_carea' id='block_1_91' title="bbox 1878 2969 3483 3050">
    <p class='ocr_par' dir='ltr' id='par_1_91' title="bbox 1878 2969 3483 3050">
     <span class='ocr_line' id='line_1_91' title="bbox 1878 2969 3483 3050; baseline 0.007 -26"><span class='ocrx_word' id='word_1_734' title='bbox 1878 2969 2117 3024; x_wconf 87' lang='lat' dir='ltr'><strong>omnium</strong></span> <span class='ocrx_word' id='word_1_735' title='bbox 2145 2983 2268 3025; x_wconf 85' lang='lat' dir='ltr'><strong>esse</strong></span> <span class='ocrx_word' id='word_1_736' title='bbox 2294 2970 2768 3039; x_wconf 87' lang='lat' dir='ltr'><strong>sapientissimum.</strong></span> <span class='ocrx_word' id='word_1_737' title='bbox 2793 2972 3000 3031; x_wconf 85' lang='lat' dir='ltr'><strong>Idcirco</strong></span> <span class='ocrx_word' id='word_1_738' title='bbox 3024 2978 3239 3047; x_wconf 90' lang='lat' dir='ltr'><strong>sapiens</strong></span> <span class='ocrx_word' id='word_1_739' title='bbox 3263 2979 3483 3050; x_wconf 87' lang='lat' dir='ltr'><strong>quidam</strong></span> 
     </span>
    </p>
   </div>
   <div class='ocr_carea' id='block_1_92' title="bbox 1877 3059 3477 3146">
    <p class='ocr_par' dir='ltr' id='par_1_92' title="bbox 1877 3059 3477 3146">
     <span class='ocr_line' id='line_1_92' title="bbox 1877 3059 3477 3146; baseline 0.009 -30"><span class='ocrx_word' id='word_1_740' title='bbox 1877 3060 2041 3128; x_wconf 89' lang='lat' dir='ltr'><strong>dicit,</strong></span> <span class='ocrx_word' id='word_1_741' title='bbox 2068 3059 2287 3115; x_wconf 87' lang='lat' dir='ltr'><strong>Initium</strong></span> <span class='ocrx_word' id='word_1_742' title='bbox 2313 3064 2607 3133; x_wconf 65' lang='lat' dir='ltr'><strong>sapientiae,</strong></span> <span class='ocrx_word' id='word_1_743' title='bbox 2636 3066 2789 3120; x_wconf 85' lang='lat' dir='ltr'><strong>timor</strong></span> <span class='ocrx_word' id='word_1_744' title='bbox 2812 3066 3023 3124; x_wconf 87' lang='lat' dir='ltr'><strong>Domini</strong></span> <span class='ocrx_word' id='word_1_745' title='bbox 3051 3069 3073 3142; x_wconf 92' lang='lat'>(</span> <span class='ocrx_word' id='word_1_746' title='bbox 3090 3069 3249 3126; x_wconf 77' lang='lat' dir='ltr'><strong>Prov.</strong></span> <span class='ocrx_word' id='word_1_747' title='bbox 3294 3074 3345 3128; x_wconf 89' lang='grc'><strong>1.</strong></span> <span class='ocrx_word' id='word_1_748' title='bbox 3378 3073 3477 3146; x_wconf 87' lang='lat'><strong>7).</strong></span> 
     </span>
    </p>
   </div>
   <div class='ocr_carea' id='block_1_93' title="bbox 1876 3149 3482 3228">
    <p class='ocr_par' dir='ltr' id='par_1_93' title="bbox 1876 3149 3482 3228">
     <span class='ocr_line' id='line_1_93' title="bbox 1876 3149 3482 3228; baseline 0.009 -21"><span class='ocrx_word' id='word_1_749' title='bbox 1876 3149 1932 3207; x_wconf 87' lang='lat' dir='ltr'><strong>Si</strong></span> <span class='ocrx_word' id='word_1_750' title='bbox 1958 3166 2087 3222; x_wconf 87' lang='lat' dir='ltr'><strong>ergo</strong></span> <span class='ocrx_word' id='word_1_751' title='bbox 2125 3152 2317 3209; x_wconf 91' lang='lat' dir='ltr'><strong>timere</strong></span> <span class='ocrx_word' id='word_1_752' title='bbox 2348 3153 2519 3209; x_wconf 91' lang='lat' dir='ltr'><strong>Deum</strong></span> <span class='ocrx_word' id='word_1_753' title='bbox 2558 3165 2641 3211; x_wconf 89' lang='lat' dir='ltr'><strong>est</strong></span> <span class='ocrx_word' id='word_1_754' title='bbox 2678 3158 2996 3227; x_wconf 85' lang='lat' dir='ltr'><strong>sapientiam</strong></span> <span class='ocrx_word' id='word_1_755' title='bbox 3027 3159 3267 3228; x_wconf 88' lang='lat' dir='ltr'><strong>habere;</strong></span> <span class='ocrx_word' id='word_1_756' title='bbox 3309 3166 3482 3222; x_wconf 87' lang='lat' dir='ltr'><strong>malus</strong></span> 
     </span>
    </p>
   </div>
   <div class='ocr_carea' id='block_1_94' title="bbox 1876 3243 3480 3322">
    <p class='ocr_par' dir='ltr' id='par_1_94' title="bbox 1876 3243 3480 3322">
     <span class='ocr_line' id='line_1_94' title="bbox 1876 3243 3480 3322; baseline 0.011 -25"><span class='ocrx_word' id='word_1_757' title='bbox 1876 3258 1983 3299; x_wconf 92' lang='lat' dir='ltr'><strong>non</strong></span> <span class='ocrx_word' id='word_1_758' title='bbox 2014 3244 2085 3299; x_wconf 89' lang='lat' dir='ltr'><strong>ita</strong></span> <span class='ocrx_word' id='word_1_759' title='bbox 2115 3243 2337 3300; x_wconf 80' lang='lat' dir='ltr'><strong>alfectus</strong></span> <span class='ocrx_word' id='word_1_760' title='bbox 2356 3288 2371 3313; x_wconf 93' lang='lat'><strong>,</strong></span> <span class='ocrx_word' id='word_1_761' title='bbox 2400 3262 2527 3303; x_wconf 91' lang='lat' dir='ltr'><strong>vere</strong></span> <span class='ocrx_word' id='word_1_762' title='bbox 2550 3249 2812 3318; x_wconf 81' lang='lat' dir='ltr'><strong>sapientia</strong></span> <span class='ocrx_word' id='word_1_763' title='bbox 2842 3252 3083 3322; x_wconf 76' lang='lat' dir='ltr'><strong>privatur</strong></span> <span class='ocrx_word' id='word_1_764' title='bbox 3107 3274 3121 3310; x_wconf 90' lang='lat'><strong>:</strong></span> <span class='ocrx_word' id='word_1_765' title='bbox 3144 3271 3269 3313; x_wconf 88' lang='lat' dir='ltr'><strong>vera</strong></span> <span class='ocrx_word' id='word_1_766' title='bbox 3300 3270 3480 3314; x_wconf 88' lang='lat' dir='ltr'><strong>autem</strong></span> 
     </span>
    </p>
   </div>
   <div class='ocr_carea' id='block_1_95' title="bbox 1877 3329 3479 3423">
    <p class='ocr_par' dir='ltr' id='par_1_95' title="bbox 1877 3329 3479 3423">
     <span class='ocr_line' id='line_1_95' title="bbox 1877 3329 3479 3423; baseline 0.01 -36"><span class='ocrx_word' id='word_1_767' title='bbox 1877 3334 2116 3403; x_wconf 87' lang='lat' dir='ltr'><strong>privatus</strong></span> <span class='ocrx_word' id='word_1_768' title='bbox 2140 3336 2423 3406; x_wconf 89' lang='lat' dir='ltr'><strong>sapientia,</strong></span> <span class='ocrx_word' id='word_1_769' title='bbox 2449 3337 2687 3391; x_wconf 89' lang='lat' dir='ltr'><strong>omnium</strong></span> <span class='ocrx_word' id='word_1_770' title='bbox 2710 3350 2792 3394; x_wconf 86' lang='lat' dir='ltr'><strong>est</strong></span> <span class='ocrx_word' id='word_1_771' title='bbox 2811 3329 3300 3423; x_wconf 53' lang='lat' dir='ltr'><strong>insipientissimus.</strong></span> <span class='ocrx_word' id='word_1_772' title='bbox 3325 3342 3479 3419; x_wconf 81' lang='lat' dir='ltr'><strong>Atqui</strong></span> 
     </span>
    </p>
   </div>
   <div class='ocr_carea' id='block_1_96' title="bbox 1876 3428 3482 3506">
    <p class='ocr_par' dir='ltr' id='par_1_96' title="bbox 1876 3428 3482 3506">
     <span class='ocr_line' id='line_1_96' title="bbox 1876 3428 3482 3506; baseline 0.011 -25"><span class='ocrx_word' id='word_1_773' title='bbox 1876 3428 2086 3496; x_wconf 89' lang='lat' dir='ltr'><strong>plurimi</strong></span> <span class='ocrx_word' id='word_1_774' title='bbox 2118 3428 2392 3498; x_wconf 90' lang='lat' dir='ltr'><strong>improbos</strong></span> <span class='ocrx_word' id='word_1_775' title='bbox 2419 3429 2775 3499; x_wconf 88' lang='lat' dir='ltr'><strong>admirantur,</strong></span> <span class='ocrx_word' id='word_1_776' title='bbox 2807 3443 2867 3488; x_wconf 90' lang='lat' dir='ltr'><strong>ut</strong></span> <span class='ocrx_word' id='word_1_777' title='bbox 2906 3435 2996 3506; x_wconf 91' lang='lat' dir='ltr'><strong>qui</strong></span> <span class='ocrx_word' id='word_1_778' title='bbox 3039 3439 3245 3506; x_wconf 89' lang='lat' dir='ltr'><strong>possint</strong></span> <span class='ocrx_word' id='word_1_779' title='bbox 3282 3440 3482 3499; x_wconf 76' lang='lat' dir='ltr'><strong>lmdere</strong></span> 
     </span>
    </p>
   </div>
   <div class='ocr_carea' id='block_1_97' title="bbox 1874 3520 3481 3595">
    <p class='ocr_par' dir='ltr' id='par_1_97' title="bbox 1874 3520 3481 3595">
     <span class='ocr_line' id='line_1_97' title="bbox 1874 3520 3481 3595; baseline 0.009 -22"><span class='ocrx_word' id='word_1_780' title='bbox 1874 3533 1940 3574; x_wconf 92' lang='lat' dir='ltr'><strong>ac</strong></span> <span class='ocrx_word' id='word_1_781' title='bbox 1967 3533 2197 3586; x_wconf 90' lang='lat' dir='ltr'><strong>nocere;</strong></span> <span class='ocrx_word' id='word_1_782' title='bbox 2242 3534 2349 3575; x_wconf 90' lang='lat' dir='ltr'><strong>non</strong></span> <span class='ocrx_word' id='word_1_783' title='bbox 2379 3520 2741 3592; x_wconf 85' lang='lat' dir='ltr'><strong>intelligentes</strong></span> <span class='ocrx_word' id='word_1_784' title='bbox 2781 3526 2926 3595; x_wconf 89' lang='lat' dir='ltr'><strong>ipsos</strong></span> <span class='ocrx_word' id='word_1_785' title='bbox 2958 3530 3197 3585; x_wconf 90' lang='lat' dir='ltr'><strong>omnium</strong></span> <span class='ocrx_word' id='word_1_786' title='bbox 3243 3532 3481 3589; x_wconf 82' lang='lat' dir='ltr'><strong>miserri-</strong></span> 
     </span>
    </p>
   </div>
   <div class='ocr_carea' id='block_1_98' title="bbox 1874 3611 3481 3685">
    <p class='ocr_par' dir='ltr' id='par_1_98' title="bbox 1874 3611 3481 3685">
     <span class='ocr_line' id='line_1_98' title="bbox 1874 3611 3481 3685; baseline 0.011 -21"><span class='ocrx_word' id='word_1_787' title='bbox 1874 3625 1993 3666; x_wconf 88' lang='lat' dir='ltr'><strong>mos</strong></span> <span class='ocrx_word' id='word_1_788' title='bbox 2030 3611 2331 3667; x_wconf 90' lang='lat' dir='ltr'><strong>censendos</strong></span> <span class='ocrx_word' id='word_1_789' title='bbox 2374 3628 2497 3669; x_wconf 88' lang='lat' dir='ltr'><strong>csse</strong></span> <span class='ocrx_word' id='word_1_790' title='bbox 2521 3656 2537 3678; x_wconf 94' lang='lat'><strong>,</strong></span> <span class='ocrx_word' id='word_1_791' title='bbox 2581 3615 2725 3685; x_wconf 89' lang='lat' dir='ltr'><strong>quod</strong></span> <span class='ocrx_word' id='word_1_792' title='bbox 2755 3616 2882 3671; x_wconf 90' lang='lat' dir='ltr'><strong>dum</strong></span> <span class='ocrx_word' id='word_1_793' title='bbox 2922 3630 3150 3676; x_wconf 63' lang='lat' dir='ltr'><strong>exteros</strong></span> <span class='ocrx_word' id='word_1_794' title='bbox 3184 3636 3245 3679; x_wconf 89' lang='lat' dir='ltr'><strong>se</strong></span> <span class='ocrx_word' id='word_1_795' title='bbox 3284 3623 3481 3681; x_wconf 74' lang='lat' dir='ltr'><strong>la2dere</strong></span> 
     </span>
    </p>
   </div>
   <div class='ocr_carea' id='block_1_99' title="bbox 1875 3704 3481 3782">
    <p class='ocr_par' dir='ltr' id='par_1_99' title="bbox 1875 3704 3481 3782">
     <span class='ocr_line' id='line_1_99' title="bbox 1875 3704 3481 3782; baseline 0.01 -26"><span class='ocrx_word' id='word_1_796' title='bbox 1875 3710 2097 3772; x_wconf 89' lang='lat' dir='ltr'><strong>putant,</strong></span> <span class='ocrx_word' id='word_1_797' title='bbox 2131 3704 2183 3758; x_wconf 92' lang='lat' dir='ltr'><strong>in</strong></span> <span class='ocrx_word' id='word_1_798' title='bbox 2215 3704 2422 3775; x_wconf 88' lang='lat' dir='ltr'><strong>seipsos</strong></span> <span class='ocrx_word' id='word_1_799' title='bbox 2450 3706 2686 3777; x_wconf 87' lang='lat' dir='ltr'><strong>gladium</strong></span> <span class='ocrx_word' id='word_1_800' title='bbox 2725 3717 2938 3766; x_wconf 77' lang='lat' dir='ltr'><strong>vertant</strong></span> <span class='ocrx_word' id='word_1_801' title='bbox 2980 3729 2993 3765; x_wconf 95' lang='lat'>:</span> <span class='ocrx_word' id='word_1_802' title='bbox 3041 3712 3185 3782; x_wconf 89' lang='lat' dir='ltr'><strong>quod</strong></span> <span class='ocrx_word' id='word_1_803' title='bbox 3224 3723 3481 3773; x_wconf 77' lang='lat' dir='ltr'><strong>extremae</strong></span> 
     </span>
    </p>
   </div>
   <div class='ocr_carea' id='block_1_100' title="bbox 1864 3797 3478 3873">
    <p class='ocr_par' dir='ltr' id='par_1_100' title="bbox 1864 3797 3478 3873">
     <span class='ocr_line' id='line_1_100' title="bbox 1864 3797 3478 3873; baseline 0.009 -21"><span class='ocrx_word' id='word_1_804' title='bbox 1864 3797 2157 3853; x_wconf 69' lang='lat' dir='ltr'><strong>dementia:</strong></span> <span class='ocrx_word' id='word_1_805' title='bbox 2183 3807 2284 3854; x_wconf 89' lang='lat' dir='ltr'><strong>est.</strong></span> <span class='ocrx_word' id='word_1_806' title='bbox 2314 3798 2446 3854; x_wconf 86' lang='lat' dir='ltr'><strong>Nam</strong></span> <span class='ocrx_word' id='word_1_807' title='bbox 2476 3799 2630 3856; x_wconf 85' lang='lat' dir='ltr'><strong>inscii</strong></span> <span class='ocrx_word' id='word_1_808' title='bbox 2656 3802 2865 3873; x_wconf 86' lang='lat' dir='ltr'><strong>seipsos</strong></span> <span class='ocrx_word' id='word_1_809' title='bbox 2893 3804 3224 3873; x_wconf 79' lang='lat' dir='ltr'><strong>confodiunt,</strong></span> <span class='ocrx_word' id='word_1_810' title='bbox 3258 3819 3314 3865; x_wconf 90' lang='lat' dir='ltr'><strong>et</strong></span> <span class='ocrx_word' id='word_1_811' title='bbox 3351 3810 3478 3867; x_wconf 89' lang='lat' dir='ltr'><strong>dum</strong></span> 
     </span>
    </p>
   </div>
   <div class='ocr_carea' id='block_1_101' title="bbox 1873 3891 3479 3968">
    <p class='ocr_par' dir='ltr' id='par_1_101' title="bbox 1873 3891 3479 3968">
     <span class='ocr_line' id='line_1_101' title="bbox 1873 3891 3479 3968; baseline 0.009 -25"><span class='ocrx_word' id='word_1_812' title='bbox 1873 3891 2025 3944; x_wconf 84' lang='lat' dir='ltr'><strong>alteri</strong></span> <span class='ocrx_word' id='word_1_813' title='bbox 2050 3905 2110 3945; x_wconf 90' lang='lat' dir='ltr'><strong>se</strong></span> <span class='ocrx_word' id='word_1_814' title='bbox 2140 3906 2335 3946; x_wconf 90' lang='lat' dir='ltr'><strong>nocere</strong></span> <span class='ocrx_word' id='word_1_815' title='bbox 2365 3900 2584 3960; x_wconf 90' lang='lat' dir='ltr'><strong>putant,</strong></span> <span class='ocrx_word' id='word_1_816' title='bbox 2614 3894 2823 3965; x_wconf 87' lang='lat' dir='ltr'><strong>seipsos</strong></span> <span class='ocrx_word' id='word_1_817' title='bbox 2840 3896 3105 3968; x_wconf 90' lang='lat' dir='ltr'><strong>jugulant.</strong></span> <span class='ocrx_word' id='word_1_818' title='bbox 3133 3897 3259 3956; x_wconf 84' lang='lat' dir='ltr'><strong>ideo</strong></span> <span class='ocrx_word' id='word_1_819' title='bbox 3283 3902 3479 3958; x_wconf 78' lang='lat' dir='ltr'><strong>Paulus</strong></span> 
     </span>
    </p>
   </div>
   <div class='ocr_carea' id='block_1_102' title="bbox 1871 3992 3497 4060">
    <p class='ocr_par' dir='ltr' id='par_1_102' title="bbox 1871 3992 3497 4060">
     <span class='ocr_line' id='line_1_102' title="bbox 1871 3992 3497 4060; baseline 0.01 -25"><span class='ocrx_word' id='word_1_820' title='bbox 1871 3997 2070 4052; x_wconf 85' lang='lat' dir='ltr'><strong>gnarus</strong></span> <span class='ocrx_word' id='word_1_821' title='bbox 2096 3997 2214 4047; x_wconf 87' lang='lat' dir='ltr'><strong>nos,</strong></span> <span class='ocrx_word' id='word_1_822' title='bbox 2247 3998 2368 4038; x_wconf 92' lang='lat' dir='ltr'><strong>eum</strong></span> <span class='ocrx_word' id='word_1_823' title='bbox 2396 3994 2624 4042; x_wconf 73' lang='lat' dir='ltr'><strong>cmtcros</strong></span> <span class='ocrx_word' id='word_1_824' title='bbox 2648 3998 2927 4057; x_wconf 87' lang='lat' dir='ltr'><strong>percutere</strong></span> <span class='ocrx_word' id='word_1_825' title='bbox 2945 3992 3216 4060; x_wconf 81' lang='lat' dir='ltr'><strong>volumus,</strong></span> <span class='ocrx_word' id='word_1_826' title='bbox 3237 4006 3450 4051; x_wconf 89' lang='lat' dir='ltr'><strong>nosmet</strong></span> <span class='ocrx_word' id='word_1_827' title='bbox 3476 4021 3497 4033; x_wconf 80' lang='lat'><strong>-</strong></span> 
     </span>
    </p>
   </div>
   <div class='ocr_carea' id='block_1_103' title="bbox 1873 4074 3477 4157">
    <p class='ocr_par' dir='ltr' id='par_1_103' title="bbox 1873 4074 3477 4157">
     <span class='ocr_line' id='line_1_103' title="bbox 1873 4074 3477 4157; baseline 0.009 -30"><span class='ocrx_word' id='word_1_828' title='bbox 1873 4075 2019 4145; x_wconf 87' lang='lat' dir='ltr'><strong>ipsos</strong></span> <span class='ocrx_word' id='word_1_829' title='bbox 2058 4074 2383 4144; x_wconf 80' lang='lat' dir='ltr'><strong>interﬁcere,</strong></span> <span class='ocrx_word' id='word_1_830' title='bbox 2414 4076 2628 4134; x_wconf 88' lang='lat' dir='ltr'><strong>dicebat</strong></span> <span class='ocrx_word' id='word_1_831' title='bbox 2657 4097 2669 4131; x_wconf 91' lang='lat'><strong>:</strong></span> <span class='ocrx_word' id='word_1_832' title='bbox 2712 4081 2885 4147; x_wconf 81' lang='lat' dir='ltr'><strong>Quare</strong></span> <span class='ocrx_word' id='word_1_833' title='bbox 2912 4100 3012 4137; x_wconf 87' lang='lat' dir='ltr'><strong>non</strong></span> <span class='ocrx_word' id='word_1_834' title='bbox 3040 4088 3209 4154; x_wconf 85' lang='lat' dir='ltr'><strong>potius</strong></span> <span class='ocrx_word' id='word_1_835' title='bbox 3234 4088 3477 4157; x_wconf 84' lang='lat' dir='ltr'><strong>injuriam</strong></span> 
     </span>
    </p>
   </div>
   <div class='ocr_carea' id='block_1_104' title="bbox 1872 4166 3474 4248">
    <p class='ocr_par' dir='ltr' id='par_1_104' title="bbox 1872 4166 3474 4248">
     <span class='ocr_line' id='line_1_104' title="bbox 1872 4166 3474 4248; baseline 0.011 -31"><span class='ocrx_word' id='word_1_836' title='bbox 1872 4166 2143 4235; x_wconf 81' lang='lat' dir='ltr'><strong>accipitis?</strong></span> <span class='ocrx_word' id='word_1_837' title='bbox 2167 4183 2327 4237; x_wconf 86' lang='lat' dir='ltr'><strong>quare</strong></span> <span class='ocrx_word' id='word_1_838' title='bbox 2350 4185 2452 4223; x_wconf 88' lang='lat' dir='ltr'><strong>non</strong></span> <span class='ocrx_word' id='word_1_839' title='bbox 2478 4171 2640 4241; x_wconf 82' lang='lat' dir='ltr'><strong>magis</strong></span> <span class='ocrx_word' id='word_1_840' title='bbox 2679 4171 2914 4240; x_wconf 77' lang='lat' dir='ltr'><strong>fraudant</strong></span> <span class='ocrx_word' id='word_1_841' title='bbox 2944 4176 3179 4245; x_wconf 85' lang='lat' dir='ltr'><strong>patimini</strong></span> <span class='ocrx_word' id='word_1_842' title='bbox 3219 4178 3238 4248; x_wconf 92' lang='lat'>(</span> <span class='ocrx_word' id='word_1_843' title='bbox 3261 4179 3312 4236; x_wconf 89' lang='grc'><strong>1.</strong></span> <span class='ocrx_word' id='word_1_844' title='bbox 3353 4178 3474 4236; x_wconf 76' lang='lat' dir='ltr'><strong>Cor.</strong></span> 
     </span>
    </p>
   </div>
   <div class='ocr_carea' id='block_1_105' title="bbox 1872 4257 3475 4366">
    <p class='ocr_par' dir='ltr' id='par_1_105' title="bbox 1872 4257 3475 4366">
     <span class='ocr_line' id='line_1_105' title="bbox 1872 4257 3475 4366; baseline 0.009 -53"><span class='ocrx_word' id='word_1_845' title='bbox 1872 4257 1925 4313; x_wconf 86' lang='lat'><strong>6.</strong></span> <span class='ocrx_word' id='word_1_846' title='bbox 1958 4258 2067 4329; x_wconf 82' lang='lat'><strong>7)?</strong></span> <span class='ocrx_word' id='word_1_847' title='bbox 2096 4258 2347 4329; x_wconf 89' lang='lat' dir='ltr'><strong>lnjuriam</strong></span> <span class='ocrx_word' id='word_1_848' title='bbox 2376 4261 2520 4317; x_wconf 89' lang='lat' dir='ltr'><strong>enim</strong></span> <span class='ocrx_word' id='word_1_849' title='bbox 2548 4277 2655 4317; x_wconf 90' lang='lat' dir='ltr'><strong>non</strong></span> <span class='ocrx_word' id='word_1_850' title='bbox 2686 4266 2881 4336; x_wconf 86' lang='lat' dir='ltr'><strong>accipit</strong></span> <span class='ocrx_word' id='word_1_851' title='bbox 2906 4268 2996 4338; x_wconf 91' lang='lat' dir='ltr'><strong>qui</strong></span> <span class='ocrx_word' id='word_1_852' title='bbox 3029 4285 3134 4324; x_wconf 92' lang='lat' dir='ltr'><strong>non</strong></span> <span class='ocrx_word' id='word_1_853' title='bbox 3167 4272 3345 4366; x_wconf 52' lang='lat' dir='ltr'><strong>infert.</strong></span> <span class='ocrx_word' id='word_1_854' title='bbox 3376 4290 3475 4328; x_wconf 82' lang='lat' dir='ltr'><strong>nec</strong></span> 
     </span>
    </p>
   </div>
   <div class='ocr_carea' id='block_1_106' title="bbox 1870 4349 3477 4431">
    <p class='ocr_par' dir='ltr' id='par_1_106' title="bbox 1870 4349 3477 4431">
     <span class='ocr_line' id='line_1_106' title="bbox 1870 4349 3477 4431; baseline 0.011 -29"><span class='ocrx_word' id='word_1_855' title='bbox 1870 4350 2013 4404; x_wconf 89' lang='lat' dir='ltr'><strong>malo</strong></span> <span class='ocrx_word' id='word_1_856' title='bbox 2037 4349 2288 4418; x_wconf 87' lang='lat' dir='ltr'><strong>aflicitur,</strong></span> <span class='ocrx_word' id='word_1_857' title='bbox 2321 4353 2413 4423; x_wconf 91' lang='lat' dir='ltr'><strong>qui</strong></span> <span class='ocrx_word' id='word_1_858' title='bbox 2445 4353 2646 4409; x_wconf 90' lang='lat' dir='ltr'><strong>malum</strong></span> <span class='ocrx_word' id='word_1_859' title='bbox 2674 4372 2783 4411; x_wconf 92' lang='lat' dir='ltr'><strong>non</strong></span> <span class='ocrx_word' id='word_1_860' title='bbox 2815 4370 3072 4428; x_wconf 88' lang='lat' dir='ltr'><strong>operatur</strong></span> <span class='ocrx_word' id='word_1_861' title='bbox 3102 4379 3115 4413; x_wconf 90' lang='lat'><strong>:</strong></span> <span class='ocrx_word' id='word_1_862' title='bbox 3148 4349 3391 4431; x_wconf 62' lang='lat' dir='ltr'><strong>quami&#39;is</strong></span> <span class='ocrx_word' id='word_1_863' title='bbox 3422 4364 3477 4420; x_wconf 90' lang='lat' dir='ltr'><strong>id</strong></span> 
     </span>
    </p>
   </div>
   <div class='ocr_carea' id='block_1_107' title="bbox 1870 4443 3470 4523">
    <p class='ocr_par' dir='ltr' id='par_1_107' title="bbox 1870 4443 3470 4523">
     <span class='ocr_line' id='line_1_107' title="bbox 1870 4443 3470 4523; baseline 0.008 -26"><span class='ocrx_word' id='word_1_864' title='bbox 1870 4443 2055 4499; x_wconf 88' lang='lat' dir='ltr'><strong>multis</strong></span> <span class='ocrx_word' id='word_1_865' title='bbox 2079 4444 2304 4514; x_wconf 60' lang='lat' dir='ltr'><strong>aenigma</strong></span> <span class='ocrx_word' id='word_1_866' title='bbox 2334 4459 2455 4501; x_wconf 89' lang='lat' dir='ltr'><strong>esse</strong></span> <span class='ocrx_word' id='word_1_867' title='bbox 2478 4447 2725 4503; x_wconf 89' lang='lat' dir='ltr'><strong>videatur</strong></span> <span class='ocrx_word' id='word_1_868' title='bbox 2749 4451 2840 4520; x_wconf 92' lang='lat' dir='ltr'><strong>qui</strong></span> <span class='ocrx_word' id='word_1_869' title='bbox 2873 4453 3236 4523; x_wconf 82' lang='lat' dir='ltr'><strong>philosophari</strong></span> <span class='ocrx_word' id='word_1_870' title='bbox 3265 4456 3470 4511; x_wconf 88' lang='lat' dir='ltr'><strong>nolunt.</strong></span> 
     </span>
    </p>
   </div>
   <div class='ocr_carea' id='block_1_108' title="bbox 1870 4534 3473 4618">
    <p class='ocr_par' dir='ltr' id='par_1_108' title="bbox 1870 4534 3473 4618">
     <span class='ocr_line' id='line_1_108' title="bbox 1870 4534 3473 4618; baseline 0.009 -30"><span class='ocrx_word' id='word_1_871' title='bbox 1870 4534 1997 4589; x_wconf 71' lang='lat' dir='ltr'><strong>Hmc</strong></span> <span class='ocrx_word' id='word_1_872' title='bbox 2017 4550 2137 4590; x_wconf 90' lang='lat' dir='ltr'><strong>cum</strong></span> <span class='ocrx_word' id='word_1_873' title='bbox 2158 4538 2409 4602; x_wconf 89' lang='lat' dir='ltr'><strong>sciamus,</strong></span> <span class='ocrx_word' id='word_1_874' title='bbox 2436 4552 2660 4595; x_wconf 89' lang='lat' dir='ltr'><strong>noneos</strong></span> <span class='ocrx_word' id='word_1_875' title='bbox 2698 4541 2786 4611; x_wconf 88' lang='lat' dir='ltr'><strong>qui</strong></span> <span class='ocrx_word' id='word_1_876' title='bbox 2809 4541 3095 4610; x_wconf 68' lang='lat' dir='ltr'><strong>laeduntur,</strong></span> <span class='ocrx_word' id='word_1_877' title='bbox 3121 4547 3202 4601; x_wconf 79' lang='lat' dir='ltr'><strong>vel</strong></span> <span class='ocrx_word' id='word_1_878' title='bbox 3228 4547 3473 4618; x_wconf 81' lang='lat' dir='ltr'><strong>lnjuriam</strong></span> 
     </span>
    </p>
   </div>
   <div class='ocr_carea' id='block_1_109' title="bbox 1868 4625 3481 4709">
    <p class='ocr_par' dir='ltr' id='par_1_109' title="bbox 1868 4625 3481 4709">
     <span class='ocr_line' id='line_1_109' title="bbox 1868 4625 3481 4709; baseline 0.01 -30"><span class='ocrx_word' id='word_1_879' title='bbox 1868 4625 2157 4695; x_wconf 86' lang='lat' dir='ltr'><strong>accipiunt,</strong></span> <span class='ocrx_word' id='word_1_880' title='bbox 2187 4626 2281 4682; x_wconf 90' lang='lat' dir='ltr'><strong>sed</strong></span> <span class='ocrx_word' id='word_1_881' title='bbox 2310 4628 2431 4683; x_wconf 89' lang='lat' dir='ltr'><strong>illos</strong></span> <span class='ocrx_word' id='word_1_882' title='bbox 2446 4630 2534 4699; x_wconf 91' lang='lat' dir='ltr'><strong>qui</strong></span> <span class='ocrx_word' id='word_1_883' title='bbox 2559 4630 2808 4700; x_wconf 85' lang='lat' dir='ltr'><strong>injuriam</strong></span> <span class='ocrx_word' id='word_1_884' title='bbox 2826 4632 3084 4702; x_wconf 79' lang='lat' dir='ltr'><strong>inferunt,</strong></span> <span class='ocrx_word' id='word_1_885' title='bbox 3105 4638 3329 4694; x_wconf 87' lang='lat' dir='ltr'><strong>miseros</strong></span> <span class='ocrx_word' id='word_1_886' title='bbox 3346 4654 3481 4709; x_wconf 70' lang='lat' dir='ltr'><strong>pra-</strong></span> 
     </span>
    </p>
   </div>
   <div class='ocr_carea' id='block_1_110' title="bbox 1866 4715 3469 4795">
    <p class='ocr_par' dir='ltr' id='par_1_110' title="bbox 1866 4715 3469 4795">
     <span class='ocr_line' id='line_1_110' title="bbox 1866 4715 3469 4795; baseline 0.01 -25"><span class='ocrx_word' id='word_1_887' title='bbox 1866 4715 2107 4772; x_wconf 86' lang='lat' dir='ltr'><strong>dieemus</strong></span> <span class='ocrx_word' id='word_1_888' title='bbox 2145 4728 2201 4774; x_wconf 90' lang='lat' dir='ltr'><strong>et</strong></span> <span class='ocrx_word' id='word_1_889' title='bbox 2240 4719 2607 4789; x_wconf 89' lang='lat' dir='ltr'><strong>deploremus.</strong></span> <span class='ocrx_word' id='word_1_890' title='bbox 2645 4722 2708 4777; x_wconf 78' lang='lat' dir='ltr'><strong>lii</strong></span> <span class='ocrx_word' id='word_1_891' title='bbox 2740 4725 2884 4779; x_wconf 91' lang='lat' dir='ltr'><strong>enim</strong></span> <span class='ocrx_word' id='word_1_892' title='bbox 2919 4729 3151 4785; x_wconf 86' lang='lat' dir='ltr'><strong>maxime</strong></span> <span class='ocrx_word' id='word_1_893' title='bbox 3180 4730 3469 4795; x_wconf 63' lang='lat' dir='ltr'><strong>lmduntur,</strong></span> 
     </span>
    </p>
   </div>
   <div class='ocr_carea' id='block_1_111' title="bbox 1868 4808 3473 4895">
    <p class='ocr_par' dir='ltr' id='par_1_111' title="bbox 1868 4808 3473 4895">
     <span class='ocr_line' id='line_1_111' title="bbox 1868 4808 3473 4895; baseline 0.011 -34"><span class='ocrx_word' id='word_1_894' title='bbox 1868 4808 1956 4878; x_wconf 93' lang='lat' dir='ltr'><strong>qui</strong></span> <span class='ocrx_word' id='word_1_895' title='bbox 1974 4810 2083 4864; x_wconf 91' lang='lat' dir='ltr'><strong>Deo</strong></span> <span class='ocrx_word' id='word_1_896' title='bbox 2104 4810 2303 4866; x_wconf 89' lang='lat' dir='ltr'><strong>bellum</strong></span> <span class='ocrx_word' id='word_1_897' title='bbox 2322 4812 2579 4880; x_wconf 87' lang='lat' dir='ltr'><strong>inferunt,</strong></span> <span class='ocrx_word' id='word_1_898' title='bbox 2599 4824 2653 4870; x_wconf 90' lang='lat' dir='ltr'><strong>et</strong></span> <span class='ocrx_word' id='word_1_899' title='bbox 2677 4817 2827 4872; x_wconf 90' lang='lat' dir='ltr'><strong>mille</strong></span> <span class='ocrx_word' id='word_1_900' title='bbox 2842 4830 3216 4877; x_wconf 88' lang='lat' dir='ltr'><strong>accusatorum</strong></span> <span class='ocrx_word' id='word_1_901' title='bbox 3238 4838 3331 4878; x_wconf 89' lang='lat' dir='ltr'><strong>ora</strong></span> <span class='ocrx_word' id='word_1_902' title='bbox 3352 4839 3473 4895; x_wconf 86' lang='lat' dir='ltr'><strong>ape-</strong></span> 
     </span>
    </p>
   </div>
   <div class='ocr_carea' id='block_1_112' title="bbox 1867 4901 3473 4988">
    <p class='ocr_par' dir='ltr' id='par_1_112' title="bbox 1867 4901 3473 4988">
     <span class='ocr_line' id='line_1_112' title="bbox 1867 4901 3473 4988; baseline 0.012 -33"><span class='ocrx_word' id='word_1_903' title='bbox 1867 4901 2032 4967; x_wconf 92' lang='lat' dir='ltr'><strong>riunt,</strong></span> <span class='ocrx_word' id='word_1_904' title='bbox 2051 4904 2297 4974; x_wconf 89' lang='lat' dir='ltr'><strong>malaque</strong></span> <span class='ocrx_word' id='word_1_905' title='bbox 2314 4904 2454 4962; x_wconf 84' lang='lat' dir='ltr'><strong>fama</strong></span> <span class='ocrx_word' id='word_1_906' title='bbox 2476 4908 2527 4962; x_wconf 92' lang='lat' dir='ltr'><strong>in</strong></span> <span class='ocrx_word' id='word_1_907' title='bbox 2550 4906 2652 4964; x_wconf 74' lang='lat' dir='ltr'><strong>hac</strong></span> <span class='ocrx_word' id='word_1_908' title='bbox 2676 4911 2782 4964; x_wconf 89' lang='lat' dir='ltr'><strong>vita</strong></span> <span class='ocrx_word' id='word_1_909' title='bbox 2803 4912 3077 4969; x_wconf 89' lang='lat' dir='ltr'><strong>laborant:</strong></span> <span class='ocrx_word' id='word_1_910' title='bbox 3101 4925 3263 4986; x_wconf 88' lang='lat' dir='ltr'><strong>atque</strong></span> <span class='ocrx_word' id='word_1_911' title='bbox 3282 4917 3473 4988; x_wconf 85' lang='lat' dir='ltr'><strong>ingens</strong></span> 
     </span>
    </p>
   </div>
   <div class='ocr_carea' id='block_1_113' title="bbox 1867 4990 3468 5077">
    <p class='ocr_par' dir='ltr' id='par_1_113' title="bbox 1867 4990 3468 5077">
     <span class='ocr_line' id='line_1_113' title="bbox 1867 4990 3468 5077; baseline 0.011 -32"><span class='ocrx_word' id='word_1_912' title='bbox 1867 4990 1920 5046; x_wconf 91' lang='lat' dir='ltr'><strong>in</strong></span> <span class='ocrx_word' id='word_1_913' title='bbox 1948 4991 2127 5048; x_wconf 90' lang='lat' dir='ltr'><strong>futuro</strong></span> <span class='ocrx_word' id='word_1_914' title='bbox 2152 4995 2252 5049; x_wconf 90' lang='lat' dir='ltr'><strong>sibi</strong></span> <span class='ocrx_word' id='word_1_915' title='bbox 2281 5006 2470 5065; x_wconf 88' lang='lat' dir='ltr'><strong>parant</strong></span> <span class='ocrx_word' id='word_1_916' title='bbox 2498 5000 2816 5069; x_wconf 89' lang='lat' dir='ltr'><strong>supplicium</strong></span> <span class='ocrx_word' id='word_1_917' title='bbox 2844 5020 2858 5057; x_wconf 93' lang='lat'>:</span> <span class='ocrx_word' id='word_1_918' title='bbox 2883 5013 2940 5057; x_wconf 94' lang='lat' dir='ltr'><strong>ut</strong></span> <span class='ocrx_word' id='word_1_919' title='bbox 2967 5015 3153 5060; x_wconf 91' lang='lat' dir='ltr'><strong>contra</strong></span> <span class='ocrx_word' id='word_1_920' title='bbox 3177 5007 3213 5061; x_wconf 89' lang='lat' dir='ltr'><strong>ii</strong></span> <span class='ocrx_word' id='word_1_921' title='bbox 3241 5008 3330 5077; x_wconf 94' lang='lat' dir='ltr'><strong>qui</strong></span> <span class='ocrx_word' id='word_1_922' title='bbox 3356 5008 3468 5065; x_wconf 71' lang='lat' dir='ltr'><strong>lmsi</strong></span> 
     </span>
    </p>
   </div>
   <div class='ocr_carea' id='block_1_114' title="bbox 1865 5083 3469 5169">
    <p class='ocr_par' dir='ltr' id='par_1_114' title="bbox 1865 5083 3469 5169">
     <span class='ocr_line' id='line_1_114' title="bbox 1865 5083 3469 5169; baseline 0.012 -32"><span class='ocrx_word' id='word_1_923' title='bbox 1865 5083 2089 5153; x_wconf 88' lang='lat' dir='ltr'><strong>injurias</strong></span> <span class='ocrx_word' id='word_1_924' title='bbox 2116 5084 2330 5142; x_wconf 88' lang='lat' dir='ltr'><strong>fortiter</strong></span> <span class='ocrx_word' id='word_1_925' title='bbox 2357 5088 2573 5159; x_wconf 86' lang='lat' dir='ltr'><strong>ferunt,</strong></span> <span class='ocrx_word' id='word_1_926' title='bbox 2605 5092 2774 5147; x_wconf 90' lang='lat' dir='ltr'><strong>Deum</strong></span> <span class='ocrx_word' id='word_1_927' title='bbox 2802 5094 2999 5151; x_wconf 88' lang='lat' dir='ltr'><strong>habent</strong></span> <span class='ocrx_word' id='word_1_928' title='bbox 3022 5100 3337 5169; x_wconf 83' lang='lat' dir='ltr'><strong>prOpitium,</strong></span> <span class='ocrx_word' id='word_1_929' title='bbox 3361 5115 3469 5155; x_wconf 86' lang='lat' dir='ltr'><strong>om-</strong></span> 
     </span>
    </p>
   </div>
   <div class='ocr_carea' id='block_1_115' title="bbox 1864 5182 3467 5257">
    <p class='ocr_par' dir='ltr' id='par_1_115' title="bbox 1864 5182 3467 5257">
     <span class='ocr_line' id='line_1_115' title="bbox 1864 5182 3467 5257; baseline 0.01 -27"><span class='ocrx_word' id='word_1_930' title='bbox 1864 5182 2067 5246; x_wconf 86' lang='lat' dir='ltr'><strong>nesque</strong></span> <span class='ocrx_word' id='word_1_931' title='bbox 2092 5194 2153 5235; x_wconf 89' lang='lat' dir='ltr'><strong>se</strong></span> <span class='ocrx_word' id='word_1_932' title='bbox 2178 5184 2641 5252; x_wconf 88' lang='lat' dir='ltr'><strong>commiserantes,</strong></span> <span class='ocrx_word' id='word_1_933' title='bbox 2665 5189 3045 5257; x_wconf 63' lang='lat' dir='ltr'><strong>approbantes,</strong></span> <span class='ocrx_word' id='word_1_934' title='bbox 3070 5192 3369 5249; x_wconf 85' lang='lat' dir='ltr'><strong>laudantes.</strong></span> <span class='ocrx_word' id='word_1_935' title='bbox 3404 5195 3467 5248; x_wconf 88' lang='lat' dir='ltr'><strong>lli</strong></span> 
     </span>
    </p>
   </div>
   <div class='ocr_carea' id='block_1_116' title="bbox 1863 5266 3466 5355">
    <p class='ocr_par' dir='ltr' id='par_1_116' title="bbox 1863 5266 3466 5355">
     <span class='ocr_line' id='line_1_116' title="bbox 1863 5266 3466 5355; baseline 0.013 -35"><span class='ocrx_word' id='word_1_936' title='bbox 1863 5266 1917 5321; x_wconf 93' lang='lat' dir='ltr'><strong>in</strong></span> <span class='ocrx_word' id='word_1_937' title='bbox 1950 5267 2049 5323; x_wconf 88' lang='lat' dir='ltr'><strong>hac</strong></span> <span class='ocrx_word' id='word_1_938' title='bbox 2094 5270 2199 5324; x_wconf 90' lang='lat' dir='ltr'><strong>vita</strong></span> <span class='ocrx_word' id='word_1_939' title='bbox 2237 5272 2526 5329; x_wconf 90' lang='lat' dir='ltr'><strong>admodum</strong></span> <span class='ocrx_word' id='word_1_940' title='bbox 2568 5276 2813 5333; x_wconf 86' lang='lat' dir='ltr'><strong>celebres</strong></span> <span class='ocrx_word' id='word_1_941' title='bbox 2853 5288 3044 5347; x_wconf 88' lang='lat' dir='ltr'><strong>erunt,</strong></span> <span class='ocrx_word' id='word_1_942' title='bbox 3083 5282 3174 5353; x_wconf 87' lang='lat' dir='ltr'><strong>qui</strong></span> <span class='ocrx_word' id='word_1_943' title='bbox 3216 5300 3466 5355; x_wconf 89' lang='lat' dir='ltr'><strong>magnum</strong></span> 
     </span>
    </p>
   </div>
   <div class='ocr_carea' id='block_1_117' title="bbox 1863 5358 3463 5439">
    <p class='ocr_par' dir='ltr' id='par_1_117' title="bbox 1863 5358 3463 5439">
     <span class='ocr_line' id='line_1_117' title="bbox 1863 5358 3463 5439; baseline 0.014 -27"><span class='ocrx_word' id='word_1_944' title='bbox 1863 5358 2218 5432; x_wconf 57' lang='lat' dir='ltr'><strong>philosophia</strong></span> <span class='ocrx_word' id='word_1_945' title='bbox 2247 5368 2553 5437; x_wconf 83' lang='lat' dir='ltr'><strong>exemplum</strong></span> <span class='ocrx_word' id='word_1_946' title='bbox 2585 5370 2897 5439; x_wconf 75' lang='lat' dir='ltr'><strong>praebeant,</strong></span> <span class='ocrx_word' id='word_1_947' title='bbox 2946 5384 3001 5429; x_wconf 90' lang='lat' dir='ltr'><strong>et</strong></span> <span class='ocrx_word' id='word_1_948' title='bbox 3040 5375 3092 5429; x_wconf 91' lang='lat' dir='ltr'><strong>in</strong></span> <span class='ocrx_word' id='word_1_949' title='bbox 3138 5375 3313 5433; x_wconf 90' lang='lat' dir='ltr'><strong>futura</strong></span> <span class='ocrx_word' id='word_1_950' title='bbox 3359 5380 3463 5435; x_wconf 88' lang='lat' dir='ltr'><strong>vita</strong></span> 
     </span>
    </p>
   </div>
   <div class='ocr_carea' id='block_1_118' title="bbox 1860 5452 3461 5540">
    <p class='ocr_par' dir='ltr' id='par_1_118' title="bbox 1860 5452 3461 5540">
     <span class='ocr_line' id='line_1_118' title="bbox 1860 5452 3461 5540; baseline 0.014 -35"><span class='ocrx_word' id='word_1_951' title='bbox 1860 5454 2079 5507; x_wconf 73' lang='lat' dir='ltr'><strong>mternis</strong></span> <span class='ocrx_word' id='word_1_952' title='bbox 2104 5452 2355 5510; x_wconf 86' lang='lat' dir='ltr'><strong>fruuntur</strong></span> <span class='ocrx_word' id='word_1_953' title='bbox 2382 5459 2537 5514; x_wconf 86' lang='lat' dir='ltr'><strong>bonis</strong></span> <span class='ocrx_word' id='word_1_954' title='bbox 2570 5479 2583 5515; x_wconf 88' lang='lat'><strong>:</strong></span> <span class='ocrx_word' id='word_1_955' title='bbox 2617 5478 2739 5532; x_wconf 71' lang='lat' dir='ltr'><strong>qua:</strong></span> <span class='ocrx_word' id='word_1_956' title='bbox 2755 5480 2864 5521; x_wconf 87' lang='lat' dir='ltr'><strong>.nos</strong></span> <span class='ocrx_word' id='word_1_957' title='bbox 2890 5481 3080 5523; x_wconf 89' lang='lat' dir='ltr'><strong>omnes</strong></span> <span class='ocrx_word' id='word_1_958' title='bbox 3100 5472 3313 5540; x_wconf 88' lang='lat' dir='ltr'><strong>assequi</strong></span> <span class='ocrx_word' id='word_1_959' title='bbox 3336 5486 3461 5526; x_wconf 84' lang='lat' dir='ltr'><strong>cnn-</strong></span> 
     </span>
    </p>
   </div>
   <div class='ocr_carea' id='block_1_119' title="bbox 1859 5543 3459 5622">
    <p class='ocr_par' dir='ltr' id='par_1_119' title="bbox 1859 5543 3459 5622">
     <span class='ocr_line' id='line_1_119' title="bbox 1859 5543 3459 5622; baseline 0.016 -26"><span class='ocrx_word' id='word_1_960' title='bbox 1859 5543 2044 5614; x_wconf 89' lang='lat' dir='ltr'><strong>tingat,</strong></span> <span class='ocrx_word' id='word_1_961' title='bbox 2069 5549 2238 5617; x_wconf 80' lang='lat' dir='ltr'><strong>gratia</strong></span> <span class='ocrx_word' id='word_1_962' title='bbox 2264 5560 2317 5604; x_wconf 93' lang='lat' dir='ltr'><strong>et</strong></span> <span class='ocrx_word' id='word_1_963' title='bbox 2343 5550 2670 5622; x_wconf 89' lang='lat' dir='ltr'><strong>benignitate</strong></span> <span class='ocrx_word' id='word_1_964' title='bbox 2708 5556 2921 5614; x_wconf 91' lang='lat' dir='ltr'><strong>Domini</strong></span> <span class='ocrx_word' id='word_1_965' title='bbox 2959 5562 3129 5617; x_wconf 91' lang='lat' dir='ltr'><strong>nostri</strong></span> <span class='ocrx_word' id='word_1_966' title='bbox 3156 5562 3283 5619; x_wconf 90' lang='lat' dir='ltr'><strong>Jesu</strong></span> <span class='ocrx_word' id='word_1_967' title='bbox 3304 5564 3459 5621; x_wconf 75' lang='lat' dir='ltr'><strong>Chri-</strong></span> 
     </span>
    </p>
   </div>
   <div class='ocr_carea' id='block_1_120' title="bbox 1857 5635 3461 5724">
    <p class='ocr_par' dir='ltr' id='par_1_120' title="bbox 1857 5635 3461 5724">
     <span class='ocr_line' id='line_1_120' title="bbox 1857 5635 3461 5724; baseline 0.016 -36"><span class='ocrx_word' id='word_1_968' title='bbox 1857 5635 1949 5703; x_wconf 90' lang='lat' dir='ltr'><strong>sti,</strong></span> <span class='ocrx_word' id='word_1_969' title='bbox 1968 5638 2179 5707; x_wconf 90' lang='lat' dir='ltr'><strong>quicum</strong></span> <span class='ocrx_word' id='word_1_970' title='bbox 2206 5640 2352 5697; x_wconf 89' lang='lat' dir='ltr'><strong>Patri</strong></span> <span class='ocrx_word' id='word_1_971' title='bbox 2375 5652 2433 5697; x_wconf 90' lang='lat' dir='ltr'><strong>et</strong></span> <span class='ocrx_word' id='word_1_972' title='bbox 2456 5646 2613 5701; x_wconf 89' lang='lat' dir='ltr'><strong>simul</strong></span> <span class='ocrx_word' id='word_1_973' title='bbox 2641 5646 2861 5717; x_wconf 88' lang='lat' dir='ltr'><strong>Spiritui</strong></span> <span class='ocrx_word' id='word_1_974' title='bbox 2888 5662 3076 5707; x_wconf 88' lang='lat' dir='ltr'><strong>saneto</strong></span> <span class='ocrx_word' id='word_1_975' title='bbox 3100 5654 3290 5724; x_wconf 77' lang='lat' dir='ltr'><strong>gloria,</strong></span> <span class='ocrx_word' id='word_1_976' title='bbox 3319 5672 3461 5713; x_wconf 86' lang='lat' dir='ltr'><strong>nunc</strong></span> 
     </span>
    </p>
   </div>
   <div class='ocr_carea' id='block_1_121' title="bbox 1860 5735 3171 5802">
    <p class='ocr_par' dir='ltr' id='par_1_121' title="bbox 1860 5735 3171 5802">
     <span class='ocr_line' id='line_1_121' title="bbox 1860 5735 3171 5802; baseline 0.014 -19"><span class='ocrx_word' id='word_1_977' title='bbox 1860 5736 1914 5783; x_wconf 89' lang='lat' dir='ltr'><strong>et</strong></span> <span class='ocrx_word' id='word_1_978' title='bbox 1943 5743 2178 5802; x_wconf 89' lang='lat' dir='ltr'><strong>semper,</strong></span> <span class='ocrx_word' id='word_1_979' title='bbox 2208 5742 2263 5789; x_wconf 90' lang='lat' dir='ltr'><strong>et</strong></span> <span class='ocrx_word' id='word_1_980' title='bbox 2292 5735 2345 5791; x_wconf 88' lang='lat' dir='ltr'><strong>in</strong></span> <span class='ocrx_word' id='word_1_981' title='bbox 2378 5737 2576 5795; x_wconf 74' lang='lat' dir='ltr'><strong>smcula</strong></span> <span class='ocrx_word' id='word_1_982' title='bbox 2602 5742 2943 5799; x_wconf 74' lang='lat' dir='ltr'><strong>steculorum.</strong></span> <span class='ocrx_word' id='word_1_983' title='bbox 2977 5748 3171 5802; x_wconf 83' lang='lat' dir='ltr'><strong>Amen.</strong></span> 
     </span>
    </p>
   </div>
   <div class='ocr_carea' id='block_1_122' title="bbox 3024 5894 3098 5953">
    <p class='ocr_par' dir='ltr' id='par_1_122' title="bbox 3024 5894 3098 5953">
     <span class='ocr_line' id='line_1_122' title="bbox 3024 5894 3098 5953; baseline 0.041 -3"><span class='ocrx_word' id='word_1_984' title='bbox 3024 5894 3098 5953; x_wconf 79' lang='lat'><strong>15</strong></span> 
     </span>
    </p>
   </div>
  </div>
