  <div class='ocr_page' id='page_1' title='image "/cluster/home/n/w/nwhite01/storage/ocr_20150623/59/pst.000005712595/237.png"; bbox 0 0 4164 6324; ppageno 0'>
   <div class='ocr_carea' id='block_1_1' title="bbox 713 367 818 455">
    <p class='ocr_par' dir='ltr' id='par_1_1' title="bbox 713 367 818 455">
     <span class='ocr_line' id='line_1_1' title="bbox 713 367 818 455; baseline 0 -33"><span class='ocrx_word' id='word_1_1' title='bbox 713 367 818 455; x_wconf 54' lang='lat'><strong>23?</strong></span> 
     </span>
    </p>
   </div>
   <div class='ocr_carea' id='block_1_2' title="bbox 1416 348 3203 419">
    <p class='ocr_par' dir='ltr' id='par_1_2' title="bbox 1416 348 3203 419">
     <span class='ocr_line' id='line_1_2' title="bbox 1416 348 3203 419; baseline -0.004 0"><span class='ocrx_word' id='word_1_2' title='bbox 1416 363 1470 419; x_wconf 92' lang='lat' dir='ltr'><strong>S.</strong></span> <span class='ocrx_word' id='word_1_3' title='bbox 1510 356 1782 418; x_wconf 75' lang='lat' dir='ltr'><strong>JOANNlS</strong></span> <span class='ocrx_word' id='word_1_4' title='bbox 1818 348 2282 414; x_wconf 76' lang='lat' dir='ltr'><strong>CHRYSOSTOMI</strong></span> <span class='ocrx_word' id='word_1_5' title='bbox 2323 349 2634 410; x_wconf 77' lang='lat' dir='ltr'><strong>ARCHIEP.</strong></span> <span class='ocrx_word' id='word_1_6' title='bbox 2675 353 3203 414; x_wconf 78' lang='lat' dir='ltr'><strong>CONSTANTINOP.</strong></span> 
     </span>
    </p>
   </div>
   <div class='ocr_carea' id='block_1_3' title="bbox 3857 358 3959 415">
    <p class='ocr_par' dir='ltr' id='par_1_3' title="bbox 3857 358 3959 415">
     <span class='ocr_line' id='line_1_3' title="bbox 3857 358 3959 415; baseline 0.01 -2"><span class='ocrx_word' id='word_1_7' title='bbox 3857 358 3959 415; x_wconf 72' lang='lat' dir='ltr'><strong>9w</strong></span> 
     </span>
    </p>
   </div>
   <div class='ocr_carea' id='block_1_4' title="bbox 724 504 3950 537">
    <p class='ocr_par' dir='ltr' id='par_1_4' title="bbox 724 504 3950 537">
     <span class='ocr_line' id='line_1_4' title="bbox 724 504 3950 537; baseline 0.002 -10"><span class='ocrx_word' id='word_1_8' title='bbox 724 504 3950 537; x_wconf 47' lang='lat' dir='ltr'><em>m</em></span> 
     </span>
    </p>
   </div>
   <div class='ocr_carea' id='block_1_5' title="bbox 2066 595 2646 665">
    <p class='ocr_par' dir='ltr' id='par_1_5' title="bbox 2066 595 2646 665">
     <span class='ocr_line' id='line_1_5' title="bbox 2066 595 2646 665; baseline 0.009 -5"><span class='ocrx_word' id='word_1_9' title='bbox 2066 595 2409 660; x_wconf 78' lang='lat' dir='ltr'><strong>HOMILIA</strong></span> <span class='ocrx_word' id='word_1_10' title='bbox 2453 602 2646 665; x_wconf 78' lang='lat' dir='ltr'><strong>XLII.</strong></span> 
     </span>
    </p>
   </div>
   <div class='ocr_carea' id='block_1_6' title="bbox 708 745 2271 819">
    <p class='ocr_par' dir='ltr' id='par_1_6' title="bbox 708 745 2271 819">
     <span class='ocr_line' id='line_1_6' title="bbox 708 745 2271 819; baseline -0.015 0"><span class='ocrx_word' id='word_1_11' title='bbox 708 765 834 819; x_wconf 66' lang='lat' dir='ltr'><strong>Car.</strong></span> <span class='ocrx_word' id='word_1_12' title='bbox 875 762 931 818; x_wconf 87' lang='lat'><strong>6.</strong></span> <span class='ocrx_word' id='word_1_13' title='bbox 960 777 1012 817; x_wconf 71' lang='grc' dir='ltr'><strong>γ.</strong></span> <span class='ocrx_word' id='word_1_14' title='bbox 1048 763 1096 817; x_wconf 86' lang='grc'><strong>1.</strong></span> <span class='ocrx_word' id='word_1_15' title='bbox 1143 759 1267 815; x_wconf 88' lang='lat' dir='ltr'><strong>Post</strong></span> <span class='ocrx_word' id='word_1_16' title='bbox 1312 760 1419 815; x_wconf 68' lang='lat' dir='ltr'><strong>hac</strong></span> <span class='ocrx_word' id='word_1_17' title='bbox 1463 756 1583 812; x_wconf 86' lang='lat' dir='ltr'><strong>abiit</strong></span> <span class='ocrx_word' id='word_1_18' title='bbox 1609 753 1758 809; x_wconf 78' lang='lat' dir='ltr'><strong>Jesus</strong></span> <span class='ocrx_word' id='word_1_19' title='bbox 1788 762 1927 806; x_wconf 80' lang='lat' dir='ltr'><strong>trans</strong></span> <span class='ocrx_word' id='word_1_20' title='bbox 1952 765 2089 803; x_wconf 84' lang='lat' dir='ltr'><strong>mare</strong></span> <span class='ocrx_word' id='word_1_21' title='bbox 2123 745 2240 802; x_wconf 83' lang='lat' dir='ltr'><strong>Gali</strong></span> <span class='ocrx_word' id='word_1_22' title='bbox 2253 772 2271 785; x_wconf 84' lang='lat'><strong>-</strong></span> 
     </span>
    </p>
   </div>
   <div class='ocr_carea' id='block_1_7' title="bbox 775 839 2269 922">
    <p class='ocr_par' dir='ltr' id='par_1_7' title="bbox 775 839 2269 922">
     <span class='ocr_line' id='line_1_7' title="bbox 775 839 2269 922; baseline -0.012 -14"><span class='ocrx_word' id='word_1_23' title='bbox 775 855 882 908; x_wconf 71' lang='lat' dir='ltr'><strong>laue</strong></span> <span class='ocrx_word' id='word_1_24' title='bbox 909 855 961 907; x_wconf 92' lang='lat' dir='ltr'><strong>in</strong></span> <span class='ocrx_word' id='word_1_25' title='bbox 994 863 1160 922; x_wconf 84' lang='lat' dir='ltr'><strong>partes</strong></span> <span class='ocrx_word' id='word_1_26' title='bbox 1184 851 1460 906; x_wconf 83' lang='lat' dir='ltr'><strong>Tiberiadis</strong></span> <span class='ocrx_word' id='word_1_27' title='bbox 1478 865 1497 913; x_wconf 85' lang='lat'><strong>,&#39;</strong></span> <span class='ocrx_word' id='word_1_28' title='bbox 1516 849 1570 903; x_wconf 89' lang='lat'><strong>2.</strong></span> <span class='ocrx_word' id='word_1_29' title='bbox 1593 858 1639 903; x_wconf 87' lang='lat' dir='ltr'><strong>et</strong></span> <span class='ocrx_word' id='word_1_30' title='bbox 1665 845 1958 916; x_wconf 70' lang='lat' dir='ltr'><strong>sequebatur</strong></span> <span class='ocrx_word' id='word_1_31' title='bbox 1991 856 2102 893; x_wconf 87' lang='lat' dir='ltr'><strong>eum</strong></span> <span class='ocrx_word' id='word_1_32' title='bbox 2136 839 2269 891; x_wconf 76' lang='lat' dir='ltr'><strong>ntul-</strong></span> 
     </span>
    </p>
   </div>
   <div class='ocr_carea' id='block_1_8' title="bbox 774 935 2273 1017">
    <p class='ocr_par' dir='ltr' id='par_1_8' title="bbox 774 935 2273 1017">
     <span class='ocr_line' id='line_1_8' title="bbox 774 935 2273 1017; baseline -0.011 -20"><span class='ocrx_word' id='word_1_33' title='bbox 774 946 934 999; x_wconf 86' lang='lat' dir='ltr'><strong>titudo</strong></span> <span class='ocrx_word' id='word_1_34' title='bbox 955 961 1137 1017; x_wconf 85' lang='lat' dir='ltr'><strong>magna</strong></span> <span class='ocrx_word' id='word_1_35' title='bbox 1156 986 1168 1009; x_wconf 91' lang='lat'><strong>,</strong></span> <span class='ocrx_word' id='word_1_36' title='bbox 1192 943 1310 1013; x_wconf 89' lang='lat' dir='ltr'><strong>quia</strong></span> <span class='ocrx_word' id='word_1_37' title='bbox 1331 941 1560 994; x_wconf 76' lang='lat' dir='ltr'><strong>videbant</strong></span> <span class='ocrx_word' id='word_1_38' title='bbox 1587 939 1732 1010; x_wconf 79' lang='lat' dir='ltr'><strong>signa</strong></span> <span class='ocrx_word' id='word_1_39' title='bbox 1752 951 1864 1005; x_wconf 77' lang='lat' dir='ltr'><strong>qua:</strong></span> <span class='ocrx_word' id='word_1_40' title='bbox 1893 935 2104 1004; x_wconf 77' lang='lat' dir='ltr'><strong>faciebat</strong></span> <span class='ocrx_word' id='word_1_41' title='bbox 2125 945 2273 998; x_wconf 84' lang='lat' dir='ltr'><strong>super</strong></span> 
     </span>
    </p>
   </div>
   <div class='ocr_carea' id='block_1_9' title="bbox 773 1020 2268 1105">
    <p class='ocr_par' dir='ltr' id='par_1_9' title="bbox 773 1020 2268 1105">
     <span class='ocr_line' id='line_1_9' title="bbox 773 1020 2268 1105; baseline -0.01 -18"><span class='ocrx_word' id='word_1_42' title='bbox 773 1037 834 1090; x_wconf 88' lang='lat' dir='ltr'><strong>iis</strong></span> <span class='ocrx_word' id='word_1_43' title='bbox 858 1035 944 1105; x_wconf 81' lang='lat' dir='ltr'><strong>qui</strong></span> <span class='ocrx_word' id='word_1_44' title='bbox 966 1033 1370 1103; x_wconf 79' lang='lat' dir='ltr'><strong>inﬁrmabantur.</strong></span> <span class='ocrx_word' id='word_1_45' title='bbox 1399 1030 1452 1085; x_wconf 77' lang='grc'><strong>5.</strong></span> <span class='ocrx_word' id='word_1_46' title='bbox 1481 1029 1617 1083; x_wconf 78' lang='lat' dir='ltr'><strong>Abiit</strong></span> <span class='ocrx_word' id='word_1_47' title='bbox 1640 1044 1757 1098; x_wconf 84' lang='lat' dir='ltr'><strong>ergo</strong></span> <span class='ocrx_word' id='word_1_48' title='bbox 1781 1027 1834 1081; x_wconf 87' lang='lat' dir='ltr'><strong>in</strong></span> <span class='ocrx_word' id='word_1_49' title='bbox 1860 1034 2072 1078; x_wconf 87' lang='lat' dir='ltr'><strong>montem</strong></span> <span class='ocrx_word' id='word_1_50' title='bbox 2097 1020 2268 1081; x_wconf 70' lang='lat' dir='ltr'><strong>Iesus,</strong></span> 
     </span>
    </p>
   </div>
   <div class='ocr_carea' id='block_1_10' title="bbox 772 1119 2268 1193">
    <p class='ocr_par' dir='ltr' id='par_1_10' title="bbox 772 1119 2268 1193">
     <span class='ocr_line' id='line_1_10' title="bbox 772 1119 2268 1193; baseline -0.011 -10"><span class='ocrx_word' id='word_1_51' title='bbox 772 1139 818 1184; x_wconf 85' lang='lat' dir='ltr'><strong>et</strong></span> <span class='ocrx_word' id='word_1_52' title='bbox 843 1129 910 1183; x_wconf 91' lang='lat' dir='ltr'><strong>ibi</strong></span> <span class='ocrx_word' id='word_1_53' title='bbox 930 1127 1127 1182; x_wconf 87' lang='lat' dir='ltr'><strong>sedebat</strong></span> <span class='ocrx_word' id='word_1_54' title='bbox 1152 1142 1268 1180; x_wconf 87' lang='lat' dir='ltr'><strong>cum</strong></span> <span class='ocrx_word' id='word_1_55' title='bbox 1294 1123 1557 1193; x_wconf 82' lang='lat' dir='ltr'><strong>discipulis</strong></span> <span class='ocrx_word' id='word_1_56' title='bbox 1576 1123 1701 1177; x_wconf 84' lang='lat' dir='ltr'><strong>suis.</strong></span> <span class='ocrx_word' id='word_1_57' title='bbox 1729 1123 1784 1176; x_wconf 76' lang='grc'><strong>4.</strong></span> <span class='ocrx_word' id='word_1_58' title='bbox 1810 1119 1935 1174; x_wconf 85' lang='lat' dir='ltr'><strong>Erat</strong></span> <span class='ocrx_word' id='word_1_59' title='bbox 1954 1126 2117 1170; x_wconf 88' lang='lat' dir='ltr'><strong>autem</strong></span> <span class='ocrx_word' id='word_1_60' title='bbox 2148 1129 2268 1184; x_wconf 38' lang='lat' dir='ltr'><strong>pros</strong></span> 
     </span>
    </p>
   </div>
   <div class='ocr_carea' id='block_1_11' title="bbox 768 1217 1534 1277">
    <p class='ocr_par' dir='ltr' id='par_1_11' title="bbox 768 1217 1534 1277">
     <span class='ocr_line' id='line_1_11' title="bbox 768 1217 1534 1277; baseline -0.01 0"><span class='ocrx_word' id='word_1_61' title='bbox 768 1224 958 1277; x_wconf 65' lang='lat' dir='ltr'><strong>mimum</strong></span> <span class='ocrx_word' id='word_1_62' title='bbox 989 1218 1190 1274; x_wconf 80' lang='lat' dir='ltr'><strong>Pascha</strong></span> <span class='ocrx_word' id='word_1_63' title='bbox 1213 1217 1534 1274; x_wconf 75' lang='lat' dir='ltr'><strong>Judteorum.</strong></span> 
     </span>
    </p>
   </div>
   <div class='ocr_carea' id='block_1_12' title="bbox 769 1299 2267 1381">
    <p class='ocr_par' dir='ltr' id='par_1_12' title="bbox 769 1299 2267 1381">
     <span class='ocr_line' id='line_1_12' title="bbox 769 1299 2267 1381; baseline -0.009 -14"><span class='ocrx_word' id='word_1_64' title='bbox 769 1315 820 1367; x_wconf 98' lang='grc'><strong>1.</strong></span> <span class='ocrx_word' id='word_1_65' title='bbox 863 1310 996 1367; x_wconf 90' lang='lat' dir='ltr'><strong>Cum</strong></span> <span class='ocrx_word' id='word_1_66' title='bbox 1024 1309 1279 1381; x_wconf 79' lang='lat' dir='ltr'><strong>improbis</strong></span> <span class='ocrx_word' id='word_1_67' title='bbox 1309 1308 1586 1376; x_wconf 79' lang='lat' dir='ltr'><strong>noxiisque</strong></span> <span class='ocrx_word' id='word_1_68' title='bbox 1611 1305 1740 1361; x_wconf 88' lang='lat' dir='ltr'><strong>viris</strong></span> <span class='ocrx_word' id='word_1_69' title='bbox 1765 1319 1831 1360; x_wconf 88' lang='lat' dir='ltr'><strong>ne</strong></span> <span class='ocrx_word' id='word_1_70' title='bbox 1858 1317 2151 1367; x_wconf 82' lang='lat' dir='ltr'><strong>versemur,</strong></span> <span class='ocrx_word' id='word_1_71' title='bbox 2182 1299 2267 1354; x_wconf 87' lang='lat' dir='ltr'><strong>di-</strong></span> 
     </span>
    </p>
   </div>
   <div class='ocr_carea' id='block_1_13' title="bbox 700 1391 2262 1469">
    <p class='ocr_par' dir='ltr' id='par_1_13' title="bbox 700 1391 2262 1469">
     <span class='ocr_line' id='line_1_13' title="bbox 700 1391 2262 1469; baseline -0.008 -13"><span class='ocrx_word' id='word_1_72' title='bbox 700 1403 854 1466; x_wconf 80' lang='lat' dir='ltr'><strong>lecti;</strong></span> <span class='ocrx_word' id='word_1_73' title='bbox 895 1401 985 1457; x_wconf 86' lang='lat' dir='ltr'><strong>sed</strong></span> <span class='ocrx_word' id='word_1_74' title='bbox 1030 1400 1242 1469; x_wconf 84' lang='lat' dir='ltr'><strong>quando</strong></span> <span class='ocrx_word' id='word_1_75' title='bbox 1272 1401 1518 1454; x_wconf 78' lang='lat' dir='ltr'><strong>virtutem</strong></span> <span class='ocrx_word' id='word_1_76' title='bbox 1547 1406 1783 1453; x_wconf 89' lang='lat' dir='ltr'><strong>nostram</strong></span> <span class='ocrx_word' id='word_1_77' title='bbox 1812 1409 1918 1450; x_wconf 91' lang='lat' dir='ltr'><strong>non</strong></span> <span class='ocrx_word' id='word_1_78' title='bbox 1951 1393 2145 1447; x_wconf 76' lang='lat' dir='ltr'><strong>Izedcnt</strong></span> <span class='ocrx_word' id='word_1_79' title='bbox 2165 1434 2179 1458; x_wconf 92' lang='lat'><strong>,</strong></span> <span class='ocrx_word' id='word_1_80' title='bbox 2211 1391 2262 1445; x_wconf 91' lang='lat' dir='ltr'><strong>id</strong></span> 
     </span>
    </p>
   </div>
   <div class='ocr_carea' id='block_1_14' title="bbox 693 1483 2260 1559">
    <p class='ocr_par' dir='ltr' id='par_1_14' title="bbox 693 1483 2260 1559">
     <span class='ocr_line' id='line_1_14' title="bbox 693 1483 2260 1559; baseline -0.006 -13"><span class='ocrx_word' id='word_1_81' title='bbox 693 1511 960 1558; x_wconf 72' lang='lat' dir='ltr'><strong>curemus,</strong></span> <span class='ocrx_word' id='word_1_82' title='bbox 987 1509 1052 1548; x_wconf 88' lang='lat' dir='ltr'><strong>nc</strong></span> <span class='ocrx_word' id='word_1_83' title='bbox 1070 1508 1252 1548; x_wconf 89' lang='lat' dir='ltr'><strong>eorum</strong></span> <span class='ocrx_word' id='word_1_84' title='bbox 1275 1490 1479 1546; x_wconf 82' lang='lat' dir='ltr'><strong>insidiis</strong></span> <span class='ocrx_word' id='word_1_85' title='bbox 1497 1504 1563 1544; x_wconf 87' lang='lat' dir='ltr'><strong>ac</strong></span> <span class='ocrx_word' id='word_1_86' title='bbox 1587 1489 1834 1559; x_wconf 75' lang='lat' dir='ltr'><strong>nequitia:</strong></span> <span class='ocrx_word' id='word_1_87' title='bbox 1857 1487 2029 1540; x_wconf 91' lang='lat' dir='ltr'><strong>locum</strong></span> <span class='ocrx_word' id='word_1_88' title='bbox 2054 1483 2260 1540; x_wconf 81' lang='lat' dir='ltr'><strong>demus.</strong></span> 
     </span>
    </p>
   </div>
   <div class='ocr_carea' id='block_1_15' title="bbox 698 1575 2259 1651">
    <p class='ocr_par' dir='ltr' id='par_1_15' title="bbox 698 1575 2259 1651">
     <span class='ocr_line' id='line_1_15' title="bbox 698 1575 2259 1651; baseline -0.006 -14"><span class='ocrx_word' id='word_1_89' title='bbox 698 1586 766 1638; x_wconf 82' lang='lat' dir='ltr'><strong>|ta</strong></span> <span class='ocrx_word' id='word_1_90' title='bbox 794 1586 933 1638; x_wconf 80' lang='lat' dir='ltr'><strong>cnim</strong></span> <span class='ocrx_word' id='word_1_91' title='bbox 960 1583 1376 1651; x_wconf 84' lang='lat' dir='ltr'><strong>omnisimpctus</strong></span> <span class='ocrx_word' id='word_1_92' title='bbox 1405 1581 1681 1650; x_wconf 78' lang='lat' dir='ltr'><strong>frangitur.</strong></span> <span class='ocrx_word' id='word_1_93' title='bbox 1711 1579 1788 1633; x_wconf 79' lang='lat' dir='ltr'><strong>Ac</strong></span> <span class='ocrx_word' id='word_1_94' title='bbox 1816 1575 2259 1647; x_wconf 84' lang='lat' dir='ltr'><strong>quemadmodum</strong></span> 
     </span>
    </p>
   </div>
   <div class='ocr_carea' id='block_1_16' title="bbox 689 1657 2256 1736">
    <p class='ocr_par' dir='ltr' id='par_1_16' title="bbox 689 1657 2256 1736">
     <span class='ocr_line' id='line_1_16' title="bbox 689 1657 2256 1736; baseline -0.006 -16"><span class='ocrx_word' id='word_1_95' title='bbox 689 1669 860 1736; x_wconf 84' lang='lat' dir='ltr'><strong>jacula</strong></span> <span class='ocrx_word' id='word_1_96' title='bbox 893 1668 1100 1736; x_wconf 89' lang='lat' dir='ltr'><strong>quando</strong></span> <span class='ocrx_word' id='word_1_97' title='bbox 1129 1666 1190 1720; x_wconf 66' lang='grc' dir='ltr'><strong>εἰη</strong></span> <span class='ocrx_word' id='word_1_98' title='bbox 1217 1666 1409 1721; x_wconf 83' lang='lat' dir='ltr'><strong>durum</strong></span> <span class='ocrx_word' id='word_1_99' title='bbox 1445 1663 1758 1733; x_wconf 88' lang='lat' dir='ltr'><strong>ﬁrmumque</strong></span> <span class='ocrx_word' id='word_1_100' title='bbox 1785 1661 1957 1714; x_wconf 90' lang='lat' dir='ltr'><strong>locum</strong></span> <span class='ocrx_word' id='word_1_101' title='bbox 2000 1657 2256 1723; x_wconf 88' lang='lat' dir='ltr'><strong>incidunt,</strong></span> 
     </span>
    </p>
   </div>
   <div class='ocr_carea' id='block_1_17' title="bbox 693 1748 2260 1828">
    <p class='ocr_par' dir='ltr' id='par_1_17' title="bbox 693 1748 2260 1828">
     <span class='ocr_line' id='line_1_17' title="bbox 693 1748 2260 1828; baseline -0.006 -17"><span class='ocrx_word' id='word_1_102' title='bbox 693 1774 882 1828; x_wconf 84' lang='lat' dir='ltr'><strong>magno</strong></span> <span class='ocrx_word' id='word_1_103' title='bbox 909 1758 1102 1827; x_wconf 90' lang='lat' dir='ltr'><strong>impetu</strong></span> <span class='ocrx_word' id='word_1_104' title='bbox 1126 1758 1176 1812; x_wconf 90' lang='lat' dir='ltr'><strong>in</strong></span> <span class='ocrx_word' id='word_1_105' title='bbox 1198 1771 1290 1812; x_wconf 87' lang='lat' dir='ltr'><strong>eos</strong></span> <span class='ocrx_word' id='word_1_106' title='bbox 1314 1756 1402 1826; x_wconf 89' lang='lat' dir='ltr'><strong>qui</strong></span> <span class='ocrx_word' id='word_1_107' title='bbox 1425 1754 1724 1825; x_wconf 74' lang='lat' dir='ltr'><strong>iaculantur</strong></span> <span class='ocrx_word' id='word_1_108' title='bbox 1747 1752 2020 1815; x_wconf 84' lang='lat' dir='ltr'><strong>resiliunt;</strong></span> <span class='ocrx_word' id='word_1_109' title='bbox 2046 1748 2260 1820; x_wconf 84' lang='lat' dir='ltr'><strong>quando</strong></span> 
     </span>
    </p>
   </div>
   <div class='ocr_carea' id='block_1_18' title="bbox 689 1843 2259 1911">
    <p class='ocr_par' dir='ltr' id='par_1_18' title="bbox 689 1843 2259 1911">
     <span class='ocr_line' id='line_1_18' title="bbox 689 1843 2259 1911; baseline -0.004 -9"><span class='ocrx_word' id='word_1_110' title='bbox 689 1858 866 1903; x_wconf 87' lang='lat' dir='ltr'><strong>autem</strong></span> <span class='ocrx_word' id='word_1_111' title='bbox 893 1847 1152 1903; x_wconf 82' lang='lat' dir='ltr'><strong>violenter</strong></span> <span class='ocrx_word' id='word_1_112' title='bbox 1182 1846 1415 1902; x_wconf 85' lang='lat' dir='ltr'><strong>immissa</strong></span> <span class='ocrx_word' id='word_1_113' title='bbox 1446 1843 1574 1900; x_wconf 86' lang='lat' dir='ltr'><strong>nihil</strong></span> <span class='ocrx_word' id='word_1_114' title='bbox 1603 1843 1789 1898; x_wconf 88' lang='lat' dir='ltr'><strong>durum</strong></span> <span class='ocrx_word' id='word_1_115' title='bbox 1815 1850 1869 1898; x_wconf 91' lang='lat' dir='ltr'><strong>et</strong></span> <span class='ocrx_word' id='word_1_116' title='bbox 1897 1855 2139 1911; x_wconf 86' lang='lat' dir='ltr'><strong>asperum</strong></span> <span class='ocrx_word' id='word_1_117' title='bbox 2170 1854 2259 1895; x_wconf 83' lang='lat' dir='ltr'><strong>re-</strong></span> 
     </span>
    </p>
   </div>
   <div class='ocr_carea' id='block_1_19' title="bbox 690 1931 2259 2018">
    <p class='ocr_par' dir='ltr' id='par_1_19' title="bbox 690 1931 2259 2018">
     <span class='ocr_line' id='line_1_19' title="bbox 690 1931 2259 2018; baseline -0.006 -24"><span class='ocrx_word' id='word_1_118' title='bbox 690 1939 900 2006; x_wconf 85' lang='lat' dir='ltr'><strong>periunt</strong></span> <span class='ocrx_word' id='word_1_119' title='bbox 925 1981 939 2004; x_wconf 91' lang='lat'><strong>,</strong></span> <span class='ocrx_word' id='word_1_120' title='bbox 970 1941 1078 1994; x_wconf 90' lang='lat' dir='ltr'><strong>cito</strong></span> <span class='ocrx_word' id='word_1_121' title='bbox 1107 1937 1357 1994; x_wconf 81' lang='lat' dir='ltr'><strong>sedantur</strong></span> <span class='ocrx_word' id='word_1_122' title='bbox 1379 1946 1435 1992; x_wconf 86' lang='lat' dir='ltr'><strong>et</strong></span> <span class='ocrx_word' id='word_1_123' title='bbox 1459 1935 1708 1991; x_wconf 89' lang='lat' dir='ltr'><strong>desinunt</strong></span> <span class='ocrx_word' id='word_1_124' title='bbox 1737 1953 1750 1990; x_wconf 92' lang='lat'><strong>:</strong></span> <span class='ocrx_word' id='word_1_125' title='bbox 1785 1933 1853 1989; x_wconf 85' lang='lat' dir='ltr'><strong>ita</strong></span> <span class='ocrx_word' id='word_1_126' title='bbox 1882 1932 1979 1988; x_wconf 84' lang='lat' dir='ltr'><strong>feri</strong></span> <span class='ocrx_word' id='word_1_127' title='bbox 2009 1931 2259 2018; x_wconf 76' lang='lat' dir='ltr'><strong>audaces-</strong></span> 
     </span>
    </p>
   </div>
   <div class='ocr_carea' id='block_1_20' title="bbox 687 2027 2254 2101">
    <p class='ocr_par' dir='ltr' id='par_1_20' title="bbox 687 2027 2254 2101">
     <span class='ocr_line' id='line_1_20' title="bbox 687 2027 2254 2101; baseline -0.008 -14"><span class='ocrx_word' id='word_1_128' title='bbox 687 2048 792 2101; x_wconf 91' lang='lat' dir='ltr'><strong>que</strong></span> <span class='ocrx_word' id='word_1_129' title='bbox 813 2031 1075 2099; x_wconf 83' lang='lat' dir='ltr'><strong>homines,</strong></span> <span class='ocrx_word' id='word_1_130' title='bbox 1104 2045 1226 2089; x_wconf 90' lang='lat' dir='ltr'><strong>cum</strong></span> <span class='ocrx_word' id='word_1_131' title='bbox 1247 2041 1620 2099; x_wconf 80' lang='lat' dir='ltr'><strong>repugnamus,</strong></span> <span class='ocrx_word' id='word_1_132' title='bbox 1649 2027 1817 2097; x_wconf 86' lang='lat' dir='ltr'><strong>magis</strong></span> <span class='ocrx_word' id='word_1_133' title='bbox 1841 2031 2254 2093; x_wconf 80' lang='lat' dir='ltr'><strong>exasperantur;</strong></span> 
     </span>
    </p>
   </div>
   <div class='ocr_carea' id='block_1_21' title="bbox 687 2114 2254 2188">
    <p class='ocr_par' dir='ltr' id='par_1_21' title="bbox 687 2114 2254 2188">
     <span class='ocr_line' id='line_1_21' title="bbox 687 2114 2254 2188; baseline -0.005 -13"><span class='ocrx_word' id='word_1_134' title='bbox 687 2140 807 2177; x_wconf 68' lang='lat' dir='ltr'><strong>cum</strong></span> <span class='ocrx_word' id='word_1_135' title='bbox 844 2138 973 2178; x_wconf 90' lang='lat' dir='ltr'><strong>vero</strong></span> <span class='ocrx_word' id='word_1_136' title='bbox 1013 2123 1278 2188; x_wconf 86' lang='lat' dir='ltr'><strong>cedimus,</strong></span> <span class='ocrx_word' id='word_1_137' title='bbox 1312 2121 1518 2175; x_wconf 89' lang='lat' dir='ltr'><strong>illorum</strong></span> <span class='ocrx_word' id='word_1_138' title='bbox 1561 2119 1790 2173; x_wconf 79' lang='lat' dir='ltr'><strong>furorem</strong></span> <span class='ocrx_word' id='word_1_139' title='bbox 1833 2116 1940 2171; x_wconf 91' lang='lat' dir='ltr'><strong>cito</strong></span> <span class='ocrx_word' id='word_1_140' title='bbox 1983 2114 2254 2170; x_wconf 83' lang='lat' dir='ltr'><strong>sedamus.</strong></span> 
     </span>
    </p>
   </div>
   <div class='ocr_carea' id='block_1_22' title="bbox 685 2205 2252 2280">
    <p class='ocr_par' dir='ltr' id='par_1_22' title="bbox 685 2205 2252 2280">
     <span class='ocr_line' id='line_1_22' title="bbox 685 2205 2252 2280; baseline -0.006 -12"><span class='ocrx_word' id='word_1_141' title='bbox 685 2214 886 2269; x_wconf 80' lang='lat' dir='ltr'><strong>idcirco</strong></span> <span class='ocrx_word' id='word_1_142' title='bbox 911 2213 1172 2280; x_wconf 87' lang='lat' dir='ltr'><strong>Christus,</strong></span> <span class='ocrx_word' id='word_1_143' title='bbox 1204 2225 1321 2267; x_wconf 91' lang='lat' dir='ltr'><strong>cum</strong></span> <span class='ocrx_word' id='word_1_144' title='bbox 1351 2210 1626 2266; x_wconf 86' lang='lat' dir='ltr'><strong>audissent</strong></span> <span class='ocrx_word' id='word_1_145' title='bbox 1654 2206 1905 2264; x_wconf 67' lang='lat' dir='ltr'><strong>Pharisaei</strong></span> <span class='ocrx_word' id='word_1_146' title='bbox 1937 2208 2106 2277; x_wconf 90' lang='lat' dir='ltr'><strong>ipsum</strong></span> <span class='ocrx_word' id='word_1_147' title='bbox 2135 2205 2252 2274; x_wconf 83' lang='lat' dir='ltr'><strong>pitt-</strong></span> 
     </span>
    </p>
   </div>
   <div class='ocr_carea' id='block_1_23' title="bbox 684 2297 2254 2376">
    <p class='ocr_par' dir='ltr' id='par_1_23' title="bbox 684 2297 2254 2376">
     <span class='ocr_line' id='line_1_23' title="bbox 684 2297 2254 2376; baseline -0.006 -17"><span class='ocrx_word' id='word_1_148' title='bbox 684 2319 770 2360; x_wconf 87' lang='lat' dir='ltr'><strong>res</strong></span> <span class='ocrx_word' id='word_1_149' title='bbox 817 2320 972 2376; x_wconf 89' lang='lat' dir='ltr'><strong>quam</strong></span> <span class='ocrx_word' id='word_1_150' title='bbox 1014 2303 1271 2360; x_wconf 83' lang='lat' dir='ltr'><strong>Joannem</strong></span> <span class='ocrx_word' id='word_1_151' title='bbox 1312 2300 1601 2372; x_wconf 87' lang='lat' dir='ltr'><strong>discipulos</strong></span> <span class='ocrx_word' id='word_1_152' title='bbox 1641 2299 1924 2368; x_wconf 78' lang='lat' dir='ltr'><strong>colligere,</strong></span> <span class='ocrx_word' id='word_1_153' title='bbox 1973 2297 2254 2366; x_wconf 85' lang='lat' dir='ltr'><strong>pluresque</strong></span> 
     </span>
    </p>
   </div>
   <div class='ocr_carea' id='block_1_24' title="bbox 683 2387 2252 2466">
    <p class='ocr_par' dir='ltr' id='par_1_24' title="bbox 683 2387 2252 2466">
     <span class='ocr_line' id='line_1_24' title="bbox 683 2387 2252 2466; baseline -0.008 -15"><span class='ocrx_word' id='word_1_154' title='bbox 683 2397 970 2466; x_wconf 82' lang='lat' dir='ltr'><strong>baptizare,</strong></span> <span class='ocrx_word' id='word_1_155' title='bbox 1013 2395 1158 2451; x_wconf 83' lang='lat' dir='ltr'><strong>venit</strong></span> <span class='ocrx_word' id='word_1_156' title='bbox 1206 2394 1258 2449; x_wconf 90' lang='lat' dir='ltr'><strong>in</strong></span> <span class='ocrx_word' id='word_1_157' title='bbox 1306 2391 1600 2459; x_wconf 79' lang='lat' dir='ltr'><strong>Galiltnam,</strong></span> <span class='ocrx_word' id='word_1_158' title='bbox 1647 2400 1704 2445; x_wconf 89' lang='lat' dir='ltr'><strong>ut</strong></span> <span class='ocrx_word' id='word_1_159' title='bbox 1748 2389 1996 2444; x_wconf 84' lang='lat' dir='ltr'><strong>invidiam</strong></span> <span class='ocrx_word' id='word_1_160' title='bbox 2043 2387 2252 2440; x_wconf 90' lang='lat' dir='ltr'><strong>illorum</strong></span> 
     </span>
    </p>
   </div>
   <div class='ocr_carea' id='block_1_25' title="bbox 679 2484 2252 2560">
    <p class='ocr_par' dir='ltr' id='par_1_25' title="bbox 679 2484 2252 2560">
     <span class='ocr_line' id='line_1_25' title="bbox 679 2484 2252 2560; baseline -0.008 -15"><span class='ocrx_word' id='word_1_161' title='bbox 679 2495 1067 2560; x_wconf 78' lang='lat' dir='ltr'><strong>exstingueret,</strong></span> <span class='ocrx_word' id='word_1_162' title='bbox 1098 2495 1153 2543; x_wconf 89' lang='lat' dir='ltr'><strong>et</strong></span> <span class='ocrx_word' id='word_1_163' title='bbox 1172 2485 1420 2557; x_wconf 16' lang='lat' dir='ltr'><strong>,furorem</strong></span> <span class='ocrx_word' id='word_1_164' title='bbox 1441 2526 1457 2553; x_wconf 91' lang='lat'><strong>,</strong></span> <span class='ocrx_word' id='word_1_165' title='bbox 1489 2498 1646 2554; x_wconf 88' lang='lat' dir='ltr'><strong>quem</strong></span> <span class='ocrx_word' id='word_1_166' title='bbox 1675 2484 1819 2555; x_wconf 88' lang='lat' dir='ltr'><strong>ipsos</strong></span> <span class='ocrx_word' id='word_1_167' title='bbox 1847 2495 1915 2537; x_wconf 92' lang='lat' dir='ltr'><strong>ex</strong></span> <span class='ocrx_word' id='word_1_168' title='bbox 1944 2493 2008 2536; x_wconf 85' lang='lat' dir='ltr'><strong>ea</strong></span> <span class='ocrx_word' id='word_1_169' title='bbox 2037 2493 2097 2534; x_wconf 91' lang='lat' dir='ltr'><strong>re</strong></span> <span class='ocrx_word' id='word_1_170' title='bbox 2121 2492 2252 2534; x_wconf 78' lang='lat' dir='ltr'><strong>con-</strong></span> 
     </span>
    </p>
   </div>
   <div class='ocr_carea' id='block_1_26' title="bbox 677 2566 2255 2649">
    <p class='ocr_par' dir='ltr' id='par_1_26' title="bbox 677 2566 2255 2649">
     <span class='ocr_line' id='line_1_26' title="bbox 677 2566 2255 2649; baseline -0.009 -15"><span class='ocrx_word' id='word_1_171' title='bbox 677 2579 882 2649; x_wconf 86' lang='lat' dir='ltr'><strong>cepisse</strong></span> <span class='ocrx_word' id='word_1_172' title='bbox 912 2578 1198 2635; x_wconf 87' lang='lat' dir='ltr'><strong>verisimile</strong></span> <span class='ocrx_word' id='word_1_173' title='bbox 1225 2585 1362 2643; x_wconf 89' lang='lat' dir='ltr'><strong>erat,</strong></span> <span class='ocrx_word' id='word_1_174' title='bbox 1391 2591 1489 2647; x_wconf 89' lang='lat' dir='ltr'><strong>per</strong></span> <span class='ocrx_word' id='word_1_175' title='bbox 1515 2588 1785 2631; x_wconf 86' lang='lat' dir='ltr'><strong>secessum</strong></span> <span class='ocrx_word' id='word_1_176' title='bbox 1809 2570 2034 2626; x_wconf 85' lang='lat' dir='ltr'><strong>sedavit.</strong></span> <span class='ocrx_word' id='word_1_177' title='bbox 2082 2566 2255 2623; x_wconf 72' lang='lat' dir='ltr'><strong>Caue-</strong></span> 
     </span>
    </p>
   </div>
   <div class='ocr_carea' id='block_1_27' title="bbox 677 2659 2245 2737">
    <p class='ocr_par' dir='ltr' id='par_1_27' title="bbox 677 2659 2245 2737">
     <span class='ocr_line' id='line_1_27' title="bbox 677 2659 2245 2737; baseline -0.006 -11"><span class='ocrx_word' id='word_1_178' title='bbox 677 2687 794 2728; x_wconf 88' lang='lat' dir='ltr'><strong>rum</strong></span> <span class='ocrx_word' id='word_1_179' title='bbox 838 2673 890 2728; x_wconf 88' lang='lat' dir='ltr'><strong>in</strong></span> <span class='ocrx_word' id='word_1_180' title='bbox 941 2671 1210 2728; x_wconf 64' lang='lat' dir='ltr'><strong>Galilaeam</strong></span> <span class='ocrx_word' id='word_1_181' title='bbox 1251 2684 1516 2737; x_wconf 85' lang='lat' dir='ltr'><strong>reversus,</strong></span> <span class='ocrx_word' id='word_1_182' title='bbox 1553 2681 1658 2722; x_wconf 94' lang='lat' dir='ltr'><strong>non</strong></span> <span class='ocrx_word' id='word_1_183' title='bbox 1709 2665 1895 2720; x_wconf 91' lang='lat' dir='ltr'><strong>eadem</strong></span> <span class='ocrx_word' id='word_1_184' title='bbox 1933 2660 2043 2716; x_wconf 90' lang='lat' dir='ltr'><strong>adit</strong></span> <span class='ocrx_word' id='word_1_185' title='bbox 2087 2659 2245 2716; x_wconf 89' lang='lat' dir='ltr'><strong>loca:</strong></span> 
     </span>
    </p>
   </div>
   <div class='ocr_carea' id='block_1_28' title="bbox 679 2754 2256 2823">
    <p class='ocr_par' dir='ltr' id='par_1_28' title="bbox 679 2754 2256 2823">
     <span class='ocr_line' id='line_1_28' title="bbox 679 2754 2256 2823; baseline -0.005 -7"><span class='ocrx_word' id='word_1_186' title='bbox 679 2777 784 2817; x_wconf 91' lang='lat' dir='ltr'><strong>non</strong></span> <span class='ocrx_word' id='word_1_187' title='bbox 811 2763 952 2817; x_wconf 88' lang='lat' dir='ltr'><strong>enim</strong></span> <span class='ocrx_word' id='word_1_188' title='bbox 979 2764 1030 2818; x_wconf 92' lang='lat' dir='ltr'><strong>in</strong></span> <span class='ocrx_word' id='word_1_189' title='bbox 1060 2760 1204 2818; x_wconf 83' lang='lat' dir='ltr'><strong>Cana</strong></span> <span class='ocrx_word' id='word_1_190' title='bbox 1235 2761 1412 2823; x_wconf 88' lang='lat' dir='ltr'><strong>venit,</strong></span> <span class='ocrx_word' id='word_1_191' title='bbox 1445 2759 1538 2815; x_wconf 90' lang='lat' dir='ltr'><strong>sed</strong></span> <span class='ocrx_word' id='word_1_192' title='bbox 1568 2768 1713 2814; x_wconf 88' lang='lat' dir='ltr'><strong>trans</strong></span> <span class='ocrx_word' id='word_1_193' title='bbox 1738 2771 1904 2812; x_wconf 90' lang='lat' dir='ltr'><strong>mare.</strong></span> <span class='ocrx_word' id='word_1_194' title='bbox 1935 2754 2140 2809; x_wconf 89' lang='lat' dir='ltr'><strong>Idcirco</strong></span> <span class='ocrx_word' id='word_1_195' title='bbox 2166 2767 2256 2809; x_wconf 83' lang='lat' dir='ltr'><strong>se-</strong></span> 
     </span>
    </p>
   </div>
   <div class='ocr_carea' id='block_1_29' title="bbox 667 2843 2247 2922">
    <p class='ocr_par' dir='ltr' id='par_1_29' title="bbox 667 2843 2247 2922">
     <span class='ocr_line' id='line_1_29' title="bbox 667 2843 2247 2922; baseline -0.006 -15"><span class='ocrx_word' id='word_1_196' title='bbox 667 2851 975 2922; x_wconf 77' lang='lat' dir='ltr'><strong>quebantur</strong></span> <span class='ocrx_word' id='word_1_197' title='bbox 1015 2851 1161 2906; x_wconf 92' lang='lat' dir='ltr'><strong>illum</strong></span> <span class='ocrx_word' id='word_1_198' title='bbox 1203 2849 1369 2906; x_wconf 69' lang='lat' dir='ltr'><strong>turbas</strong></span> <span class='ocrx_word' id='word_1_199' title='bbox 1413 2849 1614 2913; x_wconf 69' lang='lat' dir='ltr'><strong>multae,</strong></span> <span class='ocrx_word' id='word_1_200' title='bbox 1652 2863 1773 2901; x_wconf 91' lang='lat' dir='ltr'><strong>cum</strong></span> <span class='ocrx_word' id='word_1_201' title='bbox 1817 2845 2058 2900; x_wconf 84' lang='lat' dir='ltr'><strong>viderent</strong></span> <span class='ocrx_word' id='word_1_202' title='bbox 2098 2843 2247 2915; x_wconf 86' lang='lat' dir='ltr'><strong>signa</strong></span> 
     </span>
    </p>
   </div>
   <div class='ocr_carea' id='block_1_30' title="bbox 675 2939 2248 3012">
    <p class='ocr_par' dir='ltr' id='par_1_30' title="bbox 675 2939 2248 3012">
     <span class='ocr_line' id='line_1_30' title="bbox 675 2939 2248 3012; baseline -0.003 -16"><span class='ocrx_word' id='word_1_203' title='bbox 675 2958 794 3012; x_wconf 67' lang='lat' dir='ltr'><strong>quae</strong></span> <span class='ocrx_word' id='word_1_204' title='bbox 837 2941 1078 2998; x_wconf 86' lang='lat' dir='ltr'><strong>faciebat.</strong></span> <span class='ocrx_word' id='word_1_205' title='bbox 1130 2941 1259 3011; x_wconf 68' lang='lat' dir='ltr'><strong>Quae</strong></span> <span class='ocrx_word' id='word_1_206' title='bbox 1307 2941 1498 3011; x_wconf 82' lang='lat' dir='ltr'><strong>signa?</strong></span> <span class='ocrx_word' id='word_1_207' title='bbox 1541 2955 1637 2996; x_wconf 90' lang='lat' dir='ltr'><strong>cur</strong></span> <span class='ocrx_word' id='word_1_208' title='bbox 1681 2940 1768 2994; x_wconf 89' lang='lat' dir='ltr'><strong>illa</strong></span> <span class='ocrx_word' id='word_1_209' title='bbox 1811 2954 1914 2993; x_wconf 91' lang='lat' dir='ltr'><strong>non</strong></span> <span class='ocrx_word' id='word_1_210' title='bbox 1967 2939 2248 2993; x_wconf 79' lang='lat' dir='ltr'><strong>recenset?</strong></span> 
     </span>
    </p>
   </div>
   <div class='ocr_carea' id='block_1_31' title="bbox 675 3031 2250 3107">
    <p class='ocr_par' dir='ltr' id='par_1_31' title="bbox 675 3031 2250 3107">
     <span class='ocr_line' id='line_1_31' title="bbox 675 3031 2250 3107; baseline -0.003 -18"><span class='ocrx_word' id='word_1_211' title='bbox 675 3034 806 3103; x_wconf 84' lang='lat' dir='ltr'><strong>Quia</strong></span> <span class='ocrx_word' id='word_1_212' title='bbox 839 3033 924 3090; x_wconf 88' lang='lat' dir='ltr'><strong>hic</strong></span> <span class='ocrx_word' id='word_1_213' title='bbox 944 3035 1265 3107; x_wconf 83' lang='lat' dir='ltr'><strong>evangelista</strong></span> <span class='ocrx_word' id='word_1_214' title='bbox 1290 3048 1533 3104; x_wconf 85' lang='lat' dir='ltr'><strong>magnam</strong></span> <span class='ocrx_word' id='word_1_215' title='bbox 1558 3033 1677 3088; x_wconf 87' lang='lat' dir='ltr'><strong>libri</strong></span> <span class='ocrx_word' id='word_1_216' title='bbox 1700 3031 1779 3086; x_wconf 93' lang='lat' dir='ltr'><strong>sui</strong></span> <span class='ocrx_word' id='word_1_217' title='bbox 1806 3040 2009 3102; x_wconf 87' lang='lat' dir='ltr'><strong>partem</strong></span> <span class='ocrx_word' id='word_1_218' title='bbox 2035 3032 2250 3086; x_wconf 85' lang='lat' dir='ltr'><strong>concio-</strong></span> 
     </span>
    </p>
   </div>
   <div class='ocr_carea' id='block_1_32' title="bbox 668 3123 2248 3198">
    <p class='ocr_par' dir='ltr' id='par_1_32' title="bbox 668 3123 2248 3198">
     <span class='ocr_line' id='line_1_32' title="bbox 668 3123 2248 3198; baseline -0.003 -15"><span class='ocrx_word' id='word_1_219' title='bbox 668 3129 832 3184; x_wconf 87' lang='lat' dir='ltr'><strong>-nibus</strong></span> <span class='ocrx_word' id='word_1_220' title='bbox 855 3130 1099 3198; x_wconf 83' lang='lat' dir='ltr'><strong>replevit.</strong></span> <span class='ocrx_word' id='word_1_221' title='bbox 1129 3128 1260 3184; x_wconf 83' lang='lat' dir='ltr'><strong>Vide</strong></span> <span class='ocrx_word' id='word_1_222' title='bbox 1281 3142 1506 3198; x_wconf 86' lang='lat' dir='ltr'><strong>namque</strong></span> <span class='ocrx_word' id='word_1_223' title='bbox 1531 3124 1799 3197; x_wconf 89' lang='lat' dir='ltr'><strong>quomodo</strong></span> <span class='ocrx_word' id='word_1_224' title='bbox 1822 3140 1917 3194; x_wconf 91' lang='lat' dir='ltr'><strong>per</strong></span> <span class='ocrx_word' id='word_1_225' title='bbox 1944 3139 2140 3178; x_wconf 86' lang='lat' dir='ltr'><strong>annum</strong></span> <span class='ocrx_word' id='word_1_226' title='bbox 2167 3123 2248 3178; x_wconf 91' lang='lat' dir='ltr'><strong>in-</strong></span> 
     </span>
    </p>
   </div>
   <div class='ocr_carea' id='block_1_33' title="bbox 669 3215 2243 3290">
    <p class='ocr_par' dir='ltr' id='par_1_33' title="bbox 669 3215 2243 3290">
     <span class='ocr_line' id='line_1_33' title="bbox 669 3215 2243 3290; baseline -0.003 -17"><span class='ocrx_word' id='word_1_227' title='bbox 669 3228 913 3290; x_wconf 81' lang='lat' dir='ltr'><strong>tegrum,</strong></span> <span class='ocrx_word' id='word_1_228' title='bbox 952 3220 1060 3275; x_wconf 91' lang='lat' dir='ltr'><strong>imo</strong></span> <span class='ocrx_word' id='word_1_229' title='bbox 1094 3219 1147 3274; x_wconf 91' lang='lat' dir='ltr'><strong>in</strong></span> <span class='ocrx_word' id='word_1_230' title='bbox 1185 3218 1322 3274; x_wconf 88' lang='lat' dir='ltr'><strong>festo</strong></span> <span class='ocrx_word' id='word_1_231' title='bbox 1357 3218 1573 3274; x_wconf 69' lang='lat' dir='ltr'><strong>Pascha:</strong></span> <span class='ocrx_word' id='word_1_232' title='bbox 1616 3233 1719 3272; x_wconf 92' lang='lat' dir='ltr'><strong>non</strong></span> <span class='ocrx_word' id='word_1_233' title='bbox 1749 3216 1888 3272; x_wconf 90' lang='lat' dir='ltr'><strong>aliud</strong></span> <span class='ocrx_word' id='word_1_234' title='bbox 1934 3215 2243 3271; x_wconf 90' lang='lat' dir='ltr'><strong>miraculum</strong></span> 
     </span>
    </p>
   </div>
   <div class='ocr_carea' id='block_1_34' title="bbox 675 3308 2239 3385">
    <p class='ocr_par' dir='ltr' id='par_1_34' title="bbox 675 3308 2239 3385">
     <span class='ocr_line' id='line_1_34' title="bbox 675 3308 2239 3385; baseline -0.005 -17"><span class='ocrx_word' id='word_1_235' title='bbox 675 3320 961 3381; x_wconf 87' lang='lat' dir='ltr'><strong>memoret,</strong></span> <span class='ocrx_word' id='word_1_236' title='bbox 985 3327 1141 3385; x_wconf 90' lang='lat' dir='ltr'><strong>quam</strong></span> <span class='ocrx_word' id='word_1_237' title='bbox 1173 3313 1519 3384; x_wconf 87' lang='lat' dir='ltr'><strong>paralyticum</strong></span> <span class='ocrx_word' id='word_1_238' title='bbox 1546 3322 1599 3367; x_wconf 90' lang='lat' dir='ltr'><strong>et</strong></span> <span class='ocrx_word' id='word_1_239' title='bbox 1629 3311 1793 3365; x_wconf 82' lang='lat' dir='ltr'><strong>tilium</strong></span> <span class='ocrx_word' id='word_1_240' title='bbox 1815 3308 1983 3381; x_wconf 89' lang='lat' dir='ltr'><strong>reguli</strong></span> <span class='ocrx_word' id='word_1_241' title='bbox 2009 3318 2239 3365; x_wconf 88' lang='lat' dir='ltr'><strong>curatos.</strong></span> 
     </span>
    </p>
   </div>
   <div class='ocr_carea' id='block_1_35' title="bbox 674 3400 2242 3475">
    <p class='ocr_par' dir='ltr' id='par_1_35' title="bbox 674 3400 2242 3475">
     <span class='ocr_line' id='line_1_35' title="bbox 674 3400 2242 3475; baseline -0.003 -15"><span class='ocrx_word' id='word_1_242' title='bbox 674 3404 855 3475; x_wconf 86' lang='lat' dir='ltr'><strong>Neque</strong></span> <span class='ocrx_word' id='word_1_243' title='bbox 875 3405 1018 3459; x_wconf 90' lang='lat' dir='ltr'><strong>enim</strong></span> <span class='ocrx_word' id='word_1_244' title='bbox 1045 3405 1220 3459; x_wconf 83' lang='lat' dir='ltr'><strong>omnia</strong></span> <span class='ocrx_word' id='word_1_245' title='bbox 1251 3418 1467 3458; x_wconf 90' lang='lat' dir='ltr'><strong>narrare</strong></span> <span class='ocrx_word' id='word_1_246' title='bbox 1498 3401 1682 3468; x_wconf 87' lang='lat' dir='ltr'><strong>voluit,</strong></span> <span class='ocrx_word' id='word_1_247' title='bbox 1714 3401 1764 3457; x_wconf 90' lang='lat' dir='ltr'><strong>id</strong></span> <span class='ocrx_word' id='word_1_248' title='bbox 1791 3401 1930 3471; x_wconf 90' lang='lat' dir='ltr'><strong>quod</strong></span> <span class='ocrx_word' id='word_1_249' title='bbox 1959 3410 2102 3457; x_wconf 90' lang='lat' dir='ltr'><strong>certe</strong></span> <span class='ocrx_word' id='word_1_250' title='bbox 2128 3400 2242 3455; x_wconf 83' lang='lat' dir='ltr'><strong>ﬁeri</strong></span> 
     </span>
    </p>
   </div>
   <div class='ocr_carea' id='block_1_36' title="bbox 673 3493 2239 3564">
    <p class='ocr_par' dir='ltr' id='par_1_36' title="bbox 673 3493 2239 3564">
     <span class='ocr_line' id='line_1_36' title="bbox 673 3493 2239 3564; baseline -0.001 -15"><span class='ocrx_word' id='word_1_251' title='bbox 673 3510 781 3549; x_wconf 89' lang='lat' dir='ltr'><strong>non</strong></span> <span class='ocrx_word' id='word_1_252' title='bbox 815 3503 1052 3564; x_wconf 85' lang='lat' dir='ltr'><strong>poterat;</strong></span> <span class='ocrx_word' id='word_1_253' title='bbox 1085 3493 1177 3550; x_wconf 87' lang='lat' dir='ltr'><strong>sed</strong></span> <span class='ocrx_word' id='word_1_254' title='bbox 1217 3508 1281 3550; x_wconf 84' lang='lat' dir='ltr'><strong>ex</strong></span> <span class='ocrx_word' id='word_1_255' title='bbox 1323 3493 1508 3548; x_wconf 88' lang='lat' dir='ltr'><strong>multis</strong></span> <span class='ocrx_word' id='word_1_256' title='bbox 1536 3493 1845 3564; x_wconf 79' lang='lat' dir='ltr'><strong>magnisque</strong></span> <span class='ocrx_word' id='word_1_257' title='bbox 1880 3507 2042 3562; x_wconf 88' lang='lat' dir='ltr'><strong>pauca</strong></span> <span class='ocrx_word' id='word_1_258' title='bbox 2086 3493 2239 3548; x_wconf 83' lang='lat' dir='ltr'><strong>dixit.</strong></span> 
     </span>
    </p>
   </div>
   <div class='ocr_carea' id='block_1_37' title="bbox 674 3584 2243 3656">
    <p class='ocr_par' dir='ltr' id='par_1_37' title="bbox 674 3584 2243 3656">
     <span class='ocr_line' id='line_1_37' title="bbox 674 3584 2243 3656; baseline 0 -18"><span class='ocrx_word' id='word_1_259' title='bbox 674 3584 740 3638; x_wconf 74' lang='lat' dir='ltr'><strong>Et</strong></span> <span class='ocrx_word' id='word_1_260' title='bbox 765 3586 1078 3654; x_wconf 90' lang='lat' dir='ltr'><strong>sequebatur,</strong></span> <span class='ocrx_word' id='word_1_261' title='bbox 1112 3586 1282 3656; x_wconf 75' lang='lat' dir='ltr'><strong>inquit</strong></span> <span class='ocrx_word' id='word_1_262' title='bbox 1300 3626 1314 3651; x_wconf 96' lang='lat'><strong>,</strong></span> <span class='ocrx_word' id='word_1_263' title='bbox 1342 3601 1456 3639; x_wconf 83' lang='lat' dir='ltr'><strong>eunt</strong></span> <span class='ocrx_word' id='word_1_264' title='bbox 1486 3586 1632 3639; x_wconf 89' lang='lat' dir='ltr'><strong>turba</strong></span> <span class='ocrx_word' id='word_1_265' title='bbox 1658 3586 1815 3639; x_wconf 87' lang='lat' dir='ltr'><strong>multa</strong></span> <span class='ocrx_word' id='word_1_266' title='bbox 1832 3626 1845 3650; x_wconf 95' lang='lat'><strong>,</strong></span> <span class='ocrx_word' id='word_1_267' title='bbox 1868 3585 1988 3655; x_wconf 88' lang='lat' dir='ltr'><strong>quia</strong></span> <span class='ocrx_word' id='word_1_268' title='bbox 2012 3584 2243 3638; x_wconf 78' lang='lat' dir='ltr'><strong>uidebant</strong></span> 
     </span>
    </p>
   </div>
   <div class='ocr_carea' id='block_1_38' title="bbox 673 3673 2243 3747">
    <p class='ocr_par' dir='ltr' id='par_1_38' title="bbox 673 3673 2243 3747">
     <span class='ocr_line' id='line_1_38' title="bbox 673 3673 2243 3747; baseline 0 -17"><span class='ocrx_word' id='word_1_269' title='bbox 673 3679 816 3747; x_wconf 86' lang='lat' dir='ltr'><strong>signa</strong></span> <span class='ocrx_word' id='word_1_270' title='bbox 843 3692 954 3743; x_wconf 66' lang='lat' dir='ltr'><strong>qua</strong></span> <span class='ocrx_word' id='word_1_271' title='bbox 975 3677 1207 3747; x_wconf 79' lang='lat' dir='ltr'><strong>faciebat.</strong></span> <span class='ocrx_word' id='word_1_272' title='bbox 1238 3676 1355 3730; x_wconf 86' lang='lat' dir='ltr'><strong>Non</strong></span> <span class='ocrx_word' id='word_1_273' title='bbox 1376 3677 1527 3731; x_wconf 88' lang='lat' dir='ltr'><strong>ﬁrma</strong></span> <span class='ocrx_word' id='word_1_274' title='bbox 1553 3686 1740 3731; x_wconf 88' lang='lat' dir='ltr'><strong>mente.</strong></span> <span class='ocrx_word' id='word_1_275' title='bbox 1755 3675 2113 3746; x_wconf 88' lang='lat' dir='ltr'><strong>sequebantur</strong></span> <span class='ocrx_word' id='word_1_276' title='bbox 2139 3690 2152 3728; x_wconf 93' lang='lat'>:</span> <span class='ocrx_word' id='word_1_277' title='bbox 2176 3673 2243 3730; x_wconf 86' lang='lat' dir='ltr'><strong>ad</strong></span> 
     </span>
    </p>
   </div>
   <div class='ocr_carea' id='block_1_39' title="bbox 675 3766 2246 3839">
    <p class='ocr_par' dir='ltr' id='par_1_39' title="bbox 675 3766 2246 3839">
     <span class='ocr_line' id='line_1_39' title="bbox 675 3766 2246 3839; baseline 0 -17"><span class='ocrx_word' id='word_1_278' title='bbox 675 3779 875 3823; x_wconf 88' lang='lat' dir='ltr'><strong>tantam</strong></span> <span class='ocrx_word' id='word_1_279' title='bbox 913 3770 1053 3824; x_wconf 88' lang='lat' dir='ltr'><strong>enim</strong></span> <span class='ocrx_word' id='word_1_280' title='bbox 1098 3768 1392 3824; x_wconf 87' lang='lat' dir='ltr'><strong>doctrinam</strong></span> <span class='ocrx_word' id='word_1_281' title='bbox 1421 3784 1483 3824; x_wconf 90' lang='lat' dir='ltr'><strong>ex</strong></span> <span class='ocrx_word' id='word_1_282' title='bbox 1514 3768 1678 3839; x_wconf 87' lang='lat' dir='ltr'><strong>signis</strong></span> <span class='ocrx_word' id='word_1_283' title='bbox 1709 3769 1883 3837; x_wconf 90' lang='lat' dir='ltr'><strong>potius</strong></span> <span class='ocrx_word' id='word_1_284' title='bbox 1921 3766 2246 3822; x_wconf 87' lang='lat' dir='ltr'><strong>induceban-</strong></span> 
     </span>
    </p>
   </div>
   <div class='ocr_carea' id='block_1_40' title="bbox 673 3856 2240 3929">
    <p class='ocr_par' dir='ltr' id='par_1_40' title="bbox 673 3856 2240 3929">
     <span class='ocr_line' id='line_1_40' title="bbox 673 3856 2240 3929; baseline -0.001 -17"><span class='ocrx_word' id='word_1_285' title='bbox 673 3869 786 3924; x_wconf 89' lang='lat' dir='ltr'><strong>tur;</strong></span> <span class='ocrx_word' id='word_1_286' title='bbox 816 3860 956 3929; x_wconf 91' lang='lat' dir='ltr'><strong>quod</strong></span> <span class='ocrx_word' id='word_1_287' title='bbox 985 3859 1264 3916; x_wconf 81' lang='lat' dir='ltr'><strong>crassioris</strong></span> <span class='ocrx_word' id='word_1_288' title='bbox 1292 3867 1408 3914; x_wconf 90' lang='lat' dir='ltr'><strong>erat</strong></span> <span class='ocrx_word' id='word_1_289' title='bbox 1431 3857 1615 3912; x_wconf 88' lang='lat' dir='ltr'><strong>animi.</strong></span> <span class='ocrx_word' id='word_1_290' title='bbox 1648 3857 1812 3927; x_wconf 83' lang='lat' dir='ltr'><strong>Signa</strong></span> <span class='ocrx_word' id='word_1_291' title='bbox 1837 3858 1968 3911; x_wconf 89' lang='lat' dir='ltr'><strong>enim</strong></span> <span class='ocrx_word' id='word_1_292' title='bbox 1988 3898 2003 3922; x_wconf 97' lang='lat'><strong>,</strong></span> <span class='ocrx_word' id='word_1_293' title='bbox 2035 3856 2240 3925; x_wconf 90' lang='lat' dir='ltr'><strong>inquit,</strong></span> 
     </span>
    </p>
   </div>
   <div class='ocr_carea' id='block_1_41' title="bbox 620 3946 2240 4020">
    <p class='ocr_par' dir='ltr' id='par_1_41' title="bbox 620 3946 2240 4020">
     <span class='ocr_line' id='line_1_41' title="bbox 620 3946 2240 4020; baseline -0.001 -15"><span class='ocrx_word' id='word_1_294' title='bbox 620 3969 642 3982; x_wconf 62' lang='grc' dir='ltr'>δ’</span> <span class='ocrx_word' id='word_1_295' title='bbox 674 3969 773 4005; x_wconf 87' lang='lat' dir='ltr'><strong>non</strong></span> <span class='ocrx_word' id='word_1_296' title='bbox 801 3952 1053 4020; x_wconf 80' lang='lat' dir='ltr'><strong>ﬁdelibus,</strong></span> <span class='ocrx_word' id='word_1_297' title='bbox 1082 3952 1172 4005; x_wconf 87' lang='lat' dir='ltr'><strong>sed</strong></span> <span class='ocrx_word' id='word_1_298' title='bbox 1200 3951 1478 4005; x_wconf 78' lang='lat' dir='ltr'><strong>incredulis</strong></span> <span class='ocrx_word' id='word_1_299' title='bbox 1517 3949 1594 4019; x_wconf 90' lang='grc'><strong>(1.</strong></span> <span class='ocrx_word' id='word_1_300' title='bbox 1628 3947 1746 4006; x_wconf 87' lang='lat' dir='ltr'><strong>Cor.</strong></span> <span class='ocrx_word' id='word_1_301' title='bbox 1777 3950 1864 4004; x_wconf 63' lang='lat' dir='ltr'><strong>id.</strong></span> <span class='ocrx_word' id='word_1_302' title='bbox 1890 3946 2008 4018; x_wconf 67' lang='grc' dir='ltr'><strong>εξ).</strong></span> <span class='ocrx_word' id='word_1_303' title='bbox 2045 3947 2114 4003; x_wconf 86' lang='lat' dir='ltr'><strong>At</strong></span> <span class='ocrx_word' id='word_1_304' title='bbox 2137 3964 2240 4004; x_wconf 91' lang='lat' dir='ltr'><strong>non</strong></span> 
     </span>
    </p>
   </div>
   <div class='ocr_carea' id='block_1_42' title="bbox 674 4039 2244 4113">
    <p class='ocr_par' dir='ltr' id='par_1_42' title="bbox 674 4039 2244 4113">
     <span class='ocr_line' id='line_1_42' title="bbox 674 4039 2244 4113; baseline -0.001 -17"><span class='ocrx_word' id='word_1_305' title='bbox 674 4042 972 4113; x_wconf 74' lang='lat' dir='ltr'><strong>huiusmodi</strong></span> <span class='ocrx_word' id='word_1_306' title='bbox 1018 4042 1241 4112; x_wconf 91' lang='lat' dir='ltr'><strong>populus</strong></span> <span class='ocrx_word' id='word_1_307' title='bbox 1277 4041 1414 4111; x_wconf 91' lang='lat' dir='ltr'><strong>apud</strong></span> <span class='ocrx_word' id='word_1_308' title='bbox 1452 4041 1755 4095; x_wconf 68' lang='lat' dir='ltr'><strong>Matthazum</strong></span> <span class='ocrx_word' id='word_1_309' title='bbox 1791 4059 1804 4095; x_wconf 90' lang='lat'><strong>:</strong></span> <span class='ocrx_word' id='word_1_310' title='bbox 1839 4041 1933 4095; x_wconf 89' lang='lat' dir='ltr'><strong>sed</strong></span> <span class='ocrx_word' id='word_1_311' title='bbox 1961 4039 2083 4094; x_wconf 92' lang='lat' dir='ltr'><strong>audi</strong></span> <span class='ocrx_word' id='word_1_312' title='bbox 2111 4054 2244 4109; x_wconf 89' lang='lat' dir='ltr'><strong>quo-</strong></span> 
     </span>
    </p>
   </div>
   <div class='ocr_carea' id='block_1_43' title="bbox 671 4131 2243 4205">
    <p class='ocr_par' dir='ltr' id='par_1_43' title="bbox 671 4131 2243 4205">
     <span class='ocr_line' id='line_1_43' title="bbox 671 4131 2243 4205; baseline -0.002 -15"><span class='ocrx_word' id='word_1_313' title='bbox 671 4136 830 4191; x_wconf 83' lang='lat' dir='ltr'><strong>modo</strong></span> <span class='ocrx_word' id='word_1_314' title='bbox 861 4135 1180 4205; x_wconf 77' lang='lat' dir='ltr'><strong>:Stupebant</strong></span> <span class='ocrx_word' id='word_1_315' title='bbox 1203 4151 1374 4188; x_wconf 88' lang='lat' dir='ltr'><strong>omnes</strong></span> <span class='ocrx_word' id='word_1_316' title='bbox 1399 4134 1462 4187; x_wconf 87' lang='lat' dir='ltr'><strong>de</strong></span> <span class='ocrx_word' id='word_1_317' title='bbox 1488 4134 1716 4187; x_wconf 83' lang='lat' dir='ltr'><strong>doctrina</strong></span> <span class='ocrx_word' id='word_1_318' title='bbox 1743 4133 1852 4203; x_wconf 85' lang='lat' dir='ltr'><strong>ejus</strong></span> <span class='ocrx_word' id='word_1_319' title='bbox 1871 4174 1886 4201; x_wconf 95' lang='lat'><strong>,</strong></span> <span class='ocrx_word' id='word_1_320' title='bbox 1933 4133 2052 4203; x_wconf 84' lang='lat' dir='ltr'><strong>quia</strong></span> <span class='ocrx_word' id='word_1_321' title='bbox 2094 4131 2243 4187; x_wconf 85' lang='lat' dir='ltr'><strong>doce-</strong></span> 
     </span>
    </p>
   </div>
   <div class='ocr_carea' id='block_1_44' title="bbox 671 4221 2234 4310">
    <p class='ocr_par' dir='ltr' id='par_1_44' title="bbox 671 4221 2234 4310">
     <span class='ocr_line' id='line_1_44' title="bbox 671 4221 2234 4310; baseline -0.003 -30"><span class='ocrx_word' id='word_1_322' title='bbox 671 4228 754 4280; x_wconf 81' lang='lat' dir='ltr'><strong>bat</strong></span> <span class='ocrx_word' id='word_1_323' title='bbox 781 4241 864 4310; x_wconf 57' lang='lat' dir='ltr'><strong>gos</strong></span> <span class='ocrx_word' id='word_1_324' title='bbox 891 4235 1143 4295; x_wconf 76' lang='lat' dir='ltr'><strong>tamquam</strong></span> <span class='ocrx_word' id='word_1_325' title='bbox 1164 4233 1451 4297; x_wconf 84' lang='lat' dir='ltr'><strong>potestatem</strong></span> <span class='ocrx_word' id='word_1_326' title='bbox 1473 4224 1659 4278; x_wconf 85' lang='lat' dir='ltr'><strong>habens</strong></span> <span class='ocrx_word' id='word_1_327' title='bbox 1681 4223 1896 4294; x_wconf 71' lang='lat' dir='ltr'><strong>(Matth.</strong></span> <span class='ocrx_word' id='word_1_328' title='bbox 1922 4224 1973 4277; x_wconf 87' lang='grc'><strong>7.</strong></span> <span class='ocrx_word' id='word_1_329' title='bbox 1999 4222 2090 4278; x_wconf 87' lang='lat'><strong>28.</strong></span> <span class='ocrx_word' id='word_1_330' title='bbox 2114 4221 2234 4290; x_wconf 87' lang='lat'><strong>29).</strong></span> 
     </span>
    </p>
   </div>
   <div class='ocr_carea' id='block_1_45' title="bbox 670 4311 2242 4382">
    <p class='ocr_par' dir='ltr' id='par_1_45' title="bbox 670 4311 2242 4382">
     <span class='ocr_line' id='line_1_45' title="bbox 670 4311 2242 4382; baseline -0.002 -9"><span class='ocrx_word' id='word_1_331' title='bbox 670 4311 794 4373; x_wconf 23' lang='lat' dir='ltr'><strong>Cur.</strong></span> <span class='ocrx_word' id='word_1_332' title='bbox 824 4327 999 4373; x_wconf 91' lang='lat' dir='ltr'><strong>autem</strong></span> <span class='ocrx_word' id='word_1_333' title='bbox 1047 4327 1291 4373; x_wconf 84' lang='lat' dir='ltr'><strong>montem</strong></span> <span class='ocrx_word' id='word_1_334' title='bbox 1335 4332 1477 4372; x_wconf 90' lang='lat' dir='ltr'><strong>nunc</strong></span> <span class='ocrx_word' id='word_1_335' title='bbox 1501 4317 1650 4382; x_wconf 88' lang='lat' dir='ltr'><strong>adiit,</strong></span> <span class='ocrx_word' id='word_1_336' title='bbox 1681 4325 1735 4371; x_wconf 90' lang='lat' dir='ltr'><strong>et</strong></span> <span class='ocrx_word' id='word_1_337' title='bbox 1768 4316 1836 4371; x_wconf 88' lang='lat' dir='ltr'><strong>ibi</strong></span> <span class='ocrx_word' id='word_1_338' title='bbox 1865 4316 2086 4371; x_wconf 84' lang='lat' dir='ltr'><strong>sedebat</strong></span> <span class='ocrx_word' id='word_1_339' title='bbox 2121 4331 2242 4371; x_wconf 91' lang='lat' dir='ltr'><strong>cum</strong></span> 
     </span>
    </p>
   </div>
   <div class='ocr_carea' id='block_1_46' title="bbox 671 4405 2243 4478">
    <p class='ocr_par' dir='ltr' id='par_1_46' title="bbox 671 4405 2243 4478">
     <span class='ocr_line' id='line_1_46' title="bbox 671 4405 2243 4478; baseline -0.001 -15"><span class='ocrx_word' id='word_1_340' title='bbox 671 4409 978 4478; x_wconf 76' lang='lat' dir='ltr'><strong>discipulis?</strong></span> <span class='ocrx_word' id='word_1_341' title='bbox 1013 4408 1093 4464; x_wconf 89' lang='lat' dir='ltr'><strong>Ob</strong></span> <span class='ocrx_word' id='word_1_342' title='bbox 1132 4409 1364 4463; x_wconf 83' lang='lat' dir='ltr'><strong>futurum</strong></span> <span class='ocrx_word' id='word_1_343' title='bbox 1414 4409 1643 4478; x_wconf 88' lang='lat' dir='ltr'><strong>signum.</strong></span> <span class='ocrx_word' id='word_1_344' title='bbox 1690 4405 1840 4472; x_wconf 84' lang='lat' dir='ltr'><strong>Quod</strong></span> <span class='ocrx_word' id='word_1_345' title='bbox 1871 4414 2047 4462; x_wconf 91' lang='lat' dir='ltr'><strong>autem</strong></span> <span class='ocrx_word' id='word_1_346' title='bbox 2079 4405 2243 4462; x_wconf 87' lang='lat' dir='ltr'><strong>disci-</strong></span> 
     </span>
    </p>
   </div>
   <div class='ocr_carea' id='block_1_47' title="bbox 673 4498 2243 4569">
    <p class='ocr_par' dir='ltr' id='par_1_47' title="bbox 673 4498 2243 4569">
     <span class='ocr_line' id='line_1_47' title="bbox 673 4498 2243 4569; baseline 0.002 -19"><span class='ocrx_word' id='word_1_347' title='bbox 673 4499 780 4567; x_wconf 78' lang='lat' dir='ltr'><strong>puli</strong></span> <span class='ocrx_word' id='word_1_348' title='bbox 825 4508 1026 4554; x_wconf 85' lang='lat' dir='ltr'><strong>tantum</strong></span> <span class='ocrx_word' id='word_1_349' title='bbox 1063 4499 1421 4564; x_wconf 89' lang='lat' dir='ltr'><strong>ascenderint,</strong></span> <span class='ocrx_word' id='word_1_350' title='bbox 1463 4499 1553 4554; x_wconf 89' lang='lat' dir='ltr'><strong>illa</strong></span> <span class='ocrx_word' id='word_1_351' title='bbox 1598 4498 1779 4569; x_wconf 89' lang='lat' dir='ltr'><strong>populi</strong></span> <span class='ocrx_word' id='word_1_352' title='bbox 1821 4513 1927 4553; x_wconf 91' lang='lat' dir='ltr'><strong>non</strong></span> <span class='ocrx_word' id='word_1_353' title='bbox 1972 4498 2243 4569; x_wconf 89' lang='lat' dir='ltr'><strong>sequentis</strong></span> 
     </span>
    </p>
   </div>
   <div class='ocr_carea' id='block_1_48' title="bbox 672 4591 2238 4664">
    <p class='ocr_par' dir='ltr' id='par_1_48' title="bbox 672 4591 2238 4664">
     <span class='ocr_line' id='line_1_48' title="bbox 672 4591 2238 4664; baseline -0.002 -15"><span class='ocrx_word' id='word_1_354' title='bbox 672 4595 826 4664; x_wconf 89' lang='lat' dir='ltr'><strong>culpa</strong></span> <span class='ocrx_word' id='word_1_355' title='bbox 847 4603 947 4648; x_wconf 88' lang='lat' dir='ltr'><strong>est.</strong></span> <span class='ocrx_word' id='word_1_356' title='bbox 976 4594 1156 4664; x_wconf 88' lang='lat' dir='ltr'><strong>Neque</strong></span> <span class='ocrx_word' id='word_1_357' title='bbox 1182 4592 1282 4648; x_wconf 89' lang='lat' dir='ltr'><strong>hac</strong></span> <span class='ocrx_word' id='word_1_358' title='bbox 1309 4593 1480 4648; x_wconf 89' lang='lat' dir='ltr'><strong>solum</strong></span> <span class='ocrx_word' id='word_1_359' title='bbox 1505 4591 1573 4647; x_wconf 91' lang='lat' dir='ltr'><strong>de</strong></span> <span class='ocrx_word' id='word_1_360' title='bbox 1596 4606 1756 4647; x_wconf 86' lang='lat' dir='ltr'><strong>causa</strong></span> <span class='ocrx_word' id='word_1_361' title='bbox 1785 4601 2021 4647; x_wconf 90' lang='lat' dir='ltr'><strong>montem</strong></span> <span class='ocrx_word' id='word_1_362' title='bbox 2049 4592 2238 4662; x_wconf 87' lang='lat' dir='ltr'><strong>petiit,</strong></span> 
     </span>
    </p>
   </div>
   <div class='ocr_carea' id='block_1_49' title="bbox 668 4683 2242 4755">
    <p class='ocr_par' dir='ltr' id='par_1_49' title="bbox 668 4683 2242 4755">
     <span class='ocr_line' id='line_1_49' title="bbox 668 4683 2242 4755; baseline 0.001 -16"><span class='ocrx_word' id='word_1_363' title='bbox 668 4685 760 4739; x_wconf 86' lang='lat' dir='ltr'><strong>sed</strong></span> <span class='ocrx_word' id='word_1_364' title='bbox 791 4687 950 4740; x_wconf 88' lang='lat' dir='ltr'><strong>etiam</strong></span> <span class='ocrx_word' id='word_1_365' title='bbox 981 4693 1039 4740; x_wconf 87' lang='lat' dir='ltr'><strong>ut</strong></span> <span class='ocrx_word' id='word_1_366' title='bbox 1063 4699 1162 4741; x_wconf 88' lang='lat' dir='ltr'><strong>nos</strong></span> <span class='ocrx_word' id='word_1_367' title='bbox 1188 4684 1433 4752; x_wconf 89' lang='lat' dir='ltr'><strong>doceret,</strong></span> <span class='ocrx_word' id='word_1_368' title='bbox 1473 4684 1754 4739; x_wconf 83' lang='lat' dir='ltr'><strong>tumultum</strong></span> <span class='ocrx_word' id='word_1_369' title='bbox 1781 4693 1836 4740; x_wconf 86' lang='lat' dir='ltr'><strong>et</strong></span> <span class='ocrx_word' id='word_1_370' title='bbox 1879 4683 2082 4740; x_wconf 88' lang='lat' dir='ltr'><strong>turbam</strong></span> <span class='ocrx_word' id='word_1_371' title='bbox 2123 4699 2242 4755; x_wconf 87' lang='lat' dir='ltr'><strong>esse</strong></span> 
     </span>
    </p>
   </div>
   <div class='ocr_carea' id='block_1_50' title="bbox 2377 746 3954 827">
    <p class='ocr_par' dir='ltr' id='par_1_50' title="bbox 2377 746 3954 827">
     <span class='ocr_line' id='line_1_50' title="bbox 2377 746 3954 827; baseline 0.017 -28"><span class='ocrx_word' id='word_1_372' title='bbox 2377 746 2582 802; x_wconf 88' lang='lat' dir='ltr'><strong>sedisse</strong></span> <span class='ocrx_word' id='word_1_373' title='bbox 2617 765 2735 806; x_wconf 91' lang='lat' dir='ltr'><strong>cum</strong></span> <span class='ocrx_word' id='word_1_374' title='bbox 2780 753 3087 825; x_wconf 88' lang='lat' dir='ltr'><strong>discipulis;</strong></span> <span class='ocrx_word' id='word_1_375' title='bbox 3134 760 3228 816; x_wconf 92' lang='lat' dir='ltr'><strong>sed</strong></span> <span class='ocrx_word' id='word_1_376' title='bbox 3273 761 3512 821; x_wconf 89' lang='lat' dir='ltr'><strong>fortassis</strong></span> <span class='ocrx_word' id='word_1_377' title='bbox 3551 775 3609 822; x_wconf 89' lang='lat' dir='ltr'><strong>ut</strong></span> <span class='ocrx_word' id='word_1_378' title='bbox 3652 772 3954 827; x_wconf 85' lang='lat' dir='ltr'><strong>accuratius</strong></span> 
     </span>
    </p>
   </div>
   <div class='ocr_carea' id='block_1_51' title="bbox 2376 835 3951 925">
    <p class='ocr_par' dir='ltr' id='par_1_51' title="bbox 2376 835 3951 925">
     <span class='ocr_line' id='line_1_51' title="bbox 2376 835 3951 925; baseline 0.018 -38"><span class='ocrx_word' id='word_1_379' title='bbox 2376 835 2519 903; x_wconf 87' lang='lat' dir='ltr'><strong>ipsos</strong></span> <span class='ocrx_word' id='word_1_380' title='bbox 2542 839 2902 910; x_wconf 87' lang='lat' dir='ltr'><strong>alloqueretur</strong></span> <span class='ocrx_word' id='word_1_381' title='bbox 2926 855 2982 901; x_wconf 88' lang='lat' dir='ltr'><strong>et</strong></span> <span class='ocrx_word' id='word_1_382' title='bbox 3005 846 3238 915; x_wconf 87' lang='lat' dir='ltr'><strong>doceret,</strong></span> <span class='ocrx_word' id='word_1_383' title='bbox 3264 867 3464 925; x_wconf 88' lang='lat' dir='ltr'><strong>eosque</strong></span> <span class='ocrx_word' id='word_1_384' title='bbox 3487 856 3586 911; x_wconf 87' lang='lat' dir='ltr'><strong>sibi</strong></span> <span class='ocrx_word' id='word_1_385' title='bbox 3613 857 3915 917; x_wconf 87' lang='lat' dir='ltr'><strong>devinciret</strong></span> <span class='ocrx_word' id='word_1_386' title='bbox 3938 878 3951 915; x_wconf 95' lang='lat'>:</span> 
     </span>
    </p>
   </div>
   <div class='ocr_carea' id='block_1_52' title="bbox 2375 927 3957 1022">
    <p class='ocr_par' dir='ltr' id='par_1_52' title="bbox 2375 927 3957 1022">
     <span class='ocr_line' id='line_1_52' title="bbox 2375 927 3957 1022; baseline 0.018 -41"><span class='ocrx_word' id='word_1_387' title='bbox 2375 927 2516 984; x_wconf 88' lang='lat' dir='ltr'><strong>unde</strong></span> <span class='ocrx_word' id='word_1_388' title='bbox 2549 931 2800 990; x_wconf 87' lang='lat' dir='ltr'><strong>discimus</strong></span> <span class='ocrx_word' id='word_1_389' title='bbox 2843 949 3092 1005; x_wconf 87' lang='lat' dir='ltr'><strong>quantam</strong></span> <span class='ocrx_word' id='word_1_390' title='bbox 3134 941 3347 1000; x_wconf 87' lang='lat' dir='ltr'><strong>illorum</strong></span> <span class='ocrx_word' id='word_1_391' title='bbox 3379 948 3770 1015; x_wconf 85' lang='lat' dir='ltr'><strong>providentiam</strong></span> <span class='ocrx_word' id='word_1_392' title='bbox 3801 968 3957 1022; x_wconf 84' lang='lat' dir='ltr'><strong>gere-</strong></span> 
     </span>
    </p>
   </div>
   <div class='ocr_carea' id='block_1_53' title="bbox 2375 1027 3950 1113">
    <p class='ocr_par' dir='ltr' id='par_1_53' title="bbox 2375 1027 3950 1113">
     <span class='ocr_line' id='line_1_53' title="bbox 2375 1027 3950 1113; baseline 0.016 -40"><span class='ocrx_word' id='word_1_393' title='bbox 2375 1028 2484 1113; x_wconf 76' lang='lat' dir='ltr'><strong>ret,</strong></span> <span class='ocrx_word' id='word_1_394' title='bbox 2521 1037 2693 1113; x_wconf 86' lang='lat' dir='ltr'><strong>quam</strong></span> <span class='ocrx_word' id='word_1_395' title='bbox 2738 1036 2799 1079; x_wconf 87' lang='lat' dir='ltr'><strong>se</strong></span> <span class='ocrx_word' id='word_1_396' title='bbox 2835 1027 3161 1100; x_wconf 89' lang='lat' dir='ltr'><strong>demitteret,</strong></span> <span class='ocrx_word' id='word_1_397' title='bbox 3207 1043 3267 1090; x_wconf 88' lang='lat' dir='ltr'><strong>ut</strong></span> <span class='ocrx_word' id='word_1_398' title='bbox 3312 1049 3371 1091; x_wconf 91' lang='lat' dir='ltr'><strong>se</strong></span> <span class='ocrx_word' id='word_1_399' title='bbox 3399 1037 3504 1093; x_wconf 86' lang='lat' dir='ltr'><strong>illis</strong></span> <span class='ocrx_word' id='word_1_400' title='bbox 3541 1049 3950 1113; x_wconf 84' lang='lat' dir='ltr'><strong>attemperaret.</strong></span> 
     </span>
    </p>
   </div>
   <div class='ocr_carea' id='block_1_54' title="bbox 2375 1110 3951 1203">
    <p class='ocr_par' dir='ltr' id='par_1_54' title="bbox 2375 1110 3951 1203">
     <span class='ocr_line' id='line_1_54' title="bbox 2375 1110 3951 1203; baseline 0.016 -38"><span class='ocrx_word' id='word_1_401' title='bbox 2375 1110 2643 1169; x_wconf 86' lang='lat' dir='ltr'><strong>Sedebant</strong></span> <span class='ocrx_word' id='word_1_402' title='bbox 2670 1131 2797 1171; x_wconf 86' lang='lat' dir='ltr'><strong>vero</strong></span> <span class='ocrx_word' id='word_1_403' title='bbox 2821 1117 3000 1184; x_wconf 84' lang='lat' dir='ltr'><strong>simul,</strong></span> <span class='ocrx_word' id='word_1_404' title='bbox 3032 1138 3150 1178; x_wconf 89' lang='lat' dir='ltr'><strong>sese</strong></span> <span class='ocrx_word' id='word_1_405' title='bbox 3181 1123 3406 1183; x_wconf 74' lang='lat' dir='ltr'><strong>fortasse</strong></span> <span class='ocrx_word' id='word_1_406' title='bbox 3434 1138 3619 1186; x_wconf 91' lang='lat' dir='ltr'><strong>mutuo</strong></span> <span class='ocrx_word' id='word_1_407' title='bbox 3649 1110 3951 1203; x_wconf 69' lang='lat' dir='ltr'><strong>respicieno</strong></span> 
     </span>
    </p>
   </div>
   <div class='ocr_carea' id='block_1_55' title="bbox 2373 1204 3949 1278">
    <p class='ocr_par' dir='ltr' id='par_1_55' title="bbox 2373 1204 3949 1278">
     <span class='ocr_line' id='line_1_55' title="bbox 2373 1204 3949 1278; baseline 0.015 -23"><span class='ocrx_word' id='word_1_408' title='bbox 2373 1212 2470 1257; x_wconf 86' lang='lat' dir='ltr'><strong>tes.</strong></span> <span class='ocrx_word' id='word_1_409' title='bbox 2510 1204 2700 1260; x_wconf 84' lang='lat' dir='ltr'><strong>Deinde</strong></span> <span class='ocrx_word' id='word_1_410' title='bbox 2731 1210 3002 1278; x_wconf 86' lang='lat' dir='ltr'><strong>respiciens</strong></span> <span class='ocrx_word' id='word_1_411' title='bbox 3039 1214 3170 1269; x_wconf 85' lang='lat' dir='ltr'><strong>uidet</strong></span> <span class='ocrx_word' id='word_1_412' title='bbox 3205 1219 3578 1274; x_wconf 85' lang='lat' dir='ltr'><strong>multitudinem</strong></span> <span class='ocrx_word' id='word_1_413' title='bbox 3607 1224 3949 1278; x_wconf 81' lang='lat' dir='ltr'><strong>accedentem.</strong></span> 
     </span>
    </p>
   </div>
   <div class='ocr_carea' id='block_1_56' title="bbox 2442 1291 3949 1382">
    <p class='ocr_par' dir='ltr' id='par_1_56' title="bbox 2442 1291 3949 1382">
     <span class='ocr_line' id='line_1_56' title="bbox 2442 1291 3949 1382; baseline 0.017 -37"><span class='ocrx_word' id='word_1_414' title='bbox 2442 1291 2777 1366; x_wconf 69' lang='lat' dir='ltr'><strong>Evangelisue</strong></span> <span class='ocrx_word' id='word_1_415' title='bbox 2806 1301 3155 1357; x_wconf 80' lang='lat' dir='ltr'><strong>conciliantur.</strong></span> <span class='ocrx_word' id='word_1_416' title='bbox 3189 1321 3260 1346; x_wconf 61' lang='lat'>—</span> <span class='ocrx_word' id='word_1_417' title='bbox 3283 1307 3473 1365; x_wconf 70' lang='lat' dir='ltr'><strong>Caeteri</strong></span> <span class='ocrx_word' id='word_1_418' title='bbox 3497 1313 3840 1382; x_wconf 62' lang='lat' dir='ltr'><strong>evangelista</strong></span> <span class='ocrx_word' id='word_1_419' title='bbox 3865 1314 3949 1370; x_wconf 81' lang='lat' dir='ltr'><strong>di-</strong></span> 
     </span>
    </p>
   </div>
   <div class='ocr_carea' id='block_1_57' title="bbox 2368 1384 3951 1467">
    <p class='ocr_par' dir='ltr' id='par_1_57' title="bbox 2368 1384 3951 1467">
     <span class='ocr_line' id='line_1_57' title="bbox 2368 1384 3951 1467; baseline 0.015 -32"><span class='ocrx_word' id='word_1_420' title='bbox 2368 1391 2494 1437; x_wconf 90' lang='lat' dir='ltr'><strong>cunt</strong></span> <span class='ocrx_word' id='word_1_421' title='bbox 2536 1384 2820 1455; x_wconf 90' lang='lat' dir='ltr'><strong>discipulos</strong></span> <span class='ocrx_word' id='word_1_422' title='bbox 2859 1391 3172 1449; x_wconf 82' lang='lat' dir='ltr'><strong>accedentes</strong></span> <span class='ocrx_word' id='word_1_423' title='bbox 3209 1411 3424 1467; x_wconf 88' lang='lat' dir='ltr'><strong>rogasse</strong></span> <span class='ocrx_word' id='word_1_424' title='bbox 3454 1407 3511 1455; x_wconf 89' lang='lat' dir='ltr'><strong>et</strong></span> <span class='ocrx_word' id='word_1_425' title='bbox 3538 1401 3854 1459; x_wconf 81' lang='lat' dir='ltr'><strong>obsecrasse</strong></span> <span class='ocrx_word' id='word_1_426' title='bbox 3880 1405 3951 1460; x_wconf 79' lang='lat' dir='ltr'><strong>il—</strong></span> 
     </span>
    </p>
   </div>
   <div class='ocr_carea' id='block_1_58' title="bbox 2367 1472 3947 1564">
    <p class='ocr_par' dir='ltr' id='par_1_58' title="bbox 2367 1472 3947 1564">
     <span class='ocr_line' id='line_1_58' title="bbox 2367 1472 3947 1564; baseline 0.016 -38"><span class='ocrx_word' id='word_1_427' title='bbox 2367 1472 2477 1527; x_wconf 93' lang='lat' dir='ltr'><strong>lum</strong></span> <span class='ocrx_word' id='word_1_428' title='bbox 2524 1490 2592 1530; x_wconf 82' lang='lat' dir='ltr'><strong>ne</strong></span> <span class='ocrx_word' id='word_1_429' title='bbox 2629 1477 2917 1534; x_wconf 88' lang='lat' dir='ltr'><strong>dimitteret</strong></span> <span class='ocrx_word' id='word_1_430' title='bbox 2957 1496 3051 1536; x_wconf 90' lang='lat' dir='ltr'><strong>eos</strong></span> <span class='ocrx_word' id='word_1_431' title='bbox 3089 1483 3338 1553; x_wconf 85' lang='lat' dir='ltr'><strong>jejunos;</strong></span> <span class='ocrx_word' id='word_1_432' title='bbox 3372 1486 3458 1544; x_wconf 91' lang='lat' dir='ltr'><strong>hic</strong></span> <span class='ocrx_word' id='word_1_433' title='bbox 3484 1505 3614 1546; x_wconf 89' lang='lat' dir='ltr'><strong>vero</strong></span> <span class='ocrx_word' id='word_1_434' title='bbox 3641 1491 3947 1564; x_wconf 87' lang='lat' dir='ltr'><strong>Philippum</strong></span> 
     </span>
    </p>
   </div>
   <div class='ocr_carea' id='block_1_59' title="bbox 2368 1565 3948 1654">
    <p class='ocr_par' dir='ltr' id='par_1_59' title="bbox 2368 1565 3948 1654">
     <span class='ocr_line' id='line_1_59' title="bbox 2368 1565 3948 1654; baseline 0.016 -35"><span class='ocrx_word' id='word_1_435' title='bbox 2368 1565 2568 1622; x_wconf 86' lang='lat' dir='ltr'><strong>inducit</strong></span> <span class='ocrx_word' id='word_1_436' title='bbox 2609 1583 2638 1622; x_wconf 90' lang='lat' dir='ltr'><strong>a</strong></span> <span class='ocrx_word' id='word_1_437' title='bbox 2682 1570 2892 1626; x_wconf 91' lang='lat' dir='ltr'><strong>Christo</strong></span> <span class='ocrx_word' id='word_1_438' title='bbox 2925 1573 3327 1645; x_wconf 88' lang='lat' dir='ltr'><strong>interrogatum.</strong></span> <span class='ocrx_word' id='word_1_439' title='bbox 3367 1579 3663 1654; x_wconf 87' lang='lat' dir='ltr'><strong>Utrumque</strong></span> <span class='ocrx_word' id='word_1_440' title='bbox 3687 1585 3823 1642; x_wconf 91' lang='lat' dir='ltr'><strong>mihi</strong></span> <span class='ocrx_word' id='word_1_441' title='bbox 3854 1604 3948 1645; x_wconf 87' lang='lat' dir='ltr'><strong>ve-</strong></span> 
     </span>
    </p>
   </div>
   <div class='ocr_carea' id='block_1_60' title="bbox 2372 1659 3943 1747">
    <p class='ocr_par' dir='ltr' id='par_1_60' title="bbox 2372 1659 3943 1747">
     <span class='ocr_line' id='line_1_60' title="bbox 2372 1659 3943 1747; baseline 0.016 -38"><span class='ocrx_word' id='word_1_442' title='bbox 2372 1672 2489 1711; x_wconf 91' lang='lat' dir='ltr'><strong>rum</strong></span> <span class='ocrx_word' id='word_1_443' title='bbox 2522 1659 2745 1725; x_wconf 85' lang='lat' dir='ltr'><strong>videtur,</strong></span> <span class='ocrx_word' id='word_1_444' title='bbox 2776 1663 2868 1716; x_wconf 89' lang='lat' dir='ltr'><strong>sed</strong></span> <span class='ocrx_word' id='word_1_445' title='bbox 2910 1679 3014 1720; x_wconf 90' lang='lat' dir='ltr'><strong>non</strong></span> <span class='ocrx_word' id='word_1_446' title='bbox 3057 1666 3244 1722; x_wconf 86' lang='lat' dir='ltr'><strong>eodem</strong></span> <span class='ocrx_word' id='word_1_447' title='bbox 3277 1670 3392 1738; x_wconf 88' lang='lat' dir='ltr'><strong>ipso</strong></span> <span class='ocrx_word' id='word_1_448' title='bbox 3431 1679 3670 1743; x_wconf 85' lang='lat' dir='ltr'><strong>tempore</strong></span> <span class='ocrx_word' id='word_1_449' title='bbox 3697 1685 3943 1747; x_wconf 83' lang='lat' dir='ltr'><strong>gestum;</strong></span> 
     </span>
    </p>
   </div>
   <div class='ocr_carea' id='block_1_61' title="bbox 2365 1747 3945 1828">
    <p class='ocr_par' dir='ltr' id='par_1_61' title="bbox 2365 1747 3945 1828">
     <span class='ocr_line' id='line_1_61' title="bbox 2365 1747 3945 1828; baseline 0.014 -24"><span class='ocrx_word' id='word_1_450' title='bbox 2365 1750 2459 1804; x_wconf 90' lang='lat' dir='ltr'><strong>sed</strong></span> <span class='ocrx_word' id='word_1_451' title='bbox 2508 1753 2648 1808; x_wconf 88' lang='lat' dir='ltr'><strong>aliud</strong></span> <span class='ocrx_word' id='word_1_452' title='bbox 2696 1755 2919 1811; x_wconf 89' lang='lat' dir='ltr'><strong>alterum</strong></span> <span class='ocrx_word' id='word_1_453' title='bbox 2966 1747 3324 1828; x_wconf 81' lang='lat' dir='ltr'><strong>praecessisse.</strong></span> <span class='ocrx_word' id='word_1_454' title='bbox 3366 1762 3438 1817; x_wconf 85' lang='lat' dir='ltr'><strong>ita</strong></span> <span class='ocrx_word' id='word_1_455' title='bbox 3482 1774 3538 1818; x_wconf 91' lang='lat' dir='ltr'><strong>ut</strong></span> <span class='ocrx_word' id='word_1_456' title='bbox 3589 1781 3676 1822; x_wconf 87' lang='lat' dir='ltr'><strong>res</strong></span> <span class='ocrx_word' id='word_1_457' title='bbox 3715 1767 3945 1827; x_wconf 73' lang='lat' dir='ltr'><strong>dives-are</strong></span> 
     </span>
    </p>
   </div>
   <div class='ocr_carea' id='block_1_62' title="bbox 2365 1846 3948 1927">
    <p class='ocr_par' dir='ltr' id='par_1_62' title="bbox 2365 1846 3948 1927">
     <span class='ocr_line' id='line_1_62' title="bbox 2365 1846 3948 1927; baseline 0.013 -32"><span class='ocrx_word' id='word_1_458' title='bbox 2365 1851 2668 1901; x_wconf 88' lang='lat' dir='ltr'><strong>narrentur.</strong></span> <span class='ocrx_word' id='word_1_459' title='bbox 2698 1846 2804 1901; x_wconf 83' lang='lat' dir='ltr'><strong>Cur</strong></span> <span class='ocrx_word' id='word_1_460' title='bbox 2851 1862 2980 1919; x_wconf 87' lang='lat' dir='ltr'><strong>ergo</strong></span> <span class='ocrx_word' id='word_1_461' title='bbox 3025 1849 3326 1919; x_wconf 86' lang='lat' dir='ltr'><strong>Philippum</strong></span> <span class='ocrx_word' id='word_1_462' title='bbox 3368 1852 3700 1927; x_wconf 76' lang='lat' dir='ltr'><strong>interrogat?</strong></span> <span class='ocrx_word' id='word_1_463' title='bbox 3729 1857 3948 1915; x_wconf 81' lang='lat' dir='ltr'><strong>Sciebat</strong></span> 
     </span>
    </p>
   </div>
   <div class='ocr_carea' id='block_1_63' title="bbox 2362 1933 3945 2021">
    <p class='ocr_par' dir='ltr' id='par_1_63' title="bbox 2362 1933 3945 2021">
     <span class='ocr_line' id='line_1_63' title="bbox 2362 1933 3945 2021; baseline 0.014 -38"><span class='ocrx_word' id='word_1_464' title='bbox 2362 1933 2449 2000; x_wconf 85' lang='lat' dir='ltr'><strong>qui</strong></span> <span class='ocrx_word' id='word_1_465' title='bbox 2477 1933 2722 2003; x_wconf 90' lang='lat' dir='ltr'><strong>discipuli</strong></span> <span class='ocrx_word' id='word_1_466' title='bbox 2757 1937 2875 2005; x_wconf 91' lang='lat' dir='ltr'><strong>plus</strong></span> <span class='ocrx_word' id='word_1_467' title='bbox 2899 1937 3140 1993; x_wconf 84' lang='lat' dir='ltr'><strong>doctrina</strong></span> <span class='ocrx_word' id='word_1_468' title='bbox 3171 1951 3407 2010; x_wconf 88' lang='lat' dir='ltr'><strong>egerent.</strong></span> <span class='ocrx_word' id='word_1_469' title='bbox 3437 1943 3534 2000; x_wconf 85' lang='lat' dir='ltr'><strong>Hic</strong></span> <span class='ocrx_word' id='word_1_470' title='bbox 3561 1946 3706 2000; x_wconf 89' lang='lat' dir='ltr'><strong>enim</strong></span> <span class='ocrx_word' id='word_1_471' title='bbox 3736 1957 3822 2004; x_wconf 86' lang='lat' dir='ltr'><strong>est</strong></span> <span class='ocrx_word' id='word_1_472' title='bbox 3851 1951 3945 2021; x_wconf 88' lang='lat' dir='ltr'><strong>qui</strong></span> 
     </span>
    </p>
   </div>
   <div class='ocr_carea' id='block_1_64' title="bbox 2364 2026 3947 2108">
    <p class='ocr_par' dir='ltr' id='par_1_64' title="bbox 2364 2026 3947 2108">
     <span class='ocr_line' id='line_1_64' title="bbox 2364 2026 3947 2108; baseline 0.012 -31"><span class='ocrx_word' id='word_1_473' title='bbox 2364 2034 2542 2093; x_wconf 88' lang='lat' dir='ltr'><strong>postea</strong></span> <span class='ocrx_word' id='word_1_474' title='bbox 2573 2026 2741 2082; x_wconf 86' lang='lat' dir='ltr'><strong>dicit:</strong></span> <span class='ocrx_word' id='word_1_475' title='bbox 2775 2028 2996 2085; x_wconf 79' lang='lat' dir='ltr'><strong>Ostende</strong></span> <span class='ocrx_word' id='word_1_476' title='bbox 3037 2032 3176 2086; x_wconf 87' lang='lat' dir='ltr'><strong>nobis</strong></span> <span class='ocrx_word' id='word_1_477' title='bbox 3223 2031 3449 2101; x_wconf 85' lang='lat' dir='ltr'><strong>Patrem,</strong></span> <span class='ocrx_word' id='word_1_478' title='bbox 3485 2045 3532 2089; x_wconf 91' lang='lat' dir='ltr'><strong>et</strong></span> <span class='ocrx_word' id='word_1_479' title='bbox 3568 2037 3750 2108; x_wconf 70' lang='lat' dir='ltr'><strong>stt/ﬁcit</strong></span> <span class='ocrx_word' id='word_1_480' title='bbox 3798 2041 3947 2096; x_wconf 79' lang='lat' dir='ltr'><strong>nobis</strong></span> 
     </span>
    </p>
   </div>
   <div class='ocr_carea' id='block_1_65' title="bbox 2366 2114 3945 2191">
    <p class='ocr_par' dir='ltr' id='par_1_65' title="bbox 2366 2114 3945 2191">
     <span class='ocr_line' id='line_1_65' title="bbox 2366 2114 3945 2191; baseline 0.012 -26"><span class='ocrx_word' id='word_1_481' title='bbox 2366 2114 2539 2183; x_wconf 84' lang='lat' dir='ltr'><strong>(Joan.</strong></span> <span class='ocrx_word' id='word_1_482' title='bbox 2600 2117 2687 2170; x_wconf 79' lang='lat' dir='ltr'><strong>H.</strong></span> <span class='ocrx_word' id='word_1_483' title='bbox 2739 2118 2814 2186; x_wconf 84' lang='lat'><strong>8).</strong></span> <span class='ocrx_word' id='word_1_484' title='bbox 2863 2119 2988 2175; x_wconf 84' lang='lat' dir='ltr'><strong>Ideo</strong></span> <span class='ocrx_word' id='word_1_485' title='bbox 3031 2122 3177 2191; x_wconf 91' lang='lat' dir='ltr'><strong>prius</strong></span> <span class='ocrx_word' id='word_1_486' title='bbox 3219 2122 3365 2177; x_wconf 90' lang='lat' dir='ltr'><strong>illum</strong></span> <span class='ocrx_word' id='word_1_487' title='bbox 3413 2124 3661 2181; x_wconf 87' lang='lat' dir='ltr'><strong>instituit.</strong></span> <span class='ocrx_word' id='word_1_488' title='bbox 3702 2125 3842 2183; x_wconf 86' lang='lat' dir='ltr'><strong>Nam</strong></span> <span class='ocrx_word' id='word_1_489' title='bbox 3899 2132 3945 2184; x_wconf 91' lang='lat' dir='ltr'><strong>si</strong></span> 
     </span>
    </p>
   </div>
   <div class='ocr_carea' id='block_1_66' title="bbox 2359 2208 3945 2287">
    <p class='ocr_par' dir='ltr' id='par_1_66' title="bbox 2359 2208 3945 2287">
     <span class='ocr_line' id='line_1_66' title="bbox 2359 2208 3945 2287; baseline 0.011 -28"><span class='ocrx_word' id='word_1_490' title='bbox 2359 2208 2561 2277; x_wconf 87' lang='lat' dir='ltr'><strong>absque</strong></span> <span class='ocrx_word' id='word_1_491' title='bbox 2609 2209 2717 2263; x_wconf 91' lang='lat' dir='ltr'><strong>ullo</strong></span> <span class='ocrx_word' id='word_1_492' title='bbox 2754 2221 3009 2280; x_wconf 89' lang='lat' dir='ltr'><strong>apparatu</strong></span> <span class='ocrx_word' id='word_1_493' title='bbox 3051 2213 3261 2282; x_wconf 89' lang='lat' dir='ltr'><strong>signum</strong></span> <span class='ocrx_word' id='word_1_494' title='bbox 3301 2215 3502 2270; x_wconf 84' lang='lat' dir='ltr'><strong>editum</strong></span> <span class='ocrx_word' id='word_1_495' title='bbox 3548 2217 3772 2287; x_wconf 82' lang='lat' dir='ltr'><strong>fuisset,</strong></span> <span class='ocrx_word' id='word_1_496' title='bbox 3832 2236 3945 2276; x_wconf 86' lang='lat' dir='ltr'><strong>non</strong></span> 
     </span>
    </p>
   </div>
   <div class='ocr_carea' id='block_1_67' title="bbox 2361 2302 3947 2379">
    <p class='ocr_par' dir='ltr' id='par_1_67' title="bbox 2361 2302 3947 2379">
     <span class='ocr_line' id='line_1_67' title="bbox 2361 2302 3947 2379; baseline 0.009 -28"><span class='ocrx_word' id='word_1_497' title='bbox 2361 2306 2562 2353; x_wconf 87' lang='lat' dir='ltr'><strong>tantum</strong></span> <span class='ocrx_word' id='word_1_498' title='bbox 2603 2302 2937 2370; x_wconf 87' lang='lat' dir='ltr'><strong>apparuisset</strong></span> <span class='ocrx_word' id='word_1_499' title='bbox 2972 2304 3284 2359; x_wconf 88' lang='lat' dir='ltr'><strong>miraculum</strong></span> <span class='ocrx_word' id='word_1_500' title='bbox 3317 2323 3329 2359; x_wconf 94' lang='lat'>:</span> <span class='ocrx_word' id='word_1_501' title='bbox 3359 2306 3468 2375; x_wconf 88' lang='lat' dir='ltr'><strong>jam</strong></span> <span class='ocrx_word' id='word_1_502' title='bbox 3505 2323 3640 2364; x_wconf 84' lang='lat' dir='ltr'><strong>vero</strong></span> <span class='ocrx_word' id='word_1_503' title='bbox 3670 2311 3828 2379; x_wconf 78' lang='lat' dir='ltr'><strong>prius</strong></span> <span class='ocrx_word' id='word_1_504' title='bbox 3843 2326 3947 2368; x_wconf 86' lang='lat' dir='ltr'><strong>cu-</strong></span> 
     </span>
    </p>
   </div>
   <div class='ocr_carea' id='block_1_68' title="bbox 2351 2392 3946 2470">
    <p class='ocr_par' dir='ltr' id='par_1_68' title="bbox 2351 2392 3946 2470">
     <span class='ocr_line' id='line_1_68' title="bbox 2351 2392 3946 2470; baseline 0.009 -27"><span class='ocrx_word' id='word_1_505' title='bbox 2351 2398 2440 2444; x_wconf 87' lang='lat' dir='ltr'><strong>rat</strong></span> <span class='ocrx_word' id='word_1_506' title='bbox 2461 2400 2516 2443; x_wconf 93' lang='lat' dir='ltr'><strong>ut</strong></span> <span class='ocrx_word' id='word_1_507' title='bbox 2546 2392 2818 2460; x_wconf 88' lang='lat' dir='ltr'><strong>penuriam</strong></span> <span class='ocrx_word' id='word_1_508' title='bbox 2846 2393 3183 2462; x_wconf 88' lang='lat' dir='ltr'><strong>conﬁteatur,</strong></span> <span class='ocrx_word' id='word_1_509' title='bbox 3215 2404 3272 2449; x_wconf 88' lang='lat' dir='ltr'><strong>ut</strong></span> <span class='ocrx_word' id='word_1_510' title='bbox 3301 2396 3424 2451; x_wconf 87' lang='lat' dir='ltr'><strong>hinc</strong></span> <span class='ocrx_word' id='word_1_511' title='bbox 3451 2398 3623 2470; x_wconf 86' lang='lat' dir='ltr'><strong>majus</strong></span> <span class='ocrx_word' id='word_1_512' title='bbox 3652 2399 3751 2469; x_wconf 88' lang='lat' dir='ltr'><strong>ipsi</strong></span> <span class='ocrx_word' id='word_1_513' title='bbox 3780 2401 3946 2456; x_wconf 80' lang='lat' dir='ltr'><strong>vide-</strong></span> 
     </span>
    </p>
   </div>
   <div class='ocr_carea' id='block_1_69' title="bbox 2353 2483 3947 2557">
    <p class='ocr_par' dir='ltr' id='par_1_69' title="bbox 2353 2483 3947 2557">
     <span class='ocr_line' id='line_1_69' title="bbox 2353 2483 3947 2557; baseline 0.008 -22"><span class='ocrx_word' id='word_1_514' title='bbox 2353 2493 2506 2535; x_wconf 81' lang='lat' dir='ltr'><strong>retur</strong></span> <span class='ocrx_word' id='word_1_515' title='bbox 2533 2483 2870 2538; x_wconf 87' lang='lat' dir='ltr'><strong>miraculum.</strong></span> <span class='ocrx_word' id='word_1_516' title='bbox 2919 2483 3052 2541; x_wconf 82' lang='lat' dir='ltr'><strong>Vide</strong></span> <span class='ocrx_word' id='word_1_517' title='bbox 3097 2486 3222 2557; x_wconf 89' lang='lat' dir='ltr'><strong>quid</strong></span> <span class='ocrx_word' id='word_1_518' title='bbox 3255 2487 3396 2543; x_wconf 90' lang='lat' dir='ltr'><strong>dicat</strong></span> <span class='ocrx_word' id='word_1_519' title='bbox 3425 2489 3516 2544; x_wconf 89' lang='lat' dir='ltr'><strong>ille</strong></span> <span class='ocrx_word' id='word_1_520' title='bbox 3550 2507 3564 2546; x_wconf 90' lang='lat'><strong>:</strong></span> <span class='ocrx_word' id='word_1_521' title='bbox 3609 2488 3758 2545; x_wconf 83' lang='lat' dir='ltr'><strong>Unde</strong></span> <span class='ocrx_word' id='word_1_522' title='bbox 3788 2493 3947 2547; x_wconf 73' lang='lat' dir='ltr'><strong>nobis</strong></span> 
     </span>
    </p>
   </div>
   <div class='ocr_carea' id='block_1_70' title="bbox 2354 2573 3945 2654">
    <p class='ocr_par' dir='ltr' id='par_1_70' title="bbox 2354 2573 3945 2654">
     <span class='ocr_line' id='line_1_70' title="bbox 2354 2573 3945 2654; baseline 0.009 -32"><span class='ocrx_word' id='word_1_523' title='bbox 2354 2579 2427 2626; x_wconf 87' lang='lat' dir='ltr'><strong>tot</strong></span> <span class='ocrx_word' id='word_1_524' title='bbox 2448 2588 2622 2640; x_wconf 82' lang='lat' dir='ltr'><strong>panes,</strong></span> <span class='ocrx_word' id='word_1_525' title='bbox 2669 2585 2724 2629; x_wconf 90' lang='lat' dir='ltr'><strong>ut</strong></span> <span class='ocrx_word' id='word_1_526' title='bbox 2759 2573 3062 2629; x_wconf 81' lang='lat' dir='ltr'><strong>manducent</strong></span> <span class='ocrx_word' id='word_1_527' title='bbox 3103 2576 3198 2630; x_wconf 78' lang='lat' dir='ltr'><strong>hi?</strong></span> <span class='ocrx_word' id='word_1_528' title='bbox 3227 2576 3317 2632; x_wconf 88' lang='lat' dir='ltr'><strong>Sic</strong></span> <span class='ocrx_word' id='word_1_529' title='bbox 3347 2579 3398 2633; x_wconf 90' lang='lat' dir='ltr'><strong>in</strong></span> <span class='ocrx_word' id='word_1_530' title='bbox 3429 2579 3593 2634; x_wconf 81' lang='lat' dir='ltr'><strong>veteri</strong></span> <span class='ocrx_word' id='word_1_531' title='bbox 3623 2581 3739 2651; x_wconf 82' lang='lat' dir='ltr'><strong>lege</strong></span> <span class='ocrx_word' id='word_1_532' title='bbox 3765 2580 3945 2654; x_wconf 69' lang='lat' dir='ltr'><strong>Moysi</strong></span> 
     </span>
    </p>
   </div>
   <div class='ocr_carea' id='block_1_71' title="bbox 2353 2663 3948 2740">
    <p class='ocr_par' dir='ltr' id='par_1_71' title="bbox 2353 2663 3948 2740">
     <span class='ocr_line' id='line_1_71' title="bbox 2353 2663 3948 2740; baseline 0.007 -24"><span class='ocrx_word' id='word_1_533' title='bbox 2353 2663 2596 2730; x_wconf 87' lang='lat' dir='ltr'><strong>dicebat,</strong></span> <span class='ocrx_word' id='word_1_534' title='bbox 2632 2663 2791 2736; x_wconf 90' lang='lat' dir='ltr'><strong>idque</strong></span> <span class='ocrx_word' id='word_1_535' title='bbox 2825 2674 3108 2737; x_wconf 87' lang='lat' dir='ltr'><strong>antequam</strong></span> <span class='ocrx_word' id='word_1_536' title='bbox 3135 2668 3447 2724; x_wconf 86' lang='lat' dir='ltr'><strong>miraculum</strong></span> <span class='ocrx_word' id='word_1_537' title='bbox 3485 2679 3723 2740; x_wconf 83' lang='lat' dir='ltr'><strong>patraret</strong></span> <span class='ocrx_word' id='word_1_538' title='bbox 3751 2690 3765 2727; x_wconf 94' lang='lat'><strong>:</strong></span> <span class='ocrx_word' id='word_1_539' title='bbox 3798 2671 3948 2739; x_wconf 82' lang='lat' dir='ltr'><strong>Quid</strong></span> 
     </span>
    </p>
   </div>
   <div class='ocr_carea' id='block_1_72' title="bbox 2352 2757 3941 2832">
    <p class='ocr_par' dir='ltr' id='par_1_72' title="bbox 2352 2757 3941 2832">
     <span class='ocr_line' id='line_1_72' title="bbox 2352 2757 3941 2832; baseline 0.006 -22"><span class='ocrx_word' id='word_1_540' title='bbox 2352 2764 2427 2810; x_wconf 89' lang='lat' dir='ltr'><strong>est</strong></span> <span class='ocrx_word' id='word_1_541' title='bbox 2451 2757 2502 2810; x_wconf 90' lang='lat' dir='ltr'><strong>in</strong></span> <span class='ocrx_word' id='word_1_542' title='bbox 2529 2772 2682 2810; x_wconf 87' lang='lat' dir='ltr'><strong>manu</strong></span> <span class='ocrx_word' id='word_1_543' title='bbox 2707 2757 2839 2827; x_wconf 90' lang='lat' dir='ltr'><strong>tua(</strong></span> <span class='ocrx_word' id='word_1_544' title='bbox 2871 2757 3040 2813; x_wconf 72' lang='lat' dir='ltr'><strong>Exod.</strong></span> <span class='ocrx_word' id='word_1_545' title='bbox 3063 2760 3117 2814; x_wconf 68' lang='grc'><strong>4.</strong></span> <span class='ocrx_word' id='word_1_546' title='bbox 3146 2760 3269 2832; x_wconf 85' lang='lat'><strong>2)?</strong></span> <span class='ocrx_word' id='word_1_547' title='bbox 3313 2761 3445 2829; x_wconf 87' lang='lat' dir='ltr'><strong>Quia</strong></span> <span class='ocrx_word' id='word_1_548' title='bbox 3485 2764 3629 2817; x_wconf 90' lang='lat' dir='ltr'><strong>enim</strong></span> <span class='ocrx_word' id='word_1_549' title='bbox 3671 2764 3941 2821; x_wconf 84' lang='lat' dir='ltr'><strong>miracula</strong></span> 
     </span>
    </p>
   </div>
   <div class='ocr_carea' id='block_1_73' title="bbox 2350 2848 3969 2919">
    <p class='ocr_par' dir='ltr' id='par_1_73' title="bbox 2350 2848 3969 2919">
     <span class='ocr_line' id='line_1_73' title="bbox 2350 2848 3969 2919; baseline 0.006 -19"><span class='ocrx_word' id='word_1_550' title='bbox 2350 2862 2470 2917; x_wconf 78' lang='lat' dir='ltr'><strong>qua:</strong></span> <span class='ocrx_word' id='word_1_551' title='bbox 2499 2856 2719 2917; x_wconf 91' lang='lat' dir='ltr'><strong>repente</strong></span> <span class='ocrx_word' id='word_1_552' title='bbox 2745 2848 3010 2916; x_wconf 81' lang='lat' dir='ltr'><strong>accidunt,</strong></span> <span class='ocrx_word' id='word_1_553' title='bbox 3043 2849 3281 2919; x_wconf 88' lang='lat' dir='ltr'><strong>priorum</strong></span> <span class='ocrx_word' id='word_1_554' title='bbox 3309 2851 3463 2908; x_wconf 86' lang='lat' dir='ltr'><strong>nobis</strong></span> <span class='ocrx_word' id='word_1_555' title='bbox 3491 2851 3816 2910; x_wconf 88' lang='lat' dir='ltr'><strong>oblivionem</strong></span> <span class='ocrx_word' id='word_1_556' title='bbox 3857 2855 3969 2910; x_wconf 78' lang='lat' dir='ltr'><strong>in-</strong></span> 
     </span>
    </p>
   </div>
   <div class='ocr_carea' id='block_1_74' title="bbox 2350 2937 3942 3015">
    <p class='ocr_par' dir='ltr' id='par_1_74' title="bbox 2350 2937 3942 3015">
     <span class='ocr_line' id='line_1_74' title="bbox 2350 2937 3942 3015; baseline 0.005 -23"><span class='ocrx_word' id='word_1_557' title='bbox 2350 2937 2547 2993; x_wconf 88' lang='lat' dir='ltr'><strong>ducere</strong></span> <span class='ocrx_word' id='word_1_558' title='bbox 2574 2939 2765 3006; x_wconf 88' lang='lat' dir='ltr'><strong>solent,</strong></span> <span class='ocrx_word' id='word_1_559' title='bbox 2801 2941 2974 3010; x_wconf 89' lang='lat' dir='ltr'><strong>primo</strong></span> <span class='ocrx_word' id='word_1_560' title='bbox 2995 2941 3141 2996; x_wconf 92' lang='lat' dir='ltr'><strong>illum</strong></span> <span class='ocrx_word' id='word_1_561' title='bbox 3167 2941 3506 2998; x_wconf 88' lang='lat' dir='ltr'><strong>confessione</strong></span> <span class='ocrx_word' id='word_1_562' title='bbox 3534 2959 3628 2999; x_wconf 88' lang='lat' dir='ltr'><strong>sua</strong></span> <span class='ocrx_word' id='word_1_563' title='bbox 3651 2944 3900 3015; x_wconf 77' lang='lat' dir='ltr'><strong>alligavit</strong></span> <span class='ocrx_word' id='word_1_564' title='bbox 3922 2986 3942 3012; x_wconf 89' lang='lat'><strong>,</strong></span> 
     </span>
    </p>
   </div>
   <div class='ocr_carea' id='block_1_75' title="bbox 2350 3031 3947 3102">
    <p class='ocr_par' dir='ltr' id='par_1_75' title="bbox 2350 3031 3947 3102">
     <span class='ocr_line' id='line_1_75' title="bbox 2350 3031 3947 3102; baseline 0.004 -18"><span class='ocrx_word' id='word_1_565' title='bbox 2350 3039 2406 3084; x_wconf 93' lang='lat' dir='ltr'><strong>ut</strong></span> <span class='ocrx_word' id='word_1_566' title='bbox 2438 3045 2540 3085; x_wconf 90' lang='lat' dir='ltr'><strong>non</strong></span> <span class='ocrx_word' id='word_1_567' title='bbox 2570 3031 2763 3087; x_wconf 90' lang='lat' dir='ltr'><strong>deinde</strong></span> <span class='ocrx_word' id='word_1_568' title='bbox 2787 3043 3004 3102; x_wconf 87' lang='lat' dir='ltr'><strong>stupore</strong></span> <span class='ocrx_word' id='word_1_569' title='bbox 3029 3035 3305 3102; x_wconf 87' lang='lat' dir='ltr'><strong>perculsus</strong></span> <span class='ocrx_word' id='word_1_570' title='bbox 3331 3035 3589 3091; x_wconf 71' lang='lat' dir='ltr'><strong>confessa:</strong></span> <span class='ocrx_word' id='word_1_571' title='bbox 3613 3035 3689 3091; x_wconf 89' lang='lat' dir='ltr'><strong>rei</strong></span> <span class='ocrx_word' id='word_1_572' title='bbox 3718 3051 3947 3092; x_wconf 76' lang='lat' dir='ltr'><strong>memo-</strong></span> 
     </span>
    </p>
   </div>
   <div class='ocr_carea' id='block_1_76' title="bbox 2350 3121 3945 3194">
    <p class='ocr_par' dir='ltr' id='par_1_76' title="bbox 2350 3121 3945 3194">
     <span class='ocr_line' id='line_1_76' title="bbox 2350 3121 3945 3194; baseline 0.004 -18"><span class='ocrx_word' id='word_1_573' title='bbox 2350 3121 2481 3176; x_wconf 91' lang='lat' dir='ltr'><strong>riam</strong></span> <span class='ocrx_word' id='word_1_574' title='bbox 2523 3122 2798 3192; x_wconf 86' lang='lat' dir='ltr'><strong>ahjiccret,</strong></span> <span class='ocrx_word' id='word_1_575' title='bbox 2837 3131 2892 3178; x_wconf 88' lang='lat' dir='ltr'><strong>et</strong></span> <span class='ocrx_word' id='word_1_576' title='bbox 2933 3124 3057 3178; x_wconf 88' lang='lat' dir='ltr'><strong>hinc</strong></span> <span class='ocrx_word' id='word_1_577' title='bbox 3092 3125 3492 3194; x_wconf 87' lang='lat' dir='ltr'><strong>comparatione</strong></span> <span class='ocrx_word' id='word_1_578' title='bbox 3519 3125 3658 3181; x_wconf 87' lang='lat' dir='ltr'><strong>facta</strong></span> <span class='ocrx_word' id='word_1_579' title='bbox 3685 3126 3945 3183; x_wconf 87' lang='lat' dir='ltr'><strong>miraculi</strong></span> 
     </span>
    </p>
   </div>
   <div class='ocr_carea' id='block_1_77' title="bbox 2349 3213 3938 3287">
    <p class='ocr_par' dir='ltr' id='par_1_77' title="bbox 2349 3213 3938 3287">
     <span class='ocr_line' id='line_1_77' title="bbox 2349 3213 3938 3287; baseline 0.004 -21"><span class='ocrx_word' id='word_1_580' title='bbox 2349 3213 2766 3282; x_wconf 83' lang='lat' dir='ltr'><strong>magnitudinem</strong></span> <span class='ocrx_word' id='word_1_581' title='bbox 2820 3213 3117 3281; x_wconf 91' lang='lat' dir='ltr'><strong>edisceret;</strong></span> <span class='ocrx_word' id='word_1_582' title='bbox 3172 3216 3314 3287; x_wconf 91' lang='lat' dir='ltr'><strong>quod</strong></span> <span class='ocrx_word' id='word_1_583' title='bbox 3369 3215 3453 3270; x_wconf 90' lang='lat' dir='ltr'><strong>hic</strong></span> <span class='ocrx_word' id='word_1_584' title='bbox 3499 3217 3660 3270; x_wconf 89' lang='lat' dir='ltr'><strong>etiam</strong></span> <span class='ocrx_word' id='word_1_585' title='bbox 3711 3217 3938 3274; x_wconf 88' lang='lat' dir='ltr'><strong>accidit.</strong></span> 
     </span>
    </p>
   </div>
   <div class='ocr_carea' id='block_1_78' title="bbox 2348 3304 3943 3380">
    <p class='ocr_par' dir='ltr' id='par_1_78' title="bbox 2348 3304 3943 3380">
     <span class='ocr_line' id='line_1_78' title="bbox 2348 3304 3943 3380; baseline 0.003 -19"><span class='ocrx_word' id='word_1_586' title='bbox 2348 3304 2734 3376; x_wconf 88' lang='lat' dir='ltr'><strong>Interrogatus,</strong></span> <span class='ocrx_word' id='word_1_587' title='bbox 2767 3306 2854 3360; x_wconf 87' lang='lat' dir='ltr'><strong>ille</strong></span> <span class='ocrx_word' id='word_1_588' title='bbox 2874 3307 3161 3380; x_wconf 89' lang='lat' dir='ltr'><strong>respondet</strong></span> <span class='ocrx_word' id='word_1_589' title='bbox 3191 3325 3205 3361; x_wconf 92' lang='lat'><strong>:</strong></span> <span class='ocrx_word' id='word_1_590' title='bbox 3239 3308 3291 3362; x_wconf 91' lang='lat'><strong>7.</strong></span> <span class='ocrx_word' id='word_1_591' title='bbox 3325 3307 3666 3363; x_wconf 85' lang='lat' dir='ltr'><strong>Ducentorunt</strong></span> <span class='ocrx_word' id='word_1_592' title='bbox 3686 3310 3943 3366; x_wconf 83' lang='lat' dir='ltr'><strong>denario-</strong></span> 
     </span>
    </p>
   </div>
   <div class='ocr_carea' id='block_1_79' title="bbox 2345 3400 3946 3471">
    <p class='ocr_par' dir='ltr' id='par_1_79' title="bbox 2345 3400 3946 3471">
     <span class='ocr_line' id='line_1_79' title="bbox 2345 3400 3946 3471; baseline 0.004 -20"><span class='ocrx_word' id='word_1_593' title='bbox 2345 3414 2460 3451; x_wconf 86' lang='lat' dir='ltr'><strong>rum</strong></span> <span class='ocrx_word' id='word_1_594' title='bbox 2488 3415 2642 3468; x_wconf 85' lang='lat' dir='ltr'><strong>panes</strong></span> <span class='ocrx_word' id='word_1_595' title='bbox 2668 3415 2766 3453; x_wconf 88' lang='lat' dir='ltr'><strong>non</strong></span> <span class='ocrx_word' id='word_1_596' title='bbox 2792 3400 3040 3470; x_wconf 63' lang='lat' dir='ltr'><strong>suﬁ&#39;iciunt</strong></span> <span class='ocrx_word' id='word_1_597' title='bbox 3068 3400 3192 3468; x_wconf 85' lang='lat' dir='ltr'><strong>illis,</strong></span> <span class='ocrx_word' id='word_1_598' title='bbox 3225 3411 3282 3454; x_wconf 88' lang='lat' dir='ltr'><strong>ut</strong></span> <span class='ocrx_word' id='word_1_599' title='bbox 3310 3401 3648 3471; x_wconf 75' lang='lat' dir='ltr'><strong>unusquisque</strong></span> <span class='ocrx_word' id='word_1_600' title='bbox 3672 3401 3946 3471; x_wconf 81' lang='lat' dir='ltr'><strong>modicum</strong></span> 
     </span>
    </p>
   </div>
   <div class='ocr_carea' id='block_1_80' title="bbox 2346 3491 3947 3562">
    <p class='ocr_par' dir='ltr' id='par_1_80' title="bbox 2346 3491 3947 3562">
     <span class='ocr_line' id='line_1_80' title="bbox 2346 3491 3947 3562; baseline 0.004 -19"><span class='ocrx_word' id='word_1_601' title='bbox 2346 3492 2467 3558; x_wconf 90' lang='lat' dir='ltr'><strong>quid</strong></span> <span class='ocrx_word' id='word_1_602' title='bbox 2506 3492 2741 3562; x_wconf 80' lang='lat' dir='ltr'><strong>accipiat.</strong></span> <span class='ocrx_word' id='word_1_603' title='bbox 2787 3492 2840 3547; x_wconf 85' lang='lat'><strong>6.</strong></span> <span class='ocrx_word' id='word_1_604' title='bbox 2892 3491 3004 3546; x_wconf 85' lang='lat' dir='ltr'><strong>Hoc</strong></span> <span class='ocrx_word' id='word_1_605' title='bbox 3035 3493 3433 3549; x_wconf 82' lang='lat' dir='ltr'><strong>autentdicebat</strong></span> <span class='ocrx_word' id='word_1_606' title='bbox 3481 3503 3680 3547; x_wconf 88' lang='lat' dir='ltr'><strong>tentans</strong></span> <span class='ocrx_word' id='word_1_607' title='bbox 3721 3494 3879 3549; x_wconf 82' lang='lat' dir='ltr'><strong>illum</strong></span> <span class='ocrx_word' id='word_1_608' title='bbox 3924 3510 3947 3549; x_wconf 80' lang='lat'><strong>.&#39;</strong></span> 
     </span>
    </p>
   </div>
   <div class='ocr_carea' id='block_1_81' title="bbox 2346 3583 3946 3655">
    <p class='ocr_par' dir='ltr' id='par_1_81' title="bbox 2346 3583 3946 3655">
     <span class='ocr_line' id='line_1_81' title="bbox 2346 3583 3946 3655; baseline 0.003 -19"><span class='ocrx_word' id='word_1_609' title='bbox 2346 3583 2454 3653; x_wconf 86' lang='lat' dir='ltr'><strong>ipse</strong></span> <span class='ocrx_word' id='word_1_610' title='bbox 2490 3583 2622 3637; x_wconf 86' lang='lat' dir='ltr'><strong>enim</strong></span> <span class='ocrx_word' id='word_1_611' title='bbox 2657 3584 2840 3638; x_wconf 81' lang='lat' dir='ltr'><strong>sciebat</strong></span> <span class='ocrx_word' id='word_1_612' title='bbox 2885 3583 3009 3654; x_wconf 84' lang='lat' dir='ltr'><strong>quid</strong></span> <span class='ocrx_word' id='word_1_613' title='bbox 3044 3593 3167 3640; x_wconf 82' lang='lat' dir='ltr'><strong>esset</strong></span> <span class='ocrx_word' id='word_1_614' title='bbox 3215 3586 3464 3655; x_wconf 81' lang='lat' dir='ltr'><strong>facturus.</strong></span> <span class='ocrx_word' id='word_1_615' title='bbox 3503 3584 3637 3654; x_wconf 82' lang='lat' dir='ltr'><strong>Quid</strong></span> <span class='ocrx_word' id='word_1_616' title='bbox 3661 3586 3760 3640; x_wconf 84' lang='lat' dir='ltr'><strong>sibi</strong></span> <span class='ocrx_word' id='word_1_617' title='bbox 3791 3587 3946 3653; x_wconf 69' lang='lat' dir='ltr'><strong>vult,</strong></span> 
     </span>
    </p>
   </div>
   <div class='ocr_carea' id='block_1_82' title="bbox 2350 3671 3943 3745">
    <p class='ocr_par' dir='ltr' id='par_1_82' title="bbox 2350 3671 3943 3745">
     <span class='ocr_line' id='line_1_82' title="bbox 2350 3671 3943 3745; baseline 0.003 -19"><span class='ocrx_word' id='word_1_618' title='bbox 2350 3671 2568 3726; x_wconf 88' lang='lat' dir='ltr'><strong>Tentans</strong></span> <span class='ocrx_word' id='word_1_619' title='bbox 2605 3673 2786 3728; x_wconf 80' lang='lat' dir='ltr'><strong>illum?</strong></span> <span class='ocrx_word' id='word_1_620' title='bbox 2822 3688 2950 3729; x_wconf 88' lang='lat' dir='ltr'><strong>num</strong></span> <span class='ocrx_word' id='word_1_621' title='bbox 2990 3673 3267 3744; x_wconf 79' lang='lat' dir='ltr'><strong>ignorabat</strong></span> <span class='ocrx_word' id='word_1_622' title='bbox 3305 3673 3431 3745; x_wconf 87' lang='lat' dir='ltr'><strong>quid</strong></span> <span class='ocrx_word' id='word_1_623' title='bbox 3467 3674 3707 3731; x_wconf 90' lang='lat' dir='ltr'><strong>dicturus</strong></span> <span class='ocrx_word' id='word_1_624' title='bbox 3745 3677 3943 3733; x_wconf 80' lang='lat' dir='ltr'><strong>esset?</strong></span> 
     </span>
    </p>
   </div>
   <div class='ocr_carea' id='block_1_83' title="bbox 2349 3762 2822 3834">
    <p class='ocr_par' dir='ltr' id='par_1_83' title="bbox 2349 3762 2822 3834">
     <span class='ocr_line' id='line_1_83' title="bbox 2349 3762 2822 3834; baseline -0.002 -16"><span class='ocrx_word' id='word_1_625' title='bbox 2349 3762 2460 3818; x_wconf 82' lang='lat' dir='ltr'><strong>Hoc</strong></span> <span class='ocrx_word' id='word_1_626' title='bbox 2486 3763 2590 3818; x_wconf 91' lang='lat' dir='ltr'><strong>diei</strong></span> <span class='ocrx_word' id='word_1_627' title='bbox 2622 3764 2822 3834; x_wconf 88' lang='lat' dir='ltr'><strong>nequit.</strong></span> 
     </span>
    </p>
   </div>
   <div class='ocr_carea' id='block_1_84' title="bbox 2416 3854 3951 3928">
    <p class='ocr_par' dir='ltr' id='par_1_84' title="bbox 2416 3854 3951 3928">
     <span class='ocr_line' id='line_1_84' title="bbox 2416 3854 3951 3928; baseline 0.006 -20"><span class='ocrx_word' id='word_1_628' title='bbox 2416 3854 2468 3910; x_wconf 83' lang='lat'><strong>2.</strong></span> <span class='ocrx_word' id='word_1_629' title='bbox 2511 3855 2764 3923; x_wconf 80' lang='lat' dir='ltr'><strong>Quaenam</strong></span> <span class='ocrx_word' id='word_1_630' title='bbox 2814 3869 2943 3928; x_wconf 88' lang='lat' dir='ltr'><strong>ergo</strong></span> <span class='ocrx_word' id='word_1_631' title='bbox 2991 3865 3076 3914; x_wconf 89' lang='lat' dir='ltr'><strong>est</strong></span> <span class='ocrx_word' id='word_1_632' title='bbox 3122 3858 3249 3913; x_wconf 89' lang='lat' dir='ltr'><strong>dicti</strong></span> <span class='ocrx_word' id='word_1_633' title='bbox 3302 3857 3608 3915; x_wconf 78' lang='lat' dir='ltr'><strong>sententia?</strong></span> <span class='ocrx_word' id='word_1_634' title='bbox 3635 3857 3716 3913; x_wconf 84' lang='lat' dir='ltr'><strong>Ex</strong></span> <span class='ocrx_word' id='word_1_635' title='bbox 3757 3861 3951 3917; x_wconf 85' lang='lat' dir='ltr'><strong>veteri</strong></span> 
     </span>
    </p>
   </div>
   <div class='ocr_carea' id='block_1_85' title="bbox 2347 3947 3952 4022">
    <p class='ocr_par' dir='ltr' id='par_1_85' title="bbox 2347 3947 3952 4022">
     <span class='ocr_line' id='line_1_85' title="bbox 2347 3947 3952 4022; baseline 0.003 -19"><span class='ocrx_word' id='word_1_636' title='bbox 2347 3947 2463 4018; x_wconf 87' lang='lat' dir='ltr'><strong>lege</strong></span> <span class='ocrx_word' id='word_1_637' title='bbox 2491 3963 2774 4018; x_wconf 86' lang='lat' dir='ltr'><strong>possumus</strong></span> <span class='ocrx_word' id='word_1_638' title='bbox 2809 3949 2955 4005; x_wconf 89' lang='lat' dir='ltr'><strong>illam</strong></span> <span class='ocrx_word' id='word_1_639' title='bbox 2981 3948 3242 4017; x_wconf 75' lang='lat' dir='ltr'><strong>ediscere.</strong></span> <span class='ocrx_word' id='word_1_640' title='bbox 3272 3950 3405 4006; x_wconf 86' lang='lat' dir='ltr'><strong>Nam</strong></span> <span class='ocrx_word' id='word_1_641' title='bbox 3439 3951 3509 4005; x_wconf 84' lang='lat' dir='ltr'><strong>ibi</strong></span> <span class='ocrx_word' id='word_1_642' title='bbox 3549 3966 3763 4022; x_wconf 89' lang='lat' dir='ltr'><strong>quoque</strong></span> <span class='ocrx_word' id='word_1_643' title='bbox 3792 3951 3952 4009; x_wconf 85' lang='lat' dir='ltr'><strong>dici-</strong></span> 
     </span>
    </p>
   </div>
   <div class='ocr_carea' id='block_1_86' title="bbox 2347 4039 3955 4105">
    <p class='ocr_par' dir='ltr' id='par_1_86' title="bbox 2347 4039 3955 4105">
     <span class='ocr_line' id='line_1_86' title="bbox 2347 4039 3955 4105; baseline 0.002 -11"><span class='ocrx_word' id='word_1_644' title='bbox 2347 4047 2432 4094; x_wconf 91' lang='lat' dir='ltr'><strong>tur</strong></span> <span class='ocrx_word' id='word_1_645' title='bbox 2462 4059 2474 4094; x_wconf 92' lang='lat'>:</span> <span class='ocrx_word' id='word_1_646' title='bbox 2515 4039 2635 4093; x_wconf 87' lang='lat' dir='ltr'><strong>Post</strong></span> <span class='ocrx_word' id='word_1_647' title='bbox 2682 4040 2788 4094; x_wconf 70' lang='lat' dir='ltr'><strong>lucc</strong></span> <span class='ocrx_word' id='word_1_648' title='bbox 2824 4041 3029 4095; x_wconf 80' lang='lat' dir='ltr'><strong>tentavit</strong></span> <span class='ocrx_word' id='word_1_649' title='bbox 3055 4039 3195 4096; x_wconf 89' lang='lat' dir='ltr'><strong>Deus</strong></span> <span class='ocrx_word' id='word_1_650' title='bbox 3229 4041 3508 4105; x_wconf 79' lang='lat' dir='ltr'><strong>Abraham,</strong></span> <span class='ocrx_word' id='word_1_651' title='bbox 3537 4042 3706 4096; x_wconf 85' lang='lat' dir='ltr'><strong>dicens</strong></span> <span class='ocrx_word' id='word_1_652' title='bbox 3735 4057 3754 4096; x_wconf 90' lang='lat'><strong><em>:</em></strong></span> <span class='ocrx_word' id='word_1_653' title='bbox 3784 4041 3955 4099; x_wconf 84' lang='lat' dir='ltr'><strong>Tolle</strong></span> 
     </span>
    </p>
   </div>
   <div class='ocr_carea' id='block_1_87' title="bbox 2346 4131 3950 4204">
    <p class='ocr_par' dir='ltr' id='par_1_87' title="bbox 2346 4131 3950 4204">
     <span class='ocr_line' id='line_1_87' title="bbox 2346 4131 3950 4204; baseline 0.002 -20"><span class='ocrx_word' id='word_1_654' title='bbox 2346 4131 2511 4200; x_wconf 78' lang='lat' dir='ltr'><strong>ﬁlium</strong></span> <span class='ocrx_word' id='word_1_655' title='bbox 2541 4141 2681 4185; x_wconf 84' lang='lat' dir='ltr'><strong>luunt</strong></span> <span class='ocrx_word' id='word_1_656' title='bbox 2706 4131 3038 4202; x_wconf 85' lang='lat' dir='ltr'><strong>unigenitum,</strong></span> <span class='ocrx_word' id='word_1_657' title='bbox 3067 4149 3213 4200; x_wconf 89' lang='lat' dir='ltr'><strong>quem</strong></span> <span class='ocrx_word' id='word_1_658' title='bbox 3241 4133 3435 4204; x_wconf 86' lang='lat' dir='ltr'><strong>diligis,</strong></span> <span class='ocrx_word' id='word_1_659' title='bbox 3470 4133 3620 4187; x_wconf 85' lang='lat' dir='ltr'><strong>Isaac</strong></span> <span class='ocrx_word' id='word_1_660' title='bbox 3650 4131 3801 4203; x_wconf 84' lang='lat' dir='ltr'><strong>(Gen.</strong></span> <span class='ocrx_word' id='word_1_661' title='bbox 3838 4132 3950 4190; x_wconf 63' lang='grc' dir='ltr'><strong>ΞΩ.</strong></span> 
     </span>
    </p>
   </div>
   <div class='ocr_carea' id='block_1_88' title="bbox 2346 4222 3957 4296">
    <p class='ocr_par' dir='ltr' id='par_1_88' title="bbox 2346 4222 3957 4296">
     <span class='ocr_line' id='line_1_88' title="bbox 2346 4222 3957 4296; baseline 0.001 -18"><span class='ocrx_word' id='word_1_662' title='bbox 2346 4225 2397 4278; x_wconf 91' lang='grc'><strong>1.</strong></span> <span class='ocrx_word' id='word_1_663' title='bbox 2419 4223 2495 4294; x_wconf 79' lang='lat'><strong>2).</strong></span> <span class='ocrx_word' id='word_1_664' title='bbox 2516 4223 2697 4292; x_wconf 84' lang='lat' dir='ltr'><strong>Neque</strong></span> <span class='ocrx_word' id='word_1_665' title='bbox 2727 4225 2867 4278; x_wconf 90' lang='lat' dir='ltr'><strong>enim</strong></span> <span class='ocrx_word' id='word_1_666' title='bbox 2886 4222 2938 4278; x_wconf 90' lang='lat' dir='ltr'><strong>id</strong></span> <span class='ocrx_word' id='word_1_667' title='bbox 2951 4223 3102 4289; x_wconf 89' lang='lat' dir='ltr'><strong>dixit,</strong></span> <span class='ocrx_word' id='word_1_668' title='bbox 3126 4233 3184 4277; x_wconf 91' lang='lat' dir='ltr'><strong>ut</strong></span> <span class='ocrx_word' id='word_1_669' title='bbox 3213 4224 3548 4293; x_wconf 79' lang='lat' dir='ltr'><strong>experiretur</strong></span> <span class='ocrx_word' id='word_1_670' title='bbox 3568 4239 3634 4278; x_wconf 89' lang='lat' dir='ltr'><strong>an</strong></span> <span class='ocrx_word' id='word_1_671' title='bbox 3658 4222 3957 4296; x_wconf 81' lang='lat' dir='ltr'><strong>obsequu-</strong></span> 
     </span>
    </p>
   </div>
   <div class='ocr_carea' id='block_1_89' title="bbox 2349 4315 3957 4387">
    <p class='ocr_par' dir='ltr' id='par_1_89' title="bbox 2349 4315 3957 4387">
     <span class='ocr_line' id='line_1_89' title="bbox 2349 4315 3957 4387; baseline 0.005 -19"><span class='ocrx_word' id='word_1_672' title='bbox 2349 4323 2498 4369; x_wconf 90' lang='lat' dir='ltr'><strong>turus</strong></span> <span class='ocrx_word' id='word_1_673' title='bbox 2547 4325 2707 4382; x_wconf 89' lang='lat' dir='ltr'><strong>esset,</strong></span> <span class='ocrx_word' id='word_1_674' title='bbox 2753 4331 2950 4382; x_wconf 89' lang='lat' dir='ltr'><strong>necne;</strong></span> <span class='ocrx_word' id='word_1_675' title='bbox 2984 4324 3166 4385; x_wconf 90' lang='lat' dir='ltr'><strong>utpote</strong></span> <span class='ocrx_word' id='word_1_676' title='bbox 3206 4317 3295 4387; x_wconf 90' lang='lat' dir='ltr'><strong>qui</strong></span> <span class='ocrx_word' id='word_1_677' title='bbox 3335 4318 3513 4371; x_wconf 87' lang='lat' dir='ltr'><strong>omnia</strong></span> <span class='ocrx_word' id='word_1_678' title='bbox 3553 4315 3734 4372; x_wconf 78' lang='lat' dir='ltr'><strong>videat</strong></span> <span class='ocrx_word' id='word_1_679' title='bbox 3778 4328 3957 4376; x_wconf 86' lang='lat' dir='ltr'><strong>ante-</strong></span> 
     </span>
    </p>
   </div>
   <div class='ocr_carea' id='block_1_90' title="bbox 2348 4407 3959 4482">
    <p class='ocr_par' dir='ltr' id='par_1_90' title="bbox 2348 4407 3959 4482">
     <span class='ocr_line' id='line_1_90' title="bbox 2348 4407 3959 4482; baseline 0.006 -23"><span class='ocrx_word' id='word_1_680' title='bbox 2348 4421 2505 4476; x_wconf 87' lang='lat' dir='ltr'><strong>quam</strong></span> <span class='ocrx_word' id='word_1_681' title='bbox 2526 4407 2650 4460; x_wconf 75' lang='lat' dir='ltr'><strong>nam</strong></span> <span class='ocrx_word' id='word_1_682' title='bbox 2667 4407 2828 4478; x_wconf 88' lang='lat' dir='ltr'><strong>(Dan.</strong></span> <span class='ocrx_word' id='word_1_683' title='bbox 2850 4409 2935 4463; x_wconf 81' lang='grc'><strong>15.</strong></span> <span class='ocrx_word' id='word_1_684' title='bbox 2960 4407 3053 4478; x_wconf 71' lang='grc'><strong>42)</strong></span> <span class='ocrx_word' id='word_1_685' title='bbox 3080 4426 3093 4462; x_wconf 93' lang='lat'><strong>:</strong></span> <span class='ocrx_word' id='word_1_686' title='bbox 3117 4408 3210 4464; x_wconf 91' lang='lat' dir='ltr'><strong>sed</strong></span> <span class='ocrx_word' id='word_1_687' title='bbox 3232 4409 3466 4464; x_wconf 92' lang='lat' dir='ltr'><strong>humano</strong></span> <span class='ocrx_word' id='word_1_688' title='bbox 3482 4424 3632 4465; x_wconf 90' lang='lat' dir='ltr'><strong>more</strong></span> <span class='ocrx_word' id='word_1_689' title='bbox 3645 4417 3959 4482; x_wconf 83' lang='lat' dir='ltr'><strong>utrumque</strong></span> 
     </span>
    </p>
   </div>
   <div class='ocr_carea' id='block_1_91' title="bbox 2347 4496 3958 4563">
    <p class='ocr_par' dir='ltr' id='par_1_91' title="bbox 2347 4496 3958 4563">
     <span class='ocr_line' id='line_1_91' title="bbox 2347 4496 3958 4563; baseline 0.006 -14"><span class='ocrx_word' id='word_1_690' title='bbox 2347 4496 2542 4551; x_wconf 91' lang='lat' dir='ltr'><strong>dictum</strong></span> <span class='ocrx_word' id='word_1_691' title='bbox 2574 4507 2674 4552; x_wconf 88' lang='lat' dir='ltr'><strong>est.</strong></span> <span class='ocrx_word' id='word_1_692' title='bbox 2701 4497 2769 4553; x_wconf 92' lang='lat' dir='ltr'><strong>Ut</strong></span> <span class='ocrx_word' id='word_1_693' title='bbox 2804 4512 2924 4552; x_wconf 89' lang='lat' dir='ltr'><strong>cum</strong></span> <span class='ocrx_word' id='word_1_694' title='bbox 2967 4498 3115 4563; x_wconf 92' lang='lat' dir='ltr'><strong>dicit,</strong></span> <span class='ocrx_word' id='word_1_695' title='bbox 3161 4497 3431 4553; x_wconf 87' lang='lat' dir='ltr'><strong>Scrutatur</strong></span> <span class='ocrx_word' id='word_1_696' title='bbox 3471 4500 3626 4553; x_wconf 84' lang='lat' dir='ltr'><strong>corda</strong></span> <span class='ocrx_word' id='word_1_697' title='bbox 3668 4501 3958 4558; x_wconf 69' lang='lat' dir='ltr'><strong>hominum</strong></span> 
     </span>
    </p>
   </div>
   <div class='ocr_carea' id='block_1_92' title="bbox 2348 4586 3961 4659">
    <p class='ocr_par' dir='ltr' id='par_1_92' title="bbox 2348 4586 3961 4659">
     <span class='ocr_line' id='line_1_92' title="bbox 2348 4586 3961 4659; baseline 0.007 -19"><span class='ocrx_word' id='word_1_698' title='bbox 2348 4586 2520 4658; x_wconf 85' lang='lat' dir='ltr'><strong>(Rom.</strong></span> <span class='ocrx_word' id='word_1_699' title='bbox 2555 4587 2607 4643; x_wconf 91' lang='lat'><strong>8.</strong></span> <span class='ocrx_word' id='word_1_700' title='bbox 2641 4589 2764 4658; x_wconf 81' lang='lat'><strong>2&#39;7),</strong></span> <span class='ocrx_word' id='word_1_701' title='bbox 2800 4604 2905 4643; x_wconf 92' lang='lat' dir='ltr'><strong>non</strong></span> <span class='ocrx_word' id='word_1_702' title='bbox 2945 4589 3296 4659; x_wconf 86' lang='lat' dir='ltr'><strong>ignorantiam</strong></span> <span class='ocrx_word' id='word_1_703' title='bbox 3328 4630 3344 4655; x_wconf 90' lang='lat'><strong>,</strong></span> <span class='ocrx_word' id='word_1_704' title='bbox 3376 4591 3471 4646; x_wconf 90' lang='lat' dir='ltr'><strong>sed</strong></span> <span class='ocrx_word' id='word_1_705' title='bbox 3501 4602 3811 4646; x_wconf 86' lang='lat' dir='ltr'><strong>accuratam</strong></span> <span class='ocrx_word' id='word_1_706' title='bbox 3846 4610 3961 4651; x_wconf 83' lang='lat' dir='ltr'><strong>co-</strong></span> 
     </span>
    </p>
   </div>
   <div class='ocr_carea' id='block_1_93' title="bbox 2346 4681 3960 4752">
    <p class='ocr_par' dir='ltr' id='par_1_93' title="bbox 2346 4681 3960 4752">
     <span class='ocr_line' id='line_1_93' title="bbox 2346 4681 3960 4752; baseline 0.006 -17"><span class='ocrx_word' id='word_1_707' title='bbox 2346 4682 2635 4752; x_wconf 82' lang='lat' dir='ltr'><strong>gnitionem</strong></span> <span class='ocrx_word' id='word_1_708' title='bbox 2663 4681 2896 4749; x_wconf 90' lang='lat' dir='ltr'><strong>iudicat;</strong></span> <span class='ocrx_word' id='word_1_709' title='bbox 2923 4683 3001 4737; x_wconf 90' lang='lat' dir='ltr'><strong>sic</strong></span> <span class='ocrx_word' id='word_1_710' title='bbox 3024 4697 3144 4737; x_wconf 92' lang='lat' dir='ltr'><strong>cum</strong></span> <span class='ocrx_word' id='word_1_711' title='bbox 3168 4681 3316 4750; x_wconf 89' lang='lat' dir='ltr'><strong>dicit,</strong></span> <span class='ocrx_word' id='word_1_712' title='bbox 3344 4682 3596 4751; x_wconf 85' lang='lat' dir='ltr'><strong>Tentavit,</strong></span> <span class='ocrx_word' id='word_1_713' title='bbox 3627 4683 3759 4738; x_wconf 87' lang='lat' dir='ltr'><strong>nihil</strong></span> <span class='ocrx_word' id='word_1_714' title='bbox 3787 4686 3960 4744; x_wconf 85' lang='lat' dir='ltr'><strong>aliud</strong></span> 
     </span>
    </p>
   </div>
   <div class='ocr_carea' id='block_1_94' title="bbox 2346 4772 3964 4844">
    <p class='ocr_par' dir='ltr' id='par_1_94' title="bbox 2346 4772 3964 4844">
     <span class='ocr_line' id='line_1_94' title="bbox 2346 4772 3964 4844; baseline 0.004 -17"><span class='ocrx_word' id='word_1_715' title='bbox 2346 4772 2445 4827; x_wconf 88' lang='lat' dir='ltr'><strong>sibi</strong></span> <span class='ocrx_word' id='word_1_716' title='bbox 2491 4773 2624 4838; x_wconf 89' lang='lat' dir='ltr'><strong>vult,</strong></span> <span class='ocrx_word' id='word_1_717' title='bbox 2677 4787 2835 4842; x_wconf 92' lang='lat' dir='ltr'><strong>quam</strong></span> <span class='ocrx_word' id='word_1_718' title='bbox 2882 4774 3054 4844; x_wconf 90' lang='lat' dir='ltr'><strong>ipsum</strong></span> <span class='ocrx_word' id='word_1_719' title='bbox 3100 4783 3350 4829; x_wconf 86' lang='lat' dir='ltr'><strong>accurate</strong></span> <span class='ocrx_word' id='word_1_720' title='bbox 3394 4774 3606 4829; x_wconf 88' lang='lat' dir='ltr'><strong>novisse</strong></span> <span class='ocrx_word' id='word_1_721' title='bbox 3655 4772 3758 4830; x_wconf 81' lang='lat' dir='ltr'><strong>Vel</strong></span> <span class='ocrx_word' id='word_1_722' title='bbox 3786 4775 3964 4834; x_wconf 83' lang='lat' dir='ltr'><strong>aliud</strong></span> 
     </span>
    </p>
   </div>
   <div class='ocr_carea' id='block_1_95' title="bbox 2345 4865 3965 4937">
    <p class='ocr_par' dir='ltr' id='par_1_95' title="bbox 2345 4865 3965 4937">
     <span class='ocr_line' id='line_1_95' title="bbox 2345 4865 3965 4937; baseline 0.004 -17"><span class='ocrx_word' id='word_1_723' title='bbox 2345 4865 2448 4920; x_wconf 90' lang='lat' dir='ltr'><strong>dici</strong></span> <span class='ocrx_word' id='word_1_724' title='bbox 2495 4867 2681 4937; x_wconf 87' lang='lat' dir='ltr'><strong>possit,</strong></span> <span class='ocrx_word' id='word_1_725' title='bbox 2732 4867 2903 4936; x_wconf 88' lang='lat' dir='ltr'><strong>ipsum</strong></span> <span class='ocrx_word' id='word_1_726' title='bbox 2950 4880 3144 4935; x_wconf 88' lang='lat' dir='ltr'><strong>nempe</strong></span> <span class='ocrx_word' id='word_1_727' title='bbox 3177 4865 3536 4935; x_wconf 84' lang='lat' dir='ltr'><strong>probatiorem</strong></span> <span class='ocrx_word' id='word_1_728' title='bbox 3580 4881 3702 4920; x_wconf 90' lang='lat' dir='ltr'><strong>eum</strong></span> <span class='ocrx_word' id='word_1_729' title='bbox 3751 4869 3965 4925; x_wconf 66' lang='lat' dir='ltr'><strong>rumi-</strong></span> 
     </span>
    </p>
   </div>
   <div class='ocr_carea' id='block_1_96' title="bbox 2346 4955 3965 5028">
    <p class='ocr_par' dir='ltr' id='par_1_96' title="bbox 2346 4955 3965 5028">
     <span class='ocr_line' id='line_1_96' title="bbox 2346 4955 3965 5028; baseline 0.002 -18"><span class='ocrx_word' id='word_1_730' title='bbox 2346 4956 2510 5023; x_wconf 89' lang='lat' dir='ltr'><strong>disse,</strong></span> <span class='ocrx_word' id='word_1_731' title='bbox 2540 4957 2664 5011; x_wconf 85' lang='lat' dir='ltr'><strong>dum</strong></span> <span class='ocrx_word' id='word_1_732' title='bbox 2695 4966 2744 5011; x_wconf 89' lang='lat' dir='ltr'><strong>et</strong></span> <span class='ocrx_word' id='word_1_733' title='bbox 2779 4967 2902 5012; x_wconf 90' lang='lat' dir='ltr'><strong>tunc</strong></span> <span class='ocrx_word' id='word_1_734' title='bbox 2929 4956 3316 5022; x_wconf 83' lang='lat' dir='ltr'><strong>Abrahamum,</strong></span> <span class='ocrx_word' id='word_1_735' title='bbox 3354 4965 3407 5010; x_wconf 89' lang='lat' dir='ltr'><strong>et</strong></span> <span class='ocrx_word' id='word_1_736' title='bbox 3446 4970 3589 5011; x_wconf 88' lang='lat' dir='ltr'><strong>nunc</strong></span> <span class='ocrx_word' id='word_1_737' title='bbox 3625 4955 3965 5028; x_wconf 87' lang='lat' dir='ltr'><strong>Philippum</strong></span> 
     </span>
    </p>
   </div>
   <div class='ocr_carea' id='block_1_97' title="bbox 2346 5047 3972 5121">
    <p class='ocr_par' dir='ltr' id='par_1_97' title="bbox 2346 5047 3972 5121">
     <span class='ocr_line' id='line_1_97' title="bbox 2346 5047 3972 5121; baseline -0.004 -17"><span class='ocrx_word' id='word_1_738' title='bbox 2346 5066 2442 5121; x_wconf 91' lang='lat' dir='ltr'><strong>per</strong></span> <span class='ocrx_word' id='word_1_739' title='bbox 2470 5048 2938 5120; x_wconf 84' lang='lat' dir='ltr'><strong>interrogationem</strong></span> <span class='ocrx_word' id='word_1_740' title='bbox 2972 5049 3024 5104; x_wconf 89' lang='lat' dir='ltr'><strong>in</strong></span> <span class='ocrx_word' id='word_1_741' title='bbox 3066 5048 3325 5118; x_wconf 85' lang='lat' dir='ltr'><strong>majorem</strong></span> <span class='ocrx_word' id='word_1_742' title='bbox 3372 5048 3510 5119; x_wconf 90' lang='lat' dir='ltr'><strong>signi</strong></span> <span class='ocrx_word' id='word_1_743' title='bbox 3556 5047 3808 5104; x_wconf 84' lang='lat' dir='ltr'><strong>notitiam</strong></span> <span class='ocrx_word' id='word_1_744' title='bbox 3848 5050 3972 5110; x_wconf 74' lang='lat' dir='ltr'><strong>de-</strong></span> 
     </span>
    </p>
   </div>
   <div class='ocr_carea' id='block_1_98' title="bbox 2351 5139 3972 5214">
    <p class='ocr_par' dir='ltr' id='par_1_98' title="bbox 2351 5139 3972 5214">
     <span class='ocr_line' id='line_1_98' title="bbox 2351 5139 3972 5214; baseline -0.009 -13"><span class='ocrx_word' id='word_1_745' title='bbox 2351 5146 2522 5201; x_wconf 88' lang='lat' dir='ltr'><strong>duxit.</strong></span> <span class='ocrx_word' id='word_1_746' title='bbox 2551 5144 2882 5214; x_wconf 82' lang='lat' dir='ltr'><strong>Quapropter</strong></span> <span class='ocrx_word' id='word_1_747' title='bbox 2921 5142 3272 5212; x_wconf 79' lang='lat' dir='ltr'><strong>evangehSta,</strong></span> <span class='ocrx_word' id='word_1_748' title='bbox 3307 5155 3374 5194; x_wconf 90' lang='lat' dir='ltr'><strong>ne</strong></span> <span class='ocrx_word' id='word_1_749' title='bbox 3400 5154 3468 5194; x_wconf 91' lang='lat' dir='ltr'><strong>ex</strong></span> <span class='ocrx_word' id='word_1_750' title='bbox 3494 5140 3640 5195; x_wconf 88' lang='lat' dir='ltr'><strong>verbi</strong></span> <span class='ocrx_word' id='word_1_751' title='bbox 3670 5139 3972 5210; x_wconf 87' lang='lat' dir='ltr'><strong>simplici-</strong></span> 
     </span>
    </p>
   </div>
   <div class='ocr_carea' id='block_1_99' title="bbox 2352 5229 3974 5308">
    <p class='ocr_par' dir='ltr' id='par_1_99' title="bbox 2352 5229 3974 5308">
     <span class='ocr_line' id='line_1_99' title="bbox 2352 5229 3974 5308; baseline 0 -16"><span class='ocrx_word' id='word_1_752' title='bbox 2352 5247 2460 5292; x_wconf 85' lang='lat' dir='ltr'><strong>tate</strong></span> <span class='ocrx_word' id='word_1_753' title='bbox 2481 5238 2605 5308; x_wconf 90' lang='lat' dir='ltr'><strong>quid</strong></span> <span class='ocrx_word' id='word_1_754' title='bbox 2635 5235 2922 5290; x_wconf 91' lang='lat' dir='ltr'><strong>absurdum</strong></span> <span class='ocrx_word' id='word_1_755' title='bbox 2949 5235 3298 5303; x_wconf 88' lang='lat' dir='ltr'><strong>suspicareris</strong></span> <span class='ocrx_word' id='word_1_756' title='bbox 3322 5273 3336 5299; x_wconf 97' lang='lat'><strong>,</strong></span> <span class='ocrx_word' id='word_1_757' title='bbox 3363 5231 3567 5286; x_wconf 88' lang='lat' dir='ltr'><strong>addidit</strong></span> <span class='ocrx_word' id='word_1_758' title='bbox 3599 5243 3614 5285; x_wconf 88' lang='lat'>:</span> <span class='ocrx_word' id='word_1_759' title='bbox 3649 5229 3772 5302; x_wconf 85' lang='lat' dir='ltr'><strong>Ipse</strong></span> <span class='ocrx_word' id='word_1_760' title='bbox 3806 5238 3974 5292; x_wconf 82' lang='lat' dir='ltr'><strong>enim</strong></span> 
     </span>
    </p>
   </div>
   <div class='ocr_carea' id='block_1_100' title="bbox 2352 5323 3978 5399">
    <p class='ocr_par' dir='ltr' id='par_1_100' title="bbox 2352 5323 3978 5399">
     <span class='ocr_line' id='line_1_100' title="bbox 2352 5323 3978 5399; baseline -0.008 -14"><span class='ocrx_word' id='word_1_761' title='bbox 2352 5333 2536 5385; x_wconf 86' lang='lat' dir='ltr'><strong>sciebat</strong></span> <span class='ocrx_word' id='word_1_762' title='bbox 2562 5331 2681 5399; x_wconf 90' lang='lat' dir='ltr'><strong>quid</strong></span> <span class='ocrx_word' id='word_1_763' title='bbox 2701 5339 2826 5383; x_wconf 87' lang='lat' dir='ltr'><strong>esset</strong></span> <span class='ocrx_word' id='word_1_764' title='bbox 2856 5331 3101 5399; x_wconf 80' lang='lat' dir='ltr'><strong>facturus.</strong></span> <span class='ocrx_word' id='word_1_765' title='bbox 3133 5325 3396 5381; x_wconf 66' lang='lat' dir='ltr'><strong>Cmterum</strong></span> <span class='ocrx_word' id='word_1_766' title='bbox 3426 5324 3551 5380; x_wconf 87' lang='lat' dir='ltr'><strong>illud</strong></span> <span class='ocrx_word' id='word_1_767' title='bbox 3580 5323 3824 5379; x_wconf 82' lang='lat' dir='ltr'><strong>maxime</strong></span> <span class='ocrx_word' id='word_1_768' title='bbox 3861 5331 3978 5384; x_wconf 77' lang='lat' dir='ltr'><strong>ob-</strong></span> 
     </span>
    </p>
   </div>
   <div class='ocr_carea' id='block_1_101' title="bbox 2357 5415 3975 5490">
    <p class='ocr_par' dir='ltr' id='par_1_101' title="bbox 2357 5415 3975 5490">
     <span class='ocr_line' id='line_1_101' title="bbox 2357 5415 3975 5490; baseline -0.002 -12"><span class='ocrx_word' id='word_1_769' title='bbox 2357 5421 2709 5486; x_wconf 86' lang='lat' dir='ltr'><strong>servandum,</strong></span> <span class='ocrx_word' id='word_1_770' title='bbox 2754 5418 3022 5490; x_wconf 89' lang='lat' dir='ltr'><strong>quomodo</strong></span> <span class='ocrx_word' id='word_1_771' title='bbox 3065 5431 3188 5471; x_wconf 89' lang='lat' dir='ltr'><strong>cum</strong></span> <span class='ocrx_word' id='word_1_772' title='bbox 3241 5431 3403 5486; x_wconf 89' lang='lat' dir='ltr'><strong>prava</strong></span> <span class='ocrx_word' id='word_1_773' title='bbox 3458 5415 3692 5486; x_wconf 88' lang='lat' dir='ltr'><strong>suspicio</strong></span> <span class='ocrx_word' id='word_1_774' title='bbox 3746 5415 3975 5487; x_wconf 77' lang='lat' dir='ltr'><strong>adest,</strong></span> 
     </span>
    </p>
   </div>
   <div class='ocr_carea' id='block_1_102' title="bbox 2355 5504 3984 5579">
    <p class='ocr_par' dir='ltr' id='par_1_102' title="bbox 2355 5504 3984 5579">
     <span class='ocr_line' id='line_1_102' title="bbox 2355 5504 3984 5579; baseline 0 -11"><span class='ocrx_word' id='word_1_775' title='bbox 2355 5513 2532 5568; x_wconf 79' lang='lat' dir='ltr'><strong>Statim</strong></span> <span class='ocrx_word' id='word_1_776' title='bbox 2561 5527 2678 5565; x_wconf 88' lang='lat' dir='ltr'><strong>eam</strong></span> <span class='ocrx_word' id='word_1_777' title='bbox 2708 5508 3029 5579; x_wconf 88' lang='lat' dir='ltr'><strong>evangelista</strong></span> <span class='ocrx_word' id='word_1_778' title='bbox 3059 5507 3339 5578; x_wconf 83' lang='lat' dir='ltr'><strong>diligenter</strong></span> <span class='ocrx_word' id='word_1_779' title='bbox 3362 5514 3625 5560; x_wconf 88' lang='lat' dir='ltr'><strong>amoveat.</strong></span> <span class='ocrx_word' id='word_1_780' title='bbox 3678 5504 3749 5562; x_wconf 85' lang='lat' dir='ltr'><strong>Ut</strong></span> <span class='ocrx_word' id='word_1_781' title='bbox 3779 5507 3984 5579; x_wconf 81' lang='lat' dir='ltr'><strong>igitur</strong></span> 
     </span>
    </p>
   </div>
   <div class='ocr_carea' id='block_1_103' title="bbox 2356 5596 3985 5671">
    <p class='ocr_par' dir='ltr' id='par_1_103' title="bbox 2356 5596 3985 5671">
     <span class='ocr_line' id='line_1_103' title="bbox 2356 5596 3985 5671; baseline -0.005 -16"><span class='ocrx_word' id='word_1_782' title='bbox 2356 5603 2457 5657; x_wconf 91' lang='lat' dir='ltr'><strong>hoc</strong></span> <span class='ocrx_word' id='word_1_783' title='bbox 2482 5603 2604 5658; x_wconf 85' lang='lat' dir='ltr'><strong>loco</strong></span> <span class='ocrx_word' id='word_1_784' title='bbox 2633 5618 2698 5656; x_wconf 87' lang='lat' dir='ltr'><strong>ne</strong></span> <span class='ocrx_word' id='word_1_785' title='bbox 2722 5601 2847 5671; x_wconf 86' lang='lat' dir='ltr'><strong>quid</strong></span> <span class='ocrx_word' id='word_1_786' title='bbox 2873 5599 3049 5654; x_wconf 91' lang='lat' dir='ltr'><strong>simile</strong></span> <span class='ocrx_word' id='word_1_787' title='bbox 3075 5598 3477 5666; x_wconf 87' lang='lat' dir='ltr'><strong>suspicarentur</strong></span> <span class='ocrx_word' id='word_1_788' title='bbox 3495 5596 3795 5660; x_wconf 84' lang='lat' dir='ltr'><strong>auditores,</strong></span> <span class='ocrx_word' id='word_1_789' title='bbox 3833 5616 3985 5659; x_wconf 77' lang='lat' dir='ltr'><strong>cor-</strong></span> 
     </span>
    </p>
   </div>
   <div class='ocr_carea' id='block_1_104' title="bbox 2358 5687 3983 5761">
    <p class='ocr_par' dir='ltr' id='par_1_104' title="bbox 2358 5687 3983 5761">
     <span class='ocr_line' id='line_1_104' title="bbox 2358 5687 3983 5761; baseline -0.001 -13"><span class='ocrx_word' id='word_1_790' title='bbox 2358 5695 2647 5748; x_wconf 74' lang='lat' dir='ltr'><strong>ruetionem</strong></span> <span class='ocrx_word' id='word_1_791' title='bbox 2688 5691 2824 5747; x_wconf 82' lang='lat' dir='ltr'><strong>hanc</strong></span> <span class='ocrx_word' id='word_1_792' title='bbox 2862 5690 3067 5746; x_wconf 86' lang='lat' dir='ltr'><strong>addidit</strong></span> <span class='ocrx_word' id='word_1_793' title='bbox 3101 5707 3115 5744; x_wconf 88' lang='lat'><strong>:</strong></span> <span class='ocrx_word' id='word_1_794' title='bbox 3146 5687 3270 5761; x_wconf 80' lang='lat' dir='ltr'><strong>Ipse</strong></span> <span class='ocrx_word' id='word_1_795' title='bbox 3295 5689 3426 5743; x_wconf 86' lang='lat' dir='ltr'><strong>enim</strong></span> <span class='ocrx_word' id='word_1_796' title='bbox 3451 5687 3632 5744; x_wconf 85' lang='lat' dir='ltr'><strong>sciebat</strong></span> <span class='ocrx_word' id='word_1_797' title='bbox 3661 5688 3791 5759; x_wconf 74' lang='lat' dir='ltr'><strong>quid</strong></span> <span class='ocrx_word' id='word_1_798' title='bbox 3827 5706 3983 5753; x_wconf 63' lang='lat' dir='ltr'><strong>esse:</strong></span> 
     </span>
    </p>
   </div>
   <div class='ocr_carea' id='block_1_105' title="bbox 2361 5781 3981 5858">
    <p class='ocr_par' dir='ltr' id='par_1_105' title="bbox 2361 5781 3981 5858">
     <span class='ocr_line' id='line_1_105' title="bbox 2361 5781 3981 5858; baseline -0.002 -17"><span class='ocrx_word' id='word_1_799' title='bbox 2361 5791 2629 5858; x_wconf 77' lang='lat' dir='ltr'><strong>facturus;</strong></span> <span class='ocrx_word' id='word_1_800' title='bbox 2655 5788 2729 5841; x_wconf 88' lang='lat' dir='ltr'><strong>sic</strong></span> <span class='ocrx_word' id='word_1_801' title='bbox 2755 5795 2808 5841; x_wconf 91' lang='lat' dir='ltr'><strong>et</strong></span> <span class='ocrx_word' id='word_1_802' title='bbox 2839 5785 2938 5853; x_wconf 85' lang='lat' dir='ltr'><strong>ibi,</strong></span> <span class='ocrx_word' id='word_1_803' title='bbox 2967 5798 3088 5839; x_wconf 88' lang='lat' dir='ltr'><strong>cum</strong></span> <span class='ocrx_word' id='word_1_804' title='bbox 3119 5783 3190 5838; x_wconf 91' lang='lat' dir='ltr'><strong>ait</strong></span> <span class='ocrx_word' id='word_1_805' title='bbox 3223 5800 3236 5836; x_wconf 89' lang='lat'><strong>:</strong></span> <span class='ocrx_word' id='word_1_806' title='bbox 3266 5781 3435 5839; x_wconf 67' lang='grc' dir='ltr'><strong>ιιι]όωί</strong></span> <span class='ocrx_word' id='word_1_807' title='bbox 3467 5783 3611 5838; x_wconf 92' lang='lat' dir='ltr'><strong>illum</strong></span> <span class='ocrx_word' id='word_1_808' title='bbox 3645 5797 3981 5858; x_wconf 73' lang='lat' dir='ltr'><strong>perseque-</strong></span> 
     </span>
    </p>
   </div>
   <div class='ocr_carea' id='block_1_106' title="bbox 669 4775 2292 4845">
    <p class='ocr_par' dir='ltr' id='par_1_106' title="bbox 669 4775 2292 4845">
     <span class='ocr_line' id='line_1_106' title="bbox 669 4775 2292 4845; baseline 0.001 -17"><span class='ocrx_word' id='word_1_809' title='bbox 669 4775 935 4829; x_wconf 69' lang='lat' dir='ltr'><strong>vitandam</strong></span> <span class='ocrx_word' id='word_1_810' title='bbox 957 4816 972 4842; x_wconf 94' lang='lat'><strong>,</strong></span> <span class='ocrx_word' id='word_1_811' title='bbox 1001 4786 1159 4845; x_wconf 90' lang='lat' dir='ltr'><strong>atque</strong></span> <span class='ocrx_word' id='word_1_812' title='bbox 1195 4775 1438 4830; x_wconf 91' lang='lat' dir='ltr'><strong>idoneam</strong></span> <span class='ocrx_word' id='word_1_813' title='bbox 1476 4775 1828 4844; x_wconf 77' lang='lat' dir='ltr'><strong>philosophia:</strong></span> <span class='ocrx_word' id='word_1_814' title='bbox 1855 4792 1975 4832; x_wconf 88' lang='lat' dir='ltr'><strong>esse</strong></span> <span class='ocrx_word' id='word_1_815' title='bbox 2000 4777 2244 4832; x_wconf 83' lang='lat' dir='ltr'><strong>solitudi-</strong></span> <span class='ocrx_word' id='word_1_816' title='bbox 2289 4828 2292 4830; x_wconf 24' lang='grc' dir='ltr'>γ</span> 
     </span>
    </p>
   </div>
   <div class='ocr_carea' id='block_1_107' title="bbox 671 4866 2244 4935">
    <p class='ocr_par' dir='ltr' id='par_1_107' title="bbox 671 4866 2244 4935">
     <span class='ocr_line' id='line_1_107' title="bbox 671 4866 2244 4935; baseline 0.003 -17"><span class='ocrx_word' id='word_1_817' title='bbox 671 4881 813 4920; x_wconf 91' lang='lat' dir='ltr'><strong>nem.</strong></span> <span class='ocrx_word' id='word_1_818' title='bbox 845 4866 998 4934; x_wconf 65' lang='lat' dir='ltr'><strong>Smpe</strong></span> <span class='ocrx_word' id='word_1_819' title='bbox 1039 4875 1213 4921; x_wconf 87' lang='lat' dir='ltr'><strong>autem</strong></span> <span class='ocrx_word' id='word_1_820' title='bbox 1254 4867 1367 4935; x_wconf 91' lang='lat' dir='ltr'><strong>ipse</strong></span> <span class='ocrx_word' id='word_1_821' title='bbox 1409 4867 1556 4921; x_wconf 92' lang='lat' dir='ltr'><strong>solus</strong></span> <span class='ocrx_word' id='word_1_822' title='bbox 1598 4875 1832 4922; x_wconf 87' lang='lat' dir='ltr'><strong>montem</strong></span> <span class='ocrx_word' id='word_1_823' title='bbox 1877 4868 2145 4933; x_wconf 87' lang='lat' dir='ltr'><strong>ascendit,</strong></span> <span class='ocrx_word' id='word_1_824' title='bbox 2191 4877 2244 4923; x_wconf 90' lang='lat' dir='ltr'><strong>et</strong></span> 
     </span>
    </p>
   </div>
   <div class='ocr_carea' id='block_1_108' title="bbox 661 4958 2242 5028">
    <p class='ocr_par' dir='ltr' id='par_1_108' title="bbox 661 4958 2242 5028">
     <span class='ocr_line' id='line_1_108' title="bbox 661 4958 2242 5028; baseline 0.004 -20"><span class='ocrx_word' id='word_1_825' title='bbox 661 4966 940 5027; x_wconf 65' lang='lat' dir='ltr'><strong>pernoctat</strong></span> <span class='ocrx_word' id='word_1_826' title='bbox 972 4971 1150 5021; x_wconf 88' lang='lat' dir='ltr'><strong>orans,</strong></span> <span class='ocrx_word' id='word_1_827' title='bbox 1176 4966 1230 5011; x_wconf 91' lang='lat' dir='ltr'><strong>ut</strong></span> <span class='ocrx_word' id='word_1_828' title='bbox 1262 4973 1356 5011; x_wconf 91' lang='lat' dir='ltr'><strong>nos</strong></span> <span class='ocrx_word' id='word_1_829' title='bbox 1381 4958 1588 5023; x_wconf 89' lang='lat' dir='ltr'><strong>doceat,</strong></span> <span class='ocrx_word' id='word_1_830' title='bbox 1617 4973 1739 5013; x_wconf 93' lang='lat' dir='ltr'><strong>eum</strong></span> <span class='ocrx_word' id='word_1_831' title='bbox 1763 4959 1850 5028; x_wconf 91' lang='lat' dir='ltr'><strong>qui</strong></span> <span class='ocrx_word' id='word_1_832' title='bbox 1870 4960 1936 5013; x_wconf 87' lang='lat' dir='ltr'><strong>ad</strong></span> <span class='ocrx_word' id='word_1_833' title='bbox 1962 4960 2125 5014; x_wconf 88' lang='lat' dir='ltr'><strong>Deum</strong></span> <span class='ocrx_word' id='word_1_834' title='bbox 2153 4974 2242 5015; x_wconf 82' lang='lat' dir='ltr'><strong>ac-</strong></span> 
     </span>
    </p>
   </div>
   <div class='ocr_carea' id='block_1_109' title="bbox 669 5048 2242 5120">
    <p class='ocr_par' dir='ltr' id='par_1_109' title="bbox 669 5048 2242 5120">
     <span class='ocr_line' id='line_1_109' title="bbox 669 5048 2242 5120; baseline 0.004 -21"><span class='ocrx_word' id='word_1_835' title='bbox 669 5048 829 5114; x_wconf 76' lang='lat' dir='ltr'><strong>cedit,</strong></span> <span class='ocrx_word' id='word_1_836' title='bbox 857 5048 1000 5103; x_wconf 90' lang='lat' dir='ltr'><strong>omni</strong></span> <span class='ocrx_word' id='word_1_837' title='bbox 1032 5048 1253 5102; x_wconf 89' lang='lat' dir='ltr'><strong>tumultu</strong></span> <span class='ocrx_word' id='word_1_838' title='bbox 1283 5062 1506 5103; x_wconf 88' lang='lat' dir='ltr'><strong>vacuum</strong></span> <span class='ocrx_word' id='word_1_839' title='bbox 1537 5064 1676 5114; x_wconf 86' lang='lat' dir='ltr'><strong>esse,</strong></span> <span class='ocrx_word' id='word_1_840' title='bbox 1710 5057 1765 5104; x_wconf 90' lang='lat' dir='ltr'><strong>et</strong></span> <span class='ocrx_word' id='word_1_841' title='bbox 1793 5051 2132 5120; x_wconf 91' lang='lat' dir='ltr'><strong>tranquillum</strong></span> <span class='ocrx_word' id='word_1_842' title='bbox 2162 5050 2242 5105; x_wconf 91' lang='lat' dir='ltr'><strong>lo-</strong></span> 
     </span>
    </p>
   </div>
   <div class='ocr_carea' id='block_1_110' title="bbox 672 5140 2236 5211">
    <p class='ocr_par' dir='ltr' id='par_1_110' title="bbox 672 5140 2236 5211">
     <span class='ocr_line' id='line_1_110' title="bbox 672 5140 2236 5211; baseline 0.003 -20"><span class='ocrx_word' id='word_1_843' title='bbox 672 5156 791 5193; x_wconf 80' lang='lat' dir='ltr'><strong>tum</strong></span> <span class='ocrx_word' id='word_1_844' title='bbox 820 5156 1060 5210; x_wconf 64' lang='lat' dir='ltr'><strong>querere</strong></span> <span class='ocrx_word' id='word_1_845' title='bbox 1088 5140 1304 5196; x_wconf 84' lang='lat' dir='ltr'><strong>debere.</strong></span> <span class='ocrx_word' id='word_1_846' title='bbox 1338 5140 1463 5196; x_wconf 87' lang='lat' dir='ltr'><strong>Erat</strong></span> <span class='ocrx_word' id='word_1_847' title='bbox 1489 5150 1652 5195; x_wconf 87' lang='lat' dir='ltr'><strong>autem</strong></span> <span class='ocrx_word' id='word_1_848' title='bbox 1684 5144 1967 5211; x_wconf 73' lang='lat' dir='ltr'><strong>proximum</strong></span> <span class='ocrx_word' id='word_1_849' title='bbox 1996 5141 2200 5196; x_wconf 78' lang='lat' dir='ltr'><strong>Pascha</strong></span> <span class='ocrx_word' id='word_1_850' title='bbox 2223 5185 2236 5208; x_wconf 94' lang='lat'><strong>,</strong></span> 
     </span>
    </p>
   </div>
   <div class='ocr_carea' id='block_1_111' title="bbox 673 5230 2240 5301">
    <p class='ocr_par' dir='ltr' id='par_1_111' title="bbox 673 5230 2240 5301">
     <span class='ocr_line' id='line_1_111' title="bbox 673 5230 2240 5301; baseline 0.004 -20"><span class='ocrx_word' id='word_1_851' title='bbox 673 5232 778 5283; x_wconf 77' lang='lat' dir='ltr'><strong>dies</strong></span> <span class='ocrx_word' id='word_1_852' title='bbox 804 5234 958 5300; x_wconf 78' lang='lat' dir='ltr'><strong>{estus</strong></span> <span class='ocrx_word' id='word_1_853' title='bbox 989 5230 1308 5285; x_wconf 71' lang='lat' dir='ltr'><strong>Judworum.</strong></span> <span class='ocrx_word' id='word_1_854' title='bbox 1335 5231 1459 5298; x_wconf 89' lang='lat' dir='ltr'><strong>Cur,</strong></span> <span class='ocrx_word' id='word_1_855' title='bbox 1494 5233 1717 5301; x_wconf 87' lang='lat' dir='ltr'><strong>inquies,</strong></span> <span class='ocrx_word' id='word_1_856' title='bbox 1751 5250 1853 5288; x_wconf 92' lang='lat' dir='ltr'><strong>non</strong></span> <span class='ocrx_word' id='word_1_857' title='bbox 1894 5234 2132 5290; x_wconf 70' lang='lat' dir='ltr'><strong>asoendit</strong></span> <span class='ocrx_word' id='word_1_858' title='bbox 2176 5235 2240 5288; x_wconf 90' lang='lat' dir='ltr'><strong>ad</strong></span> 
     </span>
    </p>
   </div>
   <div class='ocr_carea' id='block_1_112' title="bbox 672 5320 2246 5397">
    <p class='ocr_par' dir='ltr' id='par_1_112' title="bbox 672 5320 2246 5397">
     <span class='ocr_line' id='line_1_112' title="bbox 672 5320 2246 5397; baseline 0.007 -26"><span class='ocrx_word' id='word_1_859' title='bbox 672 5321 812 5374; x_wconf 83' lang='lat' dir='ltr'><strong>diem</strong></span> <span class='ocrx_word' id='word_1_860' title='bbox 858 5320 1083 5386; x_wconf 87' lang='lat' dir='ltr'><strong>festum,</strong></span> <span class='ocrx_word' id='word_1_861' title='bbox 1115 5323 1208 5377; x_wconf 86' lang='lat' dir='ltr'><strong>sed</strong></span> <span class='ocrx_word' id='word_1_862' title='bbox 1248 5338 1366 5378; x_wconf 89' lang='lat' dir='ltr'><strong>cum</strong></span> <span class='ocrx_word' id='word_1_863' title='bbox 1407 5338 1593 5378; x_wconf 85' lang='lat' dir='ltr'><strong>omnes</strong></span> <span class='ocrx_word' id='word_1_864' title='bbox 1631 5323 2014 5396; x_wconf 79' lang='lat' dir='ltr'><strong>Jerosolymatn</strong></span> <span class='ocrx_word' id='word_1_865' title='bbox 2060 5342 2246 5397; x_wconf 85' lang='lat' dir='ltr'><strong>perge-</strong></span> 
     </span>
    </p>
   </div>
   <div class='ocr_carea' id='block_1_113' title="bbox 674 5416 2244 5488">
    <p class='ocr_par' dir='ltr' id='par_1_113' title="bbox 674 5416 2244 5488">
     <span class='ocr_line' id='line_1_113' title="bbox 674 5416 2244 5488; baseline 0.004 -21"><span class='ocrx_word' id='word_1_866' title='bbox 674 5423 812 5481; x_wconf 82' lang='lat' dir='ltr'><strong>rent,</strong></span> <span class='ocrx_word' id='word_1_867' title='bbox 851 5416 964 5485; x_wconf 88' lang='lat' dir='ltr'><strong>ipse</strong></span> <span class='ocrx_word' id='word_1_868' title='bbox 1003 5416 1054 5470; x_wconf 90' lang='lat' dir='ltr'><strong>in</strong></span> <span class='ocrx_word' id='word_1_869' title='bbox 1095 5416 1362 5473; x_wconf 70' lang='lat' dir='ltr'><strong>Galilaeam</strong></span> <span class='ocrx_word' id='word_1_870' title='bbox 1401 5419 1581 5473; x_wconf 83' lang='lat' dir='ltr'><strong>venit:</strong></span> <span class='ocrx_word' id='word_1_871' title='bbox 1617 5434 1786 5488; x_wconf 91' lang='lat' dir='ltr'><strong>neque</strong></span> <span class='ocrx_word' id='word_1_872' title='bbox 1817 5420 1927 5487; x_wconf 82' lang='lat' dir='ltr'><strong>ipse</strong></span> <span class='ocrx_word' id='word_1_873' title='bbox 1955 5419 2120 5482; x_wconf 90' lang='lat' dir='ltr'><strong>solus,</strong></span> <span class='ocrx_word' id='word_1_874' title='bbox 2151 5420 2244 5474; x_wconf 91' lang='lat' dir='ltr'><strong>sed</strong></span> 
     </span>
    </p>
   </div>
   <div class='ocr_carea' id='block_1_114' title="bbox 675 5505 2240 5578">
    <p class='ocr_par' dir='ltr' id='par_1_114' title="bbox 675 5505 2240 5578">
     <span class='ocr_line' id='line_1_114' title="bbox 675 5505 2240 5578; baseline 0.003 -19"><span class='ocrx_word' id='word_1_875' title='bbox 675 5520 796 5560; x_wconf 84' lang='lat' dir='ltr'><strong>cum</strong></span> <span class='ocrx_word' id='word_1_876' title='bbox 827 5505 1131 5576; x_wconf 86' lang='lat' dir='ltr'><strong>discipulis,</strong></span> <span class='ocrx_word' id='word_1_877' title='bbox 1161 5516 1216 5562; x_wconf 91' lang='lat' dir='ltr'><strong>et</strong></span> <span class='ocrx_word' id='word_1_878' title='bbox 1245 5507 1366 5563; x_wconf 90' lang='lat' dir='ltr'><strong>inde</strong></span> <span class='ocrx_word' id='word_1_879' title='bbox 1395 5509 1445 5562; x_wconf 92' lang='lat' dir='ltr'><strong>in</strong></span> <span class='ocrx_word' id='word_1_880' title='bbox 1467 5505 1849 5578; x_wconf 75' lang='lat' dir='ltr'><strong>Capernaum?</strong></span> <span class='ocrx_word' id='word_1_881' title='bbox 1876 5507 2134 5562; x_wconf 79' lang='lat' dir='ltr'><strong>Paulatim</strong></span> <span class='ocrx_word' id='word_1_882' title='bbox 2169 5508 2240 5563; x_wconf 86' lang='lat' dir='ltr'><strong>le-</strong></span> 
     </span>
    </p>
   </div>
   <div class='ocr_carea' id='block_1_115' title="bbox 675 5597 2259 5672">
    <p class='ocr_par' dir='ltr' id='par_1_115' title="bbox 675 5597 2259 5672">
     <span class='ocr_line' id='line_1_115' title="bbox 675 5597 2259 5672; baseline 0.003 -21"><span class='ocrx_word' id='word_1_883' title='bbox 675 5610 795 5666; x_wconf 88' lang='lat' dir='ltr'><strong>gem</strong></span> <span class='ocrx_word' id='word_1_884' title='bbox 827 5597 1002 5664; x_wconf 82' lang='lat' dir='ltr'><strong>solvit,</strong></span> <span class='ocrx_word' id='word_1_885' title='bbox 1047 5614 1114 5655; x_wconf 77' lang='lat' dir='ltr'><strong>ex</strong></span> <span class='ocrx_word' id='word_1_886' title='bbox 1159 5598 1463 5654; x_wconf 63' lang='lat' dir='ltr'><strong>Judaorum</strong></span> <span class='ocrx_word' id='word_1_887' title='bbox 1507 5601 1738 5672; x_wconf 85' lang='lat' dir='ltr'><strong>nequitia</strong></span> <span class='ocrx_word' id='word_1_888' title='bbox 1784 5601 2118 5656; x_wconf 88' lang='lat' dir='ltr'><strong>occasionem</strong></span> <span class='ocrx_word' id='word_1_889' title='bbox 2161 5617 2259 5656; x_wconf 52' lang='lat' dir='ltr'><strong>ea»</strong></span> 
     </span>
    </p>
   </div>
   <div class='ocr_carea' id='block_1_116' title="bbox 682 5688 2249 5758">
    <p class='ocr_par' dir='ltr' id='par_1_116' title="bbox 682 5688 2249 5758">
     <span class='ocr_line' id='line_1_116' title="bbox 682 5688 2249 5758; baseline 0.003 -17"><span class='ocrx_word' id='word_1_890' title='bbox 682 5697 856 5756; x_wconf 80' lang='lat' dir='ltr'><strong>ptans.</strong></span> <span class='ocrx_word' id='word_1_891' title='bbox 909 5688 962 5744; x_wconf 86' lang='lat'><strong>5.</strong></span> <span class='ocrx_word' id='word_1_892' title='bbox 1016 5688 1081 5744; x_wconf 86' lang='lat' dir='ltr'><strong>Et</strong></span> <span class='ocrx_word' id='word_1_893' title='bbox 1127 5706 1240 5745; x_wconf 83' lang='lat' dir='ltr'><strong>cum</strong></span> <span class='ocrx_word' id='word_1_894' title='bbox 1287 5690 1585 5745; x_wconf 79' lang='lat' dir='ltr'><strong>sublevasset</strong></span> <span class='ocrx_word' id='word_1_895' title='bbox 1638 5693 1828 5758; x_wconf 86' lang='lat' dir='ltr'><strong>oculos,</strong></span> <span class='ocrx_word' id='word_1_896' title='bbox 1881 5693 2001 5746; x_wconf 84' lang='lat' dir='ltr'><strong>vidit</strong></span> <span class='ocrx_word' id='word_1_897' title='bbox 2054 5693 2249 5746; x_wconf 82' lang='lat' dir='ltr'><strong>turbam</strong></span> 
     </span>
    </p>
   </div>
   <div class='ocr_carea' id='block_1_117' title="bbox 679 5778 2248 5854">
    <p class='ocr_par' dir='ltr' id='par_1_117' title="bbox 679 5778 2248 5854">
     <span class='ocr_line' id='line_1_117' title="bbox 679 5778 2248 5854; baseline 0.004 -20"><span class='ocrx_word' id='word_1_898' title='bbox 679 5778 912 5835; x_wconf 78' lang='lat' dir='ltr'><strong>multam.</strong></span> <span class='ocrx_word' id='word_1_899' title='bbox 965 5780 1059 5838; x_wconf 88' lang='lat' dir='ltr'><strong>llic</strong></span> <span class='ocrx_word' id='word_1_900' title='bbox 1098 5782 1330 5838; x_wconf 87' lang='lat' dir='ltr'><strong>ostendit</strong></span> <span class='ocrx_word' id='word_1_901' title='bbox 1378 5781 1547 5852; x_wconf 87' lang='lat' dir='ltr'><strong>ipsum</strong></span> <span class='ocrx_word' id='word_1_902' title='bbox 1595 5800 1877 5854; x_wconf 86' lang='lat' dir='ltr'><strong>numquam</strong></span> <span class='ocrx_word' id='word_1_903' title='bbox 1929 5787 2042 5842; x_wconf 84' lang='lat' dir='ltr'><strong>sine</strong></span> <span class='ocrx_word' id='word_1_904' title='bbox 2092 5802 2248 5841; x_wconf 87' lang='lat' dir='ltr'><strong>causa</strong></span> 
     </span>
    </p>
   </div>
  </div>
