4164 6324
709 372 808 426 ’ΞΗ

1361 373 1418 428 S.
1457 372 1743 430 JOANNIS
1779 371 2266 430 CHRYSOSTOMI
2308 370 2632 431 ARCIIIEP.
2671 372 3223 432 CONSTANTINOP.

3867 375 3986 431 212

705 490 786 552 είς
815 489 912 559 τὴν
937 488 1140 560 ἀκριϐῆ
1169 487 1263 542 τοῦ
1294 490 1519 561 σημείου
1552 491 1775 558 γνῶσιν.
1802 491 1901 545 Διά
1923 492 1988 562 δὴ
2008 491 2165 545 τοῦτο
2185 490 2279 543 καὶ
2384 489 2589 554 εὑθέως
2618 491 2930 545 ἀναπεσεῖν.
2955 490 3114 545 Οὕτω
3145 493 3240 546 καὶ
3260 490 3348 546 διά
3374 491 3568 546 τούτου
3594 491 3694 559 τὴν
3721 491 3970 545 διάνοιαν

705 571 736 624 ὁ
765 570 1170 641 εὑαγγελιστὴς,
1201 572 1288 626 ἵνα
1332 571 1406 644 μὴ
1434 576 1499 645 τῇ
1545 574 1800 646 ἀσθενείᾳ
1829 575 1928 644 τῆς
1963 575 2157 640 λέξεως
2191 575 2276 625 ἐν-

706 654 1022 723 απομείνας,
1054 653 1395 728 ὑποπτεύσῃς
1421 673 1472 709 τι
1501 656 1653 730 [250]
1675 659 1876 713 ἄτοπον
1901 657 2030 728 περὶΙ
2062 656 2169 709 τῶν
2197 656 2272 708 εί-

708 736 977 806 ρημένων,
1026 737 1320 807 ἐπήγαγεν·
1370 739 1558 806 Αὐτὸς
1604 744 1714 811 τὰρ
1766 741 1896 810 ᾔδει
1944 741 2001 794 τί
2058 740 2276 809 ἔμελλε

704 817 913 872 ποιεῖν.
961 817 1108 890 Πλὴν
1141 821 1319 874 ἐκεῖνο
1372 825 1708 894 παρατηρεῖν
1760 823 2077 893 ἀναγκαῖον,
2135 822 2272 887 πῶς,

702 903 830 956 ὅταν
927 902 1150 958 ὑπόνοια
1179 905 1410 975 πονηρὰ,
1435 906 1598 969 εὐθὺς
1623 906 1794 977 αὑτὴν
1826 909 1854 961 ό
1884 905 2274 976 εὑαγγελιστὴς

706 985 844 1054 μετά
891 986 1088 1057 πολλῆς
1135 985 1528 1058 ἐπιδιορθοῦται
1569 999 1601 1028 ³
1646 989 1743 1058 τῆς
1784 989 2041 1059 σπουδῆς.
2063 989 2271 1058 Ὠσπερ

678 1065 793 1143 οῦν
843 1069 1092 1134 ἐνταῦθα,
1135 1071 1220 1124 ἵνα
1266 1072 1340 1141 μή
1384 1088 1437 1124 τι
1480 1073 1721 1126 τοιοῦτον
1765 1073 2176 1126 ὑποπτεύσωσιν
2222 1073 2270 1124 oi

701 1153 1005 1216 ἀκούοντες,
1036 1145 1347 1224 προσέθηκε
1377 1154 1474 1225 τὴν
1505 1155 1905 1228 ἐπιδιόρθωσιν,
1939 1154 2126 1209 εἰπών·
2158 1157 2274 1209 Αὑ-

700 1236 802 1302 τὸς
834 1238 944 1305 τὰρ
977 1235 1106 1306 ᾔδει
1135 1237 1190 1289 τί
1221 1236 1441 1305 ἔμελλε
1474 1238 1686 1292 ποιεῖν·
1727 1238 1870 1291 οὕτω
1910 1238 2012 1292 καὶ
2041 1240 2155 1290 ἐκεῖ
2187 1237 2272 1291 λέ·

700 1338 828 1388 γων,
853 1321 934 1374 ὅτι
966 1321 1186 1385 ἐδίωκον
1225 1322 1386 1374 αὑτὸν
1430 1323 1480 1375 οἱ
1523 1321 1787 1388 Ἰουδαῖοι,
1840 1325 1924 1377 Οὐ
1955 1323 2146 1392 μόνον
2183 1321 2272 1375 ὅτι

696 1405 838 1457 ἔλυε
874 1405 940 1458 τό
994 1403 1315 1469 σάϐϐατον,
1364 1405 1504 1460 ἀλλ’
1550 1405 1640 1460 ὅτι
1688 1407 1785 1460 καὶ
1843 1407 2072 1475 Πατέρα
2116 1405 2271 1459 ἴδιον

695 1485 865 1557 ἔλεγε
909 1487 1017 1542 τὸν
1053 1489 1220 1552 Θεὸν,
1249 1488 1388 1542 ἴσον
1423 1487 1636 1543 ἑαυτὸν
1678 1488 1868 1544 ποιῶν
1897 1490 1975 1556 τῷ
2016 1487 2170 1554 Θεῷο
2220 1490 2271 1542 εί

700 1571 773 1640 μὴ
816 1571 1089 1636 ἀπόφασις
1128 1566 1196 1642 ἦν
1225 1570 1390 1624 αὑτοῦ
1423 1571 1518 1625 τοῦ
1570 1573 1804 1643 Χριστοῦ
1823 1572 1925 1626 ’διὰ
1953 1572 2062 1626 τῶν
2094 1571 2270 1642 ἔργων

698 1653 1074 1724 βεϐαιουμένη,
1109 1653 1447 1725 προσέθηκεν
1476 1653 1541 1708 ἂν
1571 1657 1732 1708 κάκεῖ
1763 1654 1860 1725 τὴν
1893 1655 2270 1726 ἐπιδιόρθωσιν

693 1737 916 1805 ταύτην.
944 1738 1006 1789 El
1043 1736 1153 1808 γὰρ
1179 1738 1236 1790 ἐν
1262 1731 1342 1800 οἷς
1371 1737 1532 1801 αὐτὸς
1559 1736 1728 1806 λέγει,
1766 1739 2031 1808 ὑφορᾶται
2055 1741 2083 1793 ό
2107 1739 2271 1807 εὑαγ-

693 1819 961 1889 γελιστὴς,
1017 1821 1089 1891 μή
1125 1836 1209 1882 τις
1253 1810 1601 1891 ὑποπτεύσῄ⁹
1640 1819 1819 1892 πολλῷ
1862 1820 2062 1892 μᾶλλον
2097 1823 2154 1875 ἐν
2187 1815 2270 1884 οἷς

692 1904 866 1974 ἕτεροι
893 1903 1022 1975 περὶ
1060 1901 1223 1956 αὑτοῦ
1265 1901 1424 1956 τοῦτο
1456 1903 1662 1972 ἔλεγον,
1696 1904 1945 1957 ὑπείδετο
1967 1903 2057 1968 ἀν,
2103 1905 2152 1957 εί
2191 1904 2266 1974 μὴ

693 1987 1072 2057 προσήκουσαν
1106 1984 1251 2056 ἐώρα
1283 1985 1411 2057 περὶ
1451 1987 1615 2040 αὑτοῦ
1648 1987 1956 2059 κρατοῦσαν
1978 1986 2265 2044 ὑπόνοιαν.

701 2067 839 2120 Ἀλλ’
872 2069 973 2122 οὑκ
1007 2068 1277 2138 ἐποίησεν·
1311 2069 1426 2139 ᾔδει
1458 2069 1566 2140 γάρ
1599 2069 1764 2124 αὑτοῦ
1800 2068 1897 2140 τὴν
1924 2067 2150 2139 γνώμην
2176 2065 2267 2122 οῦ-

691 2167 790 2205 σαν
811 2150 968 2204 τοῦτο
992 2151 1084 2204 καὶ
1101 2150 1278 2221 ψῆφον
1299 2151 1576 2221 ἀκίνητον.
1601 2151 1700 2204 Διά
1719 2151 1875 2205 τοῦτο
1893 2150 2266 2214 είπὼν,”Ισον

687 2233 910 2288 ἑαυτὸν
937 2233 1123 2289 ποιῶν
1148 2231 1228 2299 τῷ
1257 2232 1399 2298 Θεῷ,
1444 2235 1543 2288 οὑκ
1577 2235 1846 2306 ἐχρήσατο
1886 2233 2263 2306 ἐπιδιορθιίηει

686 2319 795 2372 τινὶ
820 2317 1064 2390 τοιαύτῃ·
1089 2318 1149 2371 οὑ
1175 2317 1282 2388 γὰρ
1307 2317 1528 2372 ἐκείνων
1555 2313 1622 2388 ἦν
1651 2318 1872 2371 ὑπόνοια
1895 2317 2263 2390 διεφθαρμένη

686 2400 748 2454 τὸ
783 2399 1096 2472 λεγόμενον,
1143 2399 1256 2452 ἀλλ’
1292 2401 1564 2470 ἀπόφασις
1593 2400 1754 2455 αὑτοῦ
1788 2401 2149 2472 κεκυρωμένη
2177 2401 2265 2454 διά

685 2483 793 2538 τῶν
826 2483 1022 2554 ἔργων.
1060 2482 1458 2554 Ἐρωτηθέντος
1503 2485 1682 2536 τοίνυν
1710 2483 1804 2536 τοῦ
1833 2483 2118 2545 Φιλίππου,
2146 2487 2265 2552 Φη-

685 2564 793 2620 σίν
827 2566 1095 2635 Ἀνδρέας
1118 2570 1150 2619 ό
1181 2565 1443 2636 ἀδελφὸς
1473 2567 1739 2635 Σίμωνος
1767 2564 1991 2634 Πέτρου
2010 2582 2024 2596 ο
2060 2567 2266 2620 Ἔστιν

684 2641 800 2702 ὦδε
829 2648 1143 2717 παιδάριον
1174 2649 1320 2718 ἕχον
1363 2649 1542 2702 πέντε
1569 2648 1790 2716 ἄρτους
1819 2649 2140 2718 κριθίνους,
2167 2647 2266 2702 καί

687 2732 796 2786 δύο
823 2734 1060 2802 ὀψάριω
1097 2733 1258 2786 ἀλλὰ
1296 2733 1482 2786 ταῦτα
1510 2735 1566 2786 τί
1595 2734 1765 2786 ἐστιν
1791 2734 1878 2798 εις
1901 2733 2262 2797 τοσούτους;

697 2817 1059 2888 ’Υψηλότερος
1100 2817 1197 2887 μὲν
1241 2817 1335 2870 τοῦ
1366 2817 1634 2870 Φιλίππου
1665 2819 1693 2869 ὁ
1729 2815 2002 2887 Ἀνδρέας,
2040 2816 2100 2868 οὑ
2153 2814 2260 2885 μὴν

685 2903 764 2964 εἰς
792 2901 853 2954 τὸ
889 2902 996 2955 πᾶν
1047 2900 1269 2970 ἔφθασε.
1319 2896 1485 2970 Οἶμαι
1524 2899 1579 2953 δὲ
1623 2899 1756 2970 μηδὲ
1792 2898 1976 2964 ἁπλῶς
2004 2899 2160 2952 τοῦτο
2186 2899 2262 2950 εί-

687 2986 826 3043 πεῖν.
858 2984 973 3037 ἀλλ’
1013 2985 1288 3056 ἀκηκοότα
1326 2984 1486 3037 αὑτὸν
1515 2983 1625 3036 τῶν
1652 2983 1944 3054 προφητῶν
1968 2983 1996 3022 ιι
2031 2983 2099 3036 τὰ
2139 2981 2265 3035 θαύ-

688 3082 856 3136 ματα,
890 3067 985 3120 καὶ
1014 3066 1129 3129 πῶς
1169 3067 1471 3128 Ἐλισσαῖος
1499 3065 1719 3136 ἐποίησε
1749 3065 1808 3117 τὸ
1838 3065 1930 3118 ἐπὶ
1958 3064 2065 3117 τῶν
2085 3065 2263 3132 ἀρτων

687 3152 930 3220 σημεῖον.
973 3151 1070 3202 Διὰ
1111 3150 1174 3220 δὴ
1207 3149 1363 3202 τοῦτο
1392 3149 1559 3220 ἀνέϐη
1592 3149 1689 3219 μὲν
1714 3149 1805 3201 ἐπί
1836 3165 1888 3200 τι
1916 3146 2050 3218 ῦψος
2081 3160 2132 3214 ε,
2164 3149 2263 3202 οὑκ

675 3231 872 3303 ἴσχυσε
909 3232 967 3286 δὲ
1007 3233 1142 3303 πρὸς
1179 3231 1345 3306 αὐτὴν
1373 3232 1574 3302 φθάσαι
1606 3230 1704 3302 τὴν
1729 3231 1995 3303 κορυφήν.

754 3315 1031 3385 Μάθωμεν
1063 3315 1308 3369 ἐντεῦθεν
1334 3316 1383 3367 οί
1427 3317 1493 3385 τῇ
1514 3310 1702 3385 ’τρυφῇ
1731 3313 2112 3384 προσέχοντες,
2139 3312 2259 3366 τίνα

681 3397 958 3452 ἐσιτοῦντο
998 3399 1046 3450 οί
1091 3397 1393 3469 θαυμαστοὶ
1423 3398 1613 3468 ἄνδρες
1653 3398 1848 3450 ἐκεῖνοι
1878 3397 1973 3449 καὶ
2009 3396 2257 3466 μεγάλοι,

685 3482 778 3535 καὶ
805 3484 870 3553 τῇ
905 3481 1162 3550 ποσότητι
1187 3479 1214 3518 ά
1237 3482 1341 3535 τῶν
1361 3479 1772 3551 ἐπιφερομένων
1799 3480 1894 3533 καὶ
1923 3483 1988 3551 τῇ
2015 3481 2258 3549 ποιότητι

682 3566 780 3636 τὴν
820 3565 1092 3617 εὐτέλειαν
1135 3565 1315 3620 αὐτῶν
1363 3566 1463 3636 τῆς
1516 3564 1796 3636 τραπέζης
1846 3563 2042 3634 ἴδωμέν
2074 3582 2133 3617 τε
2165 3565 2260 3618 καὶ

685 3648 1074 3719 μιμησώμεθα.
1111 3649 1193 3702 Τά
1240 3648 1370 3717 γοῦν
1419 3649 1547 3718 ἐξῆς
1588 3649 1792 3702 τούτων
1836 3649 2036 3718 πολλῆς
2102 3647 2262 3701 ἀσθε-

683 3733 849 3794 νείας.
876 3731 1029 3785 Μετά
1055 3732 1162 3802 γὰρ
1189 3731 1248 3784 τὸ
1272 3733 1465 3795 εἰπεῖν,
1500 3732 1659 3802 Ἔχει
1687 3730 1866 3785 πέντε
1890 3731 2108 3799 ἄρτους
2137 3749 2260 3800 κρι-

685 3817 909 3880 θίνους,
944 3817 1240 3886 ἐπήγαγενο
1281 3817 1451 3878 Ἀλλὰ
1510 3814 1696 3870 ταῦτα
1734 3815 1791 3868 τί
1841 3815 2010 3869 ἐστιν
2041 3819 2126 3879 εις
2164 3832 2259 3868 το·

681 3899 976 3963 σούτους;
1009 3897 1252 3967 Ἐνόμιζε
1271 3897 1378 3969 γάρ
1403 3899 1482 3951 ὅτι
1517 3897 1624 3950 ἀπὸ
1660 3899 1756 3969 μέν
1781 3897 2078 3952 ἐλαττόνων
2103 3898 2258 3952 ἐλάτ-

683 3998 832 4045 τονα,
856 3981 965 4034 ἀπὸ
994 3981 1049 4033 δὲ
1093 3982 1349 4034 πλειόνων
1386 3981 1605 4034 πλείονα
1634 3981 1826 4051 ἔμελλε
1871 3984 2045 4034 ποιεῖν
2068 3985 2096 4035 ό
2128 3981 2258 4035 θαυ-

688 4063 1032 4134 ματουργῶνο
1068 4065 1203 4133 ὅπερ
1234 4064 1332 4115 οὑκ
1369 4059 1456 4134 ἦν.
1486 4064 1728 4134 ’Ὁμοίως
1751 4063 1857 4134 γὰρ
1894 4059 1961 4135 ἦν
1987 4063 2135 4134 αὑτῷ
2163 4063 2256 4116 εὑ-

685 4144 840 4199 κολον
877 4146 984 4199 ἀπό
1031 4164 1091 4199 τε
1122 4147 1400 4210 πλειόνων,
1443 4147 1550 4200 ἀπό
1593 4163 1650 4199 τε
1695 4147 1992 4201 ἐλαττόνων
2036 4149 2259 4219 ποιῆσαι

685 4230 931 4301 πηγάσαι
961 4230 1066 4282 τῶν
1102 4230 1282 4300 ἄρτων
1321 4233 1419 4300 τὴν
1459 4229 1640 4299 φύσιν.
1689 4231 1763 4282 Οὑ
1789 4232 1899 4301 γὰρ
1928 4231 2061 4302 ὑλης
2093 4232 2260 4284 ἐδεῖτο

684 4314 782 4384 τῆς
816 4313 1202 4382 ὑποκειμένηςο
1236 4313 1348 4366 ἀλλ’
1379 4314 1518 4365 ὥστε
1559 4313 1633 4383 μὴ
1665 4313 1811 4376 δόξαι
1839 4315 1938 4385 τὴν
1961 4315 2138 4368 κτίσιν
2169 4315 2263 4367 ἀλ-

687 4395 902 4467 λοτρίαν
932 4391 1071 4448 εἶναι
1110 4395 1210 4464 τῆς
1258 4395 1422 4448 αὑτοῦ
1468 4395 1677 4463 σοφίας,
1707 4395 1781 4458 ὡς
1827 4397 1874 4447 οἱ
1921 4397 2060 4466 μετά
2091 4398 2260 4451 ταῦτα

686 4478 1064 4541 διαϐάλλοντες
1103 4479 1153 4532 οί
1194 4477 1262 4531 τὰ
1300 4479 1623 4550 Μαρκίωνος
1673 4479 2000 4549 νοσήσαντες
2053 4479 2257 4548 ἔλεγον,

688 4563 824 4633 αὑτῇ
855 4565 920 4633 τῇ
953 4561 1126 4615 κτίσει
1153 4561 1415 4634 κέχρηται
1442 4561 1572 4630 πρὸς
1596 4560 1694 4632 τὴν
1723 4561 1973 4615 ὑπόθεσιν
2005 4562 2113 4616 τῶν
2137 4564 2262 4617 θαυ·

692 4648 896 4718 μάτων.
933 4647 1085 4698 Ἐπεὶ
1114 4643 1206 4698 οὖν
1232 4645 1554 4712 ἀπέγνωσαν
1589 4644 1887 4715 ἀμφότεροι
1916 4647 1964 4697 οί
1996 4645 2258 4716 μαθηταὶ,

688 4729 808 4781 τότε
844 4729 1248 4798 θαυματουργεῖ
1281 4727 1461 4779 λοιπόν
1482 4745 1494 4756 ·
1533 4726 1674 4779 οῦτω
1706 4726 1815 4796 γὰρ
1868 4727 2064 4797 μᾶλλον
2103 4729 2261 4800 ἐκέρ-

686 4811 874 4872 δαναν,
914 4810 1173 4881 πρότερον
1207 4809 1637 4879 ὁμολογήσαντες
1671 4809 1763 4862 τοῦ
1811 4810 2131 4882 πράγματος
2163 4813 2262 4880 τὴν

689 4894 993 4958 δυσκολίαν,
1037 4894 1122 4946 ἵνα
1157 4894 1284 4946 ὅταν
1320 4892 1562 4963 γένηται,
1603 4891 1814 4962 μάθωσι
1856 4892 1948 4946 τοῦ
1992 4893 2125 4946 Θεοῦ
2161 4896 2262 4964 τὴν

689 4977 935 5048 δύναμιν.
986 4975 1203 5048 Ἐπειδὴ
1250 4975 1358 5045 γὰρ
1401 4974 1640 5041 γίνεσθαι
1693 4978 1916 5045 σημεῖον
1963 4976 2154 5046 ἔμελλε
2201 4979 2264 5030 τὸ

693 5061 786 5114 καὶ
815 5061 1118 5132 προφήταις
1138 5058 1502 5130 ωτορθωθέν,
1524 5059 1572 5110 εί
1596 5059 1690 5110 καὶ
1722 5059 1797 5127 μὴ
1821 5059 2040 5128 ὁμοίως·
2070 5061 2262 5130 ἔμελλε

692 5144 748 5196 δὲ
777 5143 869 5196 καὶ
911 5144 1312 5214 εὐχαριστήσας
1363 5141 1496 5196 αὑτὸ
1536 5140 1800 5212 πρότερον
1838 5146 2032 5195 ποιεῖν’
2065 5144 2150 5196 ἵνα
2188 5144 2262 5215 μὴ

693 5229 773 5288 είς
822 5225 1022 5295 ἀσθενῆ
1077 5243 1200 5279 τινα
1250 5225 1632 5279 καταπέσωσιν
1679 5223 1956 5287 ὑπόνοιαν,
2006 5225 2108 5296 ὅρα
2146 5227 2263 5289 πῶς

693 5309 825 5362 αὐτὸ
853 5309 946 5362 καὶ
979 5308 1058 5378 τῷ
1086 5309 1268 5379 τρόπῳ
1307 5308 1394 5362 διὰ
1412 5307 1566 5380 [251]
1593 5307 1810 5362 πάντων
1837 5309 2008 5379 ἐπῆρε
2043 5309 2137 5362 καὶ
2165 5310 2262 5380 τὴν

690 5393 953 5462 διαφορὰν
997 5391 1214 5455 ἔδειξεν.
1257 5389 1422 5443 Οῦπω
1454 5391 1561 5460 γὰρ
1605 5391 1712 5444 τῶν
1743 5391 1921 5459 ἄρτων
1961 5392 2259 5462 φανέντων,

694 5476 754 5528 τὸ
787 5475 969 5545 θαῦμα
1013 5477 1174 5538 ποιεῖ,
1210 5475 1296 5527 ἵνα
1332 5471 1507 5544 μάθῃς
1534 5475 1618 5526 ὅτι
1654 5473 1722 5526 τά
1759 5474 1832 5544 μὴ
1862 5474 1991 5527 ὄντα
2030 5475 2104 5538 ὼς
2134 5476 2260 5529 δντα

697 5559 846 5629 αὑτῷ
893 5561 1184 5629 ὑφέστηκε.
1228 5556 1478 5626 καθάπερ
1511 5558 1538 5609 ὁ
1571 5555 1779 5619 Παῦλός
1820 5573 2002 5626 φησιν·
2043 5558 2109 5611 '0
2160 5576 2264 5612 κα-

696 5643 821 5696 λῶν
867 5643 937 5696 τὰ
978 5641 1064 5711 μὴ
1114 5641 1259 5694 ὄντα
1293 5641 1372 5708 ὡς
1428 5641 1592 5693 ὄντα.
1631 5639 1718 5703 Ὠς
1773 5641 1987 5711 ἑτοίμου
2031 5643 2139 5712 γὰρ
2173 5645 2263 5697 καὶ

699 5723 1215 5794 παρεσκευασμένης
1257 5723 1355 5793 τῆς
1402 5722 1702 5794 τραπέζης,
1753 5724 2034 5779 ἐκέλευσεν
2066 5727 2262 5792 αὐτοὺς

1441 5834 1470 5872 δ
1518 5833 1613 5884 Alii
1662 5836 1791 5897 οἶμαι
1830 5837 1918 5899 γὰρ
1957 5839 2098 5886 αὑτὸν
2140 5842 2265 5889 εἰσε-

1283 5901 1303 5927 °
1333 5899 1531 5955 Quidam
1544 5899 1685 5954 ἀνέϐη
1709 5900 1788 5957 μὲν
1811 5901 2086 5961 περαιτέρω.
2115 5901 2262 5949 Paulo

1283 5960 1431 6006 τοίνυν
1474 5962 1532 6006 oi.
1599 5958 1623 5996 ιι
1649 5960 1793 6007 smn.
1820 5965 1899 6006 καί
1944 5975 2000 6019 τι)
2032 5965 2262 6020 ποσότητι

782 5839 808 5866 ⁸
841 5838 979 5900 Alius
1031 5836 1359 5900 ἀποκρούεται.

697 5899 941 5955 ὶηλνθίναι
964 5901 1056 5945 τῶν
1076 5915 1213 5960 προφ.

701 5967 810 6022 post
844 5960 992 6006 Savil.
1031 5963 1247 6021 μάθωμεν
1282 5960 1431 6006 τοίνυν
1474 5962 1532 6006 οἱ.

705 6026 784 6069 καί

2382 570 2490 625 τῶν
2537 571 2796 645 μαθητῶν
2841 573 3157 644 ἀνέστησεν.
3193 575 3313 627 Ὀτι
3354 575 3411 628 δὲ
3461 584 3486 613 ⁸
3525 573 3618 626 καὶ
3666 574 3970 643 ἐκέρδαναν

2377 655 2488 709 ἀπὸ
2534 657 2634 726 τῆς
2673 658 3014 728 ἐρωτήσεως,
3061 658 3262 720 εὑθέως
3309 659 3646 728 ὑπήκουσαν.
3706 657 3801 710 καὶ
3863 657 3971 709 οὑκ

2375 738 2806 810 ἐθορυϐήθησαν.
2843 739 2964 793 οὑδέ
3015 738 3188 794 εἷπον·
3220 742 3274 795 τί
3304 759 3435 796 ποτε
3471 741 3633 794 τοῦτό
3657 742 3804 804 ἐστι;
3839 739 3970 800 πῶς

2375 822 2615 887 κελεύεις
2652 824 2966 884 ἀναπεσεῖν,
2994 824 3208 888 οὑδενὸς
3232 826 3289 878 ἐν
3316 824 3394 896 τῷ
3421 825 3572 896 μέσῳ
3597 822 3966 892 φαινομένους

2374 905 2533 960 Οὕτω
2559 908 2653 960 καὶ
2682 901 2787 976 πρὸ
2811 906 2912 976 τῆς
2934 908 3112 976 ὅψεως
3149 906 3243 960 τοῦ
3277 908 3508 978 σημείου
3541 905 3817 959 πιστεύειν
3861 905 3968 974 ἧρ-

2377 987 2535 1052 ξαντο
2569 989 2586 1027 τ
2618 991 2666 1042 οί
2705 989 2854 1058 παρά
2901 990 2998 1059 τήν
3042 991 3217 1062 ἀρχὴν
3259 989 3513 1044 τοσοῦτον
3553 990 3969 1058 ἀπιστήσαντες

2374 1070 2449 1134 ὡς
2475 1072 2665 1135 εἰπεῖν,
2692 1075 2882 1127 Πόθεν
2903 1072 3282 1142 ἀγοράσομεν
3304 1072 3560 1140 ἀρτους;
3595 1074 3678 1125 ὃτι
3704 1071 3795 1123 καὶ
3822 1068 3968 1138 μετά

2373 1153 2683 1224 προθυμίας
2724 1153 3008 1207 ἀνέκλιναν
3045 1155 3172 1218 τοὺς
3223 1155 3433 1225 δχλους.
3468 1154 3629 1208 Ἀλλά
3658 1153 3712 1207 τί
3757 1153 3965 1224 δήποτε

2369 1234 2461 1289 τὸν
2489 1235 2855 1307 παραλυτικὸν
2880 1237 3088 1308 μέλλων
3120 1236 3382 1308 ἀνορθοῦν
3419 1237 3520 1290 οὑκ
3562 1237 3803 1307 εὔχεται,
3837 1234 3966 1288 οὐδὲ

2369 1319 2462 1372 τὸν
2487 1320 2678 1391 νεκρὸν
2707 1321 2958 1392 ἐγείρων,
2989 1320 3109 1374 οὑδέ
3134 1321 3233 1392 τὴν
3266 1320 3538 1375 θάλατταν
3575 1319 3827 1390 χαλινῶνο
3873 1321 3967 1372 ἐν·

2367 1401 2544 1457 ταῦθα
2575 1403 2633 1456 δὲ
2672 1404 2765 1455 ἐπὶ
2803 1403 2911 1455 τῶν
2953 1403 3132 1474 ἄρτων
3181 1403 3341 1457 τοῦτο
3384 1406 3557 1472 ποιεῖς
3613 1402 3841 1464 Δεικνὺς
3874 1403 3963 1456 ὅτι

2369 1486 2496 1550 τοὺς
2525 1487 2733 1559 τροφῆς
2757 1487 3092 1558 ἀρχομένους
3116 1488 3456 1559 εὐχαριστεῖν
3477 1487 3558 1541 δεῖ
3577 1486 3654 1558 τῷ
3673 1486 3814 1556 Θεῷ.
3847 1485 3963 1539 Καὶ

2369 1570 2542 1633 ἄλλως
2565 1571 2641 1633 δέ,
2676 1569 2769 1622 ἐπὶ
2799 1569 2909 1623 τῶν
2936 1569 3231 1624 ἐλαττόνων
3265 1569 3398 1624 αὑτὸ
3448 1569 3683 1641 μάλιστα
3725 1568 3964 1640 ἐργάξε-

2368 1671 2476 1718 ται,
2513 1653 2599 1706 ῐνα
2632 1651 2812 1726 μάθῃς
2855 1653 2937 1705 ὃτι
2971 1652 3031 1705 οὑ
3067 1653 3321 1723 δεόμενος
3359 1653 3492 1706 αὑτὸ
3541 1654 3704 1706 ποιεί.
3752 1647 3816 1704 Et
3850 1651 3962 1722 γὰρ

2367 1737 2640 1806 δεόμενος,
2682 1734 2865 1806 πολλῷ
2910 1735 3110 1806 μᾶλλον
3144 1736 3238 1788 ἐπὶ
3267 1735 3376 1788 τῶν
3409 1733 3671 1805 μειζόνων
3713 1734 3781 1788 ἂν
3825 1734 3963 1786 αὑτὸ

2369 1819 2643 1889 ἐποίησεν.
2684 1816 2742 1869 '0
2791 1817 2849 1870 δὲ
2901 1818 3086 1870 ἐκεῖνα
3135 1817 3393 1888 αὑθεντίᾳ
3440 1820 3694 1888 ποιήσας,
3732 1816 3962 1888 εῦδηλον

2366 1902 2446 1955 ὅτι
2483 1900 2768 1954 καὶταῦτα
2807 1901 3292 1968 συγκαταϐατικῶς
3321 1900 3607 1972 ἐπραττεν.

2437 1985 2635 2054 γ’.Ἐτι
2658 2001 2718 2037 τε
2742 1985 2835 2037 καὶ
2851 1985 2933 2037 ὅτι
2959 1983 3111 2054 δχλος
3132 1985 3298 2048 πολὺς
3312 1980 3379 2055 ἦν
3396 1984 3584 2056 παρὼν
3604 1985 3652 2045 ⁸,
3676 1984 3772 2037 καὶ
3787 1985 3961 2056 ἐχρῆν

2363 2066 2561 2130 αὐτοὺς
2611 2067 2919 2136 πεισθῆναι,
2961 2067 3043 2119 ὃτι
3094 2066 3239 2121 κατά
3285 2065 3509 2138 γνώμην
3539 2067 3674 2121 Θεοῦ
3716 2067 3959 2138 παρεγέ-

2365 2164 2505 2202 νετο.
2533 2150 2630 2204 Διά
2661 2149 2817 2202 τοῦτο
2849 2150 2977 2202 ὅταν
3010 2149 3108 2219 μὲν
3141 2149 3302 2220 μόνος
3327 2153 3451 2220 ποιῇ
3488 2167 3540 2204 τι
3582 2153 3830 2220 σημεῖον,
3864 2149 3961 2202 οὑ-

2364 2230 2451 2284 δὲν
2477 2231 2713 2284 τοιοῦτον
2758 2230 3148 2284 ἐπιδείκνυταιο
3183 2232 3311 2285 ὅταν
3356 2231 3413 2284 δέ
3443 2233 3537 2285 ἐπὶ
3575 2233 3786 2285 πολλῶν
3819 2232 3960 2285 αὑτὸ

2363 2317 2514 2385 ποιῇ,
2567 2312 2708 2366 ὥστε
2739 2314 3025 2367 πιστεῦσαι
3073 2315 3270 2378 αὑτοὺς
3324 2316 3404 2368 ὅτι
3448 2317 3548 2368 οὑκ
3593 2314 3843 2379 ἀντίθεός
3870 2315 3959 2376 τίς

2363 2398 2530 2462 ἐστιν,
2565 2397 2684 2451 οὑδὲ
2711 2397 2949 2461 ἐναντίος
2971 2397 3048 2469 τῷ
3068 2400 3442 2469 γεγεννηκότι,
3474 2399 3561 2452 διὰ
3601 2403 3700 2471 τῆς
3732 2400 3961 2470 εὑχαρι-

2362 2481 2518 2544 στίας
2545 2483 2760 2552 ἀναιρεῖ
2791 2483 2889 2552 τὴν
2920 2481 3173 2550 ὑποψίαν.
3208 2483 3314 2536 Καὶ
3344 2482 3529 2536 ἔδωκε
3560 2483 3685 2550 τοῖς
3712 2484 3960 2538 ἀνακει-

2360 2564 2591 2634 μένοις,
2641 2564 2738 2618 καί
2784 2564 3280 2632 ἐνεπλήσθησαν.
3340 2565 3494 2628 Είδες
3544 2565 3707 2619 πόσον
3763 2565 3959 2619 δούλου

2364 2647 2459 2699 καὶ
2485 2646 2745 2701 δεσπότου
2777 2647 2836 2699 τὸ
2888 2647 3082 2718 μέσον;
3132 2649 3358 2717 Ἐκεῖνοι
3389 2648 3487 2719 μὲν
3513 2647 3621 2720 γὰρ
3654 2650 3718 2702 ἐκ
3749 2649 3958 2722 μέτρου

2364 2729 2576 2799 ἔχοντες
2600 2728 2696 2801 τὴν
2721 2729 2899 2800 χάριν,
2936 2729 3109 2794 οὕτως
3143 2730 3646 2803 ἐθαυματούργουν·
3678 2735 3706 2786 ό
3729 2733 3788 2786 δὲ
3817 2732 3960 2799 Θεὸς

2362 2813 2736 2884 ἀπολελυμένη
2783 2813 3008 2884 δυνάμει
3054 2813 3244 2880 ποιῶν,
3303 2818 3443 2886 μετά
3489 2816 3690 2888 πολλῆς
3733 2817 3960 2872 ἅπαντα

2363 2895 2646 2966 εἰργάζετο
2669 2896 2769 2965 τῆς
2799 2897 3136 2967 περιουσίας.
3175 2898 3284 2951 Καὶ
3309 2893 3440 2953 εἷπε
3471 2899 3595 2966 τοῖς
3631 2901 3955 2969 μαθηταῖς·

2365 2979 2738 3049 Συναγάγετε
2779 2980 2852 3032 τὰ
2899 2983 3392 3048 περισσεύσαντα
3425 2984 3744 3052 κλάσματα
3783 2985 3837 3038 δ.
3888 2987 3960 3038 ut

2365 3063 2434 3117 δέ
2484 3063 2854 3133 συνήγαγον,
2900 3064 2997 3116 καὶ
3035 3062 3324 3134 ἐγέμισαν
3365 3065 3595 3121 δώδεκα
3633 3068 3956 3138 κοφίνους.

2365 3146 2478 3199 Οὑκ
2509 3146 2766 3210 ἐπίδειξις
2816 3142 2883 3217 ἦν
2923 3145 3082 3200 τοῦτο
3115 3148 3364 3219 περιττὴ,
3395 3150 3511 3204 ἀλλ’
3532 3151 3674 3205 ὥστε
3707 3152 3784 3223 μὴ
3813 3169 3963 3222 φαν-

2361 3230 2553 3283 τασίαν
2586 3230 2906 3300 νομισθῆναι
2939 3230 3001 3283 τὸ
3031 3232 3288 3302 πρᾶγμασ
3318 3232 3405 3286 διά
3453 3233 3530 3305 δὴ.
3560 3234 3719 3288 τοῦτο
3761 3237 3860 3289 καὶ
3893 3235 3961 3302 ἐξ

2361 3311 2725 3384 ὑποκειμένης
2785 3311 2917 3382 ὕλης
2963 3313 3308 3385 δημιουργεῖ.
3345 3315 3501 3380 Τίνος
3545 3316 3830 3392 δέ-ἐνεκεν
3889 3319 3959 3372 οὐ

2360 3398 2472 3458 τοῖς
2501 3395 2678 3465 ὄχλοις
2724 3395 2922 3450 ἐδωκεν
2973 3396 3260 3468 βαστάσαι,
3302 3398 3439 3452 ἀλλά
3485 3402 3596 3462 τοῖς
3643 3400 3957 3471 μαθηταίςς

2364 3481 2486 3534 Ὀτι
2520 3481 2752 3550 μάλιστα
2783 3481 3007 3546 τούτους
3042 3482 3331 3535 παιδεῦσαι
3365 3483 3626 3552 ⁴ηϐούλετο
3649 3484 3775 3547 τοὺς
3820 3484 3963 3554 μέλ-

2361 3564 2551 3627 λοντας
2580 3559 2719 3618 εἶναι
2743 3564 3093 3629 διδασκάλους
3119 3564 3220 3636 τῆς
3248 3565 3594 3637 οἰκουμένης.
3619 3564 3692 3618 Τὸ
3717 3567 3819 3637 μὲν
3840 3568 3961 3640 γὰρ

2363 3648 2567 3718 πλῆθος
2594 3648 2745 3702 οὐδὲν
2776 3648 2918 3718 μέγα
2945 3649 3136 3719 ἔμελλε
3162 3649 3562 3718 καρπώσασθαι
3588 3652 3654 3704 ἐκ
3681 3651 3792 3705 τῶν
3817 3653 3963 3708 θαυ-

2365 3731 2547 3801 μάτων
2574 3730 2729 3794 τέως·
2765 3730 2970 3794 εὐθέως
3013 3732 3142 3800 γοῦν
3192 3733 3614 3787 ἐπελανθάνοντο
3642 3735 3820 3800 αὐτοὶ,
3858 3739 3962 3791 καὶ

2354 3814 2522 3886 ᾔτουν
2551 3813 2737 3884 ἕτερον
2771 3813 2976 3884 θαῦμα·
3024 3810 3169 3869 οὑτοι
3194 3817 3252 3870 δὲ
3279 3817 3340 3870 οὐ
3369 3818 3437 3871 τά
3464 3819 3695 3888 τυχόντα
3727 3820 3959 3889 κερδαί-

2360 3914 2470 3950 νειν
2509 3896 2751 3966 ἔμελλον.
2777 3892 2887 3949 ’Ἦν
2920 3897 2975 3949 δὲ
3006 3897 3101 3951 καὶ
3125 3898 3204 3968 τῷ
3235 3899 3404 3971 Ἰούδᾳ
3431 3900 3750 3972 κατάκριμα
3770 3901 3835 3956 τὺ
3863 3921 3960 3972 γι-

2360 3981 2582 4051 νόμενον
2609 3981 2670 4032 οὑ
2694 3979 2756 4033 τὸ
2785 3980 2968 4050 τυχὸν,
2998 3980 3319 4052 βαστάζοντι
3353 3984 3442 4037 τὸν
3473 3985 3712 4052 κόφινον.
3733 3987 3862 4042 Ὀτι
3897 3989 3961 4045 δὲ

2358 4063 2461 4133 τῆς
2491 4062 2669 4116 αὑτῶν
2699 4063 3036 4127 παιδεύσεως
3073 4065 3261 4120 ἕνεκεν
3291 4066 3466 4121 ταῦτα
3497 4069 3735 4137 ἐγένετο,
3760 4071 3826 4124 ἐκ
3855 4073 3958 4126 τοῦ

2361 4147 2650 4219 εἰρημένου
2697 4146 2923 4218 ὕστερον
2963 4148 3141 4220 δῆλον,
3181 4144 3348 4222 οὗπερ
3393 4153 3699 4225 ἀνέμνησεν
3750 4156 3961 4221 αὐτοὺς

2361 4230 2552 4298 λέγων’
2595 4230 2768 4283 Οὔπω
2810 4227 3002 4284 νοεῖτε
3047 4233 3282 4298 πόσους
3327 4234 3619 4302 κοφίνους
3665 4237 3961 4305 έλάϐετες

2363 4313 2472 4366 Καὶ
2504 4314 2564 4365 τὸ
2615 4312 2930 4385 ίσαρίθμους
2978 4311 3115 4368 εἷναι
3163 4317 3278 4378 τοις
3323 4307 3594 4388 μαθηταῖς
3625 4320 3754 4384 τοὺς
3796 4325 3961 4393 κοφί-

2364 4413 2486 4458 νους
2515 4396 2622 4448 τῶν
2643 4397 2931 4467 λειψάνων,
2960 4398 3057 4467 τῆς
3080 4397 3250 4467 αὐτῆς
3279 4397 3463 4452 ἐνεκεν
3489 4403 3670 4466 αἰτίας
3698 4405 3955 4472 γέγονεν.

2365 4479 2628 4549 ’Υστερον
2656 4480 2713 4533 δέ
2739 4480 2924 4551 ἐπειδὴ
2955 4479 3374 4552 ἐπαιδεύθησαν,
3395 4485 3494 4537 οὑκ
3527 4485 3608 4538 ἐτι
3637 4488 3959 4556 τοσούτους,

2360 4559 2496 4614 ἀλλά
2532 4563 2796 4632 σπυρίδας
2825 4562 2984 4616 ἑπτά.
3024 4561 3168 4630 Ἐγὼ
3197 4563 3254 4615 δὲ
3283 4565 3344 4617 οὐ
3371 4565 3431 4618 τὸ
3461 4567 3662 4637 πλῆθος
3685 4568 3963 4641 θαυμάζω

2360 4644 2470 4698 τῶν
2515 4645 2814 4712 γεγονότων
2858 4644 3038 4714 ἀρτων
3070 4645 3222 4718 [252]
3261 4649 3442 4717 μόνον,
3485 4650 3619 4704 ἀλλά
3665 4653 3775 4723 μὴν
3815 4657 3965 4725 μετά

2362 4728 2456 4782 τοῦ
2486 4728 2720 4799 πλήθους
2751 4729 2844 4781 καὶ
2864 4729 2963 4800 τὴν
2986 4728 3274 4800 ἀκρίϐειαν
3303 4732 3397 4784 τοῦ
3429 4736 3875 4807 περισσεύματος
3907 4738 3959 4805 Ι,

2362 4811 2444 4864 ὅτι
2475 4809 2596 4864 οὔτε
2628 4812 2808 4864 πλεῖον
2834 4810 2958 4865 οὕτε
2995 4811 3215 4869 ἔλαττον
3237 4815 3463 4888 ἐποίησε
3494 4822 3960 4892 περισσευθῆναι,

2362 4894 2495 4948 ἀλλά
2521 4894 2772 4949 τοσοῦτον
2803 4897 2924 4950 ὅσον
2949 4898 3221 4965 ἐϐούλετο,
3259 4901 3524 4971 προειδὼς
3561 4901 3702 4954 πόσα
3734 4893 3963 4958 ἀναλώ-

2367 4995 2566 5060 σουσιψ
2599 4979 2736 5050 ὅπερ
2782 4980 2992 5048 ἀφάτου
3025 4982 3306 5052 δυνάμεως
3339 4981 3422 5054 ἦν.
3475 4985 3798 5060 Ἐπιστοῦτο
3851 4992 3963 5058 μὲν

2365 5058 2457 5115 οῦν
2484 5063 2550 5114 τὰ
2590 5063 2875 5133 κλάσματα
2905 5065 2967 5118 τὸ
2999 5067 3244 5134 γεγονὸς,
3276 5069 3559 5140 ἀμφότερα
3579 5058 3962 5140 ἐμφαίνοντα.

2365 5146 2457 5199 καὶ
2490 5147 2572 5198 ὃτι
2601 5148 2661 5199 οὑ
2699 5149 2972 5215 φαντασία
2999 5167 3081 5213 τις
3129 5146 3196 5220 ἦν
3244 5150 3314 5203 τὰ
3342 5153 3702 5224 γεγενημένα,
3750 5157 3846 5209 καὶ
3873 5158 3964 5212 ὅτι

2365 5227 2424 5292 ἐξ
2466 5230 2687 5282 ἐκείνων
2715 5226 2784 5299 ἦν
2829 5225 2904 5284 ὧν
2953 5232 3292 5303 ἐτράφησαν.
3348 5234 3422 5286 Τὸ
3466 5235 3522 5287 δὲ
3571 5235 3680 5288 τῶν
3729 5237 3963 5308 ἰχθύων,

2362 5313 2482 5396 τῲε
2521 5313 2619 5382 μὲν
2644 5314 3019 5396 ὑποκειμένων
3049 5316 3286 5396 ἐγένετο·
3321 5316 3548 5388 ὕστερον
3580 5319 3635 5372 δὲ
3679 5322 3820 5389 μετά
3860 5324 3968 5396 τῂν

2363 5392 2678 5455 ἀνάστασιν,
2710 5395 2810 5446 οὑκ
2848 5393 2925 5446 ἔτι
2958 5394 3017 5459 ἐξ
3062 5393 3196 5467 ὑλης
3222 5397 3607 5468 ὑποκειμένης.
3640 5399 3798 5464 Τίνος
3837 5392 3966 5457 ένξ-

2367 5487 2497 5550 κενς
2536 5471 2652 5524 Ἵνα
2683 5471 2860 5543 μάθῃς
2900 5475 2980 5526 ὅτι
3011 5477 3104 5529 καὶ
3128 5474 3223 5528 νῦν
3246 5479 3312 5547 τῇ
3343 5476 3446 5550 ῦλῃ
3472 5478 3756 5549 ἐκέχρητο,
3785 5483 3852 5535 οὑ
3895 5485 3967 5536 δι’

2363 5547 2590 5602 ἔνδειαν.
2623 5551 2740 5602 οὑδὲ
2763 5551 3017 5620 δεόμενος
3054 5552 3394 5623 ὑποϐάθρας,
3419 5547 3544 5612 ’ἀλλ’
3575 5547 3716 5609 ὥστε
3747 5557 3820 5611 τὰ
3850 5562 3969 5615 τῶν

2365 5628 2652 5706 αἱρετικῶν
2679 5629 2951 5699 ἐμφράξαι
2984 5633 3250 5700 στόματα.
3286 5635 3348 5686 Ol
3375 5632 3444 5686 δέ
3472 5635 3642 5704 ὄχλοι
3664 5638 3889 5706 ἔλεγον
3917 5652 3964 5704 ι,

2365 5705 2452 5758 ὅτι
2481 5703 2667 5772 Οὗτός
2700 5709 2872 5760 ἐστιν
2909 5710 3148 5790 ἀληθῴς
3187 5715 3220 5765 d
3263 5703 3594 5782 προφήτης.
3634 5716 3696 5766 Ὤ
3729 5703 3966 5790 γαστριέ

2407 5802 2455 5860 ,ο
2491 5790 2694 5860 Διὶί-ὅτι
2726 5792 2832 5854 γάρ.
2870 5787 3153 5860 ῌστθιςμότε
3177 5797 3254 5860 δέ.
3328 5795 3346 5834 τ
3376 5797 3473 5846 Alii
3512 5797 3598 5845 τοῦ
3634 5802 3844 5860 σημείου
3881 5787 3974 5860 τῆς

2365 5854 2569 5921 πίστεως
2589 5854 2806 5921 ἤρξαντο.
2876 5857 2900 5892 5
2928 5857 3078 5921 Savi|_.
3115 5857 3270 5912 ἄλλως
3301 5859 3448 5907 δὲκαὶ
3475 5862 3502 5907 ό
3528 5860 3666 5921 ὄχλος
3685 5854 3736 5907 τι.
3769 5861 3833 5918 ἦν
3860 5864 3892 5910 ὀ

2369 5909 2394 5947 h
2418 5909 3135 5990 υυίιίοςῐι’ξιοροηῐ-περιονσίας,
3173 5909 3269 5967 Καί
3294 5909 3620 5990 ἐπερίσσευὲἐ,
3649 5909 3972 5990 ᾇησίςκὶξάσί

2367 5990 2505 6039 ματα.
2567 5973 2603 6039 ,ί-
2628 5977 2728 6039 ΔΑιίί
2759 5976 2844 6023 τοῦ
2889 5973 3305 6039 περισσεύσαντος.
3378 5973 3392 6031 i
3446 5973 3618 6033 Morel:
3659 5973 3709 6032 ὀί
3753 5973 3841 6032 οὖν
3885 5988 3976 6034 ἀν-

2369 6036 2543 6096 θρωττοι
2567 6034 2742 6091 ἰδόντες
2766 6039 2820 6084 τὸ
2845 6034 3061 6102 σημεῖον,
3089 6043 3267 6106 ἔλεγον.
