4164 6324
659 369 764 426 9·ίὸ

658 474 925 544 propheta.
957 472 1043 526 15.
1077 469 1225 524 Jrsus
1253 476 1414 519 autem
1441 506 1455 528 ,
1489 481 1600 517 cum
1628 465 1935 534 cognovisset
1964 463 2084 532 quia
2116 477 2234 514 ven-

658 567 759 618 turi
788 574 928 618 eram
955 573 1008 615 ut
1033 569 1260 628 raperent
1287 574 1398 610 cum
1422 597 1435 617 ,
1473 566 1517 610 et
1543 556 1766 623 facerent
1783 571 1892 606 eum
1921 568 2084 623 regem
2109 593 2124 616 ,
2153 567 2231 605 se-

661 656 808 710 cessit
833 656 1012 708 iterum
1038 654 1087 703 in
1111 659 1343 702 montem.
1376 649 1551 715 Papa‘,
1575 656 1768 716 quanta
1799 645 1934 715 gula:
1957 643 2229 715 tyrannis!

661 757 852 811 quanta
897 742 1192 796 volubilitas
1251 740 1461 794 animi!
1503 738 1617 793 Non
1657 737 1793 791 ultra
1840 736 2010 806 legem
2058 734 2232 788 vindi-

657 846 782 890 cant
810 877 825 898 ,
856 851 959 887 non
1004 833 1145 887 ultra
1194 832 1487 900 violatum‘
1520 829 1795 884 sabbatum
1843 835 2073 892 curant,
2123 839 2230 879 non

661 929 794 981 ultra
828 926 920 980 Dei
943 925 1058 979 zelo
1102 931 1382 977 moventur
1411 961 1425 985 ,
1474 920 1565 974 sed
1597 919 1799 988 repleto
1826 929 2010 974 ventre
2055 918 2233 972 omnia

657 1020 983 1089 abjeceruut.
1013 1017 1145 1070 Tum
1189 1013 1444 1085 propheta
1470 1011 1610 1080 apud
1634 1011 1752 1064 illos
1787 1019 1935 1076 erat,
1973 1018 2027 1064 et
2052 1023 2229 1078 regem

657 1120 809 1166 erant
851 1107 1152 1163 coronaturi
1182 1120 1194 1157 :
1223 1104 1464 1160 Christus
1505 1112 1681 1158 autem
1719 1101 1871 1171 fugit.
1911 1101 2128 1168 Quare?
2167 1099 2232 1156 Ut

659 1217 756 1256 nos
782 1202 970 1256 doceat
1011 1198 1336 1269 spernendas
1391 1211 1511 1251 esse
1550 1196 1836 1266 dignitates
1859 1236 1875 1261 ,
1905 1203 1960 1250 et
1987 1193 2234 1249 ostendat

658 1313 716 1349 se
746 1294 885 1348 nulla
927 1308 991 1347 ex
1035 1291 1260 1346 terrenis
1313 1289 1472 1344 rebus
1520 1304 1655 1358 opus
1703 1289 1920 1343 habere.
1962 1286 2092 1342 Nam
2141 1287 2230 1356 qui

658 1387 832 1440 onmia
873 1385 994 1439 vilia
1021 1383 1218 1454 elegit,
1253 1390 1308 1438 et
1347 1391 1567 1435 matrem
1586 1423 1601 1446 ,
1630 1389 1683 1436 et
1713 1381 1926 1434 domum
1955 1420 1970 1445 ,
2001 1379 2186 1433 urbem
2212 1419 2227 1443 ,

657 1475 1046 1538 educationem,
1077 1474 1412 1538 vestimenta,
1444 1487 1547 1526 non
1567 1487 1632 1526 ex
1659 1471 1886 1526 terrenis
1914 1469 2231 1538 conspicuus

657 1567 864 1622 futurus
904 1577 1037 1622 erat.
1069 1565 1199 1620 Nam
1245 1564 1477 1620 caelestia
1519 1564 1661 1618 clara
1695 1578 1986 1633 magnaque
2029 1572 2229 1629 erant,

657 1659 828 1728 angeli
849 1699 865 1723 ,
892 1657 1044 1712 stella
1065 1697 1078 1722 ,
1109 1656 1266 1710 Pater
1311 1655 1549 1709 clamans
1573 1693 1587 1718 ,
1619 1653 1849 1722 Spiritus
1896 1653 2186 1708 teetificans
2212 1693 2229 1718 ,

661 1753 932 1822 prophetae
955 1751 1063 1820 jam
1089 1750 1216 1805 olim
1239 1749 1624 1818 praedicantes:
1658 1748 1710 1801 in
1739 1756 1880 1802 terra
1909 1755 2086 1801 autem
2109 1744 2231 1800 vilia

665 1847 842 1900 omnia
873 1853 1047 1910 erant,
1093 1853 1153 1897 ut
1199 1843 1278 1897 sic
1307 1842 1420 1910 ejus
1459 1850 1693 1911 potestas
1722 1839 1889 1910 magis
1929 1846 2232 1908 appareret.

657 1936 814 1993 Venit
855 1945 1002 1992 certe
1041 1949 1137 1988 nos
1179 1933 1549 1997 instituturus,
1579 1940 1635 1985 ut
1673 1939 2078 1986 contemnamus
2099 1945 2236 1999 pra}.

657 2028 849 2092 sentin,
878 2040 1054 2096 neque
1089 2023 1414 2079 admiremur
1439 2037 1501 2076 ea
1541 2036 1658 2090 quae
1690 2021 1741 2074 in
1772 2020 1870 2074 hac
1913 2019 2019 2073 vita
2052 2019 2233 2088 splen-

658 2119 779 2174 dida
807 2117 1089 2181 videntur;
1130 2114 1224 2169 sed
1265 2130 1328 2169 ea
1365 2113 1543 2167 omnia
1583 2112 1921 2176 irrideamus,
1952 2111 2234 2179 futuraque

657 2226 916 2266 amemus.
939 2208 1070 2264 Nam
1097 2209 1186 2279 qui
1216 2206 1498 2278 praesentia
1523 2205 1745 2259 miratur
1769 2245 1783 2268 ,
1808 2219 1914 2258 non
1957 2203 2234 2257 mirabitur

659 2315 720 2355 ea
745 2315 861 2370 qum
893 2299 943 2353 in
969 2298 1113 2354 czelis
1153 2306 1297 2352 sunt.
1336 2295 1460 2351 Ideo
1512 2294 1725 2351 dicebat
1766 2294 1972 2349 Pilato:
2005 2294 2235 2364 Regnum

658 2411 823 2446 meum
849 2409 946 2446 non
971 2403 1040 2446 est
1079 2391 1142 2444 de
1167 2391 1262 2444 Itoc
1291 2389 1480 2443 mundo
1511 2387 1688 2458 (Joan.
1719 2386 1806 2442 18.
1833 2385 1945 2457 ’56);
1977 2400 2043 2440 ne
2084 2384 2234 2440 vide-

660 2495 807 2538 rclur
847 2484 1076 2537 humano
1125 2491 1268 2536 metu
1313 2490 1366 2536 et
1414 2481 1650 2549 potentia
1701 2478 1768 2532 ad
1809 2477 2234 2548 persuadendum

661 2578 755 2629 uti.
785 2575 891 2630 Cur
917 2589 1046 2644 ergo
1073 2573 1200 2627 dicit
1230 2572 1486 2642 prephcta
1518 2589 1529 2625 :
1569 2570 1697 2624 Ecce
1724 2585 1813 2623 rea:
1839 2579 1954 2623 tuus
1989 2570 2118 2622 venit
2150 2569 2238 2622 tibi

661 2677 951 2720 mansuetus
971 2706 986 2731 ,
1005 2666 1181 2719 sedens
1207 2681 1356 2733 super
1374 2661 1692 2733 snbjngalem
1720 2660 1905 2732 (Zach.
1933 2660 1986 2715 9.
2011 2660 2111 2729 9)?
2143 2659 2239 2715 Hic

662 2765 731 2811 de
761 2772 923 2825 regno
952 2755 1184 2825 |0quitur
1211 2754 1411 2809 cmlesti
1433 2795 1446 2817 ,
1478 2769 1580 2807 non
1610 2753 1676 2807 de
1701 2763 1931 2806 terreno.
1967 2751 2090 2806 ldco
2120 2767 2239 2806 rur-

661 2864 777 2902 sum
808 2847 1052 2901 diccbat:
1084 2845 1310 2900 Gloriam
1336 2846 1399 2898 ab
1425 2845 1626 2898 homine
1647 2858 1746 2896 non
1767 2841 1982 2912 accipio.

734 2941 786 2992 ὦ.
833 2937 1009 2991 Gloria
1032 2954 1133 2992 non
1160 2937 1326 3007 ﬂuxa,
1349 2936 1437 2989 sed
1455 2935 1752 2988 immortalis
1775 2933 2016 2987 amanda.
2050 2931 2240 2987 Contra

663 3027 970 3096 spectacula.
993 3056 1064 3068 -—
1090 3028 1364 3082 Discamus
1388 3041 1544 3094 ergo,
1578 3025 1795 3090 dilecti,
1829 3025 2090 3079 humanos
2143 3025 2242 3079 ho-
2315 3033 2321 3050 ‘

664 3135 824 3173 ttot'cs
881 3133 1157 3187 spernere,
1209 3132 1314 3171 non
1372 3116 1697 3171 desiderare.
1754 3115 1968 3171 llonore
2013 3131 2241 3186 namque

666 3224 857 3278 magno
901 3208 1182 3271 allicimur,
1235 3208 1320 3262 cui
1369 3217 1706 3276 comparatus
1751 3207 2012 3262 humanus
2069 3209 2243 3262 honor

663 3301 981 3357 contumelia
1022 3308 1102 3354 est
1126 3341 1140 3364 ,
1173 3300 1310 3353 risus
1337 3308 1391 3353 et
1415 3300 1674 3354 comoedia
1702 3316 1716 3363 ;
1752 3310 1808 3354 ut
1834 3309 1889 3354 et
1913 3300 2109 3355 divitia:
2135 3309 2244 3354 ter-

664 3407 810 3447 reni-.e
860 3391 964 3446 illis
1007 3401 1327 3460 comparata:
1372 3400 1656 3461 paupertas
1691 3399 1858 3453 sunt,
1892 3399 1945 3445 et
1986 3393 2090 3444 vita
2129 3391 2242 3445 haec

666 3487 781 3541 sine
820 3485 906 3539 illa
958 3500 1103 3540 mors
1143 3494 1225 3538 est
1267 3483 1473 3556 (Sine‘.
1507 3485 1695 3554 inquit,
1751 3494 1977 3538 mortuos
2021 3485 2243 3554 sepelire

667 3589 890 3633 mortuos
927 3596 1044 3632 suos
1071 3577 1282 3651 [ΜαιιΙι.
1322 3579 1376 3632 8.
1401 3577 1494 3652 2‘3]
1517 3578 1534 3647 )
1561 3596 1573 3631 :
1604 3579 1684 3632 sic
1708 3579 1875 3649 gloria
1908 3579 2022 3633 hare
2047 3620 2061 3643 ,
2103 3580 2148 3633 si
2178 3577 2244 3632 ad

669 3670 811 3723 illam
840 3669 1144 3723 conferatur
1169 3709 1184 3735 ,
1215 3669 1385 3739 pudor
1427 3679 1507 3722 est
1535 3679 1588 3724 et
1627 3669 1787 3723 risus.
1817 3669 1893 3724 Ne
1924 3671 2079 3740 igitur
2109 3669 2248 3724 hanc

671 3775 1016 3829 aucupentur.
1043 3759 1172 3815 Nam
1199 3761 1244 3815 si
1271 3760 1303 3813 ii
1334 3761 1429 3833 qui
1459 3760 1587 3813 dant
1617 3760 1756 3814 illam
1791 3761 1973 3815 umbra
2005 3773 2058 3815 et
2100 3775 2247 3815 som-

680 3853 782 3905 niis
825 3862 948 3905 sunt
995 3851 1205 3906 viliores
1232 3894 1244 3915 ,
1288 3851 1454 3904 multo
1501 3853 1668 3922 magis
1697 3853 1806 3921 ipsa
1837 3854 2002 3921 gloria
2034 3871 2046 3906 :
2075 3853 2250 3907 Gloria

674 3944 802 3997 enim
822 3944 1037 3998 hominis
1060 3956 1312 4010 tamquam
1333 3944 1429 4011 ﬂos
1449 3944 1567 4013 {teni
1586 3942 1737 4011 (Iani.
1759 3943 1846 3998 40.
1863 3944 1940 4012 6).
1964 3943 2099 4012 Quid
2119 3944 2249 3998 ﬂore

673 4035 799 4092 imm
830 4039 983 4092 vilius
1013 4037 1167 4091 fuerit
1188 4034 1412 4104 (LPetr.
1446 4037 1494 4089 l.
1517 4035 1634 4107 25)?
1657 4037 1760 4090 Sed
1776 4037 1982 4091 etiamsi
2003 4038 2249 4105 diuturna

679 4137 856 4189 esset,
913 4126 1035 4195 quid
1085 4125 1208 4180 hinc
1257 4127 1446 4181 anima:
1488 4128 1658 4181 lucri?
1689 4126 1873 4191 Nihil;
1926 4128 2030 4180 imo
2067 4128 2252 4183 admo-

673 4219 796 4273 dum
825 4228 977 4274 nocet
997 4259 1011 4283 ,
1040 4228 1092 4273 et
1117 4233 1301 4274 servos
1322 4218 1514 4286 efficit,
1547 4218 1802 4288 emptitiis
1823 4221 1990 4274 servis
2015 4221 2250 4275 deterio-

673 4326 782 4377 res,
814 4310 902 4380 qui
929 4325 1032 4364 non
1066 4310 1153 4364 uni
1181 4309 1398 4364 domino
1422 4351 1436 4369 .
1466 4310 1560 4363 sed
1600 4310 1807 4364 duobus
1833 4348 1850 4375 ,
1888 4310 2055 4364 tribus
2082 4352 2096 4375 ,
2130 4313 2250 4365 mil-

677 4404 815 4457 libus
839 4446 852 4466 ,
901 4403 1111 4457 diversa
1147 4402 1521 4456 mandantibus
1547 4403 1801 4456 serviant.
1829 4400 2037 4468 Quanto
2059 4403 2249 4458 melius

675 4506 760 4550 est
791 4495 1014 4550 liberum
1043 4509 1184 4561 esse,
1219 4509 1374 4564 quam
1403 4508 1613 4548 servum
1640 4510 1654 4549 :
1688 4494 1910 4550 liberum
1938 4495 2152 4565 quidem
2182 4496 2250 4549 ab

676 4588 946 4642 hominum
997 4587 1254 4642 servitute
1277 4626 1293 4653 ,
1323 4601 1534 4641 servum
1566 4587 1848 4658 imperanti
1891 4587 2044 4642 Deo?
2084 4589 2136 4643 Si
2169 4588 2247 4643 vis

677 4679 886 4736 tandem
913 4694 1094 4734 amare
1121 4681 1343 4749 gloriam
1366 4720 1381 4743 ,
1406 4693 1523 4733 ama
1541 4720 1556 4743 ,
1588 4679 1679 4733 sed
1709 4680 2084 4735 immortalem.
2115 4678 2245 4732 Nam

676 4775 793 4842 ejus
817 4783 867 4828 et
892 4774 1250 4842 spectaculum
1277 4771 1606 4841 splendidius
1642 4780 1724 4826 est
1753 4813 1766 4835 ,
1801 4780 1857 4827 et
1900 4773 2102 4827 lucrum
2130 4786 2246 4824 ma-

677 4864 782 4934 jus.
813 4863 872 4917 Hi
915 4873 966 4918 le
1001 4862 1190 4931 jubent
1226 4861 1504 4931 dispendio
1534 4870 1623 4916 tuo
1649 4863 1778 4933 ipsis
1808 4864 2052 4931 placere:
2096 4861 2245 4916 Chri-

681 4968 794 5012 stus
820 4972 945 5012 vero
971 4965 1152 5011 contra
1180 4954 1480 5023 centuplum
1503 4936 1761 5009 donorum
1790 4955 1881 5008 tibi
1904 4954 2168 5020 retribuit,
2197 4965 2251 5008 et

679 5047 761 5103 his
791 5047 948 5102 vitam
977 5056 1232 5101 aeternam
1260 5043 1427 5099 addit.
1455 5044 1590 5112 Quid
1617 5058 1745 5114 ergo
1770 5043 1993 5109 melius,
2026 5045 2077 5098 in
2109 5053 2249 5098 terra

681 5154 747 5193 an
798 5138 850 5191 in
897 5138 1081 5202 caelis,
1115 5135 1418 5191 hominibus
1459 5149 1526 5187 an
1570 5133 1679 5188 Deo
1724 5133 2058 5189 admirationi
2083 5133 2250 5189 esse?

681 5230 875 5286 damno
896 5244 961 5281 an
986 5228 1132 5283 lucro
1160 5227 1293 5283 tuo?
1321 5225 1568 5282 coronari
1591 5225 1659 5280 ad
1685 5240 1840 5280 unam
1878 5226 2016 5282 diem
2039 5268 2054 5294 ,
2085 5241 2153 5280 an
2183 5224 2250 5279 ad

749 5343 759 5372 ¹
800 5339 885 5389 Alii
912 5339 1103 5402 legunt,
1127 5337 1346 5402 solutum,
1371 5351 1477 5402 pro,
1503 5336 1745 5389 violation.

744 5404 764 5436 ⁸
786 5402 924 5453 savil.
945 5399 1085 5462 legit,
1109 5399 1266 5452 sinite.

1431 354 1483 408 S.
1527 351 1798 407 JOANNIS
1835 345 2311 405 CIIRYSOSTOSII
2352 345 2664 400 ARCHIEP.
2707 345 3237 400 CONSTANTINUP.

3818 347 3921 410 ΞΗ

2346 461 2546 515 iuliaila
2575 462 2812 516 secula?
2843 463 2915 517 Da
2937 466 3144 534 egenti,
3177 481 3280 518 non
3314 465 3617 532 tripudianli
3641 511 3655 532 ,
3703 485 3770 526 ne
3799 485 3923 526 cum

2342 554 2581 621 pecuniis
2627 555 2732 608 tuis
2781 555 3012 609 animam
3059 556 3198 609 illius
3245 557 3458 625 perdas.
3489 557 3567 613 Tu
3591 561 3734 614 enim
3779 563 3924 630 quod

2347 645 2458 700 base
2497 646 2738 702 studiose
2767 655 2821 701 et
2867 648 3238 716 intempestive
3282 649 3426 704 cnlas
3452 692 3466 714 ,
3500 651 3752 718 perniciei
3785 653 3926 706 illius

2339 749 2525 792 auctor
2549 752 2626 790 es.
2678 737 2732 792 Si
2775 737 2976 791 scirent
3014 738 3156 791 enim
3190 738 3286 801 illi,
3321 739 3409 808 qui
3456 740 3746 795 orchestrae
3796 741 3926 794 dant

2339 843 2576 898 operam,
2611 845 2680 884 ex
2724 839 2841 883 arte
2883 828 3015 884 nihil
3046 829 3147 884 sibi
3197 829 3312 883 fore
3357 831 3534 895 lucri,
3576 831 3684 899 jam
3718 832 3923 901 pridem

2338 920 2699 977 destitissent:
2728 936 2849 976 cum
2872 930 3050 976 autem
3079 930 3130 976 te
3151 921 3331 975 vident
3354 921 3710 991 plaudentem,
3737 940 3924 979 accur-

2338 1023 2567 1080 rentem,
2598 1025 2842 1083 sumptus
2871 1013 3279 1084 profundentem
3310 1054 3324 1077 ,
3359 1024 3444 1067 tua
3475 1016 3877 1070 exhaurientem
3902 1059 3918 1080 ,

2337 1105 2551 1160 etiamsi
2579 1105 2782 1159 nollent
2813 1119 3034 1174 pergere
3059 1146 3074 1171 ,
3107 1104 3238 1159 lucri
3270 1103 3518 1172 cupidine
3562 1113 3826 1160 tenentur.
3862 1105 3920 1162 Si

2336 1198 2537 1252 scirent
2566 1239 2582 1264 ,
2625 1197 2893 1252 neminem
2939 1212 3032 1251 sua
3063 1196 3400 1251 laudaturum
3447 1213 3567 1252 esse
3588 1239 3602 1261 ,
3635 1199 3742 1252 cito
3775 1199 3924 1254 desi-

2338 1299 2545 1345 sterent
2593 1305 2622 1342 a
2655 1289 2926 1344 laboribus
2952 1330 2967 1354 ,
2998 1289 3148 1344 lucro
3183 1297 3429 1344 cessante
3459 1307 3473 1344 :
3501 1304 3619 1343 cum
3649 1306 3774 1345 vero
3803 1305 3920 1346 rem

2337 1380 2676 1435 admirationi
2705 1382 2888 1436 multis
2908 1395 3030 1436 esse
3059 1379 3244 1434 vident
3268 1422 3283 1443 ,
3317 1381 3622 1435 inescantur
3649 1382 3917 1436 laudibus.

2335 1471 2618 1528 Cessemus
2642 1474 2898 1528 inutiliter
2919 1473 3261 1543 impendere:
3284 1472 3550 1528 discamus
3575 1489 3676 1543 qua
3700 1475 3751 1528 in
3779 1490 3837 1528 re
3865 1485 3923 1530 et

2336 1565 2549 1634 quando
2596 1564 2907 1635 impendere
2949 1572 3196 1633 Oporteat
3224 1581 3238 1616 :
3265 1578 3332 1618 ne
3376 1564 3627 1633 utrinque
3659 1566 3823 1619 Deum
3851 1565 3920 1619 ad

2336 1656 2469 1711 iram
2494 1671 2864 1726 provocemus,
2892 1665 2944 1711 et
2970 1656 3342 1726 congregando
3370 1656 3511 1711 unde
3539 1672 3642 1710 non
3671 1657 3793 1712 licet
3822 1698 3837 1722 ,
3864 1667 3922 1712 et

2335 1748 2692 1819 dispergendo
2723 1749 2777 1802 in
2805 1765 2923 1819 qua:
2959 1764 3065 1802 non
3089 1758 3380 1818 oporteret.
3408 1747 3520 1815 Qua
3553 1748 3781 1802 vindicta
3814 1766 3920 1803 non

2337 1842 2527 1912 dignus
2555 1857 2616 1897 es
2649 1884 2663 1908 ,
2691 1856 2815 1896 cum
2861 1855 3148 1911 pauperem
3193 1851 3612 1910 przetercurrens
3650 1842 3922 1896 meretrici

2340 1933 2596 2003 largiris?
2623 1932 2844 1987 Etiamsi
2872 1933 3014 1986 enim
3045 1946 3112 1987 ex
3136 1930 3302 2001 justis
3331 1931 3598 1993 laboribus
3625 1945 3875 2002 erogares
3905 1974 3927 1999 ,

2340 2041 2517 2082 annon
2537 2028 2689 2095 culpa
2715 2035 2896 2092 esset,
2927 2026 3178 2096 nequitiae
3217 2025 3519 2080 mercedem
3546 2024 3674 2080 dare
3698 2067 3712 2090 ,
3743 2035 3798 2080 et
3829 2039 3927 2093 pro

2337 2117 2527 2170 merita
2582 2131 2740 2185 paena
2791 2115 3052 2170 honorem
3097 2116 3408 2186 impendere
3434 2117 3456 2169 ?
3484 2113 3614 2170 Cum
3642 2130 3772 2170 vero
3797 2131 3928 2186 spo-

2338 2207 2478 2262 liatis
2504 2208 2735 2278 pupillis,
2764 2209 3089 2277 senibusque
3114 2207 3350 2273 nudatis,
3381 2207 3608 2262 lascivos
3631 2207 3750 2273 alis,
3779 2209 3928 2278 cogi-

2338 2302 2537 2370 taquis
2596 2301 2731 2371 ignis
2787 2309 2938 2355 tanto
2990 2299 3182 2354 sceleri
3208 2300 3279 2354 sit
3317 2309 3555 2369 paratus.
3611 2299 3748 2354 Audi
3795 2299 3933 2369 quid

2337 2393 2480 2449 dicat
2525 2393 2756 2448 Paulus:
2794 2393 2918 2448 Non
2954 2402 3150 2447 tantum
3191 2393 3278 2462 qui
3321 2393 3429 2446 licet:
3458 2393 3651 2464 faciunt
3680 2435 3693 2459 ,
3725 2393 3813 2446 sed
3841 2411 3928 2460 qui

2339 2487 2552 2541 laudant
2599 2487 2842 2556 facientes
2877 2485 3053 2558 (Rom.
3086 2487 3137 2539 ι.
3167 2485 3292 2554 52).
3324 2484 3573 2539 Fortasse
3619 2483 3795 2539 acrius
3826 2497 3933 2537 vos

2341 2579 2697 2644 incessimus;
2732 2579 2826 2634 sed
2865 2581 2908 2633 si
2954 2595 3052 2633 nos
3084 2594 3189 2632 non
3239 2578 3607 2642 incessamus,
3664 2577 3930 2647 supplicia

2340 2680 2560 2726 manent
2588 2686 2681 2725 eos
2709 2672 2797 2740 qui
2831 2686 3118 2739 numquam
3147 2669 3522 2724 emendantur.
3551 2668 3689 2734 Quid
3712 2671 3931 2737 juvarct

2339 2776 2436 2815 vos
2469 2763 2701 2832 gratiose
2733 2761 2930 2828 alloqui
2958 2801 2972 2826 ,
3027 2763 3198 2830 reipsa
3221 2761 3483 2830 supplicio
3513 2769 3734 2829 prOpter
3762 2774 3929 2827 opera

2339 2851 2692 2907 afﬁciendos?
2733 2852 2941 2907 Laudas
2993 2852 3272 2906 saltantem
3303 2893 3318 2914 ,
3347 2851 3587 2905 celebras
3617 2892 3632 2914 ,
3667 2851 3934 2907 miraris?

2341 2945 2480 3017 Ergo
2507 2945 2600 3000 illo
2631 2943 2799 2999 factus
2828 2960 2886 2999 es
2907 2944 3162 2999 deterior.
3187 2944 3341 2997 Illum
3369 2951 3650 3012 paupertas
3671 2958 3935 2997 excusare

2344 3036 2572 3099 videtur,
2626 3037 2836 3090 etiamsi
2886 3051 2990 3089 non
3037 3035 3191 3104 culpa
3245 3036 3313 3090 sit
3356 3034 3645 3098 immunis;
3699 3043 3753 3087 tu
3802 3048 3937 3088 vero

2343 3127 2502 3182 etiam
2544 3128 2644 3181 hac
2684 3127 2995 3181 defensione
3044 3141 3216 3181 cares.
3263 3125 3415 3179 Illum
3467 3125 3510 3177 si
3560 3125 3888 3194 interrogem
3916 3164 3933 3189 ,

2345 3216 2449 3273 Cur
2499 3218 2616 3272 aliis
2659 3218 2860 3272 relictis
2899 3219 3102 3272 artibus
3127 3258 3142 3283 ,
3204 3216 3342 3270 hanc
3374 3217 3632 3285 impuram
3674 3225 3726 3270 et
3770 3230 3937 3270 exse-

2343 3308 2596 3365 crandam
2640 3309 2907 3364 sectaris?
2955 3307 3324 3377 respondebit,
3357 3307 3490 3374 Quia
3521 3321 3736 3376 possum
3766 3321 3938 3375 parvo

2345 3401 2529 3457 labore
2560 3401 2783 3455 multum
2817 3399 3037 3454 lucrari.
3066 3398 3142 3453 Te
3171 3413 3298 3453 vero
3325 3397 3370 3452 si
3412 3398 3734 3466 interrogem
3760 3436 3776 3461 ,
3824 3396 3938 3451 Cur

2345 3495 2603 3550 lascivum
2633 3493 2845 3546 miraris
2874 3534 2888 3558 ,
2918 3493 3007 3562 qui
3035 3491 3100 3545 ad
3128 3491 3413 3545 multorum
3438 3490 3726 3560 perniciem
3758 3491 3929 3543 vitam

2348 3585 2539 3641 ducit?
2573 3601 2678 3639 non
2708 3584 2907 3655 poteris
2940 3582 3005 3637 ad
3047 3582 3290 3637 eamdem
3322 3566 3688 3636 defensionem
3735 3579 3938 3635 confu-

2350 3693 2476 3748 gere
2505 3717 2522 3744 ,
2554 3677 2648 3732 sed
2677 3676 2888 3745 cogeris
2912 3673 3150 3728 demisso
3168 3673 3314 3727 vultu
3341 3673 3676 3728 erubescere.
3704 3670 3861 3738 Quod
3892 3671 3941 3724 si

2351 3768 2504 3822 nobis
2531 3768 2789 3821 rationem
2817 3765 3174 3836 exigentibus,
3209 3779 3276 3819 ne
3301 3765 3493 3819 mutire
3511 3763 3722 3833 quidem
3753 3772 3938 3830 potes:

2351 3860 2561 3931 quando
2591 3857 2919 3914 horrendum
2948 3857 3079 3912 illud
3105 3868 3158 3911 et
3185 3855 3492 3910 inevitabile
3515 3854 3738 3907 tribunal
3772 3869 3942 3922 appa-

2353 3953 2525 4018 rebit,
2561 3953 2649 4006 ubi
2700 3960 2754 4005 et
2797 3951 3180 4020 cogitationum
3207 3957 3262 4002 et
3300 3958 3512 4002 actuum
3542 3946 3798 4000 reddituri
3848 3961 3943 4001 su-

2354 4062 2469 4100 mus
2500 4046 2760 4101 rationem
2790 4086 2807 4110 ,
2852 4042 3119 4112 quomodo
3175 4049 3318 4095 stare
3367 4041 3702 4111 poterimus?
3741 4041 3942 4110 quibus

2354 4137 2522 4192 oculis
2561 4135 2796 4204 judicem
2849 4131 3242 4200 rcspieiemus?
3295 4131 3421 4199 quid
3465 4130 3744 4184 dicemus?
3777 4147 3942 4200 quam

2355 4229 2717 4282 defensionem
2760 4221 3135 4294 proferemus?
3183 4236 3340 4290 quam
3391 4220 3793 4274 excusationem
3843 4236 3943 4290 ap-

2356 4328 2462 4373 tam
2491 4361 2504 4382 ,
2537 4319 2768 4386 ineptam
2797 4313 3155 4370 habebimus?
3198 4328 3265 4366 an
3299 4327 3395 4366 nos
3424 4313 3474 4365 id
3507 4315 3681 4368 facere
3709 4328 3809 4382 pro
3836 4314 3944 4366 im-

2357 4426 2536 4482 pensa,
2569 4425 2664 4480 pro
2697 4409 2991 4479 voluptate,
3020 4422 3119 4476 pro
3145 4406 3368 4458 aliorum
3399 4404 3636 4472 pernicie
3658 4445 3672 4468 ,
3703 4419 3841 4473 quos
3891 4406 3944 4458 in

2354 4503 2443 4558 illa
2469 4510 2585 4557 arte
2613 4501 2787 4571 perire
2835 4501 3074 4570 cogimus
3101 4497 3124 4550 ?
3153 4497 3294 4551 Nihil
3326 4507 3473 4551 certe
3511 4497 3808 4565 poterimus
3858 4498 3946 4550 di—

2353 4610 2515 4661 cere;
2551 4593 2642 4650 sed
2672 4594 2975 4648 necessario
3008 4592 3288 4660 punientur
3309 4631 3324 4654 ,
3356 4587 3620 4658 supplicio
3649 4604 3944 4659 numquam

2355 4686 2594 4741 finiendo
2620 4727 2634 4750 ,
2669 4700 2957 4753 numquam
2988 4680 3343 4737 terminamlo.
3377 4679 3530 4747 Quod
3582 4695 3650 4734 ne
3695 4681 3945 4745 accidat,

2359 4779 2446 4832 hic
2470 4779 2579 4847 jam
2608 4791 2819 4831 summo
2861 4775 3035 4829 studio
3059 4787 3346 4829 caveamus
3369 4813 3383 4837 ,
3437 4780 3495 4825 ut
3522 4770 3641 4826 cum
3670 4771 3806 4825 bona
3851 4787 3948 4842 spe

2358 4871 2484 4926 hinc
2535 4870 2867 4939 migrantes,
2915 4876 3111 4922 (eterna
3158 4866 3295 4919 bona
3346 4879 3738 4932 consequamur
3778 4878 3948 4933 :qu:e

2358 4965 2556 5018 utinam
2587 4977 2774 5017 omnes
2796 4962 3175 5030 adipiscamur,
3200 4959 3368 5028 gratia
3393 4968 3446 5010 et
3475 4956 3805 5026 benignitate
3839 4957 3948 5009 οο-

2357 5056 2482 5110 mini
2506 5055 2671 5110 nostri
2698 5054 2823 5109 Jesu
2852 5053 3050 5108 Christi
3077 5093 3093 5117 ,
3127 5068 3220 5120 per
3245 5067 3402 5120 quem
3433 5059 3488 5105 et
3516 5065 3638 5103 cum
3664 5065 3768 5118 quo
3803 5049 3947 5104 Patri

2358 5149 2523 5218 gloria
2547 5189 2564 5214 ,
2596 5148 2859 5217 simulque
2887 5145 3108 5215 Spiritui
3137 5153 3327 5198 sancto
3352 5184 3366 5210 ,
3395 5157 3540 5197 nunc
3564 5151 3618 5197 et
3647 5157 3869 5211 semper
3895 5151 3950 5198 et

2358 5240 2409 5293 in
2439 5239 2630 5294 saecula
2676 5239 3017 5294 sa-cnlorum.
3052 5238 3244 5291 Amen.
3954 5231 3956 5234 ’
