4164 6324
211 387 309 449 θέε

1239 376 1308 437 1N
1342 376 1656 437 JOANNEM
1692 374 1924 435 HOMIL.
1965 378 2150 437 XLIII.
2190 384 2265 438 al.
2307 380 2470 441 XLII.

3400 396 3508 456 256

218 527 3499 555 MM“

1538 602 1888 671 HOMILIA
1927 602 2160 675 Χιιιῐ.

209 754 338 817 συ.
363 756 420 816 8.
462 775 519 814 v.
543 757 634 816 16.
668 754 740 817 Ut
764 765 931 813 autem
950 769 1062 811 sero
1084 754 1277 827 factum
1291 762 1364 809 est
1380 794 1397 822 ,
1433 753 1802 809 descenderunt

279 850 519 922 discipuli
546 852 661 921 ejus
688 850 757 903 ad
782 864 938 902 mare.
967 847 1056 903 17.
1093 845 1295 900 Etcum
1325 843 1670 898 ascendissent
1707 858 1803 896 na-

276 957 387 998 uem
407 985 422 1009 ,
454 951 692 995 oenannt
719 949 1035 1005 transnare
1068 938 1124 991 in
1158 933 1500 1003 Capernaum.
1548 928 1617 987 Et
1657 942 1799 989 tene-

277 1034 383 1088 bra:
420 1036 534 1103 jam
575 1036 727 1103 facta
765 1038 928 1098 erant,
958 1039 1006 1083 et
1027 1044 1128 1083 non
1156 1026 1451 1083 veneratad
1483 1024 1604 1080 illas
1624 1025 1796 1081 Iesus.

278 1126 368 1182 18.
407 1125 555 1179 Mare
580 1131 748 1177 autem
765 1162 783 1190 ,
813 1131 960 1177 uento
984 1136 1169 1191 magno
1194 1121 1353 1190 ﬂante
1378 1160 1395 1185 ,
1423 1116 1744 1189 exsurgebat.

279 1217 333 1271 1.
364 1215 593 1271 Christus
615 1216 765 1267 etiam
787 1213 963 1267 absens
984 1217 1189 1266 inerunt
1218 1210 1427 1265 utilitati
1448 1210 1634 1264 studet.
1671 1207 1801 1274 Qua

204 1308 351 1377 signa
370 1305 608 1375 discipuli
631 1305 727 1359 soli
741 1301 1166 1358 viderint—Non
1192 1315 1432 1373 prasens
1454 1308 1655 1356 tantum
1678 1306 1799 1356 cor—

206 1397 460 1468 poraliter
478 1395 754 1465 discipulis
772 1395 953 1461 Iesus,
986 1393 1085 1450 sed
1113 1395 1273 1450 etiam
1301 1393 1495 1448 absens
1520 1400 1578 1448 et
1602 1391 1788 1463 procul

205 1502 430 1544 versans
456 1529 472 1555 ,
499 1502 690 1544 eorum
724 1485 906 1543 studet
930 1485 1166 1540 utilitati.
1186 1482 1321 1539 Cum
1347 1485 1491 1539 enim
1517 1491 1573 1539 et
1599 1488 1793 1554 potens

204 1582 275 1636 sit
316 1590 373 1635 et
420 1595 612 1651 sagax,
660 1594 758 1649 per
808 1578 1077 1634 contraria
1121 1572 1262 1631 idem
1304 1575 1478 1645 ipsum
1519 1582 1792 1644 operatur.

206 1670 603 1727 Animadverte
620 1683 851 1739 namque
872 1667 1000 1737 quid
1028 1667 1115 1722 hic
1143 1674 1283 1737 agat.
1309 1665 1533 1721 Relictis
1560 1664 1795 1735 discipu-

205 1765 267 1821 lis
290 1806 305 1830 ,
336 1762 585 1819 ascendit
604 1761 660 1817 in
689 1770 948 1817 montem.
978 1759 1058 1814 llli
1086 1774 1244 1826 vero,
1273 1759 1494 1815 absente
1513 1758 1788 1829 magistro,

203 1865 259 1910 ut
282 1870 411 1912 sero
435 1854 634 1911 factum
663 1862 780 1921 est,
812 1846 1209 1908 descenderunt
1236 1850 1303 1905 ad
1326 1865 1476 1905 mare
1502 1864 1519 1915 ς
1547 1858 1602 1904 et
1623 1863 1792 1919 usque

199 1948 265 2002 ad
307 1960 593 2016 vesperam
634 1952 947 2000 manserunt
986 1942 1159 1997 donec
1199 1939 1418 1996 rediret.
1454 1938 1790 1995 Adveniente

196 2052 424 2107 vespera
447 2078 464 2105 ,
490 2051 599 2092 non
630 2036 771 2091 ultra
793 2049 851 2090 se
875 2034 1154 2089 continere
1178 2035 1465 2102 potuerunt
1491 2072 1506 2097 ,
1534 2030 1658 2101 quia
1700 2030 1788 2100 ip-

196 2144 316 2185 sum
358 2136 665 2199 quererent
697 2144 712 2180 :
742 2134 890 2180 tanto
933 2123 1050 2194 ejus
1094 2137 1278 2178 amore
1320 2122 1633 2193 ﬂagrabant.
1669 2119 1788 2175 Non

195 2221 383 2276 dicunt
404 2261 420 2285 ,
450 2219 690 2288 Vespera
714 2218 823 2287 jam
853 2226 936 2273 est
955 2256 970 2281 ,
997 2230 1107 2270 nox
1135 2214 1325 2280 adest,
1356 2229 1465 2284 quo
1504 2228 1646 2268 nunc
1689 2211 1788 2267 ibi-

192 2310 346 2367 mus?
370 2310 546 2376 locus,
572 2309 705 2363 hora
730 2308 966 2377 periculo
992 2321 1104 2361 non
1129 2312 1322 2362 vacant
1356 2320 1370 2358 :
1403 2303 1501 2359 sed
1520 2302 1788 2359 desiderio

192 2403 437 2470 incensi,
470 2417 661 2458 navem
688 2399 1078 2456 conscendunt.
1103 2398 1289 2469 Neque
1314 2398 1457 2453 enim
1484 2396 1600 2452 sine
1626 2410 1788 2451 causa

190 2493 527 2565 evangelista
558 2502 769 2563 tempus
794 2491 991 2547 indicat
1013 2531 1029 2556 ,
1062 2490 1156 2546 sed
1180 2497 1240 2545 ut
1265 2489 1368 2544 hoc
1396 2496 1550 2558 pacto
1571 2488 1787 2544 ferven-

191 2597 294 2643 tem
317 2586 544 2641 illorum
571 2599 813 2640 amorem
838 2582 1098 2639 declaret.
1126 2582 1233 2637 Cur
1261 2595 1389 2651 ergo
1413 2579 1651 2635 dimissis
1681 2578 1787 2633 illis

188 2676 340 2734 abit?
362 2680 476 2733 imo
500 2692 596 2732 cur
626 2677 776 2732 solus
798 2690 1011 2731 rursum
1037 2681 1257 2744 apparet
1286 2686 1444 2741 supra
1477 2686 1626 2727 mare
1663 2685 1788 2725 am-'

189 2770 425 2825 bulansl
456 2770 656 2835 Primo,
689 2777 747 2822 ut
772 2768 992 2824 doceret
1012 2767 1167 2831 illos,
1217 2779 1379 2836 quam
1429 2778 1591 2834 grave
1639 2770 1786 2819 esset

186 2861 331 2917 solos
351 2860 608 2930 relinqui,
636 2868 798 2929 atque
818 2860 941 2914 hinc
962 2858 1284 2913 desiderium
1334 2865 1620 2926 augeretur
1653 2873 1666 2910 :
1692 2870 1783 2911 se-

185 2952 366 3008 eundo
389 2990 409 3017 ,
443 2960 499 3005 ut
525 2950 816 3019 potentiam
866 2950 1175 3005 ostenderet
1216 2962 1392 3003 suam.
1423 2946 1783 3014 Quemadmo-

185 3042 311 3095 dum
340 3041 490 3095 enim
518 3055 626 3095 non
655 3054 873 3095 omnem
903 3039 1201 3095 doctrinam
1239 3053 1360 3093 eum
1399 3037 1552 3093 turba
1595 3035 1781 3091 audie-

187 3133 317 3187 bant
333 3174 349 3199 ,
386 3132 470 3186 sic
493 3147 599 3187 non
630 3132 810 3187 omnia
836 3132 985 3202 signa
1003 3144 1123 3185 cum
1141 3129 1298 3201 plebe
1317 3128 1589 3183 videbant.
1612 3127 1782 3196 Opor-

190 3224 336 3279 lebat
386 3224 533 3277 enim
579 3236 711 3286 eos,
765 3222 959 3292 quibus
1005 3220 1419 3276 committendus
1456 3219 1601 3275 orbis
1628 3227 1780 3281 erat,

183 3313 387 3386 aliquid
416 3312 651 3382 amplius
680 3312 882 3368 habere
906 3326 1068 3382 quam
1091 3319 1337 3366 caeteros.
1368 3312 1547 3379 Ecqua
1590 3310 1742 3378 signa
1761 3350 1778 3377 ,

185 3407 401 3476 mquies
426 3446 445 3472 ,
487 3405 588 3458 soli
617 3403 902 3459 viderunt?
932 3402 1472 3473 Transﬂgurationem
1496 3403 1548 3455 in
1576 3409 1779 3467 monte,

184 3498 286 3554 hoc
312 3497 637 3552 miraculum
661 3497 714 3552 in
746 3496 918 3563 mari,
950 3496 1115 3550 multa
1144 3504 1199 3550 et
1237 3493 1479 3549 miranda
1519 3503 1640 3563 post
1689 3507 1781 3547 re-

181 3588 617 3652 surrectionem;
649 3596 813 3656 atque
834 3628 849 3653 ,
885 3596 944 3642 ut
967 3586 1231 3654 arbitror,
1261 3585 1428 3640 multa
1453 3584 1578 3638 alia.
1611 3583 1783 3639 Vene-

181 3690 306 3734 runt
324 3688 514 3734 autem
534 3678 897 3748 Capernaum,
927 3694 1036 3734 non
1063 3676 1217 3749 gnari
1242 3676 1459 3748 quidem
1478 3719 1493 3745 ,
1522 3676 1617 3734 sed
1649 3692 1775 3747 spe-

182 3778 364 3825 rantes
392 3784 457 3825 se
482 3769 655 3838 ipsum
685 3768 759 3823 ibi
790 3777 1096 3840 reperturos
1145 3782 1266 3824 esse
1310 3768 1397 3824 vel
1449 3769 1591 3824 inter
1631 3768 1783 3823 navi-

182 3860 441 3930 gandum.
474 3858 587 3915 Hoc
615 3859 973 3915 subindieavit
999 3858 1234 3915 Joannes
1258 3902 1274 3927 ,
1321 3874 1443 3915 cum
1488 3859 1624 3915 dixit
1666 3860 1780 3931 jam

182 3965 469 4021 vesperam
498 3949 695 4015 fuisse,
728 3949 955 4006 necdum
1001 3952 1213 4007 venisse
1258 3952 1484 4019 Jesum,
1533 3960 1588 4007 et
1630 3966 1781 4018 mare

181 4058 381 4113 magno
421 4041 645 4097 reﬂante
680 4052 839 4098 vento
884 4044 1222 4100 intumuisse.
1250 4044 1357 4099 Cur
1386 4059 1516 4115 ergo
1547 4044 1778 4100 turban-

184 4133 308 4187 tur?
339 4133 508 4187 multa
535 4141 685 4190 certe
716 4138 871 4189 erant
910 4151 1031 4205 qua:
1077 4136 1199 4191 illos
1250 4136 1733 4207 perterrefacerent
1762 4155 1776 4191 :

181 4232 432 4294 tempus,
460 4225 699 4281 tenebrae
728 4240 959 4294 namque
1000 4235 1195 4292 erant;
1249 4237 1538 4298 tempestas
1566 4271 1581 4297 ,
1630 4244 1780 4285 mare

180 4332 418 4388 namque
448 4317 808 4385 intumuerat;
838 4320 988 4375 locus
1008 4360 1024 4388 ,
1055 4336 1161 4375 non
1188 4322 1330 4377 enim
1363 4337 1530 4394 prope
1577 4332 1778 4380 terram

177 4420 378 4477 erant,
406 4410 502 4466 sed
523 4450 539 4476 ,
562 4410 655 4467 {9.
684 4409 813 4466 Cum
838 4415 1168 4485 remigassent
1212 4418 1357 4483 quasi
1395 4420 1563 4474 stadia
1605 4420 1781 4492 uiginti

176 4502 435 4571 quinque;
467 4502 683 4559 tandem
700 4502 852 4559 adest
873 4520 962 4561 res
988 4506 1353 4578 inexspectata
1383 4528 1396 4564 :
1434 4509 1616 4567 Vident
1632 4514 1777 4569 enim

176 4611 292 4649 eam
322 4595 671 4650 ambulantem
698 4613 851 4666 super
888 4614 1060 4668 mare,
1109 4600 1283 4671 iisque
1327 4602 1617 4659 admodum
1664 4622 1780 4677 per-

177 4686 411 4741 turbatis
430 4685 567 4741 dixit
594 4687 723 4743 :20.
758 4686 865 4760 Ego
890 4705 1006 4745 sum
1029 4732 1045 4758 ,
1070 4691 1226 4745 nolite
1258 4692 1452 4748 timere.
1495 4695 1603 4751 Cur
1648 4712 1778 4769 ergo

175 4769 465 4848 apparuit?
492 4776 568 4834 Ut
593 4780 907 4836 ostenderet
946 4796 1007 4838 se
1038 4785 1371 4853 tempestatis
1408 4787 1659 4845 sedandae
1684 4805 1780 4846 au-

174 4870 406 4922 ctorem.
427 4867 541 4925 Hoc
564 4869 830 4941 signiﬁcat
858 4873 1183 4946 evangelista
1207 4891 1328 4932 cum
1350 4877 1481 4934 dicit
1509 4897 1523 4934 :
1551 4880 1642 4937 21.
1678 4880 1779 4938 Vo-

178 4958 386 5013 luerunt
410 4962 781 5028 acciperem
808 4962 863 5017 in
892 4967 1099 5031 navim;
1127 4976 1175 5021 et
1220 4970 1390 5023 statim
1441 4973 1583 5028 navis
1622 4990 1779 5046 prape

177 5058 367 5103 terram
394 5052 509 5122 fuit.
536 5052 652 5109 Non
680 5054 843 5111 modo
866 5058 1011 5113 enim
1045 5067 1214 5115 tutam
1234 5100 1251 5125 ,
1278 5062 1375 5118 sed
1400 5065 1563 5120 etiam
1586 5083 1779 5125 secun-

177 5139 305 5196 dam
331 5143 464 5213 ipsis
483 5146 882 5216 navigationem
913 5148 1160 5219 praebuit.
1205 5152 1400 5211 Turba:
1439 5150 1776 5220 autemnon

175 5245 236 5287 se
274 5232 642 5291 ambulantem
690 5252 854 5309 super
893 5254 1044 5297 mare
1093 5246 1533 5315 conspiciendum
1578 5252 1773 5310 dedit:

179 5336 307 5378 nam
334 5325 511 5395 majus
550 5327 760 5397 signum
808 5339 956 5397 erat,
1004 5347 1164 5403 quam
1205 5352 1393 5393 eorum
1432 5342 1777 5405 imbecillitas

176 5410 366 5470 ferret.
394 5414 504 5473 Sed
524 5432 701 5489 neque
722 5420 1000 5495 discipulis
1026 5440 1087 5480 se
1112 5427 1184 5482 ita
1211 5428 1300 5484 diu
1322 5431 1611 5491 videndum
1639 5454 1775 5508 prae-

180 5503 297 5561 buit
328 5524 343 5561 :
371 5509 465 5565 sed
512 5511 675 5567 simul
714 5521 771 5569 et
814 5515 965 5571 visus
1006 5527 1123 5585 est,
1170 5529 1225 5575 et
1269 5525 1513 5581 recessit.
1548 5503 1773 5587 Videtur

178 5610 346 5663 porro
365 5600 495 5656 mihi
524 5602 669 5658 aliud
694 5604 765 5660 ab
784 5617 849 5661 eo
874 5607 1085 5679 signum
1116 5625 1237 5668 esse
1260 5654 1275 5679 ,
1307 5617 1447 5686 quod
1471 5621 1611 5690 apud
1642 5622 1774 5681 Mat-

181 5687 382 5747 tltaum
407 5702 664 5750 narratur
688 5711 704 5762 ;
728 5697 839 5754 imo
861 5700 1028 5756 multa
1054 5704 1285 5774 probant
1324 5687 1598 5769 diversum
1628 5731 1771 5775 esse.

177 5775 446 5840 Ceterum
471 5800 619 5857 sape
639 5787 828 5846 eadem
853 5792 1003 5862 signa
1034 5792 1159 5851 facit
1184 5838 1199 5865 ,
1228 5807 1288 5855 ut
1316 5816 1383 5857 ne
1432 5803 1648 5865 insolita
1689 5812 1772 5867 vi-

1908 750 2168 809 derentur
2196 751 2585 828 spectantibus,
2613 760 2710 818 sed
2741 763 2831 819 illa
2858 778 2981 819 cum
3007 764 3111 820 [ide
3156 780 3348 837 magna
3387 781 3510 824 sus-

1905 844 2168 915 eiperent.
2196 845 2309 920 Ego
2330 866 2462 918 sum,
2491 852 2648 923 nolite
2674 856 2869 910 timere.
2917 856 3095 912 Verbo
3141 858 3388 915 timorem
3438 876 3503 915 ex

1904 948 2094 991 eorum
2122 940 2304 994 animo
2340 942 2494 1011 pellit
2523 960 2537 997 :
2562 936 2673 1000 non
2711 946 2784 1001 ita
2814 947 2971 1013 alibi,
3013 963 3136 1002 cum
3176 948 3367 1004 Petrus
3420 950 3504 1004 di-

1904 1025 2100 1083 cebat:
2131 1027 2370 1098 Domine,
2398 1034 2444 1087 si
2471 1043 2526 1089 tu
2552 1053 2623 1101 es,
2644 1036 2775 1106 jube
2813 1054 2891 1091 me
2916 1042 3081 1091 uenire
3107 1040 3176 1092 ad
3202 1048 3249 1093 te
3273 1038 3499 1111 (Matth.

1902 1117 1993 1175 ιι.
2016 1118 2151 1189 28).
2180 1118 2289 1176 Cur
2315 1138 2445 1195 ergo
2474 1136 2598 1182 tunc
2629 1144 2734 1183 non
2763 1131 2942 1184 statim
2989 1129 3092 1185 hoc
3133 1142 3460 1203 acceperunt
3485 1172 3500 1195 ,

1903 1224 2049 1268 nunc
2075 1223 2253 1269 autem
2282 1217 2666 1275 crediderunt?
2713 1220 2977 1289 Quoniam
3032 1232 3159 1277 tunc
3209 1233 3501 1293 tempestas

1903 1308 2284 1375 perseverabat
2321 1312 2663 1383 agitabatque
2700 1329 2935 1381 navem;
2989 1330 3132 1370 nunc
3170 1325 3351 1371 autem
3397 1332 3500 1372 vox

1904 1385 2338 1469 tranquillitatem
2363 1406 2593 1475 peperit.
2616 1407 2670 1463 Si
2701 1423 2788 1463 res
2836 1424 2941 1463 non
2983 1410 3052 1464 ita
3095 1411 3202 1476 sit,
3251 1409 3303 1465 id
3352 1421 3501 1467 certe

1901 1493 2006 1547 erit
2026 1494 2167 1563 quod
2198 1509 2358 1567 supra
2387 1497 2497 1553 dixi
2521 1542 2536 1566 ,
2574 1500 2720 1555 illum
2749 1516 2892 1572 saape
2917 1502 3102 1559 eadem
3136 1504 3296 1559 edere
3326 1504 3497 1575 signa,

1904 1589 1963 1637 ut
1992 1598 2056 1638 ex
2085 1585 2353 1654 prioribus
2382 1590 2614 1645 secunda
2643 1591 2985 1647 credibiliora
3012 1594 3139 1647 sint.
3177 1594 3285 1648 Cur
3317 1606 3497 1648 autem

1897 1689 2005 1731 non
2023 1678 2264 1734 ascendit
2285 1679 2337 1734 in
2368 1683 2599 1737 navem?
2630 1683 2697 1738 Ut
2714 1684 2928 1754 signum
2954 1684 3128 1754 majus
3154 1696 3495 1755 oneraretur,

1896 1768 2164 1839 simulque
2186 1769 2518 1830 divinitatem
2548 1790 2698 1830 suam
2726 1776 2926 1833 clarius
2957 1778 3301 1843 ostenderet,
3333 1790 3495 1851 atque

1897 1857 2328 1931 demonstraret,
2359 1878 2420 1922 se
2446 1880 2566 1921 cum
2594 1868 2791 1937 gratias
2822 1870 2959 1939 egit,
2992 1886 3096 1925 non
3125 1871 3266 1942 quod
3296 1873 3496 1928 auxilio

1896 1960 2080 2022 egeret
2103 1952 2154 2008 id
2182 1953 2396 2024 fecisse,
2424 1958 2520 2014 sed
2544 1968 2605 2034 qut
2632 1974 2692 2015 se
2720 1961 2825 2017 illis
2852 1971 3262 2034 attemperaret.
3289 1967 3497 2021 Permi-

1894 2043 2072 2113 sitque
2103 2055 2474 2116 tempestatem
2501 2054 2761 2119 excitari,
2807 2063 2866 2109 ut
2911 2070 2971 2110 se
3020 2071 3237 2127 semper
3286 2074 3495 2128 qumre—

1892 2144 2051 2203 rent;
2083 2139 2373 2211 statimque
2397 2143 2644 2211 sedavit,
2680 2152 2740 2200 ut
2776 2148 3014 2217 potentia
3055 2164 3151 2205 sua
3204 2165 3495 2221 cognosce-

1892 2233 2081 2294 retur;
2114 2243 2223 2283 non
2250 2233 2494 2288 ascendit
2522 2244 2700 2290 autem
2726 2237 2779 2290 in
2808 2239 2986 2292 navim
3015 2282 3029 2306 ,
3064 2248 3123 2294 ut
3166 2241 3341 2312 majus
3390 2243 3492 2297 mi-

1892 2320 2129 2375 raculum
2143 2320 2367 2379 faceret.
2399 2325 2489 2381 22.
2515 2326 2692 2383 Altera
2715 2339 2887 2385 autem
2913 2331 2995 2387 die
3015 2333 3163 2388 turba
3186 2337 3489 2405 qua’stabat

1889 2408 1991 2477 ibi,
2020 2412 2192 2467 videns
2210 2416 2331 2484 quia
2352 2418 2587 2472 navicula
2608 2421 2712 2473 alia
2737 2438 2839 2475 non
2860 2432 2969 2476 erat
2996 2423 3099 2491 ibi,
3133 2425 3229 2480 nisi
3259 2442 3364 2480 una
3383 2470 3397 2495 ,
3436 2428 3490 2483 in

1889 2516 2042 2570 quant
2065 2506 2395 2560 ascenderant
2416 2508 2653 2579 discipuli
2676 2514 2820 2582 ejus,
2850 2522 2899 2567 et
2921 2516 3043 2583 quia
3071 2514 3225 2571 Iesus
3268 2535 3371 2573 non
3411 2521 3494 2574 in-

1891 2594 2091 2649 troisscl
2119 2612 2235 2657 cum
2258 2598 2524 2669 discipulis
2552 2603 2659 2665 suis
2692 2605 2746 2657 in
2776 2606 2945 2659 navim
2978 2622 2997 2660 :
3034 2608 3393 2668 ascenderunt
3440 2620 3490 2667 el

1889 2685 1989 2754 ipsi
2011 2676 2228 2744 in'alias
2255 2692 2529 2748 naviculas
2576 2711 2698 2765 qua:
2747 2709 3006 2753 venerant
3056 2716 3123 2755 ex
3175 2701 3487 2761 Tiberiade.

1887 2776 1998 2832 Cur
2036 2778 2155 2835 haec
2181 2783 2484 2840 minutatim
2512 2785 2748 2844 Joannes
2770 2803 3051 2859 recenset;
3096 2794 3205 2849 imo
3244 2811 3341 2852 cur
3381 2814 3487 2852 non

1887 2868 2059 2939 dixit,
2093 2872 2260 2928 altera
2290 2874 2378 2931 die
2411 2878 2595 2934 turbas
2624 2883 3033 2941 transfretantes
3057 2888 3299 2943 abiisse?
3328 2890 3489 2946 Aliud

1887 2962 2160 3032 quidpiam
2194 2980 2292 3021 nos
2322 2969 2438 3023 vult
2465 2970 2682 3028 docere.
2709 2974 2846 3041 Quid
2876 2977 3003 3032 illud
3028 2980 3051 3031 ‘l
3080 2979 3352 3037 Christum
3389 2984 3491 3038 etsi

1885 3060 1995 3107 non
2020 3054 2218 3123 palam,
2252 3058 2558 3115 clanculum
2584 3072 2761 3120 tamen
2796 3069 2966 3124 turbis
3011 3071 3061 3125 id
3109 3074 3489 3143 suspicandum

1886 3145 2172 3216 reliquisse
2205 3167 2218 3203 :
2250 3165 2371 3206 nam
2401 3153 2475 3207 ait
2504 3171 2519 3208 :
2560 3155 2695 3211 Vidit
2726 3160 2873 3214 turba
2895 3203 2907 3226 ,
2938 3165 3058 3232 quia
3104 3169 3344 3222 navicula
3386 3170 3492 3223 alia

1886 3252 1988 3291 non
2017 3249 2125 3293 erat
2150 3240 2217 3293 ibi
2242 3280 2257 3307 ,
2283 3244 2380 3296 nisi
2413 3260 2517 3299 una
2533 3262 2555 3310 ;
2582 3257 2636 3302 et
2665 3251 2806 3318 quod
2835 3252 2993 3309 Jesus
3020 3271 3127 3311 non
3157 3260 3491 3316 ascendisset

1886 3342 2007 3382 cum
2052 3330 2159 3385 illis
2185 3372 2198 3396 ,
2241 3342 2295 3387 et
2320 3339 2631 3392 conscensis
2657 3342 2918 3398 naviculis
2946 3360 3011 3399 ex
3053 3347 3355 3419 Tiberiade,
3388 3352 3483 3407 24.

1894 3416 2150 3475 Venerunt
2204 3422 2527 3493 Capernaum
2575 3445 2854 3499 querentes
2896 3435 3099 3498 Iesum.
3158 3441 3295 3509 Quid
3341 3416 3487 3501 enim

1885 3509 2033 3605 aliud
2062 3515 2439 3584 suspicandum
2472 3522 2879 3593 relinquebatur
2901 3572 2914 3594 ,
2944 3546 3104 3601 quam
3150 3538 3295 3605 quod
3341 3555 3490 3597 mare

1885 3600 2112 3670 pedibus
2141 3606 2458 3676 trajiciendo
2487 3614 2769 3670 venisset?
2812 3617 2929 3673 Non
2958 3600 3101 3677 enim
3134 3600 3237 3681 dici
3280 3638 3492 3699 poterat

1885 3693 2059 3763 ipsum
2114 3696 2167 3751 in
2215 3698 2321 3754 alia
2363 3702 2485 3756 navi
2536 3706 2812 3775 trajecisse
2847 3729 2859 3763 :
2891 3700 3013 3767 nam
3065 3714 3221 3783 Una,
3274 3693 3486 3792 inquit,

1884 3795 2002 3842 erat
2051 3789 2105 3843 in
2148 3807 2305 3860 quam
2362 3794 2590 3866 ingressi
2636 3811 2762 3855 sunt
2791 3803 3038 3876 discipuli
3062 3808 3199 3878 ejus.
3234 3789 3488 3872 Attamen

1883 3889 2007 3949 post
2028 3890 2231 3938 tantum
2263 3888 2579 3944 miraculum
2614 3906 2721 3947 non
2750 3895 3152 3970 interrogarunt
3185 3919 3307 3960 eum
3347 3923 3489 3977 quo-

1885 3973 2047 4029 modo
2077 3976 2418 4047 trajecisset,
2451 3997 2553 4038 nec
2605 3984 2674 4041 de
2725 3996 2873 4043 tanto
2923 3995 3184 4052 miraculo
3235 3999 3491 4070 inquisis-

1883 4074 2011 4118 runt
2040 4078 2055 4118 :
2088 4066 2181 4122 sed
2214 4070 2339 4139 quid
2371 4071 2602 4130 dicunt?
2626 4076 2717 4134 25.
2764 4081 2929 4137 Rabbi
2950 4126 2964 4151 ,
2996 4089 3202 4153 quando
3246 4066 3346 4145 huc
3390 4109 3491 4148 ve-

1884 4156 2053 4212 nisti!
2080 4157 2193 4215 Nisi
2220 4163 2339 4233 quis
2366 4166 2597 4225 fortasse
2622 4170 2767 4228 dicat
2809 4176 2898 4233 bic
2948 4179 3166 4245 Quando
3215 4186 3340 4254 poni
3390 4202 3489 4257 pro

1883 4253 2174 4319 quomodo.

1953 4345 2008 4400 2.
2040 4346 2229 4419 Operae
2258 4354 2489 4423 pretium
2513 4366 2693 4415 autem
2722 4372 2807 4417 est
2830 4363 2917 4421 hic
2949 4369 3287 4438 perpendere
3332 4374 3487 4431 voln-

1883 4436 2045 4493 bilem
2079 4440 2293 4497 illorum
2328 4445 2676 4505 voluntatem.
2729 4452 2864 4509 Nam
2906 4458 2995 4527 qui
3043 4436 3294 4518 dixerant
3320 4507 3335 4532 ,
3385 4466 3489 4521 Hic

1883 4537 1955 4582 est
1978 4532 2386 4606 prapheta;qui
2417 4538 2737 4597 studuerant
2764 4546 2913 4601 illum
2963 4565 3155 4619 rapere
3205 4564 3257 4609 et
3304 4572 3485 4627 regem

1883 4635 2037 4675 suum
2067 4626 2398 4683 constituere
2424 4671 2438 4697 ,
2467 4642 2753 4704 postquam
2788 4638 2934 4693 illum
2964 4642 3288 4701 invenerunt
3308 4691 3322 4715 ,
3353 4626 3488 4705 nihil

1885 4710 2195 4783 bujusmodi
2221 4720 2498 4790 cogitant,
2528 4725 2627 4781 sed
2651 4728 2857 4798 abjecta
2905 4734 3149 4790 miraculi
3190 4710 3487 4802 memoria.

1884 4814 1942 4859 ut
1988 4816 2156 4877 puto,
2219 4827 2326 4867 non
2374 4813 2527 4870 illum
2581 4818 2650 4872 ita
2695 4820 2925 4879 ulterius
2955 4827 3238 4884 mirantur.
3271 4832 3339 4886 Et
3365 4833 3489 4890 ideo

1882 4893 2129 4955 fortassis
2177 4902 2799 4979 illum‘perquirebant,
2854 4924 2912 4969 ut
2957 4916 3082 4973 cibo
3136 4920 3486 4993 fruerentur,

1883 4986 2022 5043 sicut
2060 5000 2238 5047 antea.
2271 4993 2416 5052 Mare
2440 4996 2683 5056 Rubrum
2714 5004 3039 5075 trajecerunt
3065 5052 3078 5075 ,
3105 5011 3290 5085 Moyse
3316 4986 3486 5086 duce,

1882 5076 2093 5149 Judaei;
2126 5083 2223 5139 sed
2248 5101 2442 5159 magna
2472 5090 2559 5148 hic
2603 5104 2719 5149 erit
2747 5088 3078 5157 diﬂ‘erentia.
3122 5076 3215 5161 Ille
3255 5076 3490 5182 namque

1884 5187 2111 5241 precans
2160 5185 2219 5231 ut
2265 5194 2454 5239 servus
2510 5186 2693 5242 omnia
2744 5188 3009 5261 faciebat;
3060 5194 3147 5253 hic
3193 5215 3323 5257 vero
3367 5219 3489 5262 cum

1884 5266 2030 5324 omni
2062 5278 2354 5337 potestate.
2388 5271 2503 5330 Illic
2530 5275 2695 5334 ﬂante
2722 5290 2851 5337 noto
2873 5286 3038 5341 cessit
3083 5304 3225 5360 aqua
3245 5334 3259 5359 ,
3314 5294 3385 5349 ita
3436 5307 3492 5353 ut

1882 5369 1981 5426 per
2010 5358 2210 5414 siccum
2243 5365 2473 5421 transire
2499 5372 2804 5440 potuerint;
2837 5374 2924 5432 hic
2955 5358 3149 5435 autem
3175 5385 3349 5457 majus
3392 5388 3493 5445 fuit

1884 5449 2226 5508 miraculum.
2260 5456 2411 5527 Aqua
2440 5461 2585 5515 enim
2609 5463 2662 5517 in
2705 5479 2801 5520 sua
2850 5484 3079 5527 manens
3127 5449 3315 5533 natura
3343 5520 3358 5545 ,
3413 5482 3493 5537 sic

1884 5539 2169 5600 Dominum
2200 5546 2364 5603 dorso
2388 5564 2488 5607 suo
2536 5556 2804 5625 gestavit,
2855 5560 3057 5617 dictum
3111 5565 3239 5622 illud
3287 5539 3490 5627 contir-

1881 5734 1989 5781 tum
2019 5728 2156 5824 (Job
2184 5731 2237 5787 9.
2282 5732 2378 5806 8.)
2406 5733 2536 5793 lure
2570 5748 2750 5796 autem
2798 5744 2853 5799 in
2897 5728 3235 5818 Capernaum
3281 5752 3490 5824 ingres-

1880 5831 2041 5877 surus
2066 5861 2081 5883 ,
2110 5821 2300 5881 duram
2321 5836 2379 5884 et
2398 5826 2803 5904 immorigeram
2830 5838 3135 5913 civitatem,
3164 5821 3482 5907 miraculum
