4164 6324
703 343 807 402 ﬂ?

706 474 902 528 panum
925 454 1091 513 edidit
1116 472 1130 522 ;
1161 463 1216 509 ut
1245 467 1348 508 non
1377 450 1537 506 modo
1564 467 1630 506 ex
1656 447 1926 504 miraculis
1951 459 2071 516 quis
2102 445 2153 498 iit
2197 441 2276 497 ci-

703 546 867 604 vitate
888 589 907 616 ,
936 547 1029 603 sed
1057 546 1216 603 etiam
1245 559 1324 600 ex
1342 543 1404 598 iis
1433 558 1554 612 quas
1574 552 1728 597 extra
1749 539 2015 594 civitatem
2042 535 2270 598 fecerat,

705 646 820 710 ejus
845 640 1037 694 civium
1080 635 1481 706 lmmorigerum
1528 634 1763 688 animum
1811 627 2096 684 emolliret.
2143 624 2272 680 Nam

711 730 842 799 quod
874 737 1033 784 tanta:
1068 727 1233 783 turba:
1257 729 1310 780 iu
1339 726 1606 782 civitatem
1624 722 1766 776 illam
1784 720 2272 775 adventarentcum

708 830 849 875 tanto
873 821 1119 885 fervore,
1148 835 1310 889 quem
1354 817 1578 888 lapidem
1621 829 1731 870 non
1776 810 2165 869 emollivisset?
2208 810 2274 864 At

703 913 776 966 illi
804 911 936 966 nihil
963 909 1263 980 ltujusmodi
1301 907 1441 978 passi
1488 915 1650 971 sunt;
1700 904 1794 960 sed
1844 904 2020 958 cibum
2068 901 2273 957 solum-

701 988 872 1056 modo
888 1014 1203 1069 corporeum
1226 997 1539 1067 cupiebant;
1569 995 1794 1064 ideoque
1829 1009 1858 1048 a
1906 993 2031 1047 Jesu
2079 1005 2268 1060 repre-

703 1091 1021 1146 henduntur.
1040 1089 1164 1144 Hice
1183 1103 1304 1142 cum
1325 1088 1575 1151 sciamus,
1604 1085 1802 1149 dilecti,
1833 1084 2030 1154 gratias
2054 1095 2272 1152 agamus

704 1181 812 1235 Deo
833 1220 848 1244 ,
899 1194 1004 1233 non
1053 1177 1213 1232 modo
1249 1191 1346 1247 pro
1384 1175 1723 1230 sensibilibus
1743 1216 1757 1238 ,
1789 1173 1884 1229 sed
1914 1173 2078 1226 multo
2105 1170 2272 1240 magis

704 1284 798 1339 pro
848 1267 1208 1338 spiritualibus
1254 1265 1428 1321 donis.
1478 1264 1565 1320 Sic
1614 1264 1755 1319 enim
1805 1271 1864 1318 et
1916 1261 2004 1317 ille
2044 1260 2274 1322 vult,et

702 1367 917 1429 propter
944 1355 1059 1411 hinc
1088 1357 1174 1411 illa
1209 1371 1418 1426 quoque
1446 1355 1570 1418 dat,
1596 1353 2035 1420 scnsibilihusque
2077 1351 2269 1419 itnpcr-
2319 1400 2321 1403 ,

701 1447 949 1503 tectiores
969 1448 1130 1502 allicit
1155 1460 1209 1502 et
1239 1455 1556 1516 praemonet,
1591 1454 1770 1514 utpote
1784 1444 1879 1514 qui
1911 1441 2066 1510 hujus
2087 1440 2268 1495 mundi

698 1540 857 1594 rebus
880 1537 1050 1593 adhuc
1079 1539 1300 1592 inhient.
1326 1536 1520 1591 Verum
1544 1538 1594 1611 εἰ
1611 1535 1692 1589 his
1715 1534 1966 1604 acceptis,
2000 1533 2051 1586 iit
2080 1532 2267 1587 iisdem

701 1646 733 1699 p
769 1639 1073 1704 rsevcrent,
1126 1626 1585 1698 reprehenduntur
1626 1635 1680 1682 et
1719 1626 2083 1694 increpantur.
2132 1622 2268 1677 Nam

699 1721 983 1792 paralyticu
1013 1721 1138 1775 illud
1170 1721 1392 1788 primum
1425 1721 1552 1774 dare
1595 1719 1792 1781 voluit;
1844 1717 1938 1773 sed
1985 1718 2073 1786 qui
2127 1731 2266 1784 pric-

692 1823 872 1867 st-ntes
896 1819 1067 1878 erant,
1101 1812 1150 1866 id
1174 1828 1278 1866 non
1313 1812 1660 1881 patiebantur.
1687 1808 1820 1864 Cum
1851 1808 1993 1863 enim
2023 1807 2264 1872 dixisset,

696 1902 1018 1957 "emittuntur
1079 1902 1166 1956 tibi
1211 1913 1446 1972 peccata,
1499 1901 1787 1956 dicebant:
1822 1899 1920 1953 llic
1955 1899 2267 1969 blaspltemut

691 1997 709 2064 (
734 1994 916 2050 .llatth.
945 1997 1002 2052 9.
1029 1996 1081 2049 2.
1117 1997 1150 2051 5
1172 1995 1214 2056 l.

765 2088 1008 2156 Quanam
1036 2105 1066 2141 α
1100 2086 1202 2142 Deo
1232 2088 1442 2157 petenda
1471 2089 1586 2142 sint.
1605 2116 1677 2127 —
1704 2085 1811 2150 Ne,
1845 2101 2025 2156 qutrso
2045 2127 2060 2147 ,
2092 2085 2265 2141 simile

690 2179 961 2249 quidpiam
1013 2180 1312 2249 patiamur;
1362 2178 1713 2247 spiritualium
1765 2178 1916 2232 nobis
1972 2179 2145 2247 potior
2195 2180 2265 2232 sit

690 2273 848 2327 ratio.
873 2271 1088 2339 Quare?
1115 2272 1244 2339 Quia
1274 2271 1316 2324 si
1347 2269 1638 2339 spiritualia
1669 2270 1877 2336 adsint,
1909 2269 2038 2324 nihil
2082 2269 2259 2323 damni

691 2382 757 2422 ex
782 2366 1133 2436 corporalium
1161 2364 1449 2434 privatione
1477 2373 1765 2433 sequetur;
1794 2363 1838 2416 si
1890 2362 2093 2427 absint,
2145 2377 2262 2431 qua:

694 2455 850 2511 nobis
875 2456 977 2510 erit
1005 2455 1172 2524 spes?
1198 2470 1314 2523 qua:
1342 2452 1676 2507 consolatio?
1704 2452 2038 2520 Quapropter
2065 2466 2160 2520 pro
2184 2452 2264 2506 his

692 2561 904 2614 semper
930 2545 1089 2601 Deum
1118 2559 1304 2614 rogare
1329 2551 1573 2612 Oportet,
1597 2552 1650 2597 et
1674 2542 1785 2596 hinc
1809 2541 2098 2614 postulare.
2142 2543 2265 2598 Ila-c

693 2638 918 2707 petenda
946 2653 1066 2692 esse
1091 2637 1330 2692 Christus
1351 2635 1552 2690 docuit.
1591 2635 1657 2690 Et
1696 2635 1742 2689 si
1780 2636 1926 2689 illam
1965 2636 2261 2690 orationem

689 2730 1048 2790 excutiamus,
1103 2727 1233 2781 nihil
1276 2729 1328 2780 iit
1369 2727 1454 2781 illa
1497 2727 1712 2780 carnale
1756 2727 2119 2796 reperiemus,
2166 2726 2260 2779 sed

687 2821 865 2874 omnia
895 2819 1206 2889 spiritualia.
1238 2818 1368 2872 llltld
1403 2831 1559 2886 porro
1586 2817 1849 2871 modicum
1878 2817 2072 2870 sensile
2119 2815 2260 2885 quod

688 2911 761 2965 ibi
789 2910 1016 2982 petitur,
1052 2924 1116 2964 ex
1145 2909 1303 2964 modo
1333 2909 1608 2978 spirituale
1655 2907 1900 2972 efficitur,
1949 2907 2080 2962 Nam
2129 2908 2261 2962 nihil

691 3002 914 3071 amplius
985 3011 1166 3071 petere
1230 3017 1390 3070 quam
1459 3016 1647 3069 panem
1699 2999 2261 3068 supersubstantialem

691 3094 923 3166 (Matth.
961 3094 1013 3148 6.
1048 3095 1103 3147 ll
1127 3091 1148 3163 )
1176 3133 1190 3157 ,
1224 3092 1324 3146 hoc
1371 3103 1452 3146 est
1475 3133 1488 3157 ,
1529 3090 1924 3161 quotidianum,
1975 3090 2262 3160 spiritualis

1374 339 1431 396 S.
1469 334 1743 395 MANle
1781 327 2254 390 CHRYSOSTOlll
2294 327 2609 386 ARCIIIEP.
2646 325 3179 388 CONSTANTINOP.

3866 333 3977 390 988

2383 450 2438 496 et
2477 441 2823 512 philosophici
2867 443 3030 497 animi
3087 442 3266 500 fuerit.
3317 442 3448 511 Quae
3490 459 3620 500 vero
3659 448 3975 516 prtecednnt

2381 533 2660 588 considera
2693 551 2706 588 :
2741 532 3098 603 Sanctiﬁcctur
3138 551 3320 590 nomen
3375 545 3556 600 tuum;
3610 538 3845 593 adveniat
3888 557 3976 594 re-

2379 641 2536 696 gnum
2563 633 2741 691 tuum;
2769 627 2860 696 ﬁat
2889 628 3119 682 voluntas
3159 641 3247 684 tua
3270 672 3286 697 ,
3327 632 3467 685 sicut
3507 634 3562 687 in
3607 634 3731 688 ratio
3755 677 3776 702 ,
3816 646 3868 689 et
3920 637 3975 690 in

2383 723 2513 768 terra
2551 713 2698 788 (Luc.
2726 717 2813 771 Η.
2837 718 2892 772 3.
2922 716 3109 773 Matth.
3140 719 3194 776 6.
3223 720 3277 776 9.
3310 721 3425 792 10).
3458 723 3658 779 Deinde
3682 734 3972 795 postquam

2380 803 2510 858 illud
2538 805 2792 861 sensibile.
2815 809 2989 876 posuit
3013 850 3027 874 ,
3056 809 3160 866 hoc
3186 814 3456 881 printerito
3482 817 3661 870 statim
3692 818 3756 872 ad
3803 818 3978 887 spiri-

2382 897 2575 952 tualem
2603 898 2898 954 doctrinam
2928 898 3066 956 redit
3096 920 3109 955 :
3151 902 3363 961 Dimitte
3389 905 3532 962 nobis
3560 908 3727 962 debita
3752 920 3937 965 nostra
3956 952 3973 970 .

2377 987 2505 1042 sicut
2533 997 2578 1042 et
2608 1006 2697 1043 nos
2726 988 3025 1048 dimittimus
3049 994 3354 1053 debitoribus
3390 1001 3576 1054 nostris
3628 1001 3647 1073 (
3671 1000 3872 1056 Matth-
3913 1003 3971 1058 6.

2379 1079 2450 1134 12
2469 1080 2511 1145 ).
2540 1077 2654 1135 Non
2683 1082 3034 1152 principatum
3060 1129 3075 1153 ,
3105 1103 3209 1142 non
3240 1089 3454 1147 dibitias
3476 1132 3497 1159 ,
3539 1108 3644 1148 non
3692 1093 3928 1166 gloriam
3950 1135 3966 1161 ,

2377 1181 2483 1223 non
2513 1172 2803 1239 potentiam
2829 1215 2844 1239 ,
2876 1175 2971 1231 sed
3004 1179 3180 1233 omnia
3213 1195 3332 1250 qua:
3360 1182 3426 1237 ad
3454 1183 3738 1240 utilitatem
3768 1187 3974 1242 animai

2375 1261 2723 1317 conferebant
2744 1305 2758 1328 ,
2792 1265 2842 1318 in
2868 1268 3112 1322 oratione
3141 1271 3319 1338 posuit
3347 1289 3361 1324 :
3391 1272 3521 1327 nihil
3545 1282 3844 1343 terrenum,
3866 1277 3973 1332 sed

2375 1352 2554 1406 omnia
2582 1354 2836 1410 caelestia.
2865 1356 2918 1412 Si
2945 1373 3074 1426 ergo
3093 1360 3344 1430 jubemnr
3369 1364 3640 1423 abstinere
3666 1383 3694 1422 a
3728 1385 3974 1439 praesen-

2376 1442 2514 1498 tihus
2545 1444 2698 1513 hujus
2728 1449 2850 1503 vita:
2871 1451 3064 1518 rebus,
3093 1469 3253 1524 quam
3281 1457 3461 1512 miseri
3491 1459 3694 1515 erimus
3715 1503 3731 1526 ,
3778 1477 3822 1515 SI
3870 1462 3971 1517 illa

2374 1543 2618 1605 petamus
2637 1553 2666 1592 a
2692 1538 2820 1608 Deo,
2852 1557 2972 1611 qua:
2991 1544 3036 1597 si
3063 1543 3376 1614 habeamus,
3410 1549 3501 1605 ille
3522 1551 3684 1620 jussit
3698 1552 3968 1622 abjicerc,

2374 1638 2430 1682 ut
2461 1645 2556 1684 nos
2583 1646 2612 1685 a
2641 1635 2784 1690 curis
2813 1637 3039 1704 eximat;
3083 1648 3138 1694 et
3174 1642 3218 1695 si
3252 1658 3371 1712 quin
3411 1644 3500 1699 ille
3543 1655 3727 1714 petere
3760 1647 3967 1716 jussit,

2374 1722 2521 1777 nullo
2545 1725 2702 1780 modo
2731 1743 3001 1796 curemus,
3031 1733 3137 1787 imo
3158 1749 3226 1789 ne
3246 1735 3521 1805 cupiamus
3546 1737 3761 1806 quidem
3785 1739 3968 1795 illlutl

2371 1822 2518 1870 certe
2542 1826 2624 1871 est
2638 1820 2906 1888 superﬂue
2922 1823 3087 1894 loqui.
3108 1825 3444 1898 Quapropter
3457 1829 3661 1885 orando
3684 1831 3814 1885 nihil
3839 1847 3971 1902 per-

2372 1907 2599 1962 licimus.
2623 1909 2902 1977 Quomodo
2930 1930 3079 1986 ergo,
3110 1917 3318 1988 inquies
3343 1961 3357 1986 ,
3391 1921 3617 1991 improbi
3646 1922 3922 1978 ditescunt
3944 1924 3972 1977 τ

2372 1998 2641 2064 quomodo
2663 2002 2864 2072 iniqui,
2896 2007 3147 2074 scelesti,
3186 2019 3464 2079 raptores,
3507 2022 3635 2067 sunt
3672 2015 3970 2084 opulenti?

2368 2085 2484 2140 Non
2532 2088 2638 2143 Deo
2665 2093 2938 2160 praebente
2961 2137 2975 2161 ,
3005 2098 3162 2153 absit.
3192 2101 3257 2154 Et
3278 2116 3373 2155 cur
3401 2103 3449 2157 id
3485 2104 3625 2158 Deus
3652 2108 3970 2174 permittit?

2369 2174 2616 2269 Permisit
2641 2181 2897 2249 etdiviti,
2933 2195 2990 2240 ut
3009 2188 3074 2243 ad
3104 2190 3273 2258 majus
3295 2191 3442 2247 illum
3473 2209 3780 2251 reservaret
3825 2213 3968 2269 sup-

2370 2267 2605 2334 plicium.
2631 2272 2768 2327 Audi
2797 2276 2921 2344 quid
2950 2276 3160 2334 dicatur
3207 2281 3279 2334 illi
3314 2299 3328 2336 :
3359 2281 3501 2350 Fili,
3542 2289 3783 2357 accepisti
3828 2267 3970 2342 bona

2369 2367 2486 2421 tua,
2515 2370 2559 2414 et
2588 2360 2816 2417 Lazarus
2853 2367 2987 2421 mala
3015 2383 3034 2420 :
3061 2386 3195 2423 nunc
3221 2383 3391 2426 autem
3421 2375 3502 2428 hic
3524 2377 3823 2432 consolatur
3848 2420 3862 2442 ,
3909 2389 3970 2432 tu

2370 2465 2484 2503 vero
2515 2454 2755 2507 cruciaris
2787 2455 2950 2526 (Luc.
2979 2459 3064 2513 16.
3090 2460 3160 2515 εδ
3257 2461 3334 2518 Ne
3361 2472 3536 2519 autem
3581 2476 3634 2520 ct
3677 2481 3778 2521 nos
3823 2467 3972 2524 hanc

2371 2535 2557 2595 v'ocent
2581 2541 2892 2612 audiamus,
2925 2549 3012 2617 qui
3046 2550 3096 2604 in
3141 2551 3346 2608 deliciis
3390 2555 3584 2611 frustm
3627 2558 3864 2614 vivimus
3911 2569 3972 2614 ct

2371 2641 2582 2698 peccata
2614 2635 2847 2702 peccatis
2873 2639 3120 2695 addimus
3141 2685 3155 2708 ,
3188 2660 3342 2700 veras
3366 2646 3579 2702 divitias
3601 2689 3618 2715 ,
3649 2661 3968 2706 accuratam

2369 2721 2758 2791 philosophiam
2788 2736 3098 2796 sectemur,
3147 2744 3201 2786 ttt
3252 2739 3512 2804 promissa
3561 2753 3974 2811 consequamur

2370 2811 2542 2879 bona;
2574 2831 2800 2885 quorum
2832 2819 3029 2874 utinam
3058 2837 3335 2880 consortes
3363 2828 3552 2895 simus,
3583 2831 3753 2900 gratia
3781 2842 3841 2889 et
3872 2834 3976 2889 hc-

2371 2908 2626 2977 nignitate
2663 2911 2868 2967 Domini
2901 2920 3067 2971 nostri
3097 2918 3224 2974 .Iesu
3255 2921 3452 2977 Christi
3480 2963 3494 2988 ,
3548 2939 3644 2994 per
3689 2941 3855 2997 quem
3913 2939 3974 2984 et

2369 3012 2490 3052 cum
2514 3016 2619 3068 quo
2647 3001 2787 3056 Patri
2815 3005 2982 3074 gloria
3013 3050 3026 3074 ,
3059 3025 3270 3080 unaque
3296 3023 3483 3069 sancto
3510 3015 3768 3086 Spiritui,
3820 3037 3973 3077 nunc

2369 3098 2424 3144 et
2452 3105 2666 3160 semper
2689 3133 2704 3159 ,
2735 3105 2787 3147 et
2813 3097 2864 3150 ili
2895 3100 3086 3153 szecula
3116 3104 3457 3159 saeculorum.
3483 3111 3676 3162 Amen.

702 3227 3749 3263 ———————————_———_—‘-‘-—_——_____—

2041 3298 2387 3360 HOMILIA
2431 3298 2652 3362 XLIV.

690 3442 817 3500 CAP.
859 3444 914 3501 6.
956 3462 1006 3500 v.
1036 3445 1126 3499 26.
1161 3443 1438 3516 Respondit
1481 3443 1552 3496 eis
1575 3443 1745 3508 Jesus,
1785 3452 1832 3497 et
1870 3443 1996 3496 dixit
2023 3459 2040 3496 :
2067 3439 2219 3494 Anicii
2246 3482 2260 3506 ,

759 3551 904 3589 amen
925 3535 1037 3588 dico
1057 3533 1213 3599 vobis,
1235 3533 1454 3604 quceritis
1476 3549 1573 3599 me,
1597 3549 1696 3586 non
1723 3535 1843 3602 quia
1871 3533 2066 3586 vidistis
2097 3533 2264 3600 signa,

761 3628 849 3681 sed
877 3627 994 3697 quia
1023 3626 1362 3679 manducastis
1407 3641 1469 3678 ea:
1505 3625 1715 3693 panibus
1735 3665 1748 3689 ,
1797 3634 1843 3676 et
1890 3624 2103 3677 satnrcti
2129 3623 2264 3677 estis.

761 3723 851 3777 27.
887 3721 1177 3792 Operemini
1218 3737 1318 3774 non
1348 3718 1512 3772 cibum
1536 3720 1619 3788 qui
1643 3719 1770 3789 perit
1790 3759 1805 3786 ,
1833 3721 1926 3772 sed
1948 3718 2036 3788 qui
2063 3734 2263 3789 perma-

762 3825 844 3868 net
871 3815 924 3868 in
951 3814 1105 3867 vitam
1132 3820 1387 3866 retentam.

767 3907 816 3961 l.
844 3904 1134 3959 Clementia
1162 3910 1217 3957 et
1255 3901 1447 3956 leuitas
1489 3917 1592 3956 non
1631 3901 1824 3971 ubique
1855 3901 1999 3956 utilis
2027 3910 2140 3965 est,
2169 3901 2263 3955 sed

694 3997 960 4053 interdum
990 3994 1242 4065 magister
1271 3993 1477 4049 acriore
1505 4009 1638 4063 opus
1660 3994 1818 4050 habet
1837 4010 2108 4050 sermone.
2133 3995 2263 4050 Nam

694 4105 813 4144 cum
863 4087 1081 4157 ignavus
1132 4085 1465 4155 crassiorque
1506 4096 1586 4141 est
1625 4086 1951 4156 discipulus,
2011 4089 2264 4144 utendum

694 4179 928 4241 stnnnlo,
958 4178 1044 4246 qui
1076 4185 1272 4230 tantam
1300 4175 1556 4247 ignaviam
1602 4187 1820 4247 pungat.
1850 4177 1903 4232 ld
1933 4177 2016 4234 hic
2043 4189 2097 4234 et
2142 4181 2265 4235 alibi

695 4285 836 4338 saepe
870 4268 989 4322 fecit
1033 4267 1196 4321 Filius
1248 4267 1360 4321 Dei.
1407 4268 1796 4322 Accedentibus
1822 4271 1963 4323 enim
1991 4271 2059 4324 ad
2084 4270 2266 4324 Jesutn

696 4361 899 4422 tut-bis,
946 4359 1279 4413 adulantibus
1305 4401 1318 4423 ,
1357 4358 1759 4430 dicentibusque
1794 4377 1807 4414 :
1843 4361 2037 4428 Rabbi,
2067 4365 2268 4432 quando

696 4454 792 4505 huc
820 4451 1036 4505 venisti?
1066 4457 1122 4504 ut
1147 4450 1392 4505 ostendat
1430 4465 1490 4506 se
1521 4449 1753 4507 honores
1790 4462 2131 4507 contemnere
2163 4454 2262 4509 lto-

695 4544 896 4599 ininum
922 4583 935 4606 ,
965 4551 1018 4596 et
1061 4556 1244 4596 corum
1292 4550 1493 4595 tantum
1527 4542 1752 4596 salutem
1795 4555 2037 4613 spectare
2059 4586 2073 4610 ,
2106 4560 2265 4616 aspe-

692 4634 804 4687 rius
835 4631 1119 4700 re3p0ndet
1139 4673 1152 4694 ,
1184 4645 1289 4685 non
1314 4640 1372 4686 ut
1396 4632 1627 4701 corrigat
1649 4632 1839 4698 modo;
1876 4634 1970 4688 sed
2000 4643 2056 4688 ut
2081 4650 2266 4689 eorum

696 4731 928 4776 mentem
951 4721 1149 4776 revelet
1180 4730 1232 4775 et
1258 4723 1310 4775 in
1339 4722 1569 4777 medium
1592 4721 1806 4778 referat.
1833 4722 1970 4789 Quid
1997 4741 2139 4779 enim
2162 4726 2268 4781 ait?

696 4812 886 4876 Amen,
918 4828 1062 4866 auten
1084 4812 1196 4869 dico
1222 4812 1379 4877 vobis,
1412 4811 1711 4869 deﬁnientis
1736 4823 1791 4870 et
1816 4815 2126 4871 aflirmantis
2152 4832 2271 4872 mo-

696 4918 773 4964 rc.
803 4904 1023 4974 quarritis
1044 4920 1121 4957 me
1139 4945 1151 4966 ,
1181 4920 1280 4958 non
1302 4903 1421 4974 quia
1448 4904 1641 4959 vidistis
1680 4905 1846 4977 signa,
1875 4907 1963 4961 sed
1988 4908 2108 4978 quia
2135 4925 2272 4963 com-

696 4995 866 5048 edistis
909 4995 970 5047 de
1008 4995 1255 5065 panibus,
1296 5004 1344 5049 et
1393 4998 1603 5050 saturati
1646 4999 1782 5051 estis.
1832 4997 1948 5053 Non
2009 4997 2080 5054 ita
2113 5001 2274 5057 vehe-

700 5092 936 5149 menter,
968 5085 1060 5140 sed
1100 5100 1221 5140 cum
1268 5084 1595 5156 indulgentia
1624 5089 1751 5158 agit.
1784 5088 1897 5144 Non
1927 5090 2070 5145 enim
2097 5091 2230 5146 dixit
2256 5109 2271 5146 ε

698 5173 744 5228 0
773 5174 1017 5229 lurcones
1040 5215 1054 5238 ,
1087 5191 1119 5230 ο
1147 5176 1404 5232 voraces!
1447 5185 1524 5231 tot
1567 5179 1818 5234 miracula
1847 5180 1988 5235 edidi
2009 5221 2026 5246 ,
2057 5197 2157 5238 nec
2185 5197 2274 5239 se-

699 5266 845 5339 quuti
878 5282 964 5321 me
988 5309 1003 5333 ,
1036 5283 1133 5323 nec
1171 5269 1406 5340 prodigia
1432 5271 1679 5327 admirati
1721 5274 1881 5340 estis;
1910 5274 2004 5330 sed
2031 5275 2274 5332 modem-

702 5357 805 5411 tins
834 5366 887 5413 et
928 5357 1275 5423 clementius,
1331 5361 1567 5428 Quwritis
1615 5381 1730 5432 me,
1777 5383 1877 5420 non
1914 5368 2035 5437 quia
2082 5369 2273 5425 uidistis

703 5448 869 5517 signa,
896 5449 982 5500 sed
1007 5449 1126 5517 quia
1152 5451 1437 5506 contcdistis
1461 5454 1522 5506 de
1550 5455 1781 5523 panibus,
1811 5466 1857 5511 et
1885 5459 2099 5512 saturati
2119 5461 2235 5515 estis
2253 5501 2268 5527 ,

705 5554 808 5590 non
837 5538 902 5592 de
932 5540 1211 5607 praeteritis
1237 5541 1431 5610 solum,
1456 5544 1548 5599 sed
1573 5546 1732 5600 etiam
1758 5547 1825 5602 de
1848 5550 2095 5618 prresenti
2123 5550 2274 5621 signo

706 5629 961 5698 loquens;
991 5644 1053 5686 ac
1081 5631 1126 5686 si
1151 5631 1352 5689 diceret
1383 5651 1395 5687 :
1427 5633 1542 5691 Non
1565 5651 1660 5692 vos
1685 5638 1998 5694 miraculum
2026 5641 2273 5711 perculit,

710 5719 804 5774 sed
832 5720 954 5792 quia
978 5724 1197 5780 saturati
1244 5726 1373 5782 estis
1397 5767 1411 5795 ,
1439 5730 1709 5786 acceditis.
1743 5731 1895 5799 Quod
1941 5742 2116 5791 autem
2147 5733 2276 5793 illud

2374 3457 2477 3497 non
2507 3459 2601 3515 per
2627 3447 2988 3518 conjecturam
3019 3455 3241 3528 diceret,
3265 3466 3441 3521 statim
3475 3468 3549 3523 illi
3578 3474 3976 3534 ostenderunt.

2371 3534 2504 3627 Nam
2545 3539 2666 3595 ideo
2694 3558 2902 3600 rursum
2931 3562 3308 3622 accesserunt,
3353 3566 3411 3612 ut
3436 3561 3623 3616 eodem
3656 3564 3981 3627 fruerentur

2373 3625 2532 3681 bono.
2567 3629 2688 3684 ldco
2715 3648 2942 3707 namque
2976 3639 3226 3697 dicebant
3265 3661 3277 3696 :
3313 3644 3496 3703 Patres
3534 3657 3695 3708 nostri
3731 3625 3981 3716 comede—-

2371 3729 2487 3770 rtmt
2512 3737 2696 3775 manna
2713 3725 2765 3777 in
2793 3727 2988 3783 deserto
3020 3730 3196 3799 (Jaan.
3228 3737 3282 3790 6.
3306 3738 3417 3809 3f).
3455 3740 3660 3799 Rursus
3688 3751 3977 3806 carnalem

2371 3810 2544 3865 cihtnn
2576 3827 2849 3884 expetunt,
2883 3836 2995 3876 rem
3029 3838 3159 3880 sane
3208 3829 3372 3885 multa
3417 3836 3849 3905 reprehensione
3881 3846 3981 3899 di-

2370 3916 2548 4003 gnam.
2573 3904 2766 4003 Verum
2790 3911 2879 3965 ille
2901 3929 3004 3968 non
3033 3917 3086 3970 in
3109 3904 3529 3989 reprehensione
3551 3930 3689 3984 sistit
3707 3935 3976 4003 gradum,

2372 3992 2466 4086 sed
2495 3995 2791 4053 doctrinam
2820 4001 3002 4071 adjicit
3046 4006 3132 4062 his
3175 4011 3353 4068 verbis
3385 4028 3398 4063 :
3437 3992 3740 4086 Operemini
3757 4042 3870 4080 non

2373 4085 2488 4138 bum
2537 4089 2623 4154 qui
2673 4091 2820 4158 perit,
2847 4095 2937 4147 sed
2970 4097 3058 4164 qui
3094 4114 3352 4167 permanet
3387 4105 3439 4158 in
3483 4085 3634 4162 uitam
3677 4124 3938 4172 cateruam

2372 4193 2521 4279 quem
2545 4177 2955 4279 Filius-hominis
2977 4188 3063 4240 dat
3083 4164 3237 4244 nobis.
3271 4191 3423 4248 Hunc
3449 4199 3580 4251 enim

2374 4267 2441 4319 nit
2470 4266 2727 4362 Deusmld
2757 4281 2840 4326 est
2862 4313 2877 4336 ,
2923 4275 3000 4330 Ne
3031 4278 3189 4333 talem
3234 4283 3411 4338 cibum
3439 4328 3454 4352 ,
3500 4289 3593 4343 sed
3625 4266 3980 4362 spirittlailein

2375 4359 2590 4412 curetis.
2639 4360 2831 4416 Verum
2861 4366 2980 4435 quia
3029 4372 3302 4437 nonnulli,
3335 4387 3393 4429 ut
3422 4380 3592 4436 otiose
3616 4359 3834 4452 vivant,
3869 4391 3984 4449 hoc

2373 4463 2621 4506 sermone
2636 4453 2942 4524 abutuntur,
2966 4475 3028 4516 ac
3055 4463 3102 4516 si
3128 4463 3372 4523 Christus
3393 4485 3528 4539 opus
3554 4490 3811 4536 manuum
3843 4499 3982 4541 sns-

2375 4541 2595 4648 t‘u'leritc
2617 4557 2916 4646 Opportune
2943 4552 3080 4648 ipsis
3117 4559 3539 4630 respondeatur;
3570 4575 3738 4623 totum
3766 4575 3983 4648 quippe

2374 4631 2837 4727 Christianismum
2876 4641 3268 4701 calumniantur
3287 4689 3300 4713 ,
3336 4657 3392 4706 et
3422 4651 3474 4707 id
3504 4653 3748 4713 efficiunt
3767 4631 3800 4727 ,ι
3819 4631 3889 4719 υί
3909 4631 3982 4722 Et}

2375 4721 2576 4813 desidia
2623 4727 2944 4785 traducatur.
2989 4733 3095 4789 Sed
3143 4738 3317 4807 primo
3380 4743 3576 4801 Paulus
3638 4721 3982 4813 audiendus.

2377 4812 2633 4880 Quidille
2681 4820 2792 4874 ait?
2839 4822 3198 4882 Recordamim’
3233 4829 3439 4888 Domini
3466 4837 3696 4909 dicentis,
3753 4812 3986 4904 Beatius

2378 4916 2446 5007 est
2499 4908 2624 5007 dare
2657 4929 2809 5007 quam
2846 4918 3079 5000 “accipere
3107 4921 3262 4993 (Act.
3304 4926 3394 4982 20.
3425 4929 3558 5001 35).
3617 4935 3780 5007 Atqui
3826 4944 3989 4999 unda

2377 5001 2468 5056 det
2493 5004 2585 5074 qui
2617 5006 2746 5060 nihil
2780 5009 2977 5065 habet?
3002 5012 3282 5080 Quomodo
3309 5035 3439 5091 ergo
3466 5022 3684 5088 Martini:
3704 5001 3857 5087 dicit
3889 5037 3991 5093 ,ιε-

2377 5110 2468 5150 sus
2493 5113 2506 5149 :
2533 5096 2769 5152 Sollicita
2798 5117 2849 5155 es
2874 5113 2921 5157 et
2943 5107 3158 5161 turbaris
3179 5125 3297 5179 ergo
3325 5112 3548 5180 plurima
3579 5132 3598 5170 :
3625 5135 3782 5188 porro
3810 5140 3990 5184 unum

2379 5197 2450 5279 est
2470 5193 2835 5256 necessarium;
2857 5193 3028 5250 Maria
3045 5199 3286 5267 optimam
3309 5213 3503 5268 partem
3522 5207 3671 5279 elegit
3691 5210 3856 5279 (Luc.
3894 5219 3990 5274 10.

2379 5277 2469 5332 ll.
2501 5280 2650 5352 42)?
2678 5291 2730 5337 et
2773 5300 2992 5352 rursus,
3039 5285 3216 5344 Nolite
3259 5292 3468 5348 solliciti
3510 5277 3618 5352 esse
3656 5277 3718 5354 de
3745 5309 3996 5365 crastino

2381 5370 2400 5444 (
2429 5370 2614 5429 Matth.
2651 5374 2703 5430 6.
2731 5376 2858 5449 34)?
2883 5377 3075 5449 Opera:
3104 5383 3329 5451 pretium
3356 5385 3520 5444 fuerit
3547 5392 3612 5446 ad
3643 5392 3759 5449 haec
3788 5404 3995 5457 omnia

2379 5467 2725 5536 respondere,
2757 5484 2861 5525 non
2886 5472 3046 5528 modo
3074 5485 3130 5530 ut
3155 5478 3336 5547 pigros
3363 5482 3681 5553 excitemus,
3713 5489 3762 5542 si
3791 5498 3995 5550 tamen

2381 5555 2578 5653 velint;
2602 5559 2716 5653 sed—
2720 5562 2881 5653 etiam
2909 5579 2978 5619 ne
3003 5564 3277 5636 Scriptura
3307 5569 3492 5628 divina
3518 5588 3702 5632 secum
3729 5593 3999 5653 pugnare

2383 5644 2644 5703 videatur.
2674 5649 2889 5707 Etenim
2916 5654 3042 5710 alibi
3067 5657 3142 5712 ait
3162 5663 3434 5729 apostolus
3461 5680 3476 5717 :
3506 5644 3773 5737 Rogamus
3801 5644 3998 5731 autem

2384 5755 2470 5795 vos
2501 5751 2556 5796 ut
2579 5744 2880 5817 abundetis,
2903 5755 2948 5804 et
2969 5763 3174 5821 operam
3202 5752 3329 5810 detis
3369 5765 3423 5812 ut
3445 5758 3601 5830 quieti
3636 5759 3779 5828 sitis,
3813 5776 3878 5818 et
3904 5784 4001 5825 ne-
