4164 6324
187 364 288 420 ΞΠ

187 483 299 543 οῖας
350 479 452 534 καὶ
486 481 778 552 πρότερον.
814 480 1086 549 Διέϐησαν
1121 483 1219 552 μὲν
1260 483 1356 538 οὐν
1403 485 1503 554 τὴν
1550 484 1787 557 ἐρυθρὰν

190 565 469 617 θάλασσαν
494 567 594 618 καὶ
636 566 905 629 Ἰουδαῖοι,
947 566 1228 629 Μωῦσέως
1270 568 1599 637 ἡγουμένου,
1650 567 1793 621 ἀλλὰ

190 649 319 700 πολύ
367 648 429 699 τὸ
488 648 654 717 μέσον
685 647 940 701 ἐνταῦθα.
977 648 1037 701 '0
1087 648 1185 719 μὲν
1218 649 1327 721 γάρ
1364 650 1659 721 εὐχόμενος
1696 651 1789 703 καὶ

184 731 260 794 ὡς
318 731 511 795 δοῦλος
548 732 730 785 πάντα
764 731 1049 802 εἰργάζετο
1075 748 1089 762 '
1139 724 1296 796 οὗτος
1337 733 1416 799 δὲ,
1471 733 1612 803 μετά
1640 733 1789 801 ἐξου-

186 818 309 878 σίας
348 819 596 888 ἀπάσης.
634 820 813 872 Κάκεῖ
850 818 972 889 μὲν,
1009 820 1164 872 νότου
1201 820 1326 873 τότε
1365 820 1644 886 πνέοντος,
1678 818 1789 887 εἶξε

183 902 243 953 τὸ
271 901 443 972 ὕδωρ,
467 902 609 955 ὥστε
631 903 724 955 ἐπὶ
753 902 926 973 ξηρᾶς
946 904 1169 975 ποιῆσαι
1195 904 1485 977 παρελθεῖν
1508 920 1522 937 ο
1553 904 1789 958 ἐνταῦθα

182 986 325 1039 δὲτὸ
370 986 561 1057 θαῦμα
591 987 775 1058 μεῖζον
816 986 1047 1055 ἐγίνετο.
1102 986 1359 1042 Μένουσα
1407 988 1518 1059 γὰρ
1563 990 1656 1041 ἐπὶ
1688 989 1790 1059 τῆς

182 1071 402 1134 οἰκείας
426 1073 645 1141 φύσεως
675 1072 709 1141 ἡ
751 1069 1019 1138 θάλασσα,
1042 1070 1215 1135 οὕτως
1248 1072 1413 1144 ἔφερε
1464 1073 1557 1127 τὸν
1588 1073 1790 1126 Δεσπόο

180 1169 285 1223 την
316 1154 415 1207 ἐπὶ
449 1152 558 1208 τῶν
589 1151 800 1220 νώτων,
829 1153 1185 1226 μαρτυροῦσα
1218 1155 1401 1226 ἐκείνῃ
1437 1157 1502 1227 τῇ
1537 1157 1694 1225 ῥήσει
1717 1156 1788 1226 τῇ

179 1238 428 1310 λεγούσῃ
451 1256 467 1270 ο
534 1238 598 1291 '0
632 1236 974 1306 περιπατῶν
1035 1238 1134 1292 ἐπὶ
1197 1238 1520 1306 θαλάσσης
1562 1238 1645 1305 ὡς
1686 1238 1787 1292 ἐπὶ

178 1319 478 1388 ἐδάφους.
516 1320 757 1385 Εἰκότως
784 1321 841 1375 δὲ
872 1319 1083 1390 μέλλων
1104 1322 1185 1384 είς
1210 1323 1591 1392 Καπερναοὺμ
1612 1322 1788 1391 ἐμϐαο

179 1402 295 1455 λεῖν
319 1404 426 1475 τὴν
458 1403 701 1475 σκληρὰν
734 1404 829 1457 καὶ
853 1404 1077 1474 ἀπειθῆ,
1129 1404 1192 1457 τὸ
1222 1408 1445 1475 σημεῖον
1472 1405 1581 1458 τῶν
1605 1406 1787 1474 ἄρτων

180 1489 522 1559 εἰργάσατοο
555 1488 617 1542 οὐ
666 1489 831 1559 μόνον
863 1492 974 1553 τοῖς
1009 1491 1067 1543 ἐν
1100 1491 1237 1560 αὐτῇ
1271 1489 1599 1560 γινομένοις,
1649 1489 1786 1545 ἀλλὰ

179 1569 275 1624 καὶ
313 1573 431 1634 τοῖς
457 1571 560 1635 ἔξω
584 1571 684 1639 τῆς
714 1572 925 1635 πόλεως
950 1571 1582 1644 θαυματουργουμένοις,
1608 1573 1785 1643 μαλά-

179 1652 266 1717 ξαι
291 1653 628 1725 βουλόμενος
648 1654 757 1709 τῶν
780 1657 837 1708 ἐν
862 1658 999 1726 αὐτῇ
1058 1656 1158 1725 τὴν
1194 1655 1503 1710 ἀπείθειαν.
1564 1657 1637 1710 Τὸ
1673 1658 1785 1729 γὰρ

177 1736 375 1805 ὄχλους
424 1737 834 1807 παραγενέσθαι
863 1737 1154 1801 τοσούτους
1183 1740 1265 1802 είς
1291 1738 1442 1811 [257]
1481 1739 1581 1810 τὴν
1628 1742 1788 1794 πόλιν

177 1821 425 1892 ἐκείνην,
463 1821 665 1893 πολλὴν
696 1822 1045 1893 τεθειμένους
1098 1824 1353 1895 σπουδὴν,
1387 1828 1539 1879 ποῖον
1584 1826 1683 1879 οὐκ
1717 1822 1785 1896 ἦν

180 1907 372 1959 ἱκανὸν
429 1906 670 1977 μαλάξαι
722 1905 908 1973 λίθον;
952 1906 1092 1960 Ἀλλ’
1135 1908 1239 1961 οὐκ
1286 1907 1490 1961 ἐκεῖνοι
1540 1908 1786 1964 τοιοῦτον

177 1989 334 2043 οὐδὲν
359 1989 590 2052 ἔπαθον,
628 1990 765 2043 ἀλλά
796 1989 959 2044 πάλιν
996 1991 1205 2063 τροφῆς
1245 1990 1556 2062 ἐπεθύμουν
1593 2010 1786 2064 σωμα-

177 2072 340 2143 τικῆς
362 2090 375 2102 ⁸
404 2073 488 2127 διὸ
518 2074 614 2126 καὶ
644 2072 996 2138 ὀνειδίζονται
1039 2076 1192 2145 παρὰ
1231 2073 1325 2127 τοῦ
1360 2074 1559 2145 Ἰησοῦ.
1598 2077 1787 2131 Ταῦτα

177 2154 268 2211 οὖν
304 2158 538 2223 είδότες,
585 2158 886 2229 ἀγαπητοὶ,
936 2159 1355 2231 εὐχαριστῶμεν
1394 2160 1473 2232 τῷ
1523 2162 1666 2233 Θεῷ,
1692 2163 1787 2216 καὶ

175 2241 283 2295 τῶν
313 2240 602 2312 αἰσθητῶν
663 2242 763 2312 μὲν
818 2241 1027 2309 ἐνεκεν,
1084 2242 1268 2313 πολλῷ
1334 2243 1390 2297 δὲ
1441 2245 1642 2315 μᾶλλον
1676 2244 1786 2299 τῶν

176 2325 600 2395 πνευματικῶν.
627 2324 785 2380 Οὕτω
822 2325 934 2399 γὰρ
966 2327 1062 2380 καὶ
1085 2326 1249 2390 αὐτὸς
1281 2326 1553 2397 βούλεται,
1578 2330 1675 2383 καὶ
1697 2328 1786 2383 διὰ

176 2407 351 2463 ταῦτα
385 2410 487 2463 καὶ
520 2410 706 2463 ἐκεῖνα
737 2409 942 2475 δίδωσι,
971 2410 1100 2473 τοὺς
1150 2410 1540 2483 ἀτελεστέρους
1573 2410 1785 2481 ἐνάγων

172 2491 389 2555 τούτοις
404 2493 504 2547 καὶ
528 2491 931 2564 προπαιδεύων,
958 2492 1148 2565 ἐπειδὴ
1165 2492 1302 2565 πρὸς
1334 2495 1428 2547 τὸν
1464 2494 1672 2565 κόσμον
1703 2495 1785 2549 ἔτι

175 2576 499 2647 κεχήνασιν.
520 2577 659 2630 Ἀλλ’
673 2578 804 2631 ὅταν
818 2576 957 2631 αὐτὰ
985 2577 1262 2641 λαϐόντες,
1300 2580 1358 2632 ἐν
1382 2578 1567 2641 αὐτοῖς
1584 2579 1785 2633 ἐναπο-

178 2661 463 2729 μείνωσιν,
496 2660 797 2728 ἐγκαλοῦντ
808 2678 865 2713 αι
894 2660 988 2714 καὶ
1011 2659 1392 2731 ἐπιτιμῶνται.
1414 2661 1570 2714 Ἐπεὶ
1586 2664 1786 2716 καὶέπὶ

174 2743 263 2796 τοῦ
286 2742 671 2815 παραλυτικοῦ
701 2744 917 2816 πρῶτον
934 2746 1112 2797 ἐκεῖνο
1140 2744 1391 2797 ἐϐούλετο
1412 2744 1621 2809 δοῦναι,
1656 2746 1786 2799 ἀλλ’

176 2827 278 2880 οὐκ
302 2828 595 2897 ἠνείχοντο
611 2828 660 2879 οἱ
681 2827 967 2898 παρόντες.
987 2827 1249 2889 Εἰπόντος
1269 2827 1397 2898 γὰρ,
1417 2828 1499 2880 ὅτι
1538 2828 1785 2896 Ἀφέων-

175 2910 268 2963 ταί
277 2926 401 2964 σου
440 2911 502 2963 al
545 2910 823 2978 ἁμαρτίαι
847 2948 862 2973 ,
906 2909 1092 2977 ἔλεγον
1117 2926 1132 2941 ο
1159 2905 1349 2977 Οὗτος
1370 2910 1749 2979 βλασφημεῖ.

242 2992 337 3063 Μὴ
352 2992 446 3064 δὴ,
467 2990 799 3062 παρακαλῶ,
831 2991 1074 3045 τοιοῦτον
1100 2991 1363 3064 πάθωμέν
1391 3010 1443 3045 τι
1464 2995 1645 3063 ἡμεῖς,
1668 2993 1785 3047 ἀλλ⁹

174 3074 547 3145 ἐπίνωνήμῖν
561 3074 659 3127 πλε
668 3073 912 3130 ίωνέστω
922 3075 1097 3144 λόγος.
1112 3076 1415 3141 Διατί;Ὂτι
1428 3075 1539 3131 τῶν
1548 3093 1789 3143 πνευμα-

173 3158 343 3212 τικῶν
354 3158 665 3231 παρόντων,
687 3158 914 3229 οὐδεμία
936 3159 1045 3213 ἀπὸ
1057 3158 1158 3229 τῆς
1176 3159 1285 3213 τῶν
1306 3159 1585 3231 σαρκικῶν
1616 3161 1787 3214 ἀπου-

176 3241 296 3306 σίας
319 3242 538 3311 γίνεται
569 3241 763 3314 βλάϐη·
792 3241 1019 3297 ἐκείνων
1043 3244 1101 3297 δὲ
1136 3243 1237 3296 οὐκ
1280 3243 1475 3309 ὄντων,
1503 3244 1586 3307 τίς
1628 3244 1783 3299 ἔσται

175 3326 304 3397 ἡμῖν
319 3326 514 3382 λοιπὸν
531 3327 685 3391 ἐλπίς
705 3344 718 3394 ;
738 3326 821 3391 τίς
836 3326 893 3381 δὲ
914 3326 1239 3399 παραμυθία
1256 3345 1271 3394 ;
1286 3328 1377 3380 Διὸ
1392 3328 1498 3399 χρὴ
1517 3329 1644 3398 περλ⁵
1657 3329 1782 3382 τού-

173 3425 281 3463 των
297 3410 389 3464 ἀεὶ
400 3411 494 3465 τὸν
510 3411 643 3465 Θεὸν
654 3411 1017 3483 παρακαλεῖν,
1037 3412 1131 3465 καὶ
1147 3413 1322 3466 ταῦτα
1340 3412 1779 3468 αἰτεῖν.Τοιαῦτα

174 3493 283 3565 γὰρ
299 3495 400 3548 καὶ
411 3494 686 3566 όΧριστὸς
700 3496 850 3566 ἡμᾶς
865 3493 1121 3566 εὐχεσθαι
1139 3496 1399 3563 ἐδίδαξεν.
1413 3498 1531 3551 Κᾶν
1545 3497 1778 3550 ἀναπτύ-

176 3578 357 3648 ξωμιν
370 3578 473 3648 τὴν
490 3577 657 3649 εὐχὴν
672 3578 909 3649 ἐκείνην,
923 3578 1076 3632 οὐδὲν
1092 3579 1401 3651 εὑρήσομεν
1416 3582 1473 3633 ἐν
1490 3582 1625 3652 αὐτῇ
1648 3600 1773 3653 σαρ-

1221 367 1285 422 ΙΝ
1326 366 1639 423 ιοΑδΝΕΜ
1687 365 1919 423 ιῐυκιι.
1967 366 2148 435 XLIV,
2192 374 2263 432 aI.
2299 370 2475 431 XLI".

3382 376 3492 425 ζ’ίὸ

1892 485 2065 549 κικὸν,
2087 485 2223 538 ἀλλὰ
2241 487 2411 541 πάντα
2442 485 2804 555 πνευματικά.
2824 485 2933 539 Καὶ
2952 485 3082 538 αὐτὸ
3107 486 3163 539 δέ
3196 486 3251 538 τὸ
3275 488 3491 560 μικρὸν,

1888 570 2066 622 ἐκεῖνο
2102 568 2164 622 τὸ
2186 571 2467 639 αἰσθητον,
2509 567 2587 639 τῷ
2616 569 2804 639 τρόπῳ
2851 570 3139 638 γινόμενον
3189 583 3492 640 πνευματι-

1888 654 2003 704 κόν.
2056 652 2131 704 Τὸ
2182 652 2293 722 γὰρ
2342 656 2631 723 παραινεῖν
2668 653 2834 723 μηδὲν
2875 653 3040 705 πλέον
3084 651 3363 721 ἐπιζητεῖν
3393 653 3490 707 τοῦ

1888 735 2058 806 ἄρτου
2109 733 2205 786 τοῦ
2255 734 2561 799 ἐπιουσίου,
2610 735 2879 801 τουτέστι,
2933 734 3031 788 τοῦ
3091 734 3487 805 καθημερινοῦ,

1890 818 2270 889 πνευματικῆς
2307 817 2373 871 ἂν
2406 815 2495 890 εἴη
2544 820 2639 871 καὶ
2691 819 2984 888 φιλοσόφου
3009 818 3272 882 διανοίας.
3307 819 3389 872 Τὰ
3434 820 3492 873 δὲ

1888 900 1997 971 πρὸ
2053 900 2246 954 τούτου
2302 902 2436 973 ὅρα·
2514 902 2877 971 Ἁγιασθήτω
2945 904 3012 954 τὸ
3080 901 3271 970 ὄνομά
3341 918 3489 955 σου·

1886 982 2108 1037 ἐλθέτω
2142 985 2181 1052 ἠ
2225 984 2521 1048 ,ϐασιλεία
2566 1000 2717 1039 σου·
2776 986 3085 1055 γενηθήτω
3126 987 3194 1039 τὸ
3262 984 3494 1053 θέλημά

1887 1081 2028 1132 σου,
2057 1067 2139 1132 ὠς
2168 1069 2239 1122 ὲν
2264 1069 2523 1136 οὐρανῷ,
2570 1070 2671 1123 καὶ
2704 1070 2804 1124 ἐπὶ
2839 1070 2951 1139 τῆς
2978 1070 3114 1139 τῆς.
3152 1067 3288 1124 Εἶτα
3317 1070 3493 1125 είπὼν

1886 1151 1949 1205 τὸ
1990 1152 2252 1223 αίσθητὸν
2310 1154 2509 1221 ἐκεῖνο,
2550 1154 2763 1224 ταχέως
2810 1154 3106 1224 ἀπηλλάγη
3160 1154 3372 1220 αὐτοῦ,
3400 1156 3495 1209 καὶ

1887 1235 2050 1290 πάλιν
2072 1237 2165 1289 ἐπὶ
2192 1237 2290 1308 τὴν
2317 1237 2695 1309 πνευματικὴν
2744 1232 2876 1309 ἦλθε
2913 1237 3283 1304 διδασκαλίαν,
3309 1238 3496 1308 Ἀφες

1886 1320 2033 1388 ἡμῖν
2059 1321 2133 1375 τὰ
2169 1321 2548 1392 ὀφειλήματα
2594 1320 2783 1391 ἡμῶν,
2831 1321 3027 1391 λέγων,
3058 1322 3140 1389 ὡς
3166 1323 3267 1376 καί
3319 1322 3494 1391 ἡμεῖς

1888 1405 2142 1473 ἀφίεμεν
2170 1406 2297 1471 τοῖς
2344 1405 2687 1475 ὀφειλέταις
2732 1406 2925 1476 ἡμῶν.
2977 1406 3233 1477 Οὐδαμοῦ
3289 1407 3488 1477 ἀρχὴν,

1888 1487 2127 1556 οὐδαμοῦ
2179 1487 2431 1554 πλοῦτον,
2491 1490 2732 1560 οὐδαμοῦ
2790 1488 2972 1554 δόξαν,
3044 1486 3282 1559 οὐδαμοῦ
3341 1488 3493 1541 δυνα-

1890 1572 2096 1638 στείαν,
2125 1573 2263 1627 ἀλλὰ
2290 1574 2470 1629 πάντα
2499 1576 2580 1637 είς
2601 1574 2783 1645 ψυχῆς
2819 1574 3090 1643 ὠφέλειαν
3131 1571 3492 1625 συντελοῦντα

1888 1654 2116 1727 ἐνέθηκε
2138 1660 2202 1729 τῇ
2234 1660 2367 1729 εὐχῇ
2396 1677 2410 1690 ’
2437 1659 2591 1712 οὐδὲν
2621 1660 2831 1728 γήϊνον,
2867 1657 3004 1712 ἀλλὰ
3035 1657 3213 1710 πάντα
3240 1658 3488 1728 οὐράνια.

1888 1742 1952 1794 Ei
1979 1742 2161 1795 τοίνυν
2193 1743 2531 1813 κελευόμεθα
2559 1742 2866 1812 ἀπέχεσθαι
2919 1742 3027 1795 τῶν
3083 1733 3354 1810 βὶωτικῶν
3396 1743 3491 1794 καὶ

1889 1828 2199 1899 παρόντων,
2224 1828 2345 1892 πῶς
2374 1830 2475 1882 οὐκ
2504 1829 2569 1881 ἂν
2598 1830 2792 1897 εἴημεν
2820 1827 2994 1881 ἄθλιοι
3026 1828 3121 1880 καί
3148 1827 3491 1896 ταλαίπωροι

1886 1910 2062 1964 ταῦτα
2096 1910 2379 1975 αἰτοῦντες
2410 1912 2564 1982 παρὰ
2591 1910 2751 1974 Θεοῦ,
2786 1910 2822 1965 ἃ
2855 1911 3110 1963 ἐκέλευσε
3144 1912 3237 1964 καὶ
3271 1910 3493 1979 ἔχοντας

1888 1994 2200 2060 ἐκϐάλλειν,
2244 1996 2530 2067 φροντίδος
2557 1995 2920 2049 ἀπαλλάττων
2946 1996 3117 2066 ἡμᾶς,
3156 1996 3296 2065 ὑπὲρ
3326 1984 3401 2049 ὧν
3434 1995 3493 2048 δὲ

1888 2077 2145 2144 ἐπέταξε,
2208 2078 2483 2149 μηδεμίαν
2538 2079 2785 2132 τίθεσθαι
2843 2078 3118 2147 σπουδήν’
3158 2078 3363 2149 μᾶλλον
3433 2078 3492 2130 δέ

1892 2162 2031 2233 μήτε
2076 2161 2223 2231 ἔχειν
2282 2164 2422 2232 μήτε
2477 2161 2821 2232 ἐπιθυμεῖν;
2882 2161 3057 2214 Τοῦτο
3100 2163 3211 2233 γάρ
3256 2163 3373 2215 ἐστι
3429 2161 3493 2215 τὸ

1891 2248 2256 2319 βαττολογεῖν.
2286 2250 2389 2303 Διά
2434 2248 2595 2303 τοῦτο
2634 2249 2731 2303 καὶ
2780 2248 3063 2320 εὐχόμενοι
3096 2250 3198 2303 οὐκ
3227 2249 3489 2321 ἀνύομεν.

1890 2331 2016 2396 Πῶς
2038 2328 2131 2386 οὖν
2159 2335 2211 2386 οί
2236 2334 2492 2405 πονηροὶ,
2527 2333 2683 2402 φησὶ,
2718 2331 3053 2399 πλουτοῦσι;
3089 2331 3206 2396 πῶς
3232 2334 3281 2385 οἱ
3313 2332 3491 2386 ἄδικοι

1889 2416 1986 2469 καὶ
2038 2419 2249 2487 μιαροὶ,
2302 2417 2666 2491 ἁρπάζοντες,
2726 2415 3219 2499 πλεονεκτοῦντες;
3270 2417 3345 2469 Οὐ
3393 2413 3491 2470 τοῦ

1889 2499 2027 2553 Θεοῦ
2066 2501 2423 2572 παρέχοντες,
2466 2502 2670 2570 ἄπαγε.
2725 2501 2838 2554 Καὶ
2877 2500 2995 2564 πῶς
3032 2502 3061 2553 ὁ
3099 2500 3233 2563 Θεὸς
3274 2517 3492 2571 συγχω-

1892 2585 2010 2673 ρεῖς
2069 2584 2307 2673 "Otum?
2348 2584 2438 2673 τῇ
2493 2584 2751 2673 πλουσίιρΔ
2781 2583 2905 2638 τότε
2948 2583 3320 2673 συνεχώρησε,
3370 2585 3491 2655 μεί-

1890 2666 2005 2730 ξονι
2032 2667 2215 2739 τηρῶν
2241 2669 2405 2722 αὐτὸν
2429 2663 2668 2724 κολάσει.
2702 2669 2970 2721 ΙἌκουσον
3001 2663 3094 2721 οὖν
3135 2668 3230 2721 καὶ
3264 2667 3317 2721 τί
3354 2685 3491 2739 φησι

1891 2750 2026 2820 πρὸς
2048 2752 2210 2805 αὐτόν
2235 2770 2247 2783 ο
2287 2754 2528 2817 Τέκνον,
2554 2752 2857 2819 ἀπέλαϐες
2890 2754 2962 2808 τὰ
2991 2752 3189 2823 ἀγαθά
3221 2748 3362 2818 σου,
3390 2753 3492 2806 καί

1890 2833 2154 2901 Λάζαρος
2184 2834 2256 2888 τὰ
2292 2835 2483 2889 κακά’
2521 2835 2620 2889 καὶ
2654 2836 2772 2889 νῦν
2809 2832 2990 2903 οὗτος
3029 2835 3488 2906 παρακαλεῖται,

1890 2915 1972 2969 σὺ
2000 2916 2067 2969 δὲ
2094 2916 2413 2973 ὀδυνᾶσαι.
2436 2920 2534 2973 ⁹Ὶν’
2564 2915 2658 2972 οὖν
2684 2918 2758 2991 μὴ
2782 2920 2875 2973 καὶ
2898 2921 3062 2991 ἡμεῖς
3081 2919 3292 2989 ταύτης
3319 2918 3490 2972 ἀκού-

1893 3016 2077 3068 σωμεν
2169 2999 2320 3073 [258]
2392 3005 2493 3073 τῆς
2546 3003 2752 3073 φωνῆς,
2830 3004 3150 3073 τρυφῶντες
3212 3003 3341 3073 είκῆ
3394 3002 3489 3055 καὶ

1895 3082 2095 3153 μάτην,
2128 3084 2221 3136 καὶ
2252 3084 2423 3137 πολλὰ
2476 3086 2805 3154 συνάγοντες
2842 3088 3057 3149 ἑαυτοῖς
3091 3087 3487 3159 ἁμαρτήματα,

1889 3166 1982 3219 τὸν
2006 3167 2180 3237 ἀληθῆ
2218 3167 2448 3221 πλοῦτον
2472 3168 2724 3239 ἑλώμεθα
2749 3170 2845 3221 καὶ
2881 3170 2980 3241 τὴν
3019 3170 3222 3241 ἀκριϐῆ
3267 3171 3491 3239 φιλοσο-

1889 3250 2039 3318 φίαν,
2068 3247 2208 3301 ὥστε
2254 3253 2439 3320 τυχεῖν
2492 3252 2602 3307 τῶν
2644 3252 3077 3324 ἐπηγγελμένων
3112 3255 3339 3323 ἀγαθῶν
3363 3272 3377 3287 ·
3411 3248 3488 3308 ὧν

1885 3335 2097 3401 γένοιτο
2127 3333 2336 3396 πάντας
2380 3337 2532 3405 ἡμᾶς
2585 3340 2900 3408 μετασχεῖν,
2957 3342 3141 3409 χάριτι
3170 3341 3264 3393 καὶ
3297 3341 3489 3409 φιλαν-

1887 3416 2105 3496 θρωπίᾳ
2134 3419 2227 3471 τοῦ
2257 3420 2470 3494 ,Κυρίου
2494 3421 2657 3491 ἡμῶν
2697 3423 2874 3493 Ἰησοῦ
2913 3424 3178 3496 Χριστοῦ,
3208 3427 3278 3480 δι’
3310 3424 3370 3483 οῦ
3394 3431 3487 3482 καὶ

1887 3501 2003 3570 μεθ’
2034 3495 2094 3554 οὐ
2124 3502 2201 3571 τῷ
2230 3503 2406 3573 Πατρὶ
2430 3507 2463 3574 ἡ
2505 3505 2655 3571 δόξα,
2687 3505 2804 3577 ἅμα
2851 3508 2931 3578 τῷ
2968 3495 3128 3579 ἀγίῳ
3181 3511 3485 3582 Πνεῦματι,

1884 3583 1979 3637 νῦν
2003 3584 2098 3638 καὶ
2118 3585 2228 3648 ἀεὶ,
2266 3587 2359 3639 καὶ
2387 3588 2467 3651 εἰς
2490 3589 2616 3651 τοὺς
2635 3590 2839 3654 αἰῶνας
2862 3590 2970 3643 τῶν
3002 3592 3233 3647 αἰώνων.
3286 3595 3482 3666 Ἀμήν,

1658 3722 1907 3776 ΟΜΙΛΙΑ
1945 3726 2077 3777 My.
2626 3702 2657 3703 τ
2678 3702 2793 3703 κάκη
2812 3702 3449 3711 τή-

186 3812 506 3884 Ἇπεκρίθην
538 3813 743 3879 αὐτοῖς
783 3813 1121 3884 ὀΠἾησοῦς.
1154 3816 1251 3869 καί
1282 3811 1481 3869 εἶπεν·
1516 3832 1535 3864 ι
1571 3815 1772 3884 Ἀμὴν,

243 3883 411 3955 ἀμὴν
438 3883 594 3953 λέγω
624 3885 785 3953 ὑμῖν,
810 3883 1029 3951 ζητεῖτέ
1054 3901 1151 3953 με,
1178 3888 1294 3953 οὐχ
1333 3885 1421 3938 ὅτι
1442 3883 1633 3955 εἴδετε
1656 3902 1771 3951 σηε-

236 3954 402 4023 μεῖα,
435 3955 573 4009 ἀλλ’
597 3955 687 4007 ὅτι
720 3955 969 4022 ἐφάγετε
991 3956 1059 4007 ἐκ
1086 3955 1207 4007 τῶν
1234 3956 1447 4022 ἀρτων,
1476 3954 1576 4007 καί
1600 3956 1771 4023 ἐχορ-

241 4024 527 4092 τάσθητε.
563 4023 900 4093 Ἐργάζεσθε
932 4024 1019 4093 μὴ
1050 4024 1165 4090 τὴν
1185 4024 1422 4091 ,ϐρῶσιν
1446 4026 1561 4091 τὴν
1589 4025 1774 4077 (1.10.2-

241 4094 541 4163 λυμένην,
582 4094 744 4148 ἀλλὰ
772 4094 885 4162 τὴν
911 4093 1149 4163 βρῶσιν
1195 4093 1310 4163 τὴν
1341 4093 1657 4163 μένουσαν
1684 4097 1772 4161 είς

242 4164 399 4233 ζὶοὴν
427 4164 689 4219 αἰώνιον.
717 4183 738 4216 ι

241 4268 313 4318 α’.
342 4262 418 4315 Τδ
447 4262 718 4333 προσηνὲς
755 4261 853 4315 καὶ
890 4260 1030 4314 λεῖον
1054 4261 1113 4313 οὐ
1156 4260 1434 4332 πανταχοῦ
1474 4262 1766 4333 χρήσιμον,

170 4346 286 4399 ἀλλ’
322 4344 471 4398 ἐστιν
508 4345 597 4397 ὅτε
631 4345 727 4398 καὶ
768 4343 863 4397 τοῦ
910 4344 1357 4415 πληκτικωτέρου
1393 4343 1473 4396 δεῖ
1507 4344 1585 4414 τῷ
1618 4344 1769 4397 διδα-

174 4429 379 4500 σκάλῳ.
433 4429 601 4481 Ὅταν
639 4427 749 4499 γὰρ
784 4426 960 4497 νωθὴς
1060 4428 1089 4479 ό
1140 4427 1388 4498 μαθητὴς
1436 4428 1530 4480 καὶ
1564 4428 1764 4499 παχὺς,

172 4512 384 4583 κέντρῳ
408 4510 646 4583 χρῆσθαι
677 4512 813 4581 πρὸς
846 4511 1009 4564 αὑτὸν
1042 4523 1065 4552 ο
1100 4510 1286 4563 λοιπδν
1324 4509 1449 4581 χρὴ,
1500 4509 1640 4563 ῶστε
1666 4513 1767 4581 τῆς

173 4597 375 4667 πολλῆς
427 4593 748 4650 καθικέσθαι
780 4594 1031 4658 νωθείας.
1078 4593 1249 4647 Τοῦτο
1291 4596 1383 4646 καὶ
1414 4596 1441 4645 ὁ
1493 4594 1621 4659 Υἱὸς
1670 4594 1763 4647 τοῦ

172 4679 306 4734 Θεοῦ
365 4678 687 4747 πεποίηκεν.
745 4675 979 4747 ἀλλαχοῦ
1035 4694 1091 4729 τε
1125 4677 1418 4748 πολλαχοῦ,
1451 4678 1546 4731 καὶ
1594 4678 1653 4730 ἐν
1686 4678 1764 4748 τῷ

173 4764 401 4833 παρόντι
432 4763 601 4832 τόπῳ.
645 4760 939 4815 Ἐλθόντων
968 4761 1074 4832 γὰρ
1106 4761 1215 4815 τῶν
1248 4762 1420 4832 ὄχλων
1447 4763 1539 4815 καὶ
1573 4763 1763 4834 εὑρόν-

170 4865 276 4901 των
301 4848 390 4901 τὸν
443 4847 673 4916 Ἰησοῦν,
704 4845 798 4899 καὶ
822 4845 1228 4899 κολακευόντων
1257 4846 1438 4909 αὐτὸν,
1468 4846 1562 4899 καὶ
1580 4846 1764 4916 λεγόν-

170 4946 305 4983 τωνο
350 4929 572 4994 Ῥαϐϐὶ,
623 4931 768 4982 πότε
798 4923 916 4982 ὧδε
940 4927 1227 4998 γέγονας
1271 4928 1486 4991 δεικνὺς
1530 4929 1611 4982 ὅτι
1663 4930 1763 5001 τῆς

171 5012 320 5084 παρὰ
346 5010 653 5085 ἀνθρώπων
677 5013 775 5065 οὐκ
797 5012 1009 5082 ἐφίεται
1028 5012 1217 5082 τιμῆς,
1234 5012 1348 5065 ἀλλ’
1372 5011 1428 5064 ἓν
1456 5013 1614 5083 μόνον
1636 5015 1757 5084 ὁρᾷν

170 5099 265 5167 τὴν
291 5098 564 5167 σωτηρίαν
603 5097 804 5163 αὐτῶν,
841 5096 1257 5167 ἐπιπληκτικῶς
1302 5097 1483 5160 αὐτοῖς
1528 5098 1760 5170 ἀποκρί-

171 5198 348 5234 νεται·
385 5182 449 5234 οὐ
477 5180 649 5252 ταύτῃ
704 5182 864 5253 μόνον
908 5180 1200 5253 διορθῶσαι
1237 5181 1579 5251 βουλόμενος,
1624 5181 1761 5236 ἀλλὰ

170 5267 263 5319 καὶ
302 5264 379 5337 τῷ
398 5265 499 5337 τὴν
526 5265 767 5320 διάνοιαν
798 5266 977 5319 αὐτῶν
1008 5264 1313 5335 ἐκκαλύψαι
1342 5265 1437 5319 καὶ
1478 5267 1557 5330 είς
1597 5269 1761 5336 μέσον

170 5349 415 5417 ἀγαγεῖν.
463 5348 529 5403 Τί
581 5350 689 5420 γάρ
719 5366 922 5422 φησιν;
969 5348 1169 5419 Ἀμὴν,
1201 5348 1366 5419 ἀμὴν
1394 5350 1550 5420 λέγω
1580 5349 1722 5419 ὑμῖν
1742 5366 1755 5379 ·

175 5433 310 5500 μετά
362 5434 647 5506 διορισμοῦ
697 5434 793 5488 καὶ
829 5433 1201 5505 βεϐαιώσεως⁶
1235 5432 1454 5501 ζητεῖτέ
1498 5451 1594 5503 με,
1643 5437 1775 5504 οὐχ·

172 5515 256 5569 ὅτι
285 5517 471 5571 ειδετε
497 5518 737 5588 σημεῖα,
765 5518 904 5573 ἀλλ’
929 5518 1017 5572 ὅτι
1038 5517 1287 5587 ἐφάγετε
1310 5519 1379 5571 ἐκ
1400 5516 1521 5571 τῶν
1540 5517 1756 5585 ἄρτων,

172 5599 263 5652 καί
286 5600 706 5670 ἐχορτάσθητε.
740 5602 974 5673 Πλήττει
1007 5602 1105 5671 μὲν
1127 5601 1204 5671 τῷ
1228 5601 1372 5671 λόγῳ
1402 5604 1497 5653 καὶ
1523 5601 1756 5673 ἐλέγχει,

173 5684 282 5737 ἀλλ’
313 5686 409 5739 οὐκ
428 5687 721 5758 ἀποτόμως
737 5688 832 5740 καὶ
856 5688 1081 5759 σφόδρα,
1109 5686 1245 5742 ἀλλὰ
1272 5686 1409 5757 μετά
1434 5685 1633 5757 πολλῆς
1657 5689 1757 5759 τῆς

173 5768 382 5836 φειδοῦς
434 5769 597 5824 τοῦτο
645 5771 836 5826 ποιῶν.
895 5772 970 5826 Οὐ
996 5772 1105 5844 γάρ
1133 5767 1287 5825 εἶπεν
1310 5810 1325 5834 ,
1352 5766 1423 5823 Ὦ
1456 5770 1755 5844 λαίμαργοι

174 5853 263 5904 καὶ
286 5853 682 5924 γαστρίδουλοι,
713 5854 953 5909 τοσαῦτα
992 5854 1510 5926 ἐθαυματούργησα,
1543 5856 1635 5908 καὶ
1666 5856 1759 5909 οὐ·

172 5934 342 6003 δαμοῦ
368 5935 487 5991 οὐτε
516 5937 943 6008 ἡκολουθήσατε,
975 5937 1100 5991 οὔτε
1131 5937 1478 6007 ἐθανμάσατε
1506 5937 1571 5992 τὰ
1598 5956 1757 6009 γεγε-

237 6025 263 6057 “
300 6026 446 6076 Sam.
485 6030 920 6093 κέντρῳδιῖγείρέιν
943 6030 1079 6079 αὐτὸν

1882 3817 2090 3887 νημένα
2110 3833 2123 3846 ·
2160 3818 2295 3871 ἀλλὰ
2325 3819 2615 3890 προσηνῶς
2648 3819 2791 3874 οὕτω
2842 3838 2960 3884 πως
2993 3824 3090 3877 καὶ
3140 3824 3346 3897 ἡρέμα,
3376 3832 3487 3895 Ζη..

1879 3902 2033 3955 τεῖτέ
2050 3920 2150 3971 με,
2187 3907 2300 3973 οὐχ
2331 3904 2422 3957 ὅτι
2447 3905 2637 3959 εἴδετε
2664 3906 2883 3975 σημεῖα
2907 3949 2920 3971 ,
2949 3909 3086 3962 ἀλλ’
3118 3910 3205 3963 ὅτι
3234 3912 3485 3983 ἐφάγετε

1878 3985 1947 4038 ὲκ
2004 3983 2122 4037 τῶν
2159 3985 2371 4053 ἄρτων,
2432 3988 2530 4040 καὶ
2593 3988 3033 4060 ἐχορτάσθητε’
3084 3993 3144 4045 οὐ
3202 3997 3329 4065 περὶ
3374 3998 3484 4051 τῶν

1879 4068 2263 4139 παρελθόντων
2289 4070 2449 4141 μόνον
2475 4112 2489 4136 ,
2516 4071 2653 4125 ἀλλὰ
2690 4075 2783 4127 καὶ
2810 4076 2938 4147 περὶ
2963 4075 3057 4129 τοῦ
3087 4079 3357 4148 παρόντος
3386 4098 3483 4153 ση-

1880 4154 2034 4223 μείου
2066 4154 2365 4225 ἐμφαίνων.
2421 4156 2723 4227 Μονονουχὶ
2750 4159 2859 4227 γὰρ
2903 4160 3062 4213 τοῦτο
3106 4162 3274 4229 λέγει,
3308 4164 3375 4216 δι’
3406 4159 3480 4219 ὧν

1877 4238 2015 4307 πρὸς
2040 4239 2239 4302 αὐτοὺς
2270 4240 2615 4293 ἀποτείνεται
2638 4259 2651 4271 ’
2677 4242 2752 4295 Οὐ
2785 4241 2845 4295 τὸ
2868 4242 3056 4313 θαῦμα
3084 4246 3228 4316 ὑμᾶς
3257 4248 3481 4320 ἐξέπλη-

1878 4320 1933 4386 ξε
1961 4320 1989 4359 δ
2026 4325 2086 4375 τὸ
2139 4323 2232 4376 ἐπὶ
2280 4327 2391 4387 τοῖς
2420 4325 2626 4395 ἄρτοις,
2657 4325 2795 4379 ἀλλά
2833 4328 2895 4379 τὸ
2927 4328 3330 4403 ἐμπλησθῆναι.
3368 4336 3479 4389 Καὶ

1875 4405 1955 4459 ὅτι
1986 4407 2047 4459 οὐ
2080 4406 2623 4479 καταστοχαζόμενος
2650 4410 2830 4464 αὐτῶν
2854 4411 3060 4479 ἔλεγεν,
3096 4415 3299 4481 εὐθέως
3340 4418 3469 4472 ἔδει·

1875 4491 1971 4558 ξαν
2001 4494 2220 4545 ἐκεῖνοι.
2255 4495 2368 4547 Καὶ
2402 4494 2512 4562 γὰρ
2534 4494 2620 4547 διὰ
2642 4493 2802 4547 τοῦτο
2837 4495 3001 4549 πάλιν
3025 4493 3213 4569 ἦλθον,
3236 4501 3311 4564 ὡς
3343 4503 3476 4572 μέλ-

1873 4575 2055 4639 λοντες
2088 4577 2196 4630 τῶν
2227 4578 2409 4631 αὐτῶν
2439 4579 2864 4633 ἁπολαύσεσθαι.
2895 4582 2997 4634 Διά
3040 4582 3199 4635 τοῦτο
3230 4586 3326 4638 καὶ
3360 4586 3478 4638 έλεο

1873 4673 2004 4727 γον·
2040 4662 2105 4713 Οἱ
2134 4660 2386 4730 πατέρες
2434 4660 2605 4731 ἡμῶν
2639 4664 2868 4732 ἔφαγον
2922 4665 2985 4718 τὸ
3018 4664 3224 4734 μάννα
3272 4667 3343 4721 ἐν
3398 4667 3474 4739 τῇ

1870 4742 2106 4812 ἐρήμῳο
2150 4745 2314 4797 πάλιν
2354 4746 2447 4798 ἐπὶ
2473 4747 2681 4817 τροφὴν
2729 4748 2891 4801 αὐτὸν
2935 4748 3190 4814 ἕλκοντες
3224 4762 3245 4791 ο
3279 4769 3474 4823 σαρκία

1871 4825 1996 4897 κῆν,
2029 4828 2167 4899 ὅπερ
2190 4824 2256 4899 ἦν
2288 4828 2541 4901 ἔγκλημα
2573 4833 2665 4884 καὶ
2700 4832 3007 4903 κατηγορία
3038 4835 3295 4905 μεγίστη.
3329 4837 3480 4891 Ἀλλ’

1870 4912 2031 4976 αὐτὸς
2057 4914 2155 4984 οὐχ
2186 4914 2399 4968 ἵσταται
2438 4915 2598 4987 μέχρι
2622 4916 2730 4968 τῶν
2763 4917 3002 4988 ἐλέγχων
3023 4958 3037 4983 ,
3088 4919 3225 4973 ἀλλὰ
3269 4922 3363 4974 καὶ
3391 4924 3472 4976 δι-

1867 4997 2165 5050 δασκαλίαν
2203 4998 2413 5063 τούτοις
2458 5000 2805 5071 προστίθησι,
2852 5001 3059 5070 λέγων·
3127 4988 3471 5075 Ἐργάζεσθε

1864 5080 1949 5152 μὴ
1978 5081 2093 5149 τὴν
2109 5082 2347 5151 ,ϐρῶσιν
2370 5083 2485 5151 τὴν
2513 5075 2971 5153 ἀπολλυμένην,
2996 5088 3159 5142 ἀλλὰ
3180 5090 3294 5157 τὴν
3313 5092 3472 5159 ,ϐρῶς

1869 5179 1973 5216 σιν
1996 5162 2109 5230 τὴν
2144 5165 2459 5233 μένουσαν
2496 5167 2584 5231 είς
2617 5164 2771 5233 ζωὴν
2817 5166 3097 5236 αἰώνιον,
3142 5168 3222 5237 ἢν
3260 5174 3293 5225 ὀ
3336 5175 3470 5240 Υἱὸς

1866 5247 1973 5301 τοῦ
2002 5246 2319 5316 ἀνθρώπου
2346 5248 2596 5303 δίδωσιν
2642 5250 2805 5318 ὑμῖν.
2852 5252 3075 5305 Τοῦτον
3101 5252 3251 5328 [259]
3293 5256 3407 5324 γὰρ
3436 5262 3470 5311 ὀ

1864 5330 2072 5397 Πατὴρ
2118 5330 2503 5401 ἐσφράγισεν
2534 5336 2565 5387 ὀ
2598 5336 2761 5398 Θεός.
2803 5336 2866 5387 Ὀ
2895 5335 2952 5388 δὲ
3006 5335 3174 5405 λέγει,
3225 5341 3469 5394 τοιοῦτόν

1864 5415 2020 5465 ἐστι’
2051 5412 2253 5485 Μηδεὶς
2294 5416 2420 5486 ὑμῖν
2450 5416 2592 5469 ἔστω
2651 5419 2807 5487 λόγος
2851 5419 3058 5490 ταύτης
3106 5422 3207 5493 τῆς
3232 5424 3464 5495 τροφῆς.

1864 5498 1977 5555 ἀλλ’
2001 5498 2216 5570 ἐκείνης
2238 5501 2337 5571 τῆς
2364 5502 2760 5573 πνευματικῆς.
2806 5504 2945 5557 Ἀλλ’
2975 5506 3161 5578 ἐπειδή
3187 5525 3332 5569 τινες
3356 5508 3465 5563 τῶν

1864 5583 2207 5667 βουλομένων
2240 5584 2429 5657 ἀργῶς
2458 5587 2755 5658 τρέφεσθαι
2780 5632 2794 5655 ,
2834 5590 3245 5663 ἀποκέχρηνται
3287 5593 3466 5667 τούτῳ

1859 5666 1938 5737 τῷ
1969 5665 2136 5740 λόγῳ,
2167 5669 2245 5733 ὡς
2274 5670 2373 5740 τὴν
2404 5671 2669 5742 ἐργασίαν
2690 5673 3052 5738 ἐκκόπτοντπ
3079 5674 3172 5729 τοῦ
3196 5665 3462 5748 Χριστοῦ,

1859 5750 2116 5823 εὐκαιρον
2146 5752 2238 5805 καὶ
2269 5753 2408 5823 πρὸς
2452 5756 2651 5819 αὐτοὺς
2687 5758 2884 5811 εἰπεῖν.
2918 5758 3083 5813 Ὃλον
3125 5758 3255 5831 γὰρ,
3283 5762 3359 5825 ὼς
3386 5764 3465 5815 εἰ·

1862 5838 2002 5901 πεῖν,
2031 5834 2378 5891 διαϐάλλουσι
2424 5837 2515 5891 τὸν
2558 5838 3014 5913 Χριστιανισμδν,
3049 5844 3145 5897 καὶ
3177 5846 3268 5899 ἐπὶ
3295 5846 3464 5918 ἀργίᾳ

1864 5971 1949 6083 “11>
1971 5971 2121 6073 ῗρςίι.
2150 5975 2351 6034 σημείου
2372 5978 2618 6039 )έγων.οὐ
2640 5979 2728 6046 γὰρ
2754 5980 2806 6029 τὸ
2827 5978 3039 6042 θαῦμαύ.
3057 5983 3118 6039 ἐξ.
3146 5983 3275 6044 φησί.
3323 5985 3347 6015 θ
3369 5984 3455 6034 δίι-

1882 6050 1885 6053 ’
1942 6069 1949 6076 .
1990 6051 2190 6083 θέλουσι.

1882 6050 1949 6083 τιι.
1981 6050 2190 6083 ελκονσι.
