4164 6324
736 387 844 446 ειν

733 486 1111 563 κωμῳδεῖσθαι
1142 483 1637 556 παρασκευάζουσι.
1699 476 1971 553 Πρότερον
2019 480 2076 533 δὲ
2129 483 2301 534 εἰπεῖν

734 578 1023 647 ἀναγκαῖον
1047 572 1108 625 τὸ
1134 569 1227 623 τοῦ
1258 568 1491 624 Παύλου.
1523 569 1587 621 Τί
1615 567 1673 647 δέ
1702 568 1908 629 ἐκεῖνός
1937 582 2104 647 φησις
2141 569 2302 647 Μνη-

726 644 1008 728 μονεύετε
1048 648 1155 728 τοῦ
1188 649 1407 728 Κυρίου
1445 646 1751 728 εἰρηκότος
1770 662 1796 728 '_
1833 644 2140 728 Μακάριόν
2167 644 2297 728 ἐστι

728 720 958 787 διδόναι
986 726 1228 797 μᾶλλον
1254 725 1293 794 ἣ
1323 723 1667 795 λαμϐάνειν.
1692 721 1880 797 Καίτοι
1906 722 2071 776 πόθεν
2102 720 2168 774 ἂν
2200 722 2297 790 γέ-

729 824 871 862 νοιτο
923 796 1118 859 διδόναι
1154 802 1231 872 τῷ
1263 804 1362 856 οὐκ
1401 802 1612 873 ἔχοντα
1670 801 1793 865 Πῶς
1821 796 1915 853 οὖν
1948 803 2012 871 τῇ
2043 798 2243 870 Μάρθα
2272 801 2300 852 6

741 886 945 959 Ἰησοῦς
969 881 1120 937 εἶπεν
1142 898 1157 913 ’
1191 880 1490 951 Μεριμνᾷς
1518 878 1893 959 νκηίτυρδὰζῃ
1925 878 2056 959 περὶ
2077 877 2296 959 πομρι,

724 954 867 1031 ἑνός
887 962 953 1016 δέ
978 963 1108 1017 ἐστι
1128 963 1300 1031 χρεία
1318 976 1331 989 ·
1367 958 1562 1028 Μαρία
1583 957 1651 1012 δέ
1681 957 1797 1025 τὴν
1837 956 2072 1026 ἀγαθὴν
2084 954 2301 1024 μερίδα

726 1042 1045 1110 ἐξελέξατο
1070 1056 1083 1071 ο
1122 1040 1215 1093 καὶ
1253 1038 1439 1101 πάλιν,
1478 1036 1577 1107 Μὴ
1618 1036 2027 1106 μεριμνήσητε
2071 1038 2159 1099 εἰς
2185 1033 2302 1102 τὴν

727 1124 954 1193 αὔριον.
992 1120 1307 1193 Ἀναγκαῖον
1325 1118 1432 1189 γὰρ
1448 1118 1624 1171 πάντα
1642 1116 1737 1171 νῦν
1772 1116 1945 1170 ταῦτα
1974 1114 2224 1169 ἐπιλῦσαι
2244 1127 2294 1181 ι,

727 1190 823 1271 οὐχ
849 1201 933 1254 ῖνα
972 1198 1128 1269 μόνον
1168 1190 1465 1264 παύσωμεν
1514 1196 1711 1258 αὐτοὺς
1741 1196 1862 1265 ἀργ·
1886 1194 2066 1257 Ἱντας,
2096 1196 2145 1247 εἰ
2176 1192 2303 1264 βού-

726 1278 918 1343 λοιντο,
954 1276 1067 1331 ἀλλ’
1092 1276 1180 1329 ῖνα
1213 1276 1287 1346 μὴ
1316 1276 1494 1346 μάχην
1521 1275 1760 1343 εἰσάγειν
1791 1273 1913 1326 τινὰ
1945 1273 2207 1343 δείξωμεν
2232 1273 2300 1327 16

725 1357 877 1426 λόγια
904 1354 998 1409 τοῦ
1027 1353 1183 1409 Θεοῦ.
1218 1355 1327 1407 K61
1351 1354 1458 1423 γὰρ
1482 1354 1575 1407 1:61
1602 1352 1836 1423 ἀλλαχοῦ
1882 1368 2044 1423 φησιν
2064 1353 2091 1404 6
2137 1352 2299 1405 Ἀπό-

726 1436 907 1499 στολος
930 1452 943 1464 ·
978 1430 1446 1501 Παρακαλοῦμεν
1482 1432 1550 1485 δὲ
1589 1431 1744 1501 ὑμᾶς
1772 1432 2156 1501 περισσεύειν
2199 1432 2300 1486 καί

725 1512 1173 1584 φιλοτιμεῖσθαι,
1219 1511 1542 1580 ἡσυχάζειν
1585 1513 1683 1566 καί
1730 1511 2033 1580 πράσσειν
2055 1511 2127 1564 τὰ
2155 1510 2293 1571 ἴδια,

726 1593 825 1645 ἵνα
847 1591 1231 1659 εὐσχημόνως
1256 1590 1617 1659 περιπατῆτε
1661 1592 1811 1659 πρὸς
1840 1590 1979 1655 τοὺς
2008 1589 2123 1653 ἔξω
2143 1607 2157 1619 ·
2205 1591 2298 1641 καὶ

727 1670 904 1732 πάλιν,
939 1671 991 1720 '0
1019 1667 1310 1731 κλέπτων,
1346 1669 1560 1737 μηκέτι
1600 1670 1903 1725 κλεπτέτω
1925 1685 1941 1699 ⁶
1962 1667 2202 1738 μᾶλλον
2231 1668 2299 1721 δὲ

724 1750 980 1802 κοπιάτω
1006 1746 1386 1816 ἐργαζόμενος
1415 1747 1542 1813 ταῖς
1580 1747 1755 1813 ίδίαις
1781 1749 2013 1817 χερσίν,
2044 1749 2142 1800 ἵνα
2184 1748 2295 1816 ἔχῃ

717 1823 1095 1894 μεταδιδόναι
1144 1822 1221 1889 τῷ
1273 1825 1486 1892 χρείαν
1539 1825 1761 1894 ἔχοντι.
1826 1825 2089 1878 Ἐνταῦθα
2135 1826 2241 1895 γὰρ
2268 1830 2297 1879 6

724 1905 931 1967 Παῦλος
961 1903 1079 1956 οὐδὲ
1113 1902 1297 1966 ἁπλῶς
1324 1903 1653 1973 ἐργάζεσθαι
1675 1905 1980 1969 ἐκέλευσεν,
2015 1906 2127 1958 ἀλλ’
2156 1905 2298 1958 οὓτω

725 1982 863 2053 μετά
888 1982 1069 2046 πόνου,
1092 1982 1165 2042 ὼς
1188 1981 1330 2050 ἔχειν
1358 1982 1604 2035 ἐντεῦθεν
1625 1984 1717 2035 1:61
1742 1983 1913 2053 ἑτέρῳ
1938 1983 2293 2053 μεταδιδόναι.

724 2061 833 2113 K61
868 2060 1089 2130 ἑτέρωθι
1130 2059 1287 2113 πάλιν
1320 2061 1348 2112 6
1372 2059 1533 2121 αὐτὸς
1574 2060 1741 2129 λέγει,
1776 2060 1908 2126 Ταῖς
1935 2063 2161 2131 χρείαις
2176 2079 2297 2130 μου

723 2138 821 2191 καί
851 2137 971 2202 τοῖς
997 2132 1137 2191 οὖσι
1156 2135 1280 2206 μετ’
1301 2136 1447 2204 ἐμοῦ
1473 2136 1860 2205 ὑπηρέτησαν
1883 2142 1941 2191 αί
1970 2138 2166 2207 χεῖρες
2187 2136 2295 2193 αὖ·

723 2232 834 2268 ται.
871 2215 979 2269 Καὶ
1009 2214 1313 2285 Κορινθίοις
1354 2215 1411 2266 δὲ
1453 2215 1781 2268 ἐπιστέλλων
1825 2215 1977 2283 ἔλεγε
2000 2234 2011 2247 ·
2050 2220 2145 2282 Τίς
2182 2215 2297 2281 οὖν

716 2293 823 2361 μοί
850 2294 1018 2346 ἐστιν
1045 2295 1077 2345 o'
1094 2284 1343 2360 μισθός
1372 2292 1507 2345 Ἵνα
1528 2292 2041 2364 εὐαγγελιζόμενος
2064 2295 2295 2350 ἀδάπα-

722 2387 835 2424 νον
855 2368 1018 2435 θήσω
1036 2369 1491 2439 τὸΕ-ὐαγ-γέλιον.
1532 2372 1641 2424 K61
1672 2374 1729 2424 6v
1757 2375 1822 2443 τῇ
1847 2372 2000 2424 πόλει
2031 2374 2087 2427 66
2110 2376 2295 2448 ἐκείνῃ

722 2448 1029 2518 γενόμενος,
1064 2448 1268 2513 Ἕμενε
1294 2448 1443 2516 πρὸς
1493 2448 1748 2503 Ἀκύλαν
1775 2450 1875 2503 καί
1897 2452 2291 2521 Πρίσκιλλαν,

722 2529 819 2581 καί
848 2526 1154 2596 εἰργάζετο.
1177 2521 1372 2581 Ἦσαν
1392 2528 1502 2596 γὰρ
1530 2530 1881 2597 σκηνοποιοὶ
1905 2529 2020 2599 τὴν
2049 2532 2290 2601 τέχνην.

735 2606 893 2660 Ἀλλὰ
926 2604 1094 2658 ταῦτα
1122 2606 1219 2674 τὴν
1253 2606 1433 2676 μάχην
1476 2607 1714 2660 δείκνυσι
1760 2608 2120 2679 σφοδροτέραν
2156 2612 2297 2664 κατὰ

723 2684 786 2738 τὸ
806 2684 984 2754 ρητόν.
1019 2683 1222 2736 οὐκοῦν
1246 2684 1454 2753 ἀνάγκη
1477 2684 1660 2737 λοιπὸν
1688 2685 1782 2756 τὴν
1802 2684 1954 2738 λύσιν
1976 2688 2293 2755 ἐπαγαγεῖν.

795 2762 859 2813 Τί
884 2756 976 2813 οῦν
1010 2760 1072 2812 ἂν
1110 2760 1351 2826 εἴποιμεν
1385 2761 1520 2829 πρὸς
1565 2761 1774 2825 ταῦτα;
1822 2764 1943 2815 Ὀτι
1989 2761 2048 2813 τὸ
2096 2765 2169 2834 μὴ
2202 2781 2297 2833 με-

725 2841 921 2911 ριμνᾷν
944 2839 1003 2890 οὐ
1032 2838 1092 2890 τὸ
1118 2841 1190 2907 μὴ
1228 2837 1550 2905 ἐργάζεσθαί
1580 2840 1746 2900 ἐστιν,
1766 2840 1901 2892 ἀλλά
1913 2841 1972 2893 16
1988 2840 2061 2911 μὴ
2084 2857 2292 2911 προση-

723 2918 923 2971 λῶσθαι
968 2919 1075 2979 τοῖς
1129 2916 1397 2985 βιωτικοῖς
1444 2918 1767 2988 πράγμασι·
1812 2924 2079 2983 τουτέστι,
2117 2920 2178 2972 16
2218 2920 2294 2993 μὴ

726 2996 989 3050 ποιεῖσθαι
1016 2995 1266 3065 φροντίδα
1298 2996 1423 3066 περὶ
1454 2997 1555 3063 τῆς
1586 2997 1664 3060 εἰς
1693 2995 1878 3067 αῦριον
1906 2997 2292 3065 ἀναπαύσεως,

723 3075 861 3129 ἀλλὰ
890 3074 1159 3144 πάρεργον
1215 3072 1378 3143 αὐτὴν
1428 3070 1566 3126 εἶναι
1599 3075 1858 3145 νομίζειν.
1923 3076 2136 3129 ’Ένεστι
2182 3077 2293 3148 γὰρ

724 3155 818 3207 καὶ
848 3153 1204 3223 ἐργαζόμενον
1229 3191 1242 3215 ,
1277 3151 1441 3223 μηδὲν
1469 3153 1549 3214 είς
1576 3152 1674 3222 τὴν
1706 3152 1897 3224 αὔριον
1926 3154 2293 3225 θησαυρίζειν,

724 3234 819 3286 καὶ
864 3233 1064 3284 ἔνεστιν
1117 3230 1501 3300 ἐργαζόμενον,
1535 3232 1699 3301 μηδὲν
1754 3236 2039 3303 μεριμνᾷν.
2075 3235 2149 3286 Οὐ
2187 3234 2294 3305 γὰρ

722 3311 915 3364 ταύτόν
959 3311 1072 3362 ἐστι
1106 3310 1344 3379 μέριμνα
1379 3310 1471 3363 καὶ
1504 3312 1755 3382 ἐργασία.
1788 3312 1923 3364 Οὐδέ
1968 3312 2076 3383 γὰρ
2116 3311 2189 3375 ὡς
2218 3312 2296 3383 τῷ

725 3391 868 3462 ἔργῳ
918 3387 1132 3459 θαρρῶν
1171 3387 1459 3457 ἐργάζεταί
1518 3406 1622 3451 τις,
1683 3390 1799 3462 ἀλλ’
1835 3390 1923 3443 ἴνα
1956 3389 2169 3460 μεταδῷ
2216 3391 2294 3461 τῷ

724 3458 909 3540 χρείαν
935 3458 1127 3538 ἔχοντι.
1176 3467 1285 3519 K61
1316 3466 1376 3519 16
1404 3468 1538 3537 1:96;
1567 3458 1797 3537 Μάρθαν
1830 3468 1885 3520 δὲ
1912 3458 2200 3540 εἰρημένον
2231 3458 2293 3521 οὐ

725 3550 852 3619 περὶ
881 3546 1040 3616 ἔργου
1072 3545 1165 3599 1:61
1212 3545 1470 3617 ἐργασίας
1503 3547 1669 3610 ἐστὶν,
1719 3546 1853 3600 ἀλλά
1887 3550 2017 3618 περὶ
2055 3547 2148 3599 τοῦ
2186 3546 2294 3599 δεῖν

724 3624 909 3696 καιρὸν
952 3624 1150 3676 εἰδέναι
1176 3663 1189 3685 ,
1226 3626 1322 3676 1:61
1370 3622 1444 3692 μὴ
1487 3622 1577 3675 τὸν
1609 3623 1708 3692 τῆς
1747 3625 2064 3694 ἀκροάσεως
2105 3625 2295 3695 χρόνον

728 3704 861 3770 11,6;
893 3701 963 3755 16
994 3700 1371 3775 σαρκικώτερα
1393 3700 1722 3755 ἀναλίσκειν.
1760 3704 1835 3754 Οὐ
1866 3704 2045 3756 τοίνυν
2075 3705 2155 3766 εἰς
2193 3705 2295 3773 ἀρ-

725 3783 850 3849 γίαν
870 3781 1037 3852 αὐτὴν
1060 3780 1361 3851 ἐμϐάλλων,
1386 3778 1557 3848 ταῦτα
1608 3779 1809 3849 ἔλεγεν,
1844 3782 1981 3834 ἀλλά
2006 3782 2294 3853 προσηλῶν

724 3865 790 3933 τῇ
814 3861 1088 3932 ἀκροάσει.
1128 3856 1534 3930 Παρεγενόμην,
1572 3860 1758 3929 φησὶν,
1803 3860 2027 3925 διδάξων
2055 3863 2200 3933 ὑμᾶς
2228 3862 2297 3915 τὰ

723 3942 941 3995 δέοντα*
976 3941 1039 3992 σὺ
1061 3940 1117 3993 66
1144 3939 1273 4009 περὶ
1299 3937 1519 4009 ἀριστον
1566 3938 1942 4007 ἐσπούδακας;
2004 3940 2293 4006 Ὑποδέξα..

730 4018 852 4072 οθαί
883 4035 950 4088 με
981 4018 1179 4087 βούλει,
1205 4016 1300 4069 1:61
1329 4014 1593 4086 πολυτελῆ
1634 4021 2049 4086 παρασκευάσαι
2086 4020 2291 4091 τράπε.

728 4094 859 4159 ζαν;
903 4095 1125 4165 Ἑτέραν
1151 4096 1569 4167 παρασκεύασον
1598 4098 1860 4161 ἐπίασιν,
1891 4097 1986 4167 τὴν
2005 4100 2142 4167 μετὰ
2162 4116 2297 4169 προ-

725 4170 922 4243 θυμίας
959 4172 1217 4244 ἀκρόασιν
1250 4191 1339 4244 μοι
1366 4175 1735 4247 παρεχομένη,
1786 4176 1880 4229 1:61
1907 4179 1997 4229 16v
2018 4176 2116 4247 τῆς
2143 4178 2296 4230 ἀδελ-

724 4252 829 4322 φῆς
860 4252 1164 4325 μιμουμένη
1197 4252 1379 4309 πόθον.
1430 4253 1566 4307 Οὔτε
1600 4250 1693 4308 οὖν
1729 4255 1827 4325 τὴν
1864 4252 2165 4323 φιλοξενίαν
2192 4272 2297 4308 κω·

722 4331 863 4385 λύων
898 4331 1072 4385 ταῦτα
1095 4332 1277 4401 ἐλεγεν
1298 4351 1312 4364 ·
1353 4333 1564 4401 ἄπαγε’
1618 4332 1732 4397 πῶς
1762 4334 1908 4404 γάρ;
1943 4332 2079 4385 ἀλλὰ
2121 4333 2183 4386 16
2218 4335 2293 4407 μὴ

720 4411 830 4464 δεῖν
851 4411 908 4463 ἐν
936 4410 1249 4480 ἀκροάσεως
1278 4412 1455 4482 καιρῷ
1479 4413 1606 4482 περὶ
1637 4412 1798 4480 ἕτερα
1838 4411 2190 4483 ὴσχολῆσθαι.
2219 4414 2292 4467 Τὸ

720 4489 779 4543 δέ
816 4489 1015 4557 λέγειν,
1044 4489 1143 4557 Μὴ
1190 4490 1502 4559 ἐργάζεσθε
1529 4490 1645 4555 τὴν
1692 4489 1927 4559 ,βρῶσιν
1956 4491 2073 4559 τὴν
2104 4492 2294 4546 ἀπολ-

719 4567 1010 4637 λυμένην,
1049 4566 1197 4641 [260]
1245 4570 1306 4622 οὐ
1354 4568 1513 4623 τοῦτό
1545 4572 1691 4622 ἐστιν
1722 4569 2113 4639 αἰνιττομένου,
2149 4570 2290 4623 ὥστε

717 4645 829 4699 δεῖν
856 4648 1045 4719 ἀργεῖν
1063 4664 1078 4677 ·
1110 4648 1204 4702 1:61
1229 4648 1337 4718 γὰρ
1365 4650 1460 4701 καὶ
1487 4646 1643 4701 τοῦτο
1670 4648 1905 4719 μάλιστα
1945 4647 2290 4719 ἀπολλυμένη

723 4724 923 4795 βρῶσίς
954 4728 1087 4779 ἐστι·
1121 4724 1363 4795 (Πᾶσαν
1388 4725 1496 4797 γὰρ
1535 4725 1649 4795 τὴν
1674 4729 1890 4781 κακίαν
1947 4726 2222 4790 ἐδίδαξεν
2252 4727 2291 4795 ἠ

720 4806 917 4875 ἀρτία)
935 4824 948 4836 ·
966 4806 1081 4860 ἀλλ’
1110 4808 1248 4862 ὥστε
1276 4809 1599 4880 ἐργάζεσθαι
1618 4808 1711 4863 1:61
1741 4808 2095 4879 μεταδιδόναι.
2123 4807 2295 4861 Τοῦτο

721 4883 831 4955 γὰρ
875 4884 973 4937 οὐκ
1010 4879 1350 4956 ἀπολλυμένη
1385 4885 1587 4958 βρῶσίς
1615 4890 1731 4940 ἐστι
1776 4886 1979 4939 λοιπόν.
2041 4879 2184 4958 Ε’ἰδέ
2211 4906 2295 4951 τις

721 4961 904 5031 ἀργῶν
929 4962 1271 5033 γαστρίζοιτο
1304 4964 1397 5017 1:61
1423 4956 1635 5034 τρυφῆς
1664 4963 1991 5033 ἐπιμελοῖτο,
2024 4956 2178 5028 οὗτος
2195 4966 2295 5037 τὴν

721 5038 923 5111 βρῶσιν
977 5042 1265 5113 ἐργάζεται
1312 5043 1409 5111 τὴν
1461 5042 1872 5113 ἀπολλυμένην*
1906 5042 2093 5114 ὥσπερ
2132 5045 2186 5097 εί
2212 5062 2295 5109 τις

720 5118 1083 5187 ἐργαζόμενος
1108 5119 1200 5173 τὸν
1224 5119 1455 5191 Χριστὸν
1472 5122 1678 5190 τρέφοι,
1696 5122 1788 5175 καὶ
1819 5122 2047 5188 ποτίζοι,
2081 5125 2174 5177 1:61
2206 5126 2294 5178 ὲν-

721 5194 852 5260 δύοι,
886 5196 1061 5259 οὐδεὶς
1104 5196 1275 5263 οὕτως
1318 5198 1644 5269 ἀναίσθητος
1702 5201 1797 5254 1:61
1844 5201 2061 5272 ἀμαθὴς
2108 5203 2159 5263 δ.
2217 5204 2294 5269 ὡς

722 5273 916 5353 εἰπεῖν,
942 5274 1319 5353 ἀπολλυμένην
1346 5276 1547 5349 βρῶσιν
1572 5278 1898 5349 ἐργάζεσθαι
1917 5280 2009 5333 τὸν
2031 5280 2290 5349 τοιοῦτον,
2317 5348 2323 5353 ι

721 5351 788 5430 δι’
815 5352 880 5420 ἢν
900 5352 999 5421 τῆς
1034 5352 1307 5421 βασιλείας
1332 5357 1365 5427 ἠ
1413 5356 1709 5425 ἐπαγγελία
1742 5357 1841 5427 τῆς
1873 5358 2171 5430 μελλούσης
2198 5362 2291 5415 1:61

721 5429 828 5512 τῶν
860 5430 1086 5512 ἀγαθῶν.
1122 5432 1363 5512 ἐκείνων.
1394 5435 1540 5506 Αὕτη
1591 5435 1699 5508 γὰρ
1748 5437 1896 5505 μένει
1942 5437 2205 5507 διηνεκῶς
2254 5443 2287 5512 η
2353 5437 2366 5455 '

725 5506 941 5579 βρῶσις.
975 5508 1179 5573 Ἄλλως
1204 5511 1282 5575 66,
1314 5513 1408 5564 1:61
1448 5515 1567 5567 τότε
1611 5506 1676 5567 δέ
1708 5514 1893 5585 ἐπειδὴ
1920 5506 2022 5585 τῆς
2057 5518 2158 5585 μὲν
2201 5506 2293 5571 πίλ

724 5603 889 5668 στεως
941 5588 1129 5642 οὐδένα
1189 5590 1345 5659 λόγον
1382 5593 1690 5659 ἐποιοῦντο,
1723 5594 1845 5647 οὐδέ
1892 5595 2159 5649 ἐσκόπουν
2188 5615 2291 5668 μα-

724 5666 851 5746 θεῖν,
881 5668 962 5729 τίς
986 5670 1014 5721 ὁ
1039 5668 1211 5723 ταῦτα
1234 5670 1615 5742 ἐργαζόμενος,
1643 5674 1735 5726 1:61
1766 5675 1894 5744 ποίᾳ
1936 5676 2161 5746 δυνάμει
2231 5677 2290 5731 6v

606 5818 609 5823 Ι
718 5741 775 5823 δέ
808 5746 965 5813 μόνον
1006 5746 1305 5813 ἐϐούλοντο,
1350 5741 1738 5821 γαστρίζεσθαι
1794 5741 1958 5823 μηδὲν
1990 5741 2287 5819 ποιοῦντες,

717 5822 818 5893 τὴν
844 5824 1099 5897 τοιαύτην
1143 5829 1348 5900 τροφὴν
1401 5830 1626 5890 εἰκότως
1676 5822 1876 5900 βρῶσιν
1913 5831 2289 5904 ἀπολλυμένην

724 5912 983 6033 ne;
1006 5916 1071 5978 μή
1093 5920 1605 5983 μεριμνᾶτε,,φησὶν,...
1641 5919 1880 5971 διαλῦσαι.
1953 5922 1980 5961 b
2020 5920 2171 5972 Savil.
2199 5922 2281 5972 καὶ

1406 373 1463 429 S.
1501 368 1782 427 JOANNIS
1817 366 2297 424 ειιιπεοετθτιιι
2338 365 2658 423 ΑΠΟΗΙΕΡ.
2695 360 3246 423 CONSTANTINUP.

2401 480 2678 534 ἐκάλεσεν.
2713 477 2957 549 Ἐθρεψα
2987 477 3141 546 ὐμῶν
3169 475 3239 529 16
3272 475 3521 545 σώματα,
3545 474 3731 545 φησὶν,
3767 473 3855 530 ἵνα
3880 479 4007 531 61:6-

2397 559 2588 612 τούτου
2607 559 2705 629 τὴν
2726 557 2918 628 ἑτέραν
2936 555 3303 626 ἐπιζητήσητε
3321 552 3550 623 τροφὴν,
3574 554 3671 624 τὴν
3698 554 3990 624 μένουσαν,

2401 637 2502 707 τὴν
2526 637 2829 707 τρέφουσαν
2857 634 3011 705 ὐμῶν
3035 633 3133 704 τὴν
3160 633 3340 703 ψυχήν
3360 647 3373 661 ⁸
3409 631 3565 702 ὑμεῖς
3600 632 3655 684 δὲ
3702 633 3867 687 πάλιν
3896 636 3991 687 61:1

2402 715 2503 788 τὴν
2535 717 2728 786 γητνην
2761 714 3002 784 τρέχετε.
3023 711 3125 765 Διά
3149 710 3308 763 τοῦτο
3332 709 3391 762 οὐ
3422 708 3631 761 συνίετε
3654 710 3737 763 ὅτι
3768 712 3873 765 οὐκ
3900 714 3992 765 61:1

2401 797 2602 867 ταύτην
2636 795 2778 868 ὑμᾶς
2798 796 2917 863 ἄγω
2940 794 3040 865 τὴν
3068 792 3254 864 ἀτελῆ,
3290 791 3406 845 ἀλλ’
3431 792 3519 844 ἐπ’
3550 792 3765 863 ἐκείνην
3798 794 3901 866 τὴν
3931 796 3991 847 οὐ

2401 877 2730 948 πρόσκαιρον
2770 873 3117 945 παρέχουσαν
3147 871 3311 943 ζωὴν,
3350 870 3472 948 ἀλλ’
3527 870 3765 936 αἰώνιον,
3799 875 3904 946 τὴν
3931 875 4005 927 οὐ.

2403 945 2582 1025 σῶμα,
2606 945 2743 1007 ἀλλὰ
2765 952 2943 1022 ψυχὴν
2962 952 3287 1022 τρέφουσαν,
3307 945 3439 1002 Εἶτα
3467 949 3654 1021 ἐπειδὴ
3677 950 3825 1005 οὕτω

2401 1034 2527 1103 περί
2555 1032 2747 1087 ἐαυτοῦ
2772 1030 3095 1101 ἐφθέγξατο,
3120 1032 3216 1083 1:61
3246 1028 3447 1101 ἔφησεν
3475 1029 3637 1094 αὐτὸς
3665 1029 3862 1085 δώσειν
3893 1031 3997 1087 αὐ-

2399 1111 2520 1181 τὴν,
2556 1113 2642 1164 ῖνα
2676 1111 2750 1181 μὴ
2787 1110 2942 1163 πάλιν
2966 1108 3152 1172 αὐτοῖς
3174 1109 3384 1179 προστῇ
3411 1106 3473 1160 16
3498 1106 3815 1179 λεγόμενον,
3836 1108 3991 1175 ἀξιό-

2400 1207 2594 1244 πιστον
2610 1190 2702 1243 τὸν
2718 1190 2877 1257 λόγον
2911 1187 3102 1251 ποιῶν,
3130 1189 3221 1241 ἐπὶ
3250 1186 3343 1239 16v
3360 1186 3583 1257 Πατέρα
3603 1187 3700 1258 τὴν
3720 1187 3993 1260 χορηγίαν

2399 1269 2570 1340 αὐτῆς
2600 1264 3004 1337 ἀνάγει.Είπὼν
3034 1267 3162 1337 γὰρ,
3188 1268 3304 1321 Ἦν
3322 1268 3355 1320 ό
3390 1265 3525 1331 Υἱὸς
3537 1264 3645 1320 τοῦ
3672 1265 3995 1334 ἀνθρώπου

2401 1346 2579 1417 δώσει
2610 1348 2773 1417 ὑμῖν,
2797 1347 3068 1417 ἐπήγαγε,
3094 1344 3315 1401 Τοῦτον
3342 1345 3455 1414 γὰρ
3474 1347 3508 1398 ό
3530 1343 3734 1413 Πατὴρ
3759 1343 3993 1414 ἐσφρά-

2400 1439 2572 1495 γισεν
2598 1428 2633 1479 ό
2664 1425 2807 1491 Θεός
2826 1441 2843 1458 ·
2877 1423 3177 1485 τουτέστιν,
3206 1422 3301 1476 61:1
3331 1421 3507 1492 τούτῳ
3533 1422 3749 1493 έπεμψε
3783 1423 3994 1494 ταύτην

2401 1504 2528 1574 ὑμῖν
2558 1504 2853 1575 κομίζοντα
2878 1503 2979 1573 τὴν
3004 1503 3233 1574 τροφήν.
3266 1500 3429 1571 Δηλοῖ
3449 1502 3509 1554 δέ
3539 1503 3632 1555 καὶ
3662 1496 3863 1570 ἑτέραν
3899 1501 3994 1573 ἐρα

2404 1583 2625 1654 μηνείαν
2657 1585 2690 1654 ἡ
2719 1583 2882 1650 λέξις.
2914 1583 3025 1636 K61
3062 1582 3172 1651 γὰρ
3202 1581 3295 1634 1:61
3328 1579 3562 1650 ἀλλαχοῦ
3595 1595 3761 1651 φησιν
3791 1582 3823 1633 δ
3864 1580 3995 1651 X9:-

2401 1662 2522 1723 στός
2542 1677 2554 1692 ⁸
2601 1662 2663 1714 '0
2692 1662 2931 1716 ιίκούων
2941 1677 3061 1730 μου
3086 1658 3230 1725 τοὺς
3259 1659 3502 1729 λόγους,
3522 1659 3744 1713 τοῦτον
3760 1658 3996 1728 ἐσφρὰ-

2398 1756 2571 1809 τισεν
2594 1744 2626 1794 ὀ
2646 1740 2868 1807 Πατὴρ,
2897 1739 2985 1793 δτι
3008 1742 3041 1793 d
3063 1738 3208 1803 Θεὸς
3233 1736 3466 1805 ἀληθής
3496 1738 3631 1791 ἐστι
3647 1754 3662 1769 ·
3682 1738 3992 1801 τουτέστιν,

2398 1818 2677 1883 ἀπέδειξεν
2705 1819 3113 1890 ἀναπιρρήτως
3134 1834 3146 1847 ·
3174 1816 3203 1868 6
3239 1815 3303 1887 δή
3343 1833 3434 1886 μοι
3458 1815 3609 1869 δοκεῖ
3635 1816 3728 1869 καὶ
3749 1815 3996 1872 ἐνταῦθα

2399 1899 2433 1967 η
2458 1893 2599 1961 λέξις
2617 1896 2970 1951 αἰνίττεσθαι.
2991 1895 3157 1949 Οὐδὲν
3179 1893 3288 1965 γάρ
3320 1896 3468 1948 ἐστιν
3484 1893 3612 1948 ἀλλο
3631 1895 3999 1964 16.1909196-

2400 1994 2571 2046 γισεν
2600 1981 2632 2031 ὀ
2653 1976 2880 2045 Πατὴρ,
2908 1974 3023 2030 ἀλλ’
3054 1975 3087 2045 ἢ
3111 1973 3413 2040 ἀπέδειξεν,
3446 1972 3755 2044 ἐξεκάλυψε·
3777 1974 3871 2027 6:6
3892 1974 3996 2046 τῆς

2398 2055 2563 2108 αὐτοῦ
2601 2056 2925 2126 μαρτυρίας.
2953 2052 3161 2119 Ἔδειξε
3191 2052 3289 2122 μέν
3321 2050 3430 2122 γὰρ
3452 2053 3545 2105 καὶ
3572 2052 3737 2116 αὐτὸς
3770 2052 3992 2105 ἑαυτόν·

2396 2134 2661 2204 ἐπειδὴδὲ
2687 2135 2824 2204 πρὸς
2857 2133 3142 2195 Ἰουδαίους
3170 2128 3441 2198 διελέγετο
3460 2168 3477 2195 ,
3502 2130 3603 2201 τὴν
3640 2129 3735 2184 τοῦ
3768 2130 4003 2203 Πατρδς

2399 2213 2707 2282 μαρτυρίαν
2740 2213 2820 2275 εἰς
2861 2210 3027 2282 μέσον
3054 2211 3249 2281 ῆγαγε.

2469 2291 2533 2360 β’.
2568 2289 2839 2358 Μάθωμεν
2882 2290 3061 2343 τοίνυν
3086 2329 3102 2354 ,
3141 2288 3433 2359 ἀγαπητοὶ,
3467 2285 3641 2342 ταῦτα
3666 2288 3840 2342 αίτεῖν
3887 2285 3989 2341 τὸν

2396 2368 2549 2433 Θεὸν,
2578 2369 2615 2422 ἃ
2661 2369 2810 2435 ἄξιόν
2865 2369 2980 2422 ἐστι
3036 2370 3170 2439 παρ’
3199 2366 3362 2420 αὐτοῦ
3394 2368 3583 2421 αἰτεῖν.
3634 2367 3847 2420 Ἐκεῖνα
3883 2366 4001 2437 μὲν

2396 2447 2526 2518 γὰρ,
2560 2448 2707 2511 ὅπως
2736 2447 2802 2500 ἂν
2824 2445 2985 2519 τύχῃ,
3014 2447 3083 2500 τὰ
3119 2445 3347 2517 βιωτικά
3379 2444 3547 2513 λέγω,
3597 2443 3804 2515 βλάϐην
3829 2444 3993 2498 066e-

2401 2527 2530 2597 μίαν
2560 2527 2734 2597 φέρει.
2766 2527 2866 2581 ’Ἂν
2896 2544 2956 2579 τε
2986 2525 3099 2597 γὰρ
3118 2525 3533 2597 πλουτήσωμεν,
3565 2524 3799 2579 ἐνταῦθα
3823 2526 4006 2597 μόνον⁸

2395 2604 2815 2675 ἀπολαυσόμεθα
2839 2605 2939 2676 τῆς
2962 2603 3173 2676 τρυφῆς
3193 2620 3207 2634 ·
3232 2604 3299 2658 ἀν
3324 2620 3383 2656 τε
3404 2606 3485 2667 εἰς
3514 2602 3707 2657 πενίαν
3738 2605 3992 2659 καταπέ-

2398 2701 2601 2755 σωμεν,
2623 2684 2773 2738 οὐδὲν
2804 2683 3105 2754 πεισόμεθα
3135 2682 3325 2737 δεινόν.
3362 2682 3499 2736 Οῦτε
3523 2684 3635 2754 γὰρ
3656 2682 3725 2736 τὰ
3751 2683 4009 2757 λαμπῴ

2394 2761 2488 2815 τοῦ
2524 2762 2789 2833 παρόντος
2818 2762 2957 2831 βίου,
2990 2760 3115 2814 οὔτε
3144 2762 3213 2813 16
3253 2760 3475 2833 λυπηρά
3505 2764 3585 2825 εἰς
3617 2762 3863 2833 ἀθυμίας
3893 2764 3996 2817 καὶ

2393 2841 2591 2912 ἡδονῆς
2639 2841 2796 2909 λόγον
2842 2840 2955 2910 ἔχει
2980 2840 3079 2911 τὴν
3111 2842 3284 2911 ἰσχὺν,
3319 2841 3433 2894 ἀλλ’
3457 2841 3697 2912 ἑκάτερα
3748 2842 3999 2897 εὐκατα-

2396 2920 2657 2990 φρόνητα,
2693 2920 2786 2973 καὶ
2813 2919 2952 2989 μετὰ
2978 2917 3194 2988 ’πολλῆς
3225 2920 3503 2990 παραρρεῖ
3519 2920 3619 2989 τῆς
3652 2920 3994 2991 ταχυτῆτος.

2396 2999 2487 3053 Διὸ
2519 2999 2614 3052 καὶ
2637 2998 2754 3061 ὁδὸς
2784 2997 3046 3069 κέκληται
3091 2999 3317 3062 εἰκότως
3350 2999 3446 3052 ἀτε
3470 2998 3863 3068 παροδεύοντα,
3892 3005 3995 3055 1:61

2396 3078 2490 3129 61:1
2516 3076 2766 3129 πλεῖστον
2804 3077 2985 3147 μένειν
3012 3076 3072 3130 οὐ
3101 3077 3416 3146 πεφυκόιιῖα⁸
3466 3075 3554 3147 τάκ
3597 3077 3655 3131 δέ
3719 3078 4017 3149 μέλλοντι

2396 3154 2632 3225 ἑκάτερα
2670 3154 2914 3208 ἀθάνατα
2954 3156 3127 3226 μένει,
3179 3157 3249 3210 τά
3278 3174 3338 3209 τε
3367 3156 3661 3221 κολάσεως,
3698 3158 3769 3213 τά
3800 3175 3863 3211 τε
3890 3160 3999 3230 τῆς

2398 3230 2696 3301 βασιλείας.
2742 3232 2913 3304 Ὑπὲρ
2957 3233 3180 3287 ἐκείνων
3228 3234 3410 3288 τοίνυν
3460 3232 3659 3305 πολλὴν
3694 3234 4000 3307 ποιώμεθα

2398 3310 2652 3383 σπουδὴν,
2683 3310 2827 3365 ὥστε
2857 3312 2925 3365 τὰ
2956 3312 3055 3384 μὲν
3088 3315 3298 3383 φυγεῖν,
3331 3312 3472 3367 τάδέ
3501 3311 3743 3368 ἑλέσθαι.
3780 3314 3850 3367 Τί
3878 3315 4002 3389 γὰρ

2395 3390 2492 3460 τῆς
2523 3390 2757 3444 ἐνταῦθα
2787 3393 3001 3463 τρυφῆς
3028 3392 3252 3461 ὅφελοςς
3300 3391 3549 3464 Σήμερόν
3585 3394 3723 3458 ἐστι,
3756 3394 3858 3447 1:61
3891 3393 4009 3449 66-

2398 3485 2511 3537 9:0v
2563 3468 2715 3541 I261]
2751 3472 2850 3524 οὐκ
2900 3471 3045 3525 ἐστι·
3103 3472 3341 3543 σήμερον
3383 3470 3541 3536 ἀνθος
3578 3471 3858 3543 λαμπρὸν,
3894 3475 4001 3529 καὶ

2396 3546 2589 3618 αὔριον
2614 3550 2761 3612 κόνις
2786 3550 3187 3621 σκεδαννυμένη
3208 3567 3221 3580 ·
3253 3551 3494 3620 σήμερον
3524 3549 3638 3621 πῦρ
3661 3551 3999 3621 καιόμενον,

2397 3627 2493 3680 1:61
2517 3626 2705 3698 αὔριον
2742 3629 2915 3699 τέφρα
2939 3629 3435 3700 κατασϐεννυμένη.
3473 3630 3616 3683 Ἀλλ’
3636 3631 3698 3683 οὐ
3720 3634 3789 3686 16
3822 3649 4009 3686 πνευι-

2401 3706 2605 3774 ματικά
2632 3706 2875 3769 τοιαῦτα,
2894 3707 3011 3761 ἀλλ’
3036 3709 3123 3760 ἀεὶ
3154 3709 3307 3778 μένει
3330 3708 3636 3778 λάμποντα,
3653 3710 3747 3763 1:61
3763 3710 4007 3766 ἀνθοῦν-

2395 3799 2493 3845 τα,
2523 3783 2615 3838 1:61
2638 3785 2964 3857 φαιδρότερα
2986 3788 3261 3855 -γινόμενα
3286 3787 3625 3858 καθημέραν.
3668 3789 3729 3841 '0
3755 3789 4005 3855 πλοῦτος

2396 3862 2603 3926 ἐκεῖνος
2638 3863 2892 3918 οὐδέποτε
2942 3865 3260 3929 ἀπόλλυται,
3316 3864 3572 3919 οὐδέποτε
3630 3866 3997 3935 μεθίσταται,

2394 3940 2647 3994 οὐδέποτε
2670 3942 2847 4011 λήγει,
2876 3942 3131 3997 οὐδέποτε
3159 3944 3357 4012 ἐπάγει
3381 3943 3636 4014 φροντίδα
3665 3946 3760 3997 1:61
3790 3945 4009 4015 φθόνον

2396 4020 2491 4072 1:61
2517 4021 2874 4093 κατηγορίαν,
2919 4024 2980 4075 οὐ
3033 4022 3191 4093 σῶμα
3236 4023 3535 4090 ἐξόλλυσιν,
3563 4023 3624 4076 οὐ
3653 4023 3836 4097 ψυχὴν
3879 4027 4002 4082 διαι-

2396 4099 2626 4167 φθείρει,
2651 4101 2713 4153 οὐ
2749 4100 2941 4170 φθόνον
2974 4101 3086 4171 ἔχει
3110 4143 3127 4169 ,
3168 4102 3229 4155 οὐ
3275 4102 3579 4173 βασκανίαν
3631 4104 4000 4175 ἐπισωρεύει,

2396 4178 2540 4250 ἅπερ
2573 4180 2790 4234 ἅπαντα
2815 4180 2990 4233 ταῦτα
3029 4179 3106 4250 τῷ
3136 4180 3351 4251 πλούτῳ
3396 4181 3707 4251 πρόσεστιν.
3762 4182 3828 4236 'H
3858 4184 4013 4253 δόξα

2398 4258 2589 4335 ἐκείνην
2608 4260 2709 4311 οὐκ
2739 4260 2817 4321 εἰς
2836 4259 3091 4315 ἀπόνοιαν
3120 4260 3283 4331 αῐρει,
3318 4260 3378 4313 οὐ
3409 4260 3763 4329 φλεγμαίνειν
3798 4280 4001 4335 παρα-

2401 4334 2676 4401 σκευάζει,
2709 4336 2963 4391 οὐδέποτε
3017 4337 3273 4401 παύεται,
3304 4338 3425 4392 οὐδὲ
3454 4338 3814 4409 ἀμαυροτέρα
3848 4334 4005 4409 γίνε-

2396 4430 2505 4467 ται.
2553 4415 2619 4467 Ἦ
2644 4414 2828 4478 ἀνεσις
2858 4416 3006 4486 καὶὴ
3041 4417 3221 4488 τρυφὴ
3251 4416 3347 4471 61:1
3386 4419 3499 4481 τοῖς
3531 4417 3781 4488 οὐρανοῖς
3822 4420 4003 4476 πάλιν

2400 4492 2570 4563 μένει,
2613 4495 2707 4546 1:61
2757 4493 2897 4567 αῦτη
2946 4494 3221 4566 διηνεκὴς,
3257 4496 3345 4549 ἀεὶ
3392 4496 3648 4567 ἀκίνητος
3702 4493 3842 4551 οὖσα
3899 4503 4005 4556 1:61

2395 4571 2660 4635 ἀθάνατος
2681 4589 2695 4603 ⁸
2712 4572 2814 4627 οὐκ
2832 4573 2947 4627 ἐστι
2973 4574 3082 4647 γὰρ
3106 4574 3279 4645 πέρας
3301 4575 3471 4645 αὐτῆς
3488 4576 3583 4628 καὶ
3605 4575 3757 4640 τέλος
3776 4577 4001 4651 εὑρεῖν.

2395 4651 2634 4733 Ταύτην.
2665 4652 2989 4733 παρακαλῶ,
3041 4655 3367 4733 ποθήσωμεν
3398 4654 3498 4726 τὴν
3520 4652 3699 4726 ζωήν.
3736 4657 3837 4711 ’Δν
3880 4659 4000 4733 γὰρ

2395 4730 2721 4808 ποθήσωμεν
2747 4732 2934 4803 αὐτὴν,
2966 4732 3157 4788 οὐδένα
3188 4732 3297 4787 τῶν
3327 4734 3612 4804 παρόντων
3643 4730 4005 4808 ποιησόμεθα

2394 4806 2571 4877 λόγον,
2607 4808 2743 4863 ἀλλά
2785 4812 3273 4883 καταφρονήσομεν
3326 4812 3531 4866 τούτων
3586 4806 3858 4867 ἁπάντων
3896 4817 4004 4871 καὶ

2396 4888 2901 4959 καταγελασόμεθα,
2953 4890 3058 4943 κᾶν
3090 4890 3170 4954 εἰς
3199 4890 3484 4960 βασιλικὰς
3520 4890 3692 4953 αὐλάς
3719 4907 3806 4955 τις
3836 4893 4004 4965 ἡμᾶς

2395 4966 2655 5020 είσελθεῖν
2709 4966 2925 5038 κελεύῃ,
2962 4968 3060 5037 οὐχ
3111 4967 3452 5040 αἱρησόμεθα
3498 4967 3716 5039 ἐκείνην
3757 4970 4003 5041 ἔχοντες

2393 5046 2491 5116 τὴν
2518 5045 2738 5099 ἐλπίδαο
2773 5046 2950 5101 καίτοι
2979 5048 3168 5102 τούτου
3199 5048 3352 5102 οὐδὲν
3386 5047 3805 5119 μακαριώτερον
3840 5048 4001 5107 εἶναι

2393 5120 2555 5186 δοκεῖ,
2590 5121 2723 5176 6116
2747 5124 2859 5185 τοῖς
2892 5123 3282 5195 κατεχομένοις
3302 5123 3381 5194 τῷ
3408 5125 3516 5179 τῶν
3541 5124 3793 5194 οὐρανῶν
3820 5127 4003 5200 ἔρωτι

2394 5202 2487 5255 1:61
2522 5200 2681 5254 τοῦτο
2718 5201 2909 5271 μικρὸν
2936 5203 3031 5257 1:61
3059 5202 3275 5267 εὐτελὲς
3322 5204 3419 5257 1:61
3465 5203 3680 5266 οὐδενὸς
3711 5205 3873 5269 ἀξιον
3904 5207 4007 5262 16-

2392 5296 2515 5349 γου.
2549 5282 2666 5334 Πᾶν
2698 5280 2806 5351 γάρ
2837 5279 2866 5332 6
2905 5281 3059 5345 τέλος
3089 5281 3223 5351 ἔχει,
3255 5283 3318 5336 οὐ
3360 5283 3562 5353 σφόδρα
3613 5285 4007 5352 περισπούδα-

2395 5376 2549 5414 στονο
2585 5360 2695 5413 πᾶν
2718 5358 2747 5412 6
2770 5358 3025 5424 παύεται,
3071 5362 3166 5415 καὶ
3217 5363 3455 5434 σήμερόν
3485 5366 3621 5429 ἐστι,
3656 5362 3755 5415 καὶ
3785 5362 4007 5435 αὔριον

2390 5438 2490 5491 οὐκ
2540 5438 2676 5503 ἐστι,
2708 5439 2811 5491 κᾶν
2844 5437 3049 5509 σφόδρα
3101 5435 3135 5511 ᾖ
3193 5440 3356 5509 μέγα,
3394 5441 3599 5512 σφόδρα
3653 5444 3858 5513 μικρὸν
3897 5447 4007 5500 1:61

2390 5517 2858 5588 εὐκαταφρόνητον
2885 5513 3024 5570 εἶναι
3049 5519 3217 5573 δοκεῖ.
3250 5519 3341 5591 Μὴ
3385 5518 3563 5574 τοίνυν
3601 5520 3710 5573 τῶν
3735 5526 3993 5592 φευγόνο

2388 5596 2898 5674 τωνᾼάντεχῴμεθα,
2926 5597 3061 5667 μηδὲ
3098 5597 3207 5651 τῶν
3233 5598 3657 5670 παραρρεόντων
3686 5602 3785 5654 καὶ
3806 5603 4006 5674 άπερ.

2390 5672 2654 5743 χομένων,
2678 5672 2816 5726 ἀλλὰ
2836 5674 2945 5728 τῶν
2977 5675 3247 5746 μενόντων
3280 5680 3374 5731 1:61
3412 5679 3715 5749 ἀκινήτων,
3768 5681 3865 5735 ἵνα
3896 5672 4005 5738 1:61

2389 5750 2568 5829 αὐτῶν
2596 5751 2911 5822 δυνηθῶμεν
2935 5752 3233 5823 ἐπιτυχεῖν,
3256 5754 3437 5825 χάριτι
3468 5756 3560 5809 καὶ
3593 5756 4005 5829 φιλανθρωπίᾳ

2388 5827 2481 5906 τοῦ
2512 5821 2721 5900 Κυρίου
2747 5831 2779 5898 ἡ
2789 5830 2905 5897 μῶν
2949 5821 3130 5900 Ἰησοῦ.
3152 5821 3410 5903 Χριστοῦ,
3438 5834 3506 5887 δι’
3539 5821 3728 5889 οῦκαί
3765 5821 3902 5906 μεθ’
3933 5821 4002 5893 οῦ

2387 5905 2465 5975 τῷ
2498 5907 2675 5978 Πατρὶ
2717 5907 2751 5977 ἡ
2778 5907 2925 5973 δόξα,
2960 5908 3077 5981 ἅμα
3111 5909 3189 5981 τῷ
3215 5911 3354 5983 ἀγίῳ
3399 5913 3698 5983 Πνεύματι,
3747 5905 3853 5973 νῦν
3886 5917 3998 5973 καὶ

2392 5986 2498 6051 ἀεὶ,
2524 5986 2617 6040 1:61
2654 5988 2733 6050 εἰς
2758 5988 2881 6052 τοὺς
2904 5988 3106 6053 αἰῶνας
3125 5989 3236 6046 τῶν
3257 5989 3485 6048 αἰώνων.
3534 5993 3728 6064 Ἀμήν.
