4164 6324
178 379 293 440 ω

186 493 385 565 gotium
414 496 643 545 oestrum
670 484 835 559 agatis
853 526 867 551 ,
898 490 948 540 et
988 481 1263 554 aperemini
1304 479 1536 534 manibus
1570 478 1780 544 vestris,

190 593 246 637 ut
272 583 483 637 honeste
507 578 776 633 ambuletis
798 576 868 630 ad
892 590 977 630 eos
1005 572 1091 644 qui
1121 573 1245 643 foris
1273 580 1391 625 sunt
1422 569 1498 642 (l.
1522 568 1698 627 Thess.
1728 568 1784 623 4.

189 671 280 728 10.
316 669 444 743 ll);
472 680 527 726 et
550 684 786 733 rursum,
824 666 922 733 Qui
950 664 1217 737 iurabatur
1240 704 1255 729 ,
1281 665 1393 733 jam
1422 678 1522 716 non
1555 663 1788 732 furetur:

188 765 354 836 magis
384 772 556 817 autem
586 763 780 817 laboret
800 758 1060 829 operando
1094 757 1328 810 manibus
1356 756 1482 821 suis,
1516 764 1569 807 ut
1600 752 1785 807 habeat

188 854 331 907 unde
352 853 545 908 tribuat
568 852 907 907 necessitatem
950 848 1161 919 patienti
1184 849 1202 915 (
1227 844 1417 914 Ephes.
1440 845 1495 899 4.
1527 843 1597 898 28
1619 842 1660 915 ).
1691 842 1789 899 Uic

188 946 392 1002 Paulus
438 962 547 1001 non
592 943 906 1013 simpliciter
953 939 1195 1010 prmoipit
1232 938 1479 1007 operari,
1520 935 1615 991 sed
1663 950 1784 990 cum

188 1046 343 1094 tanto
373 1038 564 1094 labore
583 1078 598 1101 ,
628 1044 686 1091 ut
711 1033 1059 1090 subveniatur
1084 1029 1359 1101 indigenti.
1407 1029 1475 1083 Et
1498 1027 1624 1082 alibi
1653 1041 1786 1097 que-

186 1145 290 1201 que
317 1131 395 1185 ait
422 1171 440 1197 ,
490 1126 885 1183 Necessitatibus
927 1126 1090 1193 meis,
1126 1130 1173 1177 et
1216 1137 1388 1175 eorum
1436 1120 1525 1189 qui
1581 1134 1781 1173 mecum

184 1233 302 1279 sunt
321 1264 338 1289 ,
363 1223 775 1293 ministraeerunt
800 1232 981 1272 manus
1009 1217 1122 1272 ista
1151 1214 1285 1286 (Act.
1320 1212 1411 1267 20.
1442 1210 1556 1282 54).
1590 1210 1652 1265 Et
1678 1210 1784 1266 Co-

180 1313 407 1370 rinthiis
432 1312 643 1369 dicebat
674 1329 688 1365 :
723 1311 853 1377 ρυω
876 1316 945 1363 est
970 1324 1089 1380 ergo
1114 1322 1303 1361 merces
1347 1305 1504 1360 mea?
1532 1301 1603 1359 Ut
1629 1318 1783 1357 evan-

182 1405 377 1475 gelium
426 1402 715 1475 predicans
738 1442 754 1466 ,
805 1400 917 1455 sine
960 1406 1167 1468 sumptu
1216 1410 1403 1467 ponam
1469 1392 1785 1463 evangelium

180 1495 281 1566 (l.
315 1493 443 1550 Cor.
472 1492 526 1547 9.
556 1490 671 1564 l8).
700 1490 768 1546 Et
793 1490 849 1545 in
871 1490 1140 1544 civitatem
1170 1486 1313 1540 illam
1343 1485 1587 1548 veniens,
1626 1481 1784 1536 Man-

180 1586 248 1640 sit
276 1584 424 1657 apud
452 1583 690 1647 Aquilam
724 1590 771 1636 et
800 1579 1093 1634 Priscillam
1135 1619 1151 1644 ,
1184 1587 1233 1631 et
1264 1576 1589 1647 aperabatur.
1618 1573 1785 1628 Erant

183 1674 319 1729 enim
339 1672 724 1745 scenofactorias
754 1671 882 1725 artis
906 1668 1058 1739 (Act.
1089 1667 1179 1725 l8.
1209 1666 1244 1721 2
1264 1665 1306 1739 ).
1336 1666 1464 1723 Huic
1488 1672 1677 1720 contra
1704 1665 1787 1719 di-

185 1774 332 1820 ctum
380 1762 516 1819 illud
553 1777 792 1834 pugnare
836 1762 1071 1815 maxime
1110 1757 1359 1813 videntur
1393 1774 1405 1810 :
1430 1756 1542 1827 jam
1586 1757 1785 1811 solutio

184 1860 476 1915 referatur.

260 1948 661 2012 Laborandum,
702 1945 791 2015 sed
837 1946 947 2001 sine
989 1943 1349 1999 sollicitudine.
1376 1941 1604 2010 -—Quid
1653 1954 1783 2012 ergo

185 2040 677 2111 respondebimus?
699 2037 817 2094 Non
857 2052 980 2094 esse
1018 2037 1307 2093 sollicitum
1340 2050 1446 2091 non
1475 2036 1779 2106 significat,

186 2144 214 2183 a
242 2130 434 2187 labore
460 2144 712 2195 cessare;
744 2127 835 2185 sed
856 2169 872 2193 ,
921 2128 1080 2197 hujus
1112 2127 1294 2182 mundi
1339 2127 1501 2183 rebus
1532 2114 1782 2182 non'hre-

182 2234 303 2276 rere
324 2259 341 2286 ,
371 2218 425 2274 id
450 2229 569 2285 est,
599 2233 706 2273 non
735 2232 857 2274 esse
887 2216 1174 2271 sollicitum
1214 2216 1281 2271 de
1320 2217 1552 2271 crastina
1580 2216 1779 2286 quiete,

187 2310 277 2367 sed
326 2311 474 2366 illam
505 2325 689 2366 curam
740 2323 1125 2379 supervacuam
1163 2317 1372 2377 putare.
1427 2308 1611 2363 Potest
1637 2308 1781 2363 enim

186 2405 271 2474 qui
301 2412 562 2473 operatur
600 2417 705 2457 non
748 2401 802 2455 in
842 2400 1134 2455 crastinum
1168 2400 1533 2454 thesaurizare
1566 2417 1576 2451 :
1608 2408 1785 2468 potest

184 2497 272 2566 qui
303 2496 521 2551 laborat
547 2508 655 2549 non
708 2493 966 2547 sollicitus
996 2506 1159 2548 esse:
1210 2505 1317 2545 non
1360 2491 1503 2545 enim
1550 2489 1782 2561 idipsum

183 2596 267 2642 est
316 2600 450 2642 cura
499 2592 556 2640 et
601 2584 863 2654 operatio.
910 2582 1026 2638 Non
1072 2591 1131 2638 ut
1161 2582 1310 2652 operi
1355 2579 1634 2637 conlidens
1662 2581 1783 2650 quis

185 2685 463 2747 operetur,
494 2673 588 2730 sed
611 2684 668 2729 ut
693 2673 785 2728 det
809 2674 1006 2743 egenti.
1036 2671 1190 2740 Quod
1217 2680 1392 2727 autem
1419 2669 1487 2726 ad
1518 2670 1781 2727 Martinam

186 2768 410 2833 dicitur,
461 2781 568 2821 non
609 2765 851 2821 laborem
873 2773 929 2821 et
982 2756 1351 2835 operationem
1394 2762 1656 2831 respicit:
1686 2761 1784 2817 sed

191 2872 401 2933 tempus
428 2858 879 2915 considerandum
905 2871 1025 2912 esse
1052 2858 1270 2922 statuit,
1306 2870 1482 2926 neque
1508 2855 1785 2910 concionis

190 2964 398 3024 tempus
425 2954 569 3008 circa
593 2951 831 3007 carnalia
858 2948 1269 3020 expendendum
1306 2962 1447 3003 esse.
1477 2946 1592 3001 Non
1623 2947 1784 3017 igitur

191 3045 303 3099 haec
325 3044 498 3111 dicit,
530 3052 588 3098 ut
617 3042 672 3096 in
710 3040 970 3097 desidiam
1018 3040 1167 3095 illam
1197 3038 1475 3109 conjiciat,
1504 3037 1600 3093 sed
1632 3046 1689 3091 ut
1716 3036 1782 3091 ad

190 3134 516 3189 audiendum
546 3140 842 3189 convertat.
873 3130 1046 3197 Veni,
1074 3129 1278 3199 inquit,
1318 3136 1379 3182 ut
1404 3144 1502 3183 vos
1533 3142 1786 3183 necessa-

191 3229 263 3283 ria
291 3228 518 3283 doceam
544 3243 560 3293 ;
587 3235 647 3281 tu
688 3224 757 3281 de
786 3223 1011 3294 prandio
1039 3222 1265 3277 sollicita
1296 3221 1396 3277 es?
1422 3220 1503 3276 Me
1530 3224 1612 3275 vis
1640 3220 1784 3275 exci-

192 3335 338 3391 pere,
370 3330 429 3375 et
457 3320 657 3374 lautam
690 3330 877 3387 parare
897 3313 1178 3371 mensam?
1203 3313 1380 3369 Alium
1411 3328 1537 3382 para
1567 3313 1778 3379 cibum,

194 3411 324 3466 meis
346 3408 569 3465 attende
593 3407 933 3463 sermonibus
951 3404 1202 3473 ,.sororis
1238 3404 1561 3459 desiderium
1602 3404 1783 3458 imita-

192 3516 269 3556 re.
314 3498 435 3556 Non
464 3513 595 3569 ergo
622 3497 981 3567 hospitalitate
1009 3496 1259 3561 cohibet;
1305 3495 1439 3551 absit
1466 3537 1481 3561 ,
1522 3494 1573 3549 id
1602 3510 1671 3550 ne
1697 3495 1783 3549 di-

192 3600 368 3658 catur;
412 3582 509 3647 sed
539 3591 698 3647 docet
740 3590 1001 3646 doctrinae
1040 3598 1283 3659 tempore
1312 3598 1507 3644 caetera
1547 3588 1782 3645 curanda

195 3702 296 3741 non
326 3700 471 3742 esse.
496 3683 633 3740 Cum
663 3699 824 3755 porro
852 3682 1017 3749 dicit,
1051 3680 1347 3751 Operemini
1376 3698 1479 3736 non
1506 3681 1671 3735 cibum
1697 3683 1785 3748 qui

194 3781 351 3850 perit,
381 3794 488 3833 non
529 3776 821 3848 signiﬁcat,
851 3777 903 3830 in
946 3773 1151 3829 desidia
1181 3788 1304 3829 esse
1333 3773 1620 3829 vivendum
1655 3792 1668 3827 :
1697 3773 1785 3829 hic

194 3872 334 3928 enim
378 3870 613 3926 maxime
652 3868 802 3925 cibus
827 3874 910 3922 est
957 3864 1050 3935 qui
1090 3864 1263 3935 perit,
1298 3864 1317 3936 (
1347 3862 1559 3918 Omnem
1588 3865 1786 3935 quippe

191 3962 442 4015 malitiam
486 3960 654 4013 docuit
683 3957 877 4012 desidia
904 3948 1095 4021 [Eccli.
1124 3956 1214 4010 55.
1240 3952 1333 4027 29]
1355 3953 1374 4026 )
1400 3972 1416 4021 ;
1446 3955 1541 4011 sed
1588 3955 1785 4011 indicat

193 4051 523 4124 operandum
553 4058 608 4105 et
651 4045 979 4117 erogandum
1009 4059 1149 4101 esse.
1177 4043 1277 4100 Hic
1301 4059 1464 4115 porro
1494 4045 1646 4099 cibus
1677 4061 1782 4101 non

196 4148 355 4217 perit.
384 4146 443 4202 Si
469 4146 588 4215 quis
626 4158 787 4214 porro
815 4130 1021 4215 otiosus
1046 4143 1223 4197 ventri
1253 4150 1307 4197 et
1333 4141 1540 4197 deliciis
1571 4140 1785 4197 deditus

196 4240 296 4301 sit.
324 4238 372 4292 is
410 4244 665 4307 operatur
689 4235 868 4291 cibum
897 4235 987 4305 qui
1027 4235 1200 4305 perit;
1248 4242 1431 4289 contra
1477 4234 1521 4288 si
1569 4236 1691 4304 quis
1718 4250 1785 4288 ex

200 4327 382 4383 labore
411 4342 513 4381 suo
556 4326 732 4381 cibum
755 4368 770 4391 ,
812 4334 996 4396 potum
1016 4367 1031 4392 ,
1072 4334 1275 4381 vestem
1305 4324 1518 4380 Christo
1544 4324 1781 4390 dederit,

199 4418 336 4475 hunc
365 4433 529 4473 nemo
555 4432 699 4471 sanae
738 4418 935 4471 mentis
961 4416 1104 4472 dicat
1131 4416 1341 4486 operari
1372 4417 1549 4473 cibum
1574 4418 1663 4487 qui
1691 4431 1786 4487 pe-

199 4510 297 4574 rit,
325 4508 480 4577 cujus
502 4506 605 4561 cibi
633 4521 792 4562 causa
821 4507 1151 4576 promittitur
1177 4521 1399 4577 regnum
1423 4548 1438 4573 ,
1472 4506 1788 4577 promittun-

202 4616 282 4663 tur
311 4608 399 4663 illa
446 4607 605 4661 bona.
635 4606 734 4660 Hic
759 4604 910 4660 cibus
940 4613 1200 4659 aeternum
1244 4611 1442 4658 manet.
1470 4603 1622 4659 Tunc
1661 4604 1786 4673 quia

200 4698 270 4754 illi
299 4699 500 4753 nullam
524 4696 645 4751 fidei
674 4697 936 4751 rationem
967 4695 1222 4762 habuere,
1250 4710 1423 4765 neque
1445 4696 1655 4749 discere
1674 4708 1788 4749 stu-

199 4788 430 4846 duerunt
449 4789 567 4859 quis
594 4788 710 4842 haec
728 4787 962 4849 fecisset,
986 4801 1089 4857 qua
1120 4794 1401 4856 potestate,
1425 4786 1517 4841 sed
1548 4785 1599 4840 id
1624 4800 1787 4840 unum

199 4881 543 4936 curabant-ut
567 4878 698 4933 nihil
730 4876 1008 4947 operando
1036 4885 1280 4931 ventrem
1326 4876 1643 4946 implerent;
1688 4876 1787 4931 hoc

200 4971 511 5026 alimentum
560 4970 682 5038 jure
730 4968 940 5023 vocavit
981 4968 1157 5022 cibum
1205 4968 1295 5037 qui
1336 4968 1492 5037 perit.
1547 4967 1787 5037 Corpora

202 5072 408 5127 vestra,
458 5060 663 5129 inquit,
707 5060 968 5124 enutrivi,
1010 5068 1070 5113 ut
1118 5058 1245 5113 hinc
1287 5058 1444 5112 aliam
1475 5060 1788 5130 qumreretis

201 5168 375 5209 escam
404 5163 714 5232 manentem
738 5196 755 5221 ,
800 5167 918 5221 quzc
958 5152 1191 5205 animam
1224 5162 1456 5207 vestram
1487 5152 1786 5208 enutrirct:

201 5260 293 5300 vos
339 5255 517 5301 autem
564 5258 779 5300 rursum
824 5243 888 5297 ad
934 5253 1200 5298 terrenam
1230 5244 1464 5299 curritis.
1516 5242 1640 5299 ldeo
1681 5258 1787 5299 non

202 5340 488 5411 intelligitis
520 5354 607 5395 me
635 5354 743 5394 non
769 5337 835 5393 ad
863 5338 1013 5393 illam
1036 5352 1133 5393 vos
1160 5336 1361 5393 ducere
1391 5337 1785 5409 imperfectam,

204 5431 295 5487 sed
322 5431 389 5485 ad
418 5431 564 5486 illam
595 5446 706 5485 non
733 5439 1132 5500 temporaneatn
1153 5470 1169 5496 ,
1209 5446 1330 5499 quae
1357 5431 1517 5485 vitam
1552 5432 1791 5502 praebeat

204 5533 452 5579 teter-riam
474 5568 488 5591 ,
518 5539 639 5596 quae
660 5539 769 5579 non
791 5538 1008 5593 corpus,
1040 5522 1137 5577 sed
1163 5524 1395 5577 animam
1426 5524 1553 5577 alat.
1588 5524 1789 5580 Deinde

206 5615 326 5683 quia
353 5616 628 5685 magniﬁce
655 5614 726 5670 de
754 5628 813 5670 se
840 5615 1090 5685 loquutus
1117 5613 1288 5668 fuerat
1307 5654 1321 5677 ,
1349 5629 1472 5669 cum
1500 5614 1704 5670 diceret
1727 5629 1789 5671 se

207 5702 448 5762 datutum
473 5722 490 5775 ;
518 5721 584 5764 ne
610 5707 804 5763 iterum
833 5704 939 5763 hoc
966 5704 1112 5762 dicto
1137 5704 1535 5763 ollenderentur
1554 5748 1568 5776 ,
1603 5717 1659 5763 ut
1687 5708 1785 5778 ipsi

1186 366 1253 425 lN
1288 362 1603 425 JOANNEM
1640 362 1875 421 HOHIL.
1915 362 2100 420 XLIV.
2141 365 2213 421 al.
2257 366 2441 425 Χωιι.

3390 381 3496 440 250

1888 476 2056 534 tidem
2087 477 2295 537 faceret
2316 522 2332 546 .
2374 482 2574 538 donum
2599 482 2668 539 ad
2694 482 2908 541 Patrem
2939 486 3125 544 refert.
3159 487 3295 545 Cum
3319 491 3493 549 dixis-

1893 579 1977 626 set
2012 571 2154 626 enim
2181 614 2196 639 ,
2220 573 2385 641 Quem
2414 573 2585 631 Filius
2609 575 2827 632 hominis
2857 579 2994 635 vobis
3020 580 3201 649 dabit;
3232 583 3489 654 subdidit,

1892 660 2049 716 Hunc
2076 665 2211 717 enim
2228 663 2394 733 Pater
2435 668 2655 739 signauit
2681 667 2819 723 Deus
2842 686 2861 725 :
2894 670 2996 726 hoc
3034 680 3151 738 est,
3200 673 3490 744 Propterea

1894 753 2041 808 misit
2070 755 2158 826 qui
2188 755 2330 812 hunc
2353 758 2506 813 vobis
2531 758 2709 814 cibum
2736 760 2923 817 ferret.
2947 762 3099 830 Quod
3126 764 3286 819 aliter
3316 777 3492 836 potest

1894 844 2172 913 explicari.
2205 845 2338 901 Nam
2371 848 2497 903 alibi
2530 865 2743 921 quoque
2773 851 3019 908 Christus
3045 853 3175 910 dicit
3207 873 3219 907 :
3256 854 3357 922 Qui
3396 874 3490 912 au-

1888 936 1966 990 dit
2008 955 2261 994 sermones
2301 958 2437 996 meos
2464 984 2480 1009 ,
2522 943 2656 997 hunc
2689 945 2908 1015 signauit
2958 944 3307 1017 Pater,‘quia
3350 948 3491 1005 Deus

1886 1042 2045 1083 uerax
2066 1040 2137 1083 est
2160 1029 2177 1099 (
2201 1031 2359 1085 Joan.
2392 1033 2445 1088 5.
2475 1030 2603 1103 55);
2636 1032 2739 1089 hoc
2766 1045 2843 1089 est
2867 1078 2881 1101 ,
2911 1034 3192 1093 Manifeste
3221 1039 3490 1105 ostendit;

1891 1118 1945 1175 id
1964 1121 2106 1190 quod
2145 1121 2273 1176 mihi
2300 1132 2355 1177 et
2401 1122 2488 1179 hic
2513 1124 2725 1181 videtur
2760 1126 3114 1203 subindicari.
3160 1127 3303 1184 Nihil
3345 1130 3490 1200 enim

1889 1212 2031 1268 aliud
2061 1223 2179 1281 est,
2223 1215 2459 1287 Signavit
2503 1216 2683 1286 Pater,
2712 1233 2872 1289 quam
2918 1219 3193 1288 ostendit,
3226 1222 3492 1277 revelavit

1887 1306 2198 1361 testimonio
2224 1321 2340 1379 suo.
2373 1306 2445 1364 Se
2473 1309 2618 1365 enim
2647 1310 2763 1380 ipse
2786 1310 3061 1378 ostendit;
3092 1304 3217 1382 quia
3245 1327 3373 1368 vero
3394 1313 3490 1368 Ju-

1888 1398 2039 1454 daeos
2064 1399 2481 1472 alloquebatur,
2516 1402 2693 1459 Patris
2739 1403 3110 1459 testimonium
3158 1404 3212 1460 in
3252 1404 3489 1461 medium

1887 1489 2133 1545 adduxit.

1956 1583 2027 1638 2.
2074 1583 2121 1638 Α
2173 1584 2281 1638 Deo
2337 1600 2451 1655 aute
2504 1594 2671 1659 petere
2732 1598 3128 1641 consentaneum
3170 1594 3267 1654 est,
3320 1596 3493 1657 peten-

1890 1677 2030 1729 dum.
2063 1674 2405 1732 Prwsentium
2462 1694 2631 1732 rerum
2668 1680 2885 1733 vanitas.
2936 1678 3143 1733 Futura
3180 1681 3491 1736 immortalia

1886 1774 2042 1831 sunt,
2070 1768 2172 1821 sive
2213 1769 2502 1838 supplicia,
2534 1769 2637 1823 sive
2682 1771 2913 1841 praemia.
2950 1800 3023 1810 -
3067 1770 3347 1852 Discmnus
3396 1772 3493 1825 ita-

1888 1870 1994 1925 que
2019 1896 2034 1922 ,
2064 1855 2277 1924 dilecti,
2310 1857 2401 1912 illa
2430 1873 2459 1912 a
2486 1858 2601 1914 Deo
2630 1868 2817 1931 petere
2851 1875 2971 1930 qua:
2997 1860 3065 1916 ab
3086 1850 3178 1916 illo
3204 1850 3505 1917 consenta-'

1889 1963 2050 2003 neum
2104 1957 2185 2003 est
2229 1957 2435 2019 petere.
2483 1950 2771 2005 Smcularia
2821 1952 3007 2017 enim,
3060 1966 3277 2022 quoquo
3326 1953 3490 2007 modo

1887 2037 2167 2105 accidant,
2204 2039 2337 2093 nihil
2379 2039 2613 2096 afferunt
2659 2043 2992 2097 nocumenti.
3044 2041 3182 2107 Nam
3221 2045 3264 2098 si
3297 2044 3493 2099 ditabi-

1888 2146 2043 2199 mur,
2072 2132 2161 2187 hic
2190 2140 2393 2187 tantum
2422 2134 2628 2189 deliciis
2659 2135 2898 2191 fruemur
2922 2153 2936 2191 :
2965 2137 3009 2192 si
3038 2138 3093 2192 in
3119 2148 3492 2208 paupertatem

1889 2224 2236 2281 inciderimus
2257 2268 2271 2292 ,
2304 2227 2437 2281 nihil
2464 2230 2679 2283 molesti
2711 2231 2995 2299 patiemur.
3042 2232 3167 2287 Sive
3196 2249 3450 2303 prospera
3473 2276 3489 2300 ,

1889 2316 2003 2371 sive
2029 2316 2197 2371 tristia
2238 2317 2518 2385 accidant,
2551 2321 2657 2375 vim
2705 2322 2905 2376 nullam
2936 2322 3005 2378 ad
3034 2323 3363 2394 voluptatem
3405 2326 3491 2381 vel

1888 2408 2162 2465 tristitiam
2188 2409 2424 2479 habent,
2454 2411 2551 2468 sed
2580 2422 2804 2485 utraque
2830 2416 3225 2472 contemnenda
3245 2460 3259 2483 ,
3288 2428 3340 2472 ut
3371 2433 3492 2487 qua:

1884 2514 2050 2571 quam
2076 2502 2359 2558 celerrime
2400 2513 2697 2561 transeant.
2729 2506 2855 2562 Ideo
2883 2507 3000 2563 haec
3028 2509 3151 2578 jure
3178 2511 3260 2564 via
3291 2525 3492 2565 vocan-

1889 2599 1997 2660 tur,
2026 2593 2167 2662 quod
2191 2605 2535 2664 praetereant,
2561 2612 2660 2653 nec
2680 2596 2771 2653 diu
2798 2609 3071 2654 maneant.
3104 2600 3302 2655 Futura
3327 2617 3454 2656 vero
3472 2602 3491 2634 ί

1890 2696 2114 2758 utraque
2142 2689 2467 2743 immortalia
2496 2698 2653 2756 sunt,
2690 2698 2798 2744 tam
2841 2692 3185 2762 supplicium.
3213 2709 3371 2763 quam
3398 2710 3493 2749 re-

1887 2793 2073 2849 gnum.
2108 2779 2263 2834 Circa
2296 2781 2413 2835 hcce
2460 2795 2707 2852 magnam
2751 2797 3001 2853 geramus
3037 2784 3487 2853 sollicitudinem,

1890 2879 1949 2924 ut
1979 2871 2067 2924 illa
2098 2870 2364 2940 fugiamus
2388 2914 2403 2939 ,
2436 2870 2555 2926 btec
2596 2887 2971 2943 assequamur.
3002 2874 3139 2942 Quid
3174 2870 3315 2930 enim
3344 2877 3491 2931 utili-

1892 2962 2015 3016 tatis
2044 2976 2110 3016 ex
2154 2964 2510 3033 przesentibus
2535 2964 2741 3020 deliciis
2763 2965 2788 3017 ἳ
2817 2965 2987 3021 Hodie
3019 2975 3176 3029 sum,
3210 2982 3333 3021 cras
3357 2983 3490 3023 avo-

1891 3052 2079 3107 labant
2111 3070 2124 3107 :
2152 3052 2313 3109 hodie
2342 3053 2443 3110 llos
2470 3065 2593 3109 sunt
2624 3057 2961 3127 splendidus,
2984 3072 3106 3113 cras
3132 3069 3289 3113 erunt
3315 3061 3492 3130 pulvis

1889 3147 2198 3217 dispersus:
2226 3147 2384 3203 hodie
2411 3150 2547 3219 ignis
2568 3164 2849 3216 accensus,
2874 3164 2995 3204 cras
3015 3152 3151 3205 cinis
3173 3153 3490 3207 exstinctus.

1889 3239 2198 3308 Spiritualia
2248 3255 2377 3296 vero
2418 3256 2527 3295 non
2577 3242 2885 3312 bujusmodi
2925 3252 3082 3307 sunt;
3128 3245 3224 3299 sed
3275 3260 3491 3314 semper

1890 3333 2031 3387 clara
2050 3342 2107 3387 et
2126 3332 2335 3399 ﬂorida,
2359 3334 2591 3403 atquein
2614 3334 2731 3391 dies
2751 3335 3114 3404 Splendidiora
3132 3338 3385 3391 evadunt.
3415 3334 3492 3393 Οἱς

1889 3426 2031 3481 vitim
2050 3426 2155 3482 illa:
2178 3443 2466 3497 numquam
2487 3437 2731 3498 pereunt,
2752 3444 3041 3500 numquam
3068 3429 3485 3498 transferuntur,

1889 3518 1975 3572 vel
2011 3527 2245 3586 cessant,
2267 3534 2557 3590 numquam
2581 3519 3019 3585 sollicitudinem,
3045 3521 3297 3577 invidiam
3322 3533 3375 3578 et
3400 3538 3494 3578 ca-

1892 3609 2148 3663 lumniam
2185 3608 2454 3675 aﬂ‘erunt,
2499 3625 2609 3665 non
2636 3625 2833 3680 corpus
2871 3611 3241 3681 perdunt,non
3259 3613 3493 3671 animam

1888 3710 2265 3770 corrumpunt,
2287 3716 2391 3756 non
2414 3701 2639 3757 livorem
2660 3702 2742 3757 vel
2772 3701 3027 3758 invidiam
3049 3702 3346 3767 attrahunt;
3370 3720 3492 3773 quae

1892 3790 2075 3847 omnia
2104 3792 2157 3847 in
2189 3792 2339 3848 hisce
2368 3794 2712 3860 reperiuntur
2732 3792 2953 3848 divitiis.
2978 3793 3159 3850 Gloria
3190 3794 3280 3849 illa
3305 3811 3410 3849 nou
3440 3794 3493 3851 in

1890 3886 2253 3956 arrogantiam
2284 3886 2531 3951 extollit,
2565 3901 2672 3941 non
2697 3894 2965 3941 tumorem
2994 3886 3133 3942 uarit
3154 3928 3167 3942 .
3199 3903 3490 3956 numquam

1890 3985 2102 4042 cessat,
2132 3978 2219 4032 vel
2251 3977 2592 4032 obscuratur.
2626 3977 2788 4045 Quies
2818 3986 2978 4047 atque
3004 3977 3212 4032 delicias
3260 3978 3311 4031 in
3356 3978 3492 4032 caelo

1891 4080 2166 4141 perpetua:
2209 4078 2465 4138 manent,
2515 4084 2732 4141 semper
2777 4071 3015 4125 immotae
3063 4080 3120 4126 ct
3163 4071 3494 4125 immortales

1891 4154 2009 4219 sine
2031 4163 2139 4217 ullo
2166 4162 2273 4217 line
2300 4161 2387 4217 vel
2411 4162 2663 4217 termino.
2697 4161 2846 4217 Hanc
2867 4204 2880 4226 ,
2910 4161 3140 4218 obsecro
3164 4204 3177 4227 ,
3204 4164 3366 4216 vitam
3402 4162 3497 4218 de-

1892 4253 2211 4309 sideremus.
2241 4251 2295 4307 Si
2327 4253 2468 4306 enim
2493 4251 2663 4321 ipsam
2692 4253 2990 4321 cupiamus,
3025 4253 3225 4306 nuilam
3250 4266 3495 4322 prmsen-

1893 4344 2025 4398 tium
2056 4344 2320 4400 rationem
2368 4343 2685 4399 habebimus
2706 4386 2720 4409 ,
2774 4344 2871 4399 sed
2901 4343 3017 4399 haec
3044 4345 3224 4399 omnia
3270 4360 3493 4414 sperne-

1893 4450 2013 4490 mus
2061 4444 2117 4491 ct
2162 4435 2551 4491 deridebimus.
2610 4436 2837 4491 Etiamsi
2869 4437 2990 4506 quis
3034 4454 3132 4492 nos
3186 4438 3241 4491 in
3290 4439 3491 4509 regiam

1894 4534 2101 4593 evocet,
2125 4541 2233 4596 quo
2260 4524 2393 4579 nihil
2418 4526 2626 4581 beatius
2646 4526 3004 4591 existimatur,
3035 4542 3140 4582 non
3168 4544 3492 4595 annuemus,

1895 4616 1988 4671 tali
2028 4630 2222 4686 nempe
2267 4614 2384 4671 fulti
2413 4631 2547 4685 spe;
2578 4632 2701 4670 nam
2734 4617 2799 4671 iis
2820 4659 2833 4682 ,
2863 4620 2952 4688 qui
2984 4620 3275 4673 caelestium
3307 4635 3495 4674 amore

1894 4707 2034 4777 capti
2082 4716 2245 4774 sunt,
2276 4706 2328 4762 id
2365 4706 2471 4762 vile
2498 4715 2553 4762 et
2578 4708 2780 4762 nullius
2808 4708 2961 4777 pretii
3008 4719 3304 4780 reputatur.
3330 4710 3496 4778 Quid-

1894 4798 2022 4869 quid
2049 4798 2192 4854 enim
2240 4797 2400 4853 finem
2450 4797 2644 4865 habet,
2676 4813 2781 4854 non
2812 4798 3099 4855 admodum
3128 4803 3494 4872 expetendum

1895 4898 1977 4944 est
2022 4906 2035 4941 :
2088 4888 2230 4959 quod
2280 4898 2491 4956 cessat,
2532 4898 2589 4944 et
2635 4888 2797 4946 hodie
2844 4899 2957 4958 est,
2997 4902 3051 4947 et
3094 4907 3215 4949 cras
3259 4893 3495 4964 desinit,

1895 4979 2106 5035 etiamsi
2134 4981 2451 5047 maximum,
2483 4996 2736 5052 perquam
2768 4985 3043 5038 minimum
3072 4996 3127 5040 et
3147 4996 3498 5043 contemnen-

1896 5072 2023 5127 dum
2054 5072 2287 5128 videtur.
2307 5072 2390 5127 Ne‘
2416 5072 2577 5143 igitur
2601 5088 2665 5128 ea
2690 5078 2822 5145 quaé’
2841 5074 3050 5146 fugiunt
3075 5088 3127 5132 et
3154 5078 3497 5147 dilabuntur,

1896 5162 1995 5218 sed
2020 5178 2139 5233 qum
2167 5164 2387 5218 immota
2416 5174 2637 5221 manent
2679 5174 2955 5222 sectemur
2980 5209 2993 5233 ,
3024 5178 3081 5223 ut
3112 5169 3204 5223 illa
3237 5175 3497 5242 consequi

1896 5256 2167 5326 possimus
2192 5297 2207 5321 ,
2237 5256 2406 5327 gratia
2437 5266 2492 5312 et
2538 5257 2869 5329 benignitate
2917 5259 3128 5315 Domini
3169 5264 3341 5317 nostri
3370 5262 3499 5320 Jesu

1896 5351 2127 5418 Christi,
2161 5368 2257 5422 per
2281 5368 2438 5424 quem
2465 5361 2521 5408 ct
2548 5367 2669 5407 cum
2694 5368 2802 5425 quo
2831 5354 2973 5409 Patri
3003 5355 3171 5427 gloria
3194 5398 3210 5425 ,
3232 5358 3498 5428 simulque

1896 5446 2114 5515 Spiritui
2142 5455 2329 5501 sancto
2352 5490 2366 5511 ,
2399 5461 2543 5502 nunc
2570 5454 2625 5502 et
2648 5462 2864 5519 semper
2882 5489 2899 5517 ,
2934 5456 2990 5504 et
3016 5450 3069 5504 in
3098 5450 3296 5505 smcula
3322 5464 3495 5505 sicci-

1895 5537 2091 5592 lorum.
2129 5538 2322 5593 Amen.

1961 5673 2074 5724 Mlti
2091 5676 2275 5725 habent
2298 5690 2311 5725 :
2342 5675 2455 5726 Ideo
2469 5675 2573 5727 haec
2597 5690 2627 5725 a
2653 5685 2748 5727 Deo
2773 5676 2847 5726 ria
2871 5683 3124 5737 vocantur,
3149 5678 3224 5728 via
3244 5674 3362 5737 lata,
3384 5674 3489 5727 via-

1895 5750 1986 5800 que
2009 5746 2210 5801 angusta
2229 5746 2276 5789 ct
2298 5741 2554 5801 migoribus
2576 5738 2735 5803 plena.
2764 5747 2947 5790 Futura
2965 5752 3093 5789 vero.
