4164 6324
689 351 788 409 231

1433 342 1490 399 S.
1517 337 1794 398 JOANNIS
1820 332 2288 394 CllRYSOSTOMl
2323 331 2642 391 ARCHIEP.
2670 334 3198 396 CONSTANTl-NOP.

3845 353 3955 406 259

2066 538 2413 601 HOMILIA
2454 539 2648 602 XLV.

696 692 827 748 CAP.
873 691 926 748 6.
953 706 1008 744 v.
1051 690 1141 746 98.
1184 688 1433 746 Dixerunt
1475 703 1592 758 ergo
1625 685 1693 739 ad
1744 699 1855 737 eum
1883 697 1902 735 :
1933 681 2068 746 Quid
2107 679 2266 751 facie-

767 800 877 836 mus
897 824 912 847 ,
946 791 1000 836 ut
1022 797 1284 852 operemur
1303 795 1457 848 opera
1485 777 1578 830 Dei
1590 778 1614 829 .9
1633 774 1722 829 29.
1747 773 1814 827 Et
1836 772 1964 826 dixit
1990 773 2060 826 eis
2079 768 2230 824 Iesus
2249 784 2268 822 :

773 871 882 926 Hoc
910 882 981 925 est
1007 888 1134 941 opus
1161 869 1285 935 Dei,
1313 879 1366 922 ut
1393 867 1606 920 credatis
1627 866 1679 918 in
1699 880 1813 917 eum
1832 878 1978 929 quem
2003 860 2137 913 misit
2159 859 2265 913 ille.

771 963 860 1019 30.
892 963 1140 1017 Dixerunt
1169 977 1285 1030 ergo
1315 959 1360 1013 ei
1389 975 1408 1010 :
1441 954 1588 1023 Quod
1604 970 1722 1024 ergo
1745 961 1798 1006 tu
1813 953 1942 1023 facis
1965 951 2180 1022 signum,
2215 957 2268 1001 ut

768 1057 1023 1110 videamus
1049 1065 1095 1120 et
1114 1053 1378 1107 credamus
1399 1047 1528 1103 tibi?
1547 1046 1671 1118 quid
1705 1045 1929 1115 operaris
1945 1044 1970 1096 .’

767 1149 818 1201 l.
849 1143 996 1201 Gutw
1020 1145 1283 1215 pernicies.
1315 1172 1386 1182 —
1409 1140 1552 1195 Nihil
1572 1139 1693 1208 gula
1718 1136 1972 1201 deterius,
2002 1131 2132 1188 nihil
2157 1142 2270 1186 tur-

695 1239 832 1306 pius.
859 1237 981 1292 llzcc
1009 1236 1257 1291 obtusum
1280 1242 1334 1288 et
1357 1245 1593 1287 crassum
1617 1229 1904 1298 ingenium,
1929 1222 2045 1279 haec
2073 1237 2267 1324 carna-

691 1332 795 1384 lem
819 1331 1046 1384 animam
1079 1327 1272 1393 reddit,
1302 1325 1415 1379 hate
1431 1331 1680 1387 excmcat,
1712 1334 1810 1375 nec
1829 1318 1953 1372 sinit
1977 1318 2264 1384 respicere.

691 1419 1071 1476 Animadverte
1110 1416 1379 1488 quomodo
1420 1415 1534 1469 haec
1556 1412 1754 1468 ludatis
1796 1405 2102 1507 acciderint.

692 1511 834 1564 enim
861 1508 997 1579 gulae
1027 1507 1312 1568 inhiantes,
1346 1503 1622 1559 sazcularia
1648 1501 1817 1556 solum
1845 1497 2079 1596 nihilque
2105 1497 2266 1596 spiri-

691 1600 834 1653 tuale
852 1599 1168 1666 cogitarent,
1199 1594 1383 1649 multis
1415 1593 1531 1646 illos
1570 1589 1813 1645 Christus
1831 1587 2008 1642 verbis
2033 1587 2264 1649 excitat,

690 1688 978 1742 acrimonia
1005 1695 1058 1740 et
1084 1684 1406 1756 indulgentia
1437 1683 1629 1753 plenis.
1652 1677 1834 1750 Neque
1860 1688 2036 1733 tamen
2067 1679 2144 1732 sic
2170 1693 2265 1731 ex-

690 1781 942 1846 citantur,
987 1779 1078 1833 sed
1121 1776 1298 1832 adhuc
1344 1774 1489 1828 humi
1533 1773 1732 1841 jacent.
1765 1771 2012 1824 Animum
2039 1767 2262 1831 adhibe,

688 1884 903 1937 (inlaeso;
931 1869 1136 1923 dixerat
1175 1867 1253 1923 eis
1281 1882 1296 1920 :
1323 1863 1562 1931 Qumritis
1608 1877 1686 1914 me
1708 1902 1722 1926 ,
1751 1877 1852 1914 non
1901 1860 2021 1930 quia
2074 1858 2266 1912 uidistis

687 1960 852 2028 signa,
876 1959 962 2011 sed
982 1958 1099 2028 quia
1116 1956 1456 2010 manducastis
1480 1969 1540 2006 ea:
1563 1951 1792 2021 panibus,
1817 1960 1863 2003 et
1886 1950 2099 2050 saturati
2125 1949 2262 2002 estis.

689 2048 908 2103 incessit
952 2050 1069 2103 illos
1110 2042 1675 2118 arguendomstendit
1728 2056 1971 2110 qumnam
2028 2042 2098 2094 sit
2141 2053 2263 2093 esca

687 2140 992 2208 qumrenda,
1023 2155 1141 2192 cum
1173 2138 1266 2202 ait,
1301 2134 1605 2205 Operemini,
1653 2149 1751 2185 non
1781 2131 1942 2184 cibum
1970 2131 2054 2200 qui
2086 2130 2213 2198 perit
2245 2145 2265 2183 .'

689 2230 836 2284 addit
872 2230 1142 2300 praemium
1172 2229 1256 2283 his
1283 2227 1478 2291 verbis,
1511 2225 1616 2280 Sed
1638 2225 1722 2294 qui
1752 2233 2004 2293 permanet
2033 2225 2083 2277 in
2113 2223 2263 2276 vitam

690 2331 927 2374 retentam
962 2318 1195 2374 :deinde
1219 2334 1405 2373 eorum
1437 2317 1723 2386 objectioni
1755 2315 2001 2380 occurrit,
2035 2313 2262 2370 dicendo

689 2425 747 2463 se
773 2425 801 2463 a
828 2410 984 2464 Patre
1005 2410 1222 2464 missum
1252 2423 1370 2463 esse
1391 2407 1494 2477 (α).
1523 2407 1658 2490 Quid
1684 2422 1812 2477 ergo
1842 2405 1955 2459 i‘li?
1982 2405 2140 2472 Quasi
2178 2405 2261 2460 ni-

691 2500 762 2551 hil
785 2500 1078 2566 audissent,
1112 2498 1247 2562 Quid
1276 2515 1393 2569 ergo
1430 2499 1691 2567 faciemus,
1719 2497 1980 2566 inquiunt,
2005 2506 2056 2548 ut
2085 2513 2262 2565 opere-

688 2605 801 2641 mur
829 2605 980 2657 Opera
1007 2588 1138 2643 Dei?
1164 2588 1288 2643 Haec
1310 2603 1471 2658 porro
1496 2588 1762 2654 dicebant,
1792 2604 1897 2642 non
1919 2598 1972 2642 ut
1996 2588 2264 2644 discerent

685 2687 738 2732 ct
770 2678 1022 2744 facerent,
1051 2687 1107 2733 ut
1127 2678 1400 2748 sequentia
1431 2679 1751 2744 ostendunt;
1775 2677 1866 2733 sed
1901 2687 1956 2732 ut
1984 2692 2166 2733 rursus
2195 2678 2258 2732 ad

684 2770 859 2823 cibum
886 2767 1223 2839 praebendum
1243 2769 1574 2833 inducerent,
1601 2778 1655 2823 et
1677 2769 1850 2822 denuo
1870 2778 2256 2823 salut-urentur.

684 2859 818 2925 Quid
846 2875 971 2929 ergo
1009 2859 1290 2914 Christus?
1319 2858 1431 2911 Hoc
1472 2869 1543 2911 est
1568 2875 1694 2927 opus
1725 2857 1840 2923 Dei,
1869 2868 1920 2911 ut
1945 2859 2162 2912 credatis
2205 2861 2259 2913 in

684 2968 799 3004 cum
827 2967 973 3019 quem
1001 2951 1133 3002 misit
1159 2950 1260 3002 ille.
1301 2949 1379 3002 Ad
1413 2949 1526 3003 haec
1555 2949 1626 3002 illi
1660 2966 1672 3001 :
1706 2948 1852 3014 Quod
1877 2950 2076 3019 signum
2109 2952 2255 3020 facis,

685 3053 739 3095 ut
766 3042 1018 3094 videamus
1044 3050 1089 3092 et
1116 3040 1419 3092 credamus?
1440 3042 1526 3092 5t.
1562 3037 1744 3092 Patres
1771 3040 1928 3093 nostri
1975 3043 2257 3096 manduca-

682 3140 854 3186 verunt
877 3147 1059 3183 manna
1106 3131 1160 3182 in
1198 3130 1411 3184 deserto.
1441 3130 1580 3185 Nihil
1614 3131 1695 3184 his
1743 3130 2097 3201 insipientius,
2126 3135 2257 3190 nihil

681 3224 911 3278 stultius.
936 3221 1066 3277 Cum
1097 3223 1304 3292 signum
1328 3222 1498 3277 adhuc
1523 3223 1572 3277 in
1601 3223 1769 3277 oculis
1792 3234 1950 3288 esset.
1979 3241 2040 3280 ac
2061 3227 2104 3281 si
2135 3227 2255 3280 nul-

681 3316 789 3368 lum
815 3312 1008 3366 factum
1036 3321 1196 3378 esset,
1216 3311 1480 3379 dicebant,
1508 3312 1656 3379 Quod
1682 3313 1881 3384 signum
1899 3315 2061 3386 facis?
2083 3332 2255 3387 neque

688 3405 788 3473 ipsi
816 3405 1083 3472 optionem
1127 3401 1263 3473 signi
1291 3402 1623 3471 relinquunt;
1655 3404 1747 3458 sed
1777 3413 1959 3473 putant
1986 3421 2042 3461 se
2063 3407 2129 3461 ad
2159 3424 2254 3463 ne-

679 3500 978 3554 cessitatem
1007 3498 1153 3552 illum
1185 3496 1499 3552 redueturos
1515 3512 1654 3565 esse,
1682 3508 1736 3552 ut
1762 3514 1865 3554 non
1882 3500 2026 3555 aliud
2047 3501 2254 3572 signum

680 3589 895 3656 faceret,
956 3605 1112 3659 quam
1164 3588 1303 3658 quod
1357 3589 1621 3660 majorum
1676 3606 1891 3646 suorum
1922 3597 2254 3664 temporibus

681 3682 874 3736 factum
896 3693 998 3736 est.
1026 3682 1148 3736 ldeo
1171 3681 1352 3735 dicunt
1381 3700 1393 3734 :
1423 3678 1604 3735 Patres
1648 3683 1804 3736 nostri
1829 3685 2254 3740 manducaverunt

681 3789 865 3825 manna
892 3772 940 3825 in
963 3772 1192 3834 deserto;
1216 3769 1496 3848 hoe_modo
1524 3786 1581 3825 se
1611 3772 1756 3825 illum
1787 3773 2109 3830 excitaturus
2137 3793 2253 3832 esse

679 3872 944 3934 putantes,
991 3874 1042 3917 ut
1101 3861 1399 3931 huiusmodi
1451 3862 1656 3932 signum
1691 3863 1906 3930 faceret,
1956 3867 2096 3934 quod
2138 3869 2253 3923 illos

677 3955 961 4009 carnaliter
1005 3953 1147 4008 alere
1175 3963 1376 4022 posset.
1406 3954 1511 4007 Cur
1541 3955 1681 4009 enim
1713 3971 1817 4010 non
1849 3956 1986 4012 aliud
2010 3974 2073 4013 ex
2104 3962 2251 4030 prio-

679 4046 825 4099 ribus
863 4045 1026 4114 signis
1065 4054 1550 4099 commemorarunt
1575 4065 1585 4097 :
1611 4046 1709 4100 etsi
1742 4049 1904 4102 multa
1950 4058 2073 4104 ttmc
2121 4055 2251 4107 facta

679 4135 898 4190 fuissent
937 4136 987 4188 in
1017 4134 1267 4204 )Egypto,
1301 4137 1352 4188 in
1385 4136 1538 4200 mari,
1569 4137 1618 4189 in
1650 4137 1895 4204 deserto;
1938 4141 2030 4194 sed
2078 4143 2250 4196 solum

678 4241 866 4279 manna
900 4223 1214 4294 proferunt?
1243 4240 1417 4277 annon
1445 4226 1566 4294 quia
1593 4225 1793 4280 ventris
1833 4230 2110 4296 tyrannide
2156 4232 2252 4284 ad-

679 4317 888 4371 modum
909 4315 1260 4386 tcnebautur?
1285 4316 1560 4380 Quomodo
1587 4326 1760 4371 autem
1785 4333 1879 4371 vos
1909 4322 1994 4388 qui
2022 4323 2254 4391 prophe-

680 4417 784 4460 tam
814 4395 956 4460 illum
986 4407 1230 4470 vocastis,
1268 4406 1354 4475 qui
1387 4421 1564 4475 regem
1596 4407 1763 4476 ipsum
1811 4411 2137 4467 constituere
2162 4432 2253 4466 vo-

679 4499 867 4563 luistis,
891 4498 1008 4566 quia
1039 4498 1244 4565 signum
1274 4496 1544 4564 videratis,
1578 4515 1718 4553 nunc
1739 4516 1800 4553 ac
1827 4503 1871 4556 si
1903 4504 2029 4557 nihil
2055 4506 2249 4563 factum

675 4591 762 4642 sit.
793 4589 979 4660 ingrati
999 4597 1052 4643 et
1084 4587 1262 4657 perﬁdi
1287 4589 1435 4653 cstis,
1484 4598 1537 4643 et
1582 4590 1788 4659 signum
1818 4594 2015 4660 petitis,
2047 4599 2249 4664 parasi-

679 4689 848 4733 torutn
872 4690 924 4732 et
944 4694 1132 4732 canum
1160 4679 1517 4733 famelicorum
1541 4697 1722 4736 vocem
1749 4684 2092 4740 etnitteutes‘t
2113 4705 2252 4745 nunc

677 4771 828 4823 vobis
858 4784 1046 4822 manna
1071 4769 1407 4822 admirationi
1434 4779 1535 4833 est,
1561 4787 1678 4825 cum
1700 4775 1870 4827 anima
1904 4786 2075 4831 vestra
2113 4779 2246 4834 deﬁ-

678 4861 749 4914 cit
776 4861 830 4912 ‘?
866 4859 932 4913 Et
962 4859 1175 4914 adverte
1204 4861 1445 4914 ironiam.
1473 4861 1586 4915 Non
1616 4863 1879 4930 dixerunt,
1911 4867 2120 4937 Moyses
2153 4872 2254 4926 hoc

677 4955 797 5007 fecit
824 4954 1053 5022 signum,
1083 4961 1138 5006 tu
1168 4953 1291 5021 quid
1321 4953 1482 5008 lacis?
1505 4971 1570 5008 ne
1599 4956 1742 5010 illum
1765 4959 2131 5026 concitarent;
2158 4965 2250 5018 sed

677 5045 964 5100 honorilice
1001 5043 1286 5098 admodum
1342 5046 1683 5115 compellant,
1725 5048 1897 5103 cibum
1941 5061 2253 5121 exspectau-

738 5178 810 5239 (a)
844 5175 1221 5226 oil‘eudebantur
1243 5176 1392 5241 Judaei
1417 5177 1546 5239 quod
1570 5188 1798 5241 putarent
1823 5181 2066 5231 Christum
2090 5197 2152 5232 ex
2176 5199 2242 5235 se

677 5241 887 5299 metipso
913 5247 963 5286 et
999 5252 1060 5286 ex
1080 5239 1583 5304 auctoritate’propria
1606 5241 1734 5302 loqui
1766 5245 1924 5304 :iquod
1952 5245 2143 5294 etiamsi
2173 5261 2253 5298 ve-

678 5314 779 5347 rum
806 5306 954 5362 esset,
977 5307 1183 5362 utszepe
1205 5300 1320 5348 dicit
1343 5300 1738 5362 Chrysostomus,
1766 5300 1982 5354 Christus
2012 5314 2172 5357 tamen
2196 5310 2254 5358 il-

674 5363 827 5408 lorum
854 5359 1177 5432 imbecillitati
1200 5373 1256 5409 se
1283 5359 1640 5432 attetuperans,
1667 5359 1775 5432 cum
1813 5366 2020 5415 nondum
2062 5377 2253 5432 tempus

672 5432 706 5470 e
729 5430 810 5471 set
853 5422 1152 5470 divinitatem
1190 5434 1322 5470 suam
1367 5422 1724 5480 ma’nil‘estandi,
1750 5439 1807 5475 se
1845 5441 1870 5476 a
1911 5436 2011 5477 Deo
2035 5437 2087 5478 et
2112 5422 2249 5483 Patre

677 5483 1084 5550 nussumdiccbat
1103 5521 1116 5543 ,
1141 5484 1268 5550 quod
1292 5483 1486 5550 quidem
1512 5489 1817 5550 verissimum
1842 5497 1980 5550 erat;
2007 5492 2092 5540 sed
2121 5502 2253 5543 taee-

674 5545 754 5592 hat
780 5544 991 5612 illud,_se
1011 5558 1103 5612 non
1140 5544 1290 5594 Patris
1313 5544 1468 5612 modo,
1504 5549 1590 5596 sed
1616 5563 1702 5598 sua
1726 5564 1924 5612 quoque
1958 5544 2249 5606 auctoritate

673 5607 882 5669 operari.
919 5605 1022 5656 Hoc
1063 5607 1218 5669 ipsum
1249 5621 1343 5655 non
1379 5605 1513 5668 facit,
1557 5625 1666 5659 cum
1705 5605 1762 5661 se
1795 5605 2006 5662 a't‘alre
2053 5605 2249 5667 missum

675 5664 802 5718 dicit.

741 5730 754 5758 ¹
792 5729 929 5796 Savil.
957 5728 1096 5802 legit,
1121 5743 1246 5802 mute
1429 5745 1600 5784 nuutna
1638 5735 1948 5788 admirationi
1979 5745 2048 5789 est
2078 5738 2102 5789 ?
2126 5739 2238 5802 jam

667 5797 764 5838 non
786 5788 947 5841 animo
968 5788 1118 5842 ecetra
1142 5791 1320 5858 tle/icit.

2377 686 2475 734 tes.
2509 680 2690 751 Neque
2714 683 2873 738 etiam
2925 684 3195 757 dixerunt,
3227 691 3367 749 Deus
3396 693 3498 750 hoc
3553 697 3689 754 fecit.
3732 710 3786 756 tu
3831 718 3969 760 vem

2372 768 2499 839 quid
2554 771 2725 827 facis?
2779 790 2846 830 ne
2891 775 3202 834 viderentur
3260 783 3406 837 illum
3463 788 3572 843 Deo
3638 806 3966 864 exequare;

2374 876 2549 931 neque
2573 859 2806 934 Moysem
2834 877 3154 939 memorant,
3198 888 3266 928 ne
3307 873 3592 934 videantur
3619 859 3968 942 humiliorem

2372 950 2700 1019 facere;sed
2730 956 2785 1010 in
2809 960 2986 1014 medio
3011 959 3063 1014 id
3101 976 3412 1040 posuerunt,
3461 968 3741 1028 dicentes:
3778 973 3970 1033 Patres

2373 1046 2536 1099 nostri
2561 1045 2986 1105 manducaverunt
3023 1069 3208 1108 manna
3233 1056 3285 1111 in
3307 1057 3523 1116 deserto.
3569 1063 3789 1120 Poterat
3834 1085 3969 1125 vero

2371 1133 2615 1230 Christus
2641 1137 2842 1206 dicere,
2865 1139 3034 1213 Majus
3076 1160 3216 1200 nunc
3243 1148 3556 1206 miraculum
3604 1155 3770 1225 edidi,
3799 1175 3967 1230 quam

2371 1223 2600 1298 Moyses,
2631 1245 2729 1286 nec
2761 1233 2904 1304 virga
2925 1277 2941 1302 ,
2975 1251 3076 1292 nec
3123 1241 3432 1308 precatione
3467 1261 3602 1316 opus
3634 1223 3834 1318 habeo:
3866 1255 3967 1310 sed

2371 1319 2546 1372 omnia
2575 1336 2603 1374 a
2626 1322 2829 1392 meipso
2859 1323 2960 1380 feci
2992 1345 3006 1380 :
3032 1329 3175 1396 quod
3207 1332 3251 1385 si
3280 1349 3472 1389 manna
3499 1345 3968 1413 commemoratis,

2371 1423 2496 1464 ecce
2519 1427 2716 1479 panem
2761 1415 2912 1471 vobis
2943 1419 3162 1487 praebui.
3193 1420 3388 1479 Verum
3425 1443 3530 1482 non
3564 1438 3696 1487 tunc
3749 1444 3969 1505 tempus

2370 1510 2485 1554 erat
2527 1503 2596 1557 ita
2627 1503 2898 1574 loquendi,
2931 1510 3025 1565 sed
3055 1529 3216 1568 unum
3253 1517 3494 1587 curabat,
3527 1531 3585 1576 ut
3612 1522 3732 1580 illos
3759 1526 3829 1582 ad
3856 1503 3970 1599 spi-

2370 1590 2613 1646 ritualem
2653 1596 2827 1651 cibum
2867 1597 3175 1658 deduceret.
3233 1604 3298 1660 Et
3342 1609 3464 1666 vide
3505 1627 3662 1682 quam
3696 1590 3965 1674 immensa

2368 1695 2485 1775 cum
2513 1684 2791 1753 prudentia
2822 1694 3137 1760 respondeat
3170 1714 3182 1749 :
3212 1693 3305 1754 ΞΩ.
3337 1699 3460 1755 Non
3483 1702 3684 1775 Moyses
3711 1707 3853 1762 dedit
3871 1725 3967 1765 vo-

2368 1772 2440 1824 bis
2463 1790 2642 1843 panem
2668 1778 2731 1831 de
2755 1781 2895 1845 celo,
2943 1783 3033 1836 sed
3053 1783 3213 1840 Pater
3248 1805 3387 1843 meus
3417 1792 3506 1846 dat
3529 1772 3666 1850 vobis
3692 1815 3879 1866 panem
3901 1797 3969 1855 de

2369 1865 2493 1918 ctelo
2533 1884 2720 1922 verum.
2758 1870 2864 1926 Cur
2896 1876 3180 1946 nonjdixit,
3228 1878 3346 1935 Non
3396 1883 3606 1955 Moyses
3656 1865 3828 1956 dedit,
3864 1890 3966 1951 sed

2368 1971 2468 2026 ego
2490 1973 2505 2051 ξ
2528 1959 2620 2051 sed
2651 1975 2745 2028 pro
2773 1961 2950 2034 Moyse
2975 1965 3160 2032 Deum,
3204 1985 3301 2040 pro
3349 1989 3539 2028 manna
3571 1979 3810 2048 seipsum
3862 1997 3968 2051 po.

2368 2049 2505 2102 suit?
2531 2050 2662 2116 Quia
2693 2055 2856 2109 multa
2883 2068 2999 2111 erat
3039 2061 3339 2118 auditorum
3388 2067 3759 2137 imbecillitas,
3809 2049 3880 2128 uti
3895 2091 3966 2130 ex

2366 2142 2713 2209 sequentibus
2743 2145 2923 2216 liquet.
2975 2147 3181 2206 Etenim
3214 2170 3315 2208 t:0tt
3343 2157 3463 2214 illos
3494 2157 3576 2216 his
3610 2162 3790 2220 verbis
3809 2166 3968 2222 cohi-

2366 2227 2498 2295 buit,
2521 2235 2732 2287 tametsi
2781 2233 2931 2291 initio
2958 2238 3182 2306 dixerat,
3220 2244 3458 2311 Quteritis
3481 2267 3578 2316 me,
3608 2269 3710 2306 non
3737 2253 3860 2323 quia
3887 2254 3968 2309 ui-

2366 2321 2511 2377 distis
2529 2324 2693 2394 signa,
2721 2327 2810 2380 sed
2829 2331 2948 2393 quia
2970 2334 3255 2390 comedistis
3272 2353 3336 2392 ea:
3363 2339 3579 2409 panibus
3615 2359 3635 2397 :
3659 2355 3707 2399 et
3735 2321 3965 2402 saturuti

2365 2415 2500 2509 estis.
2531 2415 2659 2484 Quia
2688 2432 2814 2474 vero
2842 2419 2893 2475 id
2921 2425 3253 2491 quaerebant,
3286 2428 3338 2483 in
3361 2434 3710 2501 sequentibus
3740 2454 3968 2509 quoque

2366 2503 2512 2573 ipsos
2535 2512 2786 2576 correxit,
2817 2527 2989 2582 neque
3031 2523 3207 2572 tamen
3253 2519 3330 2576 illi
3381 2522 3722 2583 destiterunt.
3756 2503 3965 2592 h’erum

2365 2612 2484 2651 cum
2513 2598 2856 2657 Samaritana:
2887 2619 2945 2660 se
2969 2620 3160 2676 aquam
3189 2608 3433 2668 daturum
3463 2617 3826 2691 polliceretur,
3855 2625 3964 2682 Pa-

2365 2699 2498 2744 trem
2527 2709 2630 2746 non
2657 2700 2991 2765 memoravit,
3015 2701 3109 2755 sed
3139 2703 3210 2756 ita
3253 2705 3504 2777 loquutus
3533 2722 3654 2768 est:
3682 2716 3745 2771 Si
3800 2722 3965 2780 scires

2361 2783 2472 2851 quis
2492 2794 2565 2838 est
2587 2786 2674 2852 qui
2693 2787 2813 2840 dicit
2835 2789 2944 2856 tibi,
2973 2790 3056 2845 Da
3082 2795 3206 2849 mihi
3223 2795 3407 2867 bibere,
3432 2811 3488 2855 tu
3508 2802 3724 2871 forsitan
3740 2812 3962 2879 petisses

2360 2875 2423 2928 ab
2449 2893 2529 2940 eo,
2558 2887 2604 2930 et
2633 2877 2849 2934 dedisset
2871 2882 2960 2935 tibi
2997 2901 3182 2956 aquam
3212 2890 3416 2958 vivam;
3455 2904 3510 2949 et
3560 2875 3769 2965 rursus,
3805 2903 3964 2974 Aqua

2361 2982 2511 3035 quam
2554 2985 2644 3036 ego
2673 2969 2839 3034 dabo;
2876 2987 2975 3027 nec
3021 2977 3244 3033 remittit
3295 2981 3361 3035 ad
3409 2983 3647 3043 Patrem.
3698 2989 3796 3046 llic
3826 2969 3964 3051 vero

2363 3057 2572 3113 Patrem
2600 3074 2875 3129 memorat,
2923 3076 2980 3120 ut
3015 3067 3189 3126 discas
3216 3086 3410 3142 quanta
3433 3089 3577 3135 esset
3600 3081 3964 3144 Samaritana:

2363 3148 2528 3213 ﬁdes,
2562 3163 2756 3220 quanta
2807 3155 3112 3214 Judteorum
3162 3163 3517 3224 imbecillitas.
3547 3170 3662 3226 Non
3706 3190 3840 3246 ergo
3889 3179 3964 3236 de

2358 3240 2490 3294 caelo
2539 3257 2730 3297 manna
2785 3258 2899 3300 erat
2929 3265 2941 3301 :
2972 3253 3244 3320 quomodo
3297 3256 3454 3326 igitur
3503 3261 3570 3316 de
3597 3264 3728 3318 easlo
3757 3240 3965 3324 dicitur

2358 3333 2512 3384 esse?
2546 3330 3002 3398 Quemadmodum
3044 3339 3285 3398 Volucres
3313 3349 3426 3401 creti
3453 3349 3472 3420 (
3489 3349 3633 3406 Psat.
3657 3354 3710 3409 8.
3741 3355 3841 3425 9),
3875 3358 3965 3414 di-

2358 3423 2429 3475 cit
2450 3422 2755 3491 Scriptura;
2786 3441 2848 3482 ac
2875 3444 3107 3499 rursum,
3137 3434 3202 3487 Et
3228 3438 3446 3493 intonuit
3487 3443 3550 3496 de
3598 3447 3722 3500 cazlo
3763 3422 3964 3505 Domi-

2359 3528 2454 3565 nus
2481 3510 2659 3582 (Psut.
2693 3517 2777 3569 l7.
2807 3518 2870 3573 l4
2895 3519 2932 3587 ).
2959 3520 3354 3603 Panemautem
3382 3546 3566 3587 verum
3595 3547 3749 3591 vocat
3777 3539 3958 3603 illum,

2362 3619 2465 3658 non
2496 3607 2633 3674 quod
2659 3606 2847 3663 falsum
2868 3624 3010 3667 esset
3033 3601 3345 3674 mira‘cnlum
3365 3622 3431 3677 de
3453 3641 3667 3696 manna,
3685 3631 3780 3685 sed
3813 3649 3962 3703 quo-

2361 3698 2500 3750 niam
2548 3703 2648 3754 ltoc
2706 3711 2860 3771 typus
2901 3716 3035 3769 erat,
3084 3724 3188 3762 non
3245 3711 3357 3780 ipsa
3403 3717 3615 3772 veritas.
3660 3719 3793 3776 Cum
3826 3698 3963 3781 vero

2358 3787 2550 3859 Moysis
2574 3794 2921 3858 meminisset,
2950 3812 3053 3850 non
3078 3813 3134 3853 se
3160 3801 3233 3853 illi
3255 3807 3485 3870 prmtulit
3509 3825 3521 3870 ;
3548 3810 3782 3866 nondum
3807 3816 3961 3871 enim

2359 3880 2528 3947 ipsum
2566 3881 2731 3951 Moysi
2760 3885 3147 3954 anteicrebant,
3182 3892 3287 3945 imo
3313 3894 3547 3965 Moysem
3576 3899 3750 3957 adhuc
3783 3906 3964 3975 majo-

2356 3986 2467 4024 rem
2500 3973 2772 4040 putabant.
2805 3975 2927 4031 ldeo
2956 3993 3075 4031 cum
3105 3981 3344 4050 dixisset,
3386 3985 3508 4041 Non
3554 3990 3761 4062 Moyses
3789 3973 3960 4064 dedit,

2357 4079 2462 4117 non
2493 4063 2710 4134 adjecit,
2741 4068 2850 4137 Ego
2872 4069 2960 4135 do,
2987 4071 3078 4125 sed
3107 4073 3314 4130 Patrem
3338 4078 3470 4134 dare
3499 4082 3646 4138 dicit.
3679 4085 3818 4141 Tum
3849 4063 3958 4156 illi,

2358 4153 2439 4205 Da
2469 4155 2610 4208 nobis
2627 4174 2805 4225 pauent
2836 4160 2966 4212 hunc
2995 4163 3063 4214 ad
3083 4165 3513 4223 manducandum.
3567 4174 3758 4231 Adhuc
3805 4153 3958 4235 enim

2359 4260 2470 4297 rem
2502 4260 2621 4300 esse
2646 4249 2901 4304 sensilcm
2924 4254 3194 4320 putabant,
3227 4257 3400 4313 adhuc
3431 4273 3671 4318 ventrem
3721 4269 3960 4338 implere

2357 4337 2734 4403 exspectabant
2767 4329 2786 4392 εὶ
2813 4341 3008 4397 idcirco
3033 4347 3188 4403 citius
3209 4365 3577 4410 occurrerunt.
3627 4358 3764 4424 Quid
3819 4381 3960 4435 ergo

2357 4425 2793 4484 Christus?lllos
2823 4434 3075 4501 paulatim
3098 4439 3311 4509 erigens
3346 4443 3529 4513 adjicit
3583 4466 3596 4500 ε
3641 4449 3732 4504 55.
3785 4425 3963 4507 Ρωῖιε

2359 4516 2455 4570 Dei
2477 4522 2656 4590 estqui
2687 4523 2945 4578 descendit
2970 4528 3032 4580 de
3060 4530 3204 4596 cado,
3231 4543 3276 4584 et
3302 4533 3388 4586 dat
3414 4536 3564 4588 citant
3591 4540 3821 4607 mundo;
3844 4559 3960 4601 ιιοιι

2354 4608 2556 4663 Judasis
2586 4622 2810 4683 tantum,
2842 4616 2934 4670 sed
2961 4619 3209 4675 universo
3235 4623 3371 4689 orbi,
3401 4625 3590 4696 inquit.
3621 4629 3806 4701 Neque
3830 4636 3962 4691 sim-

2357 4701 2562 4768 pliciter
2591 4705 2789 4772 eihum,
2824 4708 2916 4761 sed
2948 4710 3106 4764 vitam
3130 4712 3502 4772 dicitalteram
3549 4728 3605 4775 ct
3651 4721 3959 4784 diversam.

2356 4791 2528 4845 Vitam
2578 4805 2752 4849 autem
2784 4797 2929 4862 dicit,
2989 4802 3112 4869 quia
3161 4818 3349 4860 omnes
3396 4813 3591 4867 mortui
3643 4827 3817 4871 erant.
3871 4818 3956 4875 llli

2355 4899 2482 4937 veru
2506 4885 2678 4939 adhuc
2705 4897 2861 4942 terra:
2910 4889 3188 4947 adhaerent
3215 4911 3276 4952 ac
3304 4897 3524 4956 dicunt:
3550 4903 3638 4959 34.
3667 4905 3751 4960 Du
3803 4910 3960 4965 nobis

2356 4973 2488 5026 hunc
2512 4994 2710 5043 panem.
2738 4981 2924 5049 Arguit
2948 4994 3126 5040 autem
3149 4988 3268 5044 illos
3293 4993 3433 5062 quod
3460 4995 3711 5064 quamdiu
3759 5002 3951 5056 sensi-

2355 5063 2460 5120 lem
2509 5070 2909 5136 susmcabanlnr
2951 5090 3070 5131 esse
3120 5063 3766 5154 mensam,accurrerint;
3824 5105 3958 5146 cum

2354 5161 2529 5206 autem
2562 5153 2862 5211 didicerunt
2888 5175 3127 5214 mensam
3158 5178 3279 5218 esse
3299 5168 3656 5234 Spiritualcm,
3696 5153 3807 5240 jam
3842 5189 3960 5231 non

2355 5246 2640 5312 aecedaut;
2666 5248 2899 5317 dicitque
2925 5269 2937 5302 :
2961 5253 3049 5306 55.
3072 5252 3185 5324 Ego
3211 5275 3325 5310 sum
3350 5261 3499 5327 panis
3525 5264 3638 5316 vitce
3661 5279 3680 5317 :
3707 5265 3796 5333 qui
3814 5270 3963 5323 venit

2353 5337 2421 5389 ad
2450 5354 2544 5401 me,
2576 5355 2673 5390 non
2695 5342 2914 5404 csuriet;
2947 5353 2990 5395 et
3016 5345 3102 5414 qui
3135 5348 3291 5400 credit
3319 5352 3369 5403 in
3400 5368 3477 5404 me
3496 5394 3510 5416 ,
3545 5370 3644 5408 non
3674 5356 3807 5410 sitiet
3831 5374 3960 5412 stm-

2353 5445 2525 5494 quam.
2555 5429 2644 5483 56.
2680 5431 2786 5484 Sed
2813 5434 2923 5487 dixi
2951 5436 3106 5503 vobis,
3126 5439 3246 5508 quia
3284 5452 3334 5495 et
3373 5444 3567 5498 vidistis
3615 5463 3720 5513 me,
3773 5459 3822 5502 et
3849 5467 3963 5507 non

2352 5522 2550 5575 creditis
2594 5523 2734 5575 nti/ti.

2423 5613 2456 5667 ἒ
2516 5613 2626 5677 Qua
2656 5627 2817 5670 incute
2840 5617 3070 5674 Christus
3111 5639 3258 5677 suum
3294 5626 3630 5683 testimonium
3673 5647 3705 5684 a
3739 5635 3958 5691 nemine

2353 5707 2513 5773 accipi
2559 5706 2755 5761 Judau's
2792 5711 2993 5766 diceret.
3021 5712 3180 5769 Panis
3203 5717 3320 5770 vitae
3355 5721 3479 5788 quid
3521 5725 3605 5776 sit.
3628 5752 3701 5766 —-
3728 5725 3846 5781 lloc
3897 5739 3960 5786 et

2353 5795 2586 5854 Joannes
2612 5802 2858 5871 superius
2886 5803 3067 5861 dicere
3110 5818 3460 5878 prteverterat
3485 5831 3497 5869 :
3531 5813 3681 5882 Quod
3707 5820 3847 5874 novit
3869 5819 3955 5875 ιο-
