  <div class='ocr_page' id='page_1' title='image "/cluster/home/n/w/nwhite01/storage/ocr_20150623/59/pst.000005712595/251.png"; bbox 0 0 4164 6324; ppageno 0'>
   <div class='ocr_carea' id='block_1_1' title="bbox 721 360 826 420">
    <p class='ocr_par' dir='ltr' id='par_1_1' title="bbox 721 360 826 420">
     <span class='ocr_line' id='line_1_1' title="bbox 721 360 826 420; baseline 0.019 -2"><span class='ocrx_word' id='word_1_1' title='bbox 721 360 826 420; x_wconf 69' lang='lat' dir='ltr'>I55</span> 
     </span>
    </p>
   </div>
   <div class='ocr_carea' id='block_1_2' title="bbox 721 464 2282 542">
    <p class='ocr_par' dir='ltr' id='par_1_2' title="bbox 721 464 2282 542">
     <span class='ocr_line' id='line_1_2' title="bbox 721 464 2282 542; baseline -0.009 -11"><span class='ocrx_word' id='word_1_2' title='bbox 721 476 934 540; x_wconf 83' lang='grc' dir='ltr'>δεικνὺς</span> <span class='ocrx_word' id='word_1_3' title='bbox 961 474 1042 530; x_wconf 84' lang='grc' dir='ltr'>δτι</span> <span class='ocrx_word' id='word_1_4' title='bbox 1080 474 1141 526; x_wconf 82' lang='grc' dir='ltr'>οὐ</span> <span class='ocrx_word' id='word_1_5' title='bbox 1171 470 1426 541; x_wconf 81' lang='grc' dir='ltr'>ταράττει</span> <span class='ocrx_word' id='word_1_6' title='bbox 1464 471 1527 524; x_wconf 71' lang='grc' dir='ltr'>σεδ</span> <span class='ocrx_word' id='word_1_7' title='bbox 1563 473 1794 542; x_wconf 82' lang='grc' dir='ltr'>πρᾶγμα</span> <span class='ocrx_word' id='word_1_8' title='bbox 1825 469 2004 531; x_wconf 79' lang='grc' dir='ltr'>αὑτὸν,</span> <span class='ocrx_word' id='word_1_9' title='bbox 2049 466 2169 521; x_wconf 66' lang='grc' dir='ltr'>οὐδὲ</span> <span class='ocrx_word' id='word_1_10' title='bbox 2198 464 2282 517; x_wconf 86' lang='grc' dir='ltr'>δό-</span> 
     </span>
    </p>
   </div>
   <div class='ocr_carea' id='block_1_3' title="bbox 724 550 2282 629">
    <p class='ocr_par' dir='ltr' id='par_1_3' title="bbox 724 550 2282 629">
     <span class='ocr_line' id='line_1_3' title="bbox 724 550 2282 629; baseline -0.008 -15"><span class='ocrx_word' id='word_1_11' title='bbox 724 559 820 628; x_wconf 80' lang='grc' dir='ltr'>ξης</span> <span class='ocrx_word' id='word_1_12' title='bbox 852 557 1076 628; x_wconf 74' lang='grc' dir='ltr'>ὶφίεται,</span> <span class='ocrx_word' id='word_1_13' title='bbox 1121 555 1239 608; x_wconf 79' lang='grc' dir='ltr'>οὐδὲ</span> <span class='ocrx_word' id='word_1_14' title='bbox 1272 555 1457 621; x_wconf 91' lang='grc' dir='ltr'>ἀγνοεῖ</span> <span class='ocrx_word' id='word_1_15' title='bbox 1493 553 1563 608; x_wconf 93' lang='grc' dir='ltr'>τά</span> <span class='ocrx_word' id='word_1_16' title='bbox 1593 555 1878 629; x_wconf 80' lang='grc' dir='ltr'>ἀπόρρητα</span> <span class='ocrx_word' id='word_1_17' title='bbox 1919 553 2016 624; x_wconf 82' lang='grc' dir='ltr'>τῆς</span> <span class='ocrx_word' id='word_1_18' title='bbox 2047 550 2282 611; x_wconf 79' lang='grc' dir='ltr'>διανοίας</span> 
     </span>
    </p>
   </div>
   <div class='ocr_carea' id='block_1_4' title="bbox 721 629 2279 707">
    <p class='ocr_par' dir='ltr' id='par_1_4' title="bbox 721 629 2279 707">
     <span class='ocr_line' id='line_1_4' title="bbox 721 629 2279 707; baseline -0.007 -12"><span class='ocrx_word' id='word_1_19' title='bbox 721 641 917 701; x_wconf 84' lang='grc' dir='ltr'>αὐτῶν,</span> <span class='ocrx_word' id='word_1_20' title='bbox 961 637 1081 691; x_wconf 76' lang='grc' dir='ltr'>οὕτε</span> <span class='ocrx_word' id='word_1_21' title='bbox 1123 637 1190 690; x_wconf 89' lang='grc' dir='ltr'>τά</span> <span class='ocrx_word' id='word_1_22' title='bbox 1224 639 1465 707; x_wconf 88' lang='grc' dir='ltr'>παρόντα</span> <span class='ocrx_word' id='word_1_23' title='bbox 1485 677 1499 701; x_wconf 93' lang='grc'>,</span> <span class='ocrx_word' id='word_1_24' title='bbox 1543 635 1666 690; x_wconf 73' lang='grc' dir='ltr'>οὔτε</span> <span class='ocrx_word' id='word_1_25' title='bbox 1710 637 1780 690; x_wconf 84' lang='grc' dir='ltr'>τὰ</span> <span class='ocrx_word' id='word_1_26' title='bbox 1815 635 2088 705; x_wconf 84' lang='grc' dir='ltr'>μέλλοντα.</span> <span class='ocrx_word' id='word_1_27' title='bbox 2135 629 2279 699; x_wconf 77' lang='grc' dir='ltr'>Ἐγώ</span> 
     </span>
    </p>
   </div>
   <div class='ocr_carea' id='block_1_5' title="bbox 719 713 2281 793">
    <p class='ocr_par' dir='ltr' id='par_1_5' title="bbox 719 713 2281 793">
     <span class='ocr_line' id='line_1_5' title="bbox 719 713 2281 793; baseline -0.008 -15"><span class='ocrx_word' id='word_1_28' title='bbox 719 727 833 793; x_wconf 79' lang='grc' dir='ltr'>ειμι</span> <span class='ocrx_word' id='word_1_29' title='bbox 877 725 911 776; x_wconf 89' lang='lat'>0</span> <span class='ocrx_word' id='word_1_30' title='bbox 947 721 1122 790; x_wconf 80' lang='grc' dir='ltr'>ἄρτος</span> <span class='ocrx_word' id='word_1_31' title='bbox 1147 720 1258 790; x_wconf 81' lang='grc' dir='ltr'>τῆς</span> <span class='ocrx_word' id='word_1_32' title='bbox 1287 719 1452 788; x_wconf 80' lang='grc' dir='ltr'>ζωῆς.</span> <span class='ocrx_word' id='word_1_33' title='bbox 1501 720 1699 774; x_wconf 77' lang='grc' dir='ltr'>Μέλλει</span> <span class='ocrx_word' id='word_1_34' title='bbox 1727 719 1908 772; x_wconf 84' lang='grc' dir='ltr'>λοιπὸν</span> <span class='ocrx_word' id='word_1_35' title='bbox 1940 719 2018 780; x_wconf 85' lang='grc' dir='ltr'>είς</span> <span class='ocrx_word' id='word_1_36' title='bbox 2043 715 2141 786; x_wconf 78' lang='grc' dir='ltr'>τὴν</span> <span class='ocrx_word' id='word_1_37' title='bbox 2173 713 2281 766; x_wconf 87' lang='grc' dir='ltr'>τῶν</span> 
     </span>
    </p>
   </div>
   <div class='ocr_carea' id='block_1_6' title="bbox 723 795 2281 877">
    <p class='ocr_par' dir='ltr' id='par_1_6' title="bbox 723 795 2281 877">
     <span class='ocr_line' id='line_1_6' title="bbox 723 795 2281 877; baseline -0.008 -17"><span class='ocrx_word' id='word_1_38' title='bbox 723 805 1030 877; x_wconf 75' lang='grc' dir='ltr'>μυστηρίων</span> <span class='ocrx_word' id='word_1_39' title='bbox 1065 803 1320 874; x_wconf 81' lang='grc' dir='ltr'>ἐμϐαλεῖν</span> <span class='ocrx_word' id='word_1_40' title='bbox 1366 802 1681 872; x_wconf 80' lang='grc' dir='ltr'>παράδοσιν.</span> <span class='ocrx_word' id='word_1_41' title='bbox 1738 801 1848 854; x_wconf 79' lang='grc' dir='ltr'>Καὶ</span> <span class='ocrx_word' id='word_1_42' title='bbox 1899 799 2111 870; x_wconf 86' lang='grc' dir='ltr'>πρῶτον</span> <span class='ocrx_word' id='word_1_43' title='bbox 2153 795 2281 866; x_wconf 81' lang='grc' dir='ltr'>περὶ</span> 
     </span>
    </p>
   </div>
   <div class='ocr_carea' id='block_1_7' title="bbox 717 878 2281 958">
    <p class='ocr_par' dir='ltr' id='par_1_7' title="bbox 717 878 2281 958">
     <span class='ocr_line' id='line_1_7' title="bbox 717 878 2281 958; baseline -0.008 -16"><span class='ocrx_word' id='word_1_44' title='bbox 717 887 816 958; x_wconf 77' lang='grc' dir='ltr'>τῆς</span> <span class='ocrx_word' id='word_1_45' title='bbox 844 887 1092 958; x_wconf 73' lang='grc' dir='ltr'>θεότητος</span> <span class='ocrx_word' id='word_1_46' title='bbox 1121 883 1447 957; x_wconf 63' lang='grc' dir='ltr'>αὐτοῦῘΞϐιι]</span> <span class='ocrx_word' id='word_1_47' title='bbox 1467 885 1765 952; x_wconf 77' lang='grc' dir='ltr'>διαλέγεται</span> <span class='ocrx_word' id='word_1_48' title='bbox 1783 883 1972 950; x_wconf 87' lang='grc' dir='ltr'>λέγων.</span> <span class='ocrx_word' id='word_1_49' title='bbox 2004 878 2148 950; x_wconf 59' lang='grc' dir='ltr'>Ἐγώ</span> <span class='ocrx_word' id='word_1_50' title='bbox 2164 881 2281 947; x_wconf 87' lang='grc' dir='ltr'>είμι</span> 
     </span>
    </p>
   </div>
   <div class='ocr_carea' id='block_1_8' title="bbox 719 961 2280 1039">
    <p class='ocr_par' dir='ltr' id='par_1_8' title="bbox 719 961 2280 1039">
     <span class='ocr_line' id='line_1_8' title="bbox 719 961 2280 1039; baseline -0.007 -12"><span class='ocrx_word' id='word_1_51' title='bbox 719 974 754 1028; x_wconf 88' lang='grc' dir='ltr'>ό</span> <span class='ocrx_word' id='word_1_52' title='bbox 781 972 956 1039; x_wconf 77' lang='grc' dir='ltr'>ἄρτος</span> <span class='ocrx_word' id='word_1_53' title='bbox 970 969 1080 1038; x_wconf 84' lang='grc' dir='ltr'>τῆς</span> <span class='ocrx_word' id='word_1_54' title='bbox 1099 969 1267 1037; x_wconf 77' lang='grc' dir='ltr'>ζὶοῆς.</span> <span class='ocrx_word' id='word_1_55' title='bbox 1283 969 1417 1022; x_wconf 70' lang='grc' dir='ltr'><strong>Οὐδὲ</strong></span> <span class='ocrx_word' id='word_1_56' title='bbox 1447 968 1556 1039; x_wconf 85' lang='grc' dir='ltr'>γὰρ</span> <span class='ocrx_word' id='word_1_57' title='bbox 1582 969 1708 1037; x_wconf 79' lang='grc' dir='ltr'>περὶ</span> <span class='ocrx_word' id='word_1_58' title='bbox 1729 966 1824 1020; x_wconf 89' lang='grc' dir='ltr'>τοῦ</span> <span class='ocrx_word' id='word_1_59' title='bbox 1856 965 2105 1036; x_wconf 85' lang='grc' dir='ltr'>σώματος</span> <span class='ocrx_word' id='word_1_60' title='bbox 2123 961 2280 1016; x_wconf 89' lang='grc' dir='ltr'>τοῦτο</span> 
     </span>
    </p>
   </div>
   <div class='ocr_carea' id='block_1_9' title="bbox 717 1046 2276 1125">
    <p class='ocr_par' dir='ltr' id='par_1_9' title="bbox 717 1046 2276 1125">
     <span class='ocr_line' id='line_1_9' title="bbox 717 1046 2276 1125; baseline -0.006 -17"><span class='ocrx_word' id='word_1_61' title='bbox 717 1057 932 1125; x_wconf 84' lang='grc' dir='ltr'>εῖρηται</span> <span class='ocrx_word' id='word_1_62' title='bbox 965 1054 1114 1122; x_wconf 77' lang='grc' dir='ltr'>(περὶ</span> <span class='ocrx_word' id='word_1_63' title='bbox 1140 1051 1245 1122; x_wconf 76' lang='grc' dir='ltr'>γὰρ</span> <span class='ocrx_word' id='word_1_64' title='bbox 1275 1053 1484 1105; x_wconf 79' lang='grc' dir='ltr'>ἐκείνου</span> <span class='ocrx_word' id='word_1_65' title='bbox 1511 1050 1644 1121; x_wconf 83' lang='grc' dir='ltr'>πρὸς</span> <span class='ocrx_word' id='word_1_66' title='bbox 1674 1049 1750 1120; x_wconf 83' lang='grc' dir='ltr'>τῷ</span> <span class='ocrx_word' id='word_1_67' title='bbox 1774 1050 1923 1103; x_wconf 89' lang='grc' dir='ltr'>τέλει</span> <span class='ocrx_word' id='word_1_68' title='bbox 1950 1049 2099 1116; x_wconf 84' lang='grc' dir='ltr'>λέγει</span> <span class='ocrx_word' id='word_1_69' title='bbox 2120 1065 2134 1079; x_wconf 87' lang='grc'><strong>·</strong></span> <span class='ocrx_word' id='word_1_70' title='bbox 2168 1046 2276 1100; x_wconf 79' lang='lat' dir='ltr'><strong><em>Kal</em></strong></span> 
     </span>
    </p>
   </div>
   <div class='ocr_carea' id='block_1_10' title="bbox 718 1125 2278 1205">
    <p class='ocr_par' dir='ltr' id='par_1_10' title="bbox 718 1125 2278 1205">
     <span class='ocr_line' id='line_1_10' title="bbox 718 1125 2278 1205; baseline -0.008 -13"><span class='ocrx_word' id='word_1_71' title='bbox 718 1140 752 1192; x_wconf 77' lang='grc' dir='ltr'><em>ὀ</em></span> <span class='ocrx_word' id='word_1_72' title='bbox 773 1136 946 1205; x_wconf 75' lang='grc' dir='ltr'>ἄρτος</span> <span class='ocrx_word' id='word_1_73' title='bbox 966 1136 1052 1202; x_wconf 81' lang='grc' dir='ltr'>δὲ,</span> <span class='ocrx_word' id='word_1_74' title='bbox 1078 1135 1149 1189; x_wconf 83' lang='grc' dir='ltr'>δν</span> <span class='ocrx_word' id='word_1_75' title='bbox 1168 1134 1280 1202; x_wconf 72' lang='grc' dir='ltr'>ἐγὼ</span> <span class='ocrx_word' id='word_1_76' title='bbox 1306 1132 1496 1198; x_wconf 83' lang='grc' dir='ltr'>δώσω,</span> <span class='ocrx_word' id='word_1_77' title='bbox 1524 1135 1562 1201; x_wconf 80' lang='grc' dir='ltr'><strong><em>ἠ</em></strong></span> <span class='ocrx_word' id='word_1_78' title='bbox 1589 1132 1746 1200; x_wconf 78' lang='grc' dir='ltr'>σάρξ</span> <span class='ocrx_word' id='word_1_79' title='bbox 1762 1149 1882 1201; x_wconf 82' lang='grc' dir='ltr'>μου</span> <span class='ocrx_word' id='word_1_80' title='bbox 1901 1131 2092 1200; x_wconf 76' lang='grc' dir='ltr'>ἐστίν)</span> <span class='ocrx_word' id='word_1_81' title='bbox 2109 1144 2122 1157; x_wconf 89' lang='grc'><strong>·</strong></span> <span class='ocrx_word' id='word_1_82' title='bbox 2141 1125 2278 1181; x_wconf 85' lang='grc' dir='ltr'>ἀλλά</span> 
     </span>
    </p>
   </div>
   <div class='ocr_carea' id='block_1_11' title="bbox 717 1211 2279 1288">
    <p class='ocr_par' dir='ltr' id='par_1_11' title="bbox 717 1211 2279 1288">
     <span class='ocr_line' id='line_1_11' title="bbox 717 1211 2279 1288; baseline -0.006 -16"><span class='ocrx_word' id='word_1_83' title='bbox 717 1218 851 1280; x_wconf 83' lang='grc' dir='ltr'>τέως</span> <span class='ocrx_word' id='word_1_84' title='bbox 885 1217 1012 1288; x_wconf 81' lang='grc' dir='ltr'>περὶ</span> <span class='ocrx_word' id='word_1_85' title='bbox 1063 1217 1164 1287; x_wconf 80' lang='grc' dir='ltr'>τῆς</span> <span class='ocrx_word' id='word_1_86' title='bbox 1205 1216 1473 1286; x_wconf 77' lang='grc' dir='ltr'>θεότητος.</span> <span class='ocrx_word' id='word_1_87' title='bbox 1524 1217 1633 1269; x_wconf 82' lang='lat' dir='ltr'><strong><em>Kal</em></strong></span> <span class='ocrx_word' id='word_1_88' title='bbox 1679 1214 1786 1286; x_wconf 82' lang='grc' dir='ltr'>γὰρ</span> <span class='ocrx_word' id='word_1_89' title='bbox 1824 1215 2003 1282; x_wconf 89' lang='grc' dir='ltr'>ἐκείνη</span> <span class='ocrx_word' id='word_1_90' title='bbox 2055 1212 2142 1265; x_wconf 84' lang='grc' dir='ltr'>διά</span> <span class='ocrx_word' id='word_1_91' title='bbox 2186 1211 2279 1264; x_wconf 74' lang='grc' dir='ltr'>τὸν</span> 
     </span>
    </p>
   </div>
   <div class='ocr_carea' id='block_1_12' title="bbox 716 1290 2277 1370">
    <p class='ocr_par' dir='ltr' id='par_1_12' title="bbox 716 1290 2277 1370">
     <span class='ocr_line' id='line_1_12' title="bbox 716 1290 2277 1370; baseline -0.004 -17"><span class='ocrx_word' id='word_1_92' title='bbox 716 1301 846 1354; x_wconf 83' lang='grc' dir='ltr'>Θεὸν</span> <span class='ocrx_word' id='word_1_93' title='bbox 880 1299 1048 1366; x_wconf 82' lang='grc' dir='ltr'>Λόγον</span> <span class='ocrx_word' id='word_1_94' title='bbox 1081 1299 1444 1370; x_wconf 40' lang='grc' dir='ltr'>ἄρτος-ἐστίν’</span> <span class='ocrx_word' id='word_1_95' title='bbox 1477 1298 1663 1368; x_wconf 83' lang='grc' dir='ltr'>ὥσπερ</span> <span class='ocrx_word' id='word_1_96' title='bbox 1694 1292 1786 1350; x_wconf 78' lang='grc' dir='ltr'>οὖν</span> <span class='ocrx_word' id='word_1_97' title='bbox 1815 1297 1908 1350; x_wconf 83' lang='grc' dir='ltr'>καὶ</span> <span class='ocrx_word' id='word_1_98' title='bbox 1938 1290 2088 1357; x_wconf 71' lang='grc' dir='ltr'>οὗτος</span> <span class='ocrx_word' id='word_1_99' title='bbox 2111 1295 2140 1348; x_wconf 90' lang='lat'>0</span> <span class='ocrx_word' id='word_1_100' title='bbox 2177 1291 2277 1362; x_wconf 79' lang='grc' dir='ltr'>ἀρ-</span> 
     </span>
    </p>
   </div>
   <div class='ocr_carea' id='block_1_13' title="bbox 714 1377 2277 1451">
    <p class='ocr_par' dir='ltr' id='par_1_13' title="bbox 714 1377 2277 1451">
     <span class='ocr_line' id='line_1_13' title="bbox 714 1377 2277 1451; baseline -0.004 -16"><span class='ocrx_word' id='word_1_101' title='bbox 714 1399 805 1444; x_wconf 90' lang='grc' dir='ltr'>τος</span> <span class='ocrx_word' id='word_1_102' title='bbox 839 1381 927 1434; x_wconf 79' lang='grc' dir='ltr'>διὰ</span> <span class='ocrx_word' id='word_1_103' title='bbox 953 1381 1014 1433; x_wconf 85' lang='grc' dir='ltr'>τδ</span> <span class='ocrx_word' id='word_1_104' title='bbox 1041 1379 1335 1448; x_wconf 77' lang='grc' dir='ltr'>ἐπιφοιτῶν</span> <span class='ocrx_word' id='word_1_105' title='bbox 1375 1379 1522 1450; x_wconf 80' lang='grc' dir='ltr'>αὐτῷ</span> <span class='ocrx_word' id='word_1_106' title='bbox 1562 1379 1787 1450; x_wconf 81' lang='grc' dir='ltr'>Πνεῦμα</span> <span class='ocrx_word' id='word_1_107' title='bbox 1827 1378 1989 1451; x_wconf 84' lang='grc' dir='ltr'>ἀρτος</span> <span class='ocrx_word' id='word_1_108' title='bbox 2028 1377 2277 1449; x_wconf 81' lang='grc' dir='ltr'>οὐράνιος</span> 
     </span>
    </p>
   </div>
   <div class='ocr_carea' id='block_1_14' title="bbox 715 1457 2278 1532">
    <p class='ocr_par' dir='ltr' id='par_1_14' title="bbox 715 1457 2278 1532">
     <span class='ocr_line' id='line_1_14' title="bbox 715 1457 2278 1532; baseline -0.003 -18"><span class='ocrx_word' id='word_1_109' title='bbox 715 1464 940 1532; x_wconf 89' lang='grc' dir='ltr'>γίνεται.</span> <span class='ocrx_word' id='word_1_110' title='bbox 975 1461 1237 1515; x_wconf 81' lang='grc' dir='ltr'>Ἐνταῦθα</span> <span class='ocrx_word' id='word_1_111' title='bbox 1265 1462 1319 1515; x_wconf 76' lang='grc' dir='ltr'>δὲ</span> <span class='ocrx_word' id='word_1_112' title='bbox 1347 1464 1406 1515; x_wconf 74' lang='grc' dir='ltr'>οὐ</span> <span class='ocrx_word' id='word_1_113' title='bbox 1447 1463 1708 1532; x_wconf 85' lang='grc' dir='ltr'>κέχρηται</span> <span class='ocrx_word' id='word_1_114' title='bbox 1741 1462 1993 1531; x_wconf 83' lang='grc' dir='ltr'>μάρτυσι,</span> <span class='ocrx_word' id='word_1_115' title='bbox 2025 1457 2278 1527; x_wconf 88' lang='grc' dir='ltr'>καθάπερ</span> 
     </span>
    </p>
   </div>
   <div class='ocr_carea' id='block_1_15' title="bbox 715 1541 2277 1615">
    <p class='ocr_par' dir='ltr' id='par_1_15' title="bbox 715 1541 2277 1615">
     <span class='ocr_line' id='line_1_15' title="bbox 715 1541 2277 1615; baseline -0.003 -18"><span class='ocrx_word' id='word_1_116' title='bbox 715 1545 808 1597; x_wconf 77' lang='grc' dir='ltr'>ἐπὶ</span> <span class='ocrx_word' id='word_1_117' title='bbox 835 1545 931 1614; x_wconf 86' lang='grc' dir='ltr'>τῆς</span> <span class='ocrx_word' id='word_1_118' title='bbox 969 1544 1235 1615; x_wconf 78' lang='grc' dir='ltr'>προτέρας</span> <span class='ocrx_word' id='word_1_119' title='bbox 1277 1543 1644 1614; x_wconf 78' lang='grc' dir='ltr'>δημηγορίας·</span> <span class='ocrx_word' id='word_1_120' title='bbox 1676 1542 1791 1612; x_wconf 74' lang='grc' dir='ltr'>εἶχε</span> <span class='ocrx_word' id='word_1_121' title='bbox 1822 1542 1930 1612; x_wconf 80' lang='grc' dir='ltr'>γάρ</span> <span class='ocrx_word' id='word_1_122' title='bbox 1972 1541 2102 1594; x_wconf 70' lang='grc' dir='ltr'>αὐτὸ</span> <span class='ocrx_word' id='word_1_123' title='bbox 2137 1555 2277 1610; x_wconf 82' lang='grc' dir='ltr'>μαρ-</span> 
     </span>
    </p>
   </div>
   <div class='ocr_carea' id='block_1_16' title="bbox 713 1623 2278 1697">
    <p class='ocr_par' dir='ltr' id='par_1_16' title="bbox 713 1623 2278 1697">
     <span class='ocr_line' id='line_1_16' title="bbox 713 1623 2278 1697; baseline -0.001 -19"><span class='ocrx_word' id='word_1_124' title='bbox 713 1626 908 1697; x_wconf 80' lang='grc' dir='ltr'>τυροῦν</span> <span class='ocrx_word' id='word_1_125' title='bbox 944 1626 1004 1679; x_wconf 77' lang='grc' dir='ltr'>τὸ</span> <span class='ocrx_word' id='word_1_126' title='bbox 1054 1627 1212 1696; x_wconf 72' lang='grc' dir='ltr'>ἔργον</span> <span class='ocrx_word' id='word_1_127' title='bbox 1245 1626 1350 1678; x_wconf 84' lang='grc' dir='ltr'>τῶν</span> <span class='ocrx_word' id='word_1_128' title='bbox 1381 1626 1579 1696; x_wconf 78' lang='grc' dir='ltr'>ἄρτων,</span> <span class='ocrx_word' id='word_1_129' title='bbox 1614 1627 1706 1679; x_wconf 77' lang='grc' dir='ltr'>καὶ</span> <span class='ocrx_word' id='word_1_130' title='bbox 1751 1626 1888 1689; x_wconf 87' lang='grc' dir='ltr'>τέως</span> <span class='ocrx_word' id='word_1_131' title='bbox 1915 1623 2278 1695; x_wconf 83' lang='grc' dir='ltr'>ὑποκρινομέ-</span> 
     </span>
    </p>
   </div>
   <div class='ocr_carea' id='block_1_17' title="bbox 712 1706 2278 1777">
    <p class='ocr_par' dir='ltr' id='par_1_17' title="bbox 712 1706 2278 1777">
     <span class='ocr_line' id='line_1_17' title="bbox 712 1706 2278 1777; baseline -0.002 -15"><span class='ocrx_word' id='word_1_132' title='bbox 712 1726 833 1772; x_wconf 92' lang='grc' dir='ltr'>νους</span> <span class='ocrx_word' id='word_1_133' title='bbox 875 1707 1022 1777; x_wconf 82' lang='grc' dir='ltr'>αὐτῷ</span> <span class='ocrx_word' id='word_1_134' title='bbox 1064 1707 1364 1762; x_wconf 86' lang='grc' dir='ltr'>πείθεσθαι.</span> <span class='ocrx_word' id='word_1_135' title='bbox 1404 1709 1551 1760; x_wconf 83' lang='grc' dir='ltr'>Ἐκεῖ</span> <span class='ocrx_word' id='word_1_136' title='bbox 1577 1707 1632 1760; x_wconf 88' lang='grc' dir='ltr'>δὲ</span> <span class='ocrx_word' id='word_1_137' title='bbox 1665 1707 2066 1776; x_wconf 76' lang='grc' dir='ltr'>ἀντέλεγον”καὶ</span> <span class='ocrx_word' id='word_1_138' title='bbox 2090 1706 2278 1759; x_wconf 86' lang='grc' dir='ltr'>ἐνεκά-</span> 
     </span>
    </p>
   </div>
   <div class='ocr_carea' id='block_1_18' title="bbox 711 1786 2275 1859">
    <p class='ocr_par' dir='ltr' id='par_1_18' title="bbox 711 1786 2275 1859">
     <span class='ocr_line' id='line_1_18' title="bbox 711 1786 2275 1859; baseline -0.003 -15"><span class='ocrx_word' id='word_1_139' title='bbox 711 1791 866 1844; x_wconf 79' lang='grc' dir='ltr'>λουνο</span> <span class='ocrx_word' id='word_1_140' title='bbox 915 1789 1003 1843; x_wconf 83' lang='grc' dir='ltr'>διὰ</span> <span class='ocrx_word' id='word_1_141' title='bbox 1050 1790 1204 1843; x_wconf 89' lang='grc' dir='ltr'>τοῦτο</span> <span class='ocrx_word' id='word_1_142' title='bbox 1248 1790 1476 1844; x_wconf 87' lang='grc' dir='ltr'>ἐνταῦθα</span> <span class='ocrx_word' id='word_1_143' title='bbox 1521 1791 1615 1844; x_wconf 75' lang='grc' dir='ltr'>καὶ</span> <span class='ocrx_word' id='word_1_144' title='bbox 1675 1790 2054 1859; x_wconf 83' lang='grc' dir='ltr'>ἀποφαίνεται.</span> <span class='ocrx_word' id='word_1_145' title='bbox 2107 1789 2172 1841; x_wconf 79' lang='lat' dir='ltr'><strong><em>Ol</em></strong></span> <span class='ocrx_word' id='word_1_146' title='bbox 2218 1786 2275 1840; x_wconf 84' lang='grc' dir='ltr'>δὲ</span> 
     </span>
    </p>
   </div>
   <div class='ocr_carea' id='block_1_19' title="bbox 710 1872 2276 1943">
    <p class='ocr_par' dir='ltr' id='par_1_19' title="bbox 710 1872 2276 1943">
     <span class='ocr_line' id='line_1_19' title="bbox 710 1872 2276 1943; baseline -0.002 -17"><span class='ocrx_word' id='word_1_147' title='bbox 710 1873 897 1943; x_wconf 64' lang='grc' dir='ltr'>ἐπειδὴ</span> <span class='ocrx_word' id='word_1_148' title='bbox 939 1873 1279 1943; x_wconf 83' lang='grc' dir='ltr'>προσεδόκων</span> <span class='ocrx_word' id='word_1_149' title='bbox 1309 1873 1603 1936; x_wconf 77' lang='grc' dir='ltr'>ἑστιάσεως</span> <span class='ocrx_word' id='word_1_150' title='bbox 1638 1872 2038 1926; x_wconf 87' lang='grc' dir='ltr'>ἀπολαύσεσθαι</span> <span class='ocrx_word' id='word_1_151' title='bbox 2088 1887 2276 1942; x_wconf 85' lang='grc' dir='ltr'>σαρκι-</span> 
     </span>
    </p>
   </div>
   <div class='ocr_carea' id='block_1_20' title="bbox 710 1952 2274 2026">
    <p class='ocr_par' dir='ltr' id='par_1_20' title="bbox 710 1952 2274 2026">
     <span class='ocr_line' id='line_1_20' title="bbox 710 1952 2274 2026; baseline -0.001 -19"><span class='ocrx_word' id='word_1_152' title='bbox 710 1956 833 2026; x_wconf 83' lang='grc' dir='ltr'>κῆς,</span> <span class='ocrx_word' id='word_1_153' title='bbox 866 1955 1106 2024; x_wconf 87' lang='grc' dir='ltr'>μένουσι,</span> <span class='ocrx_word' id='word_1_154' title='bbox 1161 1956 1253 2006; x_wconf 78' lang='grc' dir='ltr'>καὶ</span> <span class='ocrx_word' id='word_1_155' title='bbox 1297 1955 1356 2006; x_wconf 81' lang='grc' dir='ltr'>οὐ</span> <span class='ocrx_word' id='word_1_156' title='bbox 1406 1957 1775 2024; x_wconf 88' lang='grc' dir='ltr'>ταράττονται,</span> <span class='ocrx_word' id='word_1_157' title='bbox 1812 1957 1957 2018; x_wconf 74' lang='grc' dir='ltr'>ἐωςι</span> <span class='ocrx_word' id='word_1_158' title='bbox 2003 1956 2091 2008; x_wconf 81' lang='grc' dir='ltr'>ὅτε</span> <span class='ocrx_word' id='word_1_159' title='bbox 2137 1952 2274 2024; x_wconf 89' lang='grc' dir='ltr'>μετά</span> 
     </span>
    </p>
   </div>
   <div class='ocr_carea' id='block_1_21' title="bbox 708 2035 2275 2108">
    <p class='ocr_par' dir='ltr' id='par_1_21' title="bbox 708 2035 2275 2108">
     <span class='ocr_line' id='line_1_21' title="bbox 708 2035 2275 2108; baseline -0.002 -18"><span class='ocrx_word' id='word_1_160' title='bbox 708 2038 880 2091; x_wconf 88' lang='grc' dir='ltr'>ταῦτα</span> <span class='ocrx_word' id='word_1_161' title='bbox 911 2039 1232 2105; x_wconf 80' lang='grc' dir='ltr'>ἀπέγνωσαν</span> <span class='ocrx_word' id='word_1_162' title='bbox 1265 2039 1366 2107; x_wconf 85' lang='grc' dir='ltr'>τῆς</span> <span class='ocrx_word' id='word_1_163' title='bbox 1394 2039 1618 2101; x_wconf 83' lang='grc' dir='ltr'>ἐλπίδος.</span> <span class='ocrx_word' id='word_1_164' title='bbox 1647 2038 1792 2108; x_wconf 78' lang='grc' dir='ltr'>Πλὴν</span> <span class='ocrx_word' id='word_1_165' title='bbox 1820 2038 1939 2090; x_wconf 72' lang='grc' dir='ltr'>οὐδὲ</span> <span class='ocrx_word' id='word_1_166' title='bbox 1967 2035 2138 2100; x_wconf 80' lang='grc' dir='ltr'>οὕτως</span> <span class='ocrx_word' id='word_1_167' title='bbox 2171 2035 2275 2088; x_wconf 77' lang='grc' dir='ltr'>ἐσί.</span> 
     </span>
    </p>
   </div>
   <div class='ocr_carea' id='block_1_22' title="bbox 709 2117 2269 2190">
    <p class='ocr_par' dir='ltr' id='par_1_22' title="bbox 709 2117 2269 2190">
     <span class='ocr_line' id='line_1_22' title="bbox 709 2117 2269 2190; baseline -0.001 -19"><span class='ocrx_word' id='word_1_168' title='bbox 709 2134 876 2188; x_wconf 89' lang='grc' dir='ltr'>γησεν</span> <span class='ocrx_word' id='word_1_169' title='bbox 900 2122 928 2172; x_wconf 92' lang='lat'>0</span> <span class='ocrx_word' id='word_1_170' title='bbox 954 2119 1213 2190; x_wconf 82' lang='grc' dir='ltr'>Χριστὸς,</span> <span class='ocrx_word' id='word_1_171' title='bbox 1249 2119 1380 2172; x_wconf 83' lang='grc' dir='ltr'>ἀλλά</span> <span class='ocrx_word' id='word_1_172' title='bbox 1410 2122 1501 2172; x_wconf 80' lang='grc' dir='ltr'>καὶ</span> <span class='ocrx_word' id='word_1_173' title='bbox 1543 2119 1708 2172; x_wconf 69' lang='grc' dir='ltr'>πολλὰ</span> <span class='ocrx_word' id='word_1_174' title='bbox 1749 2118 2074 2188; x_wconf 83' lang='grc' dir='ltr'>ἐντρεπτικά</span> <span class='ocrx_word' id='word_1_175' title='bbox 2101 2117 2269 2183; x_wconf 84' lang='grc' dir='ltr'>λέγει.</span> 
     </span>
    </p>
   </div>
   <div class='ocr_carea' id='block_1_23' title="bbox 708 2200 2273 2273">
    <p class='ocr_par' dir='ltr' id='par_1_23' title="bbox 708 2200 2273 2273">
     <span class='ocr_line' id='line_1_23' title="bbox 708 2200 2273 2273; baseline -0.001 -19"><span class='ocrx_word' id='word_1_176' title='bbox 708 2201 772 2254; x_wconf 85' lang='grc' dir='ltr'>οι</span> <span class='ocrx_word' id='word_1_177' title='bbox 801 2201 889 2264; x_wconf 84' lang='grc' dir='ltr'>δὲ,</span> <span class='ocrx_word' id='word_1_178' title='bbox 937 2203 1097 2272; x_wconf 89' lang='grc' dir='ltr'>ήνίκα</span> <span class='ocrx_word' id='word_1_179' title='bbox 1129 2202 1335 2273; x_wconf 66' lang='grc' dir='ltr'>ἤσθιον,</span> <span class='ocrx_word' id='word_1_180' title='bbox 1371 2203 1654 2272; x_wconf 77' lang='grc' dir='ltr'>προφήτην</span> <span class='ocrx_word' id='word_1_181' title='bbox 1682 2200 1841 2254; x_wconf 74' lang='grc' dir='ltr'>αὑτὸν</span> <span class='ocrx_word' id='word_1_182' title='bbox 1869 2200 2118 2268; x_wconf 84' lang='grc' dir='ltr'>λέγοντες</span> <span class='ocrx_word' id='word_1_183' title='bbox 2137 2240 2151 2261; x_wconf 88' lang='grc'>.</span> <span class='ocrx_word' id='word_1_184' title='bbox 2187 2201 2273 2253; x_wconf 80' lang='grc' dir='ltr'>ἐν·</span> 
     </span>
    </p>
   </div>
   <div class='ocr_carea' id='block_1_24' title="bbox 706 2282 2272 2349">
    <p class='ocr_par' dir='ltr' id='par_1_24' title="bbox 706 2282 2272 2349">
     <span class='ocr_line' id='line_1_24' title="bbox 706 2282 2272 2349; baseline -0.001 -14"><span class='ocrx_word' id='word_1_185' title='bbox 706 2283 878 2336; x_wconf 90' lang='grc' dir='ltr'>ταῦθα</span> <span class='ocrx_word' id='word_1_186' title='bbox 932 2283 1397 2349; x_wconf 83' lang='grc' dir='ltr'>σκανδαλίζονται,</span> <span class='ocrx_word' id='word_1_187' title='bbox 1454 2285 1545 2336; x_wconf 70' lang='grc' dir='ltr'>καὶ</span> <span class='ocrx_word' id='word_1_188' title='bbox 1595 2282 1688 2336; x_wconf 86' lang='grc' dir='ltr'>τοῦ</span> <span class='ocrx_word' id='word_1_189' title='bbox 1744 2282 1995 2345; x_wconf 84' lang='grc' dir='ltr'>τέκτονος</span> <span class='ocrx_word' id='word_1_190' title='bbox 2049 2282 2272 2335; x_wconf 82' lang='grc' dir='ltr'>καλοῦσι</span> 
     </span>
    </p>
   </div>
   <div class='ocr_carea' id='block_1_25' title="bbox 709 2360 2273 2437">
    <p class='ocr_par' dir='ltr' id='par_1_25' title="bbox 709 2360 2273 2437">
     <span class='ocr_line' id='line_1_25' title="bbox 709 2360 2273 2437; baseline 0.001 -21"><span class='ocrx_word' id='word_1_191' title='bbox 709 2366 823 2417; x_wconf 73' lang='grc' dir='ltr'>υἱόν</span> <span class='ocrx_word' id='word_1_192' title='bbox 842 2382 855 2394; x_wconf 91' lang='grc'><strong>·</strong></span> <span class='ocrx_word' id='word_1_193' title='bbox 885 2365 997 2419; x_wconf 79' lang='grc' dir='ltr'>ἀλλ’</span> <span class='ocrx_word' id='word_1_194' title='bbox 1036 2367 1133 2436; x_wconf 77' lang='grc' dir='ltr'>οὐχ</span> <span class='ocrx_word' id='word_1_195' title='bbox 1164 2367 1251 2419; x_wconf 83' lang='grc' dir='ltr'>ὅτε</span> <span class='ocrx_word' id='word_1_196' title='bbox 1278 2367 1403 2429; x_wconf 80' lang='grc' dir='ltr'>τοὺς</span> <span class='ocrx_word' id='word_1_197' title='bbox 1432 2366 1627 2437; x_wconf 83' lang='grc' dir='ltr'>ἄρτους</span> <span class='ocrx_word' id='word_1_198' title='bbox 1659 2364 1866 2435; x_wconf 72' lang='grc' dir='ltr'>ἢσθιον,</span> <span class='ocrx_word' id='word_1_199' title='bbox 1908 2364 2044 2428; x_wconf 74' lang='grc' dir='ltr'>ἀλλ’,</span> <span class='ocrx_word' id='word_1_200' title='bbox 2083 2360 2273 2429; x_wconf 81' lang='grc' dir='ltr'>Οὗτός</span> 
     </span>
    </p>
   </div>
   <div class='ocr_carea' id='block_1_26' title="bbox 708 2446 2272 2518">
    <p class='ocr_par' dir='ltr' id='par_1_26' title="bbox 708 2446 2272 2518">
     <span class='ocr_line' id='line_1_26' title="bbox 708 2446 2272 2518; baseline 0 -18"><span class='ocrx_word' id='word_1_201' title='bbox 708 2446 880 2500; x_wconf 72' lang='grc' dir='ltr'>ἐστιν</span> <span class='ocrx_word' id='word_1_202' title='bbox 907 2451 939 2500; x_wconf 86' lang='grc' dir='ltr'>ό</span> <span class='ocrx_word' id='word_1_203' title='bbox 970 2449 1300 2516; x_wconf 67' lang='grc' dir='ltr'>προφήτης,</span> <span class='ocrx_word' id='word_1_204' title='bbox 1334 2449 1538 2515; x_wconf 79' lang='grc' dir='ltr'>ελεγον,</span> <span class='ocrx_word' id='word_1_205' title='bbox 1573 2449 1668 2500; x_wconf 71' lang='grc' dir='ltr'>καὶ</span> <span class='ocrx_word' id='word_1_206' title='bbox 1716 2447 1904 2518; x_wconf 78' lang='grc' dir='ltr'>ήθελον</span> <span class='ocrx_word' id='word_1_207' title='bbox 1930 2448 2089 2501; x_wconf 80' lang='grc' dir='ltr'>αὐτὸν</span> <span class='ocrx_word' id='word_1_208' title='bbox 2115 2448 2272 2518; x_wconf 82' lang='grc' dir='ltr'>ποιῆ-</span> 
     </span>
    </p>
   </div>
   <div class='ocr_carea' id='block_1_27' title="bbox 709 2526 2275 2599">
    <p class='ocr_par' dir='ltr' id='par_1_27' title="bbox 709 2526 2275 2599">
     <span class='ocr_line' id='line_1_27' title="bbox 709 2526 2275 2599; baseline 0.001 -19"><span class='ocrx_word' id='word_1_209' title='bbox 709 2543 801 2580; x_wconf 89' lang='grc' dir='ltr'>σαι</span> <span class='ocrx_word' id='word_1_210' title='bbox 837 2528 1077 2598; x_wconf 81' lang='grc' dir='ltr'>βασιλέα.</span> <span class='ocrx_word' id='word_1_211' title='bbox 1118 2531 1363 2582; x_wconf 82' lang='grc' dir='ltr'>Ἐδόκουν</span> <span class='ocrx_word' id='word_1_212' title='bbox 1402 2530 1498 2598; x_wconf 86' lang='grc' dir='ltr'>μὲν</span> <span class='ocrx_word' id='word_1_213' title='bbox 1540 2526 1632 2582; x_wconf 84' lang='grc' dir='ltr'>οῦν</span> <span class='ocrx_word' id='word_1_214' title='bbox 1672 2529 2017 2597; x_wconf 82' lang='grc' dir='ltr'>ἀγανακτεῖν,</span> <span class='ocrx_word' id='word_1_215' title='bbox 2063 2531 2155 2583; x_wconf 78' lang='grc' dir='ltr'>ἐπὶ</span> <span class='ocrx_word' id='word_1_216' title='bbox 2197 2528 2275 2599; x_wconf 83' lang='grc' dir='ltr'>τῷ</span> 
     </span>
    </p>
   </div>
   <div class='ocr_carea' id='block_1_28' title="bbox 707 2610 2274 2683">
    <p class='ocr_par' dir='ltr' id='par_1_28' title="bbox 707 2610 2274 2683">
     <span class='ocr_line' id='line_1_28' title="bbox 707 2610 2274 2683; baseline 0.002 -19"><span class='ocrx_word' id='word_1_217' title='bbox 707 2610 882 2679; x_wconf 85' lang='grc' dir='ltr'>λέγειν</span> <span class='ocrx_word' id='word_1_218' title='bbox 924 2612 1082 2664; x_wconf 80' lang='grc' dir='ltr'>αὑτὸν</span> <span class='ocrx_word' id='word_1_219' title='bbox 1115 2615 1177 2665; x_wconf 86' lang='grc' dir='ltr'>ἐκ</span> <span class='ocrx_word' id='word_1_220' title='bbox 1225 2612 1316 2664; x_wconf 81' lang='grc' dir='ltr'>τοῦ</span> <span class='ocrx_word' id='word_1_221' title='bbox 1357 2613 1581 2683; x_wconf 79' lang='grc' dir='ltr'>οὐρανοῦ</span> <span class='ocrx_word' id='word_1_222' title='bbox 1631 2614 2091 2683; x_wconf 80' lang='grc' dir='ltr'>καταϐεϐηκέναι·</span> <span class='ocrx_word' id='word_1_223' title='bbox 2127 2615 2186 2668; x_wconf 79' lang='lat'>10</span> <span class='ocrx_word' id='word_1_224' title='bbox 2218 2615 2274 2667; x_wconf 77' lang='grc' dir='ltr'>δὲ</span> 
     </span>
    </p>
   </div>
   <div class='ocr_carea' id='block_1_29' title="bbox 705 2690 2273 2766">
    <p class='ocr_par' dir='ltr' id='par_1_29' title="bbox 705 2690 2273 2766">
     <span class='ocr_line' id='line_1_29' title="bbox 705 2690 2273 2766; baseline 0.001 -19"><span class='ocrx_word' id='word_1_225' title='bbox 705 2694 923 2763; x_wconf 83' lang='grc' dir='ltr'>ἀληθὲς,</span> <span class='ocrx_word' id='word_1_226' title='bbox 950 2696 1009 2746; x_wconf 77' lang='grc' dir='ltr'>ού</span> <span class='ocrx_word' id='word_1_227' title='bbox 1032 2695 1187 2746; x_wconf 80' lang='grc' dir='ltr'>τοῦτο</span> <span class='ocrx_word' id='word_1_228' title='bbox 1215 2690 1297 2764; x_wconf 83' lang='grc' dir='ltr'>ἦν’</span> <span class='ocrx_word' id='word_1_229' title='bbox 1310 2694 1369 2746; x_wconf 84' lang='grc' dir='ltr'>τὸ</span> <span class='ocrx_word' id='word_1_230' title='bbox 1393 2694 1578 2747; x_wconf 89' lang='grc' dir='ltr'>ποιοῦν</span> <span class='ocrx_word' id='word_1_231' title='bbox 1601 2695 1698 2762; x_wconf 82' lang='grc' dir='ltr'>τὴν</span> <span class='ocrx_word' id='word_1_232' title='bbox 1727 2697 2118 2766; x_wconf 78' lang='grc' dir='ltr'>ἀγανάκτησιν,</span> <span class='ocrx_word' id='word_1_233' title='bbox 2138 2697 2273 2750; x_wconf 82' lang='grc' dir='ltr'>ἀλλά</span> 
     </span>
    </p>
   </div>
   <div class='ocr_carea' id='block_1_30' title="bbox 705 2774 2269 2847">
    <p class='ocr_par' dir='ltr' id='par_1_30' title="bbox 705 2774 2269 2847">
     <span class='ocr_line' id='line_1_30' title="bbox 705 2774 2269 2847; baseline 0.004 -21"><span class='ocrx_word' id='word_1_234' title='bbox 705 2774 766 2826; x_wconf 79' lang='grc' dir='ltr'>τὸ</span> <span class='ocrx_word' id='word_1_235' title='bbox 791 2776 863 2844; x_wconf 77' lang='grc' dir='ltr'>μή</span> <span class='ocrx_word' id='word_1_236' title='bbox 880 2776 1182 2846; x_wconf 76' lang='grc' dir='ltr'>προσδοκᾷν</span> <span class='ocrx_word' id='word_1_237' title='bbox 1213 2775 1614 2828; x_wconf 82' lang='grc' dir='ltr'>ἀπολαύσεσθαι</span> <span class='ocrx_word' id='word_1_238' title='bbox 1638 2777 1915 2846; x_wconf 81' lang='grc' dir='ltr'>τραπέζης</span> <span class='ocrx_word' id='word_1_239' title='bbox 1934 2777 2269 2847; x_wconf 75' lang='grc' dir='ltr'>σωματικῆς.</span> 
     </span>
    </p>
   </div>
   <div class='ocr_carea' id='block_1_31' title="bbox 716 2857 2271 2930">
    <p class='ocr_par' dir='ltr' id='par_1_31' title="bbox 716 2857 2271 2930">
     <span class='ocr_line' id='line_1_31' title="bbox 716 2857 2271 2930; baseline 0.003 -21"><span class='ocrx_word' id='word_1_240' title='bbox 716 2857 868 2910; x_wconf 76' lang='grc' dir='ltr'>Ἐπεῖ⁵</span> <span class='ocrx_word' id='word_1_241' title='bbox 894 2859 942 2910; x_wconf 84' lang='grc' dir='ltr'>εί</span> <span class='ocrx_word' id='word_1_242' title='bbox 981 2859 1146 2922; x_wconf 79' lang='grc' dir='ltr'>ὅντως</span> <span class='ocrx_word' id='word_1_243' title='bbox 1183 2860 1543 2928; x_wconf 79' lang='grc' dir='ltr'>ἠγανάκτουν,</span> <span class='ocrx_word' id='word_1_244' title='bbox 1583 2861 1749 2929; x_wconf 80' lang='grc' dir='ltr'>ἐχρῆν</span> <span class='ocrx_word' id='word_1_245' title='bbox 1773 2863 1982 2930; x_wconf 81' lang='grc' dir='ltr'>ἐρωτᾷν</span> <span class='ocrx_word' id='word_1_246' title='bbox 2010 2862 2103 2915; x_wconf 70' lang='grc' dir='ltr'>καὶ</span> <span class='ocrx_word' id='word_1_247' title='bbox 2135 2878 2271 2913; x_wconf 87' lang='grc' dir='ltr'>πυν-</span> 
     </span>
    </p>
   </div>
   <div class='ocr_carea' id='block_1_32' title="bbox 706 2938 2269 3012">
    <p class='ocr_par' dir='ltr' id='par_1_32' title="bbox 706 2938 2269 3012">
     <span class='ocr_line' id='line_1_32' title="bbox 706 2938 2269 3012; baseline 0.004 -22"><span class='ocrx_word' id='word_1_248' title='bbox 706 2938 980 3004; x_wconf 86' lang='grc' dir='ltr'>θάνεσθαι,</span> <span class='ocrx_word' id='word_1_249' title='bbox 1014 2941 1127 3004; x_wconf 81' lang='grc' dir='ltr'>πῶς</span> <span class='ocrx_word' id='word_1_250' title='bbox 1158 2941 1315 3011; x_wconf 88' lang='grc' dir='ltr'>ἄρτος</span> <span class='ocrx_word' id='word_1_251' title='bbox 1349 2941 1489 3010; x_wconf 74' lang='grc' dir='ltr'>ζωῆς</span> <span class='ocrx_word' id='word_1_252' title='bbox 1516 2942 1651 2999; x_wconf 79' lang='grc' dir='ltr'>ἐστι.</span> <span class='ocrx_word' id='word_1_253' title='bbox 1682 2941 1798 3004; x_wconf 80' lang='grc' dir='ltr'>πῶς</span> <span class='ocrx_word' id='word_1_254' title='bbox 1830 2944 1894 2995; x_wconf 85' lang='grc' dir='ltr'>ἐκ</span> <span class='ocrx_word' id='word_1_255' title='bbox 1919 2942 2010 2994; x_wconf 86' lang='grc' dir='ltr'>τοῦ</span> <span class='ocrx_word' id='word_1_256' title='bbox 2039 2943 2269 3012; x_wconf 75' lang='grc' dir='ltr'>οὐρανοῦ</span> 
     </span>
    </p>
   </div>
   <div class='ocr_carea' id='block_1_33' title="bbox 705 3022 2270 3094">
    <p class='ocr_par' dir='ltr' id='par_1_33' title="bbox 705 3022 2270 3094">
     <span class='ocr_line' id='line_1_33' title="bbox 705 3022 2270 3094; baseline 0.003 -20"><span class='ocrx_word' id='word_1_257' title='bbox 705 3022 1079 3094; x_wconf 63' lang='grc' dir='ltr'>καταϐεϐήκει</span> <span class='ocrx_word' id='word_1_258' title='bbox 1130 3023 1224 3074; x_wconf 88' lang='grc' dir='ltr'>νῦν</span> <span class='ocrx_word' id='word_1_259' title='bbox 1272 3025 1327 3076; x_wconf 78' lang='grc' dir='ltr'>δὲ</span> <span class='ocrx_word' id='word_1_260' title='bbox 1362 3023 1517 3078; x_wconf 86' lang='grc' dir='ltr'>τοῦτο</span> <span class='ocrx_word' id='word_1_261' title='bbox 1553 3024 1650 3092; x_wconf 83' lang='grc' dir='ltr'>μὲν</span> <span class='ocrx_word' id='word_1_262' title='bbox 1694 3026 1754 3076; x_wconf 82' lang='grc' dir='ltr'>οὐ</span> <span class='ocrx_word' id='word_1_263' title='bbox 1790 3024 2024 3088; x_wconf 85' lang='grc' dir='ltr'>ποιοῦσι,</span> <span class='ocrx_word' id='word_1_264' title='bbox 2069 3025 2270 3094; x_wconf 85' lang='grc' dir='ltr'>γογγύ-</span> 
     </span>
    </p>
   </div>
   <div class='ocr_carea' id='block_1_34' title="bbox 706 3104 2272 3179">
    <p class='ocr_par' dir='ltr' id='par_1_34' title="bbox 706 3104 2272 3179">
     <span class='ocr_line' id='line_1_34' title="bbox 706 3104 2272 3179; baseline 0.004 -23"><span class='ocrx_word' id='word_1_265' title='bbox 706 3104 857 3169; x_wconf 75' lang='grc' dir='ltr'>ζουσι</span> <span class='ocrx_word' id='word_1_266' title='bbox 879 3105 955 3158; x_wconf 82' lang='grc' dir='ltr'>δέ.</span> <span class='ocrx_word' id='word_1_267' title='bbox 988 3108 1096 3159; x_wconf 75' lang='grc' dir='ltr'>Καὶ</span> <span class='ocrx_word' id='word_1_268' title='bbox 1123 3107 1204 3158; x_wconf 82' lang='grc' dir='ltr'>ὅτι</span> <span class='ocrx_word' id='word_1_269' title='bbox 1233 3106 1290 3158; x_wconf 81' lang='grc' dir='ltr'>οὐ</span> <span class='ocrx_word' id='word_1_270' title='bbox 1320 3105 1478 3158; x_wconf 86' lang='grc' dir='ltr'>τοῦτο</span> <span class='ocrx_word' id='word_1_271' title='bbox 1509 3107 1704 3168; x_wconf 81' lang='grc' dir='ltr'>αὐτοὺς</span> <span class='ocrx_word' id='word_1_272' title='bbox 1725 3106 2272 3179; x_wconf 80' lang='grc' dir='ltr'>ὲσκανδάλιζε,δῆλον</span> 
     </span>
    </p>
   </div>
   <div class='ocr_carea' id='block_1_35' title="bbox 704 3186 2274 3258">
    <p class='ocr_par' dir='ltr' id='par_1_35' title="bbox 704 3186 2274 3258">
     <span class='ocr_line' id='line_1_35' title="bbox 704 3186 2274 3258; baseline 0.004 -20"><span class='ocrx_word' id='word_1_273' title='bbox 704 3186 929 3240; x_wconf 80' lang='grc' dir='ltr'>ἐκεῖθεν.</span> <span class='ocrx_word' id='word_1_274' title='bbox 983 3189 1236 3251; x_wconf 67' lang='grc' dir='ltr'>Εἰπόντος</span> <span class='ocrx_word' id='word_1_275' title='bbox 1270 3189 1378 3258; x_wconf 75' lang='grc' dir='ltr'>γάρ</span> <span class='ocrx_word' id='word_1_276' title='bbox 1418 3189 1498 3241; x_wconf 84' lang='grc' dir='ltr'>ὅτι</span> <span class='ocrx_word' id='word_1_277' title='bbox 1555 3191 1615 3241; x_wconf 89' lang='lat'>&#39;0</span> <span class='ocrx_word' id='word_1_278' title='bbox 1641 3187 1842 3256; x_wconf 81' lang='grc' dir='ltr'>Πατήρ</span> <span class='ocrx_word' id='word_1_279' title='bbox 1865 3206 1984 3258; x_wconf 87' lang='grc' dir='ltr'>μου</span> <span class='ocrx_word' id='word_1_280' title='bbox 2024 3190 2274 3245; x_wconf 84' lang='grc' dir='ltr'>δίδωσιν</span> 
     </span>
    </p>
   </div>
   <div class='ocr_carea' id='block_1_36' title="bbox 703 3267 2268 3344">
    <p class='ocr_par' dir='ltr' id='par_1_36' title="bbox 703 3267 2268 3344">
     <span class='ocr_line' id='line_1_36' title="bbox 703 3267 2268 3344; baseline 0.002 -22"><span class='ocrx_word' id='word_1_281' title='bbox 703 3268 846 3337; x_wconf 83' lang='grc' dir='ltr'>ὑμῖν</span> <span class='ocrx_word' id='word_1_282' title='bbox 877 3272 983 3325; x_wconf 86' lang='grc' dir='ltr'>τὸν</span> <span class='ocrx_word' id='word_1_283' title='bbox 1019 3272 1219 3338; x_wconf 75' lang='grc' dir='ltr'>ἄρτον,</span> <span class='ocrx_word' id='word_1_284' title='bbox 1260 3273 1358 3324; x_wconf 79' lang='grc' dir='ltr'>οὐκ</span> <span class='ocrx_word' id='word_1_285' title='bbox 1399 3267 1570 3333; x_wconf 83' lang='grc' dir='ltr'>εἷπον.</span> <span class='ocrx_word' id='word_1_286' title='bbox 1618 3272 2007 3342; x_wconf 85' lang='grc' dir='ltr'>Παρακάλεσον</span> <span class='ocrx_word' id='word_1_287' title='bbox 2051 3273 2137 3325; x_wconf 81' lang='grc' dir='ltr'>ἵνα</span> <span class='ocrx_word' id='word_1_288' title='bbox 2163 3274 2268 3344; x_wconf 83' lang='grc' dir='ltr'>δῷ·</span> 
     </span>
    </p>
   </div>
   <div class='ocr_carea' id='block_1_37' title="bbox 703 3352 2272 3423">
    <p class='ocr_par' dir='ltr' id='par_1_37' title="bbox 703 3352 2272 3423">
     <span class='ocr_line' id='line_1_37' title="bbox 703 3352 2272 3423; baseline 0.004 -19"><span class='ocrx_word' id='word_1_289' title='bbox 703 3352 838 3405; x_wconf 89' lang='grc' dir='ltr'>άλλά</span> <span class='ocrx_word' id='word_1_290' title='bbox 860 3353 913 3406; x_wconf 91' lang='grc' dir='ltr'>τί</span> <span class='ocrx_word' id='word_1_291' title='bbox 934 3373 946 3416; x_wconf 87' lang='lat'>;</span> <span class='ocrx_word' id='word_1_292' title='bbox 973 3353 1081 3419; x_wconf 86' lang='grc' dir='ltr'>Δὸς</span> <span class='ocrx_word' id='word_1_293' title='bbox 1108 3354 1250 3422; x_wconf 78' lang='grc' dir='ltr'>ἡμῖν</span> <span class='ocrx_word' id='word_1_294' title='bbox 1274 3356 1380 3409; x_wconf 77' lang='grc' dir='ltr'>τόν</span> <span class='ocrx_word' id='word_1_295' title='bbox 1416 3355 1616 3423; x_wconf 79' lang='grc' dir='ltr'>ἄρτον.</span> <span class='ocrx_word' id='word_1_296' title='bbox 1655 3357 1846 3409; x_wconf 83' lang='grc' dir='ltr'>Καίτοι</span> <span class='ocrx_word' id='word_1_297' title='bbox 1871 3357 1970 3409; x_wconf 81' lang='grc' dir='ltr'>οὐκ</span> <span class='ocrx_word' id='word_1_298' title='bbox 1995 3352 2167 3422; x_wconf 74' lang='grc' dir='ltr'>εἶπεν,</span> <span class='ocrx_word' id='word_1_299' title='bbox 2190 3357 2272 3411; x_wconf 85' lang='grc' dir='ltr'>ὅτι</span> 
     </span>
    </p>
   </div>
   <div class='ocr_carea' id='block_1_38' title="bbox 715 3434 2270 3507">
    <p class='ocr_par' dir='ltr' id='par_1_38' title="bbox 715 3434 2270 3507">
     <span class='ocr_line' id='line_1_38' title="bbox 715 3434 2270 3507; baseline 0.003 -20"><span class='ocrx_word' id='word_1_300' title='bbox 715 3434 854 3503; x_wconf 84' lang='grc' dir='ltr'>Ἐγὼ</span> <span class='ocrx_word' id='word_1_301' title='bbox 883 3436 1092 3506; x_wconf 66' lang='grc' dir='ltr'>δίᾷυμι,</span> <span class='ocrx_word' id='word_1_302' title='bbox 1133 3437 1267 3501; x_wconf 82' lang='grc' dir='ltr'>ἀλλ’,</span> <span class='ocrx_word' id='word_1_303' title='bbox 1314 3439 1395 3491; x_wconf 85' lang='grc' dir='ltr'>ὅτι</span> <span class='ocrx_word' id='word_1_304' title='bbox 1431 3439 1493 3491; x_wconf 88' lang='lat'>&#39;0</span> <span class='ocrx_word' id='word_1_305' title='bbox 1525 3438 1725 3506; x_wconf 81' lang='grc' dir='ltr'>Πατήρ</span> <span class='ocrx_word' id='word_1_306' title='bbox 1762 3455 1879 3507; x_wconf 88' lang='grc' dir='ltr'>μου</span> <span class='ocrx_word' id='word_1_307' title='bbox 1909 3439 2174 3496; x_wconf 83' lang='grc' dir='ltr'>δίδωσιν.</span> <span class='ocrx_word' id='word_1_308' title='bbox 2207 3441 2270 3494; x_wconf 74' lang='lat' dir='ltr'><strong><em>Ol</em></strong></span> 
     </span>
    </p>
   </div>
   <div class='ocr_carea' id='block_1_39' title="bbox 701 3518 2270 3591">
    <p class='ocr_par' dir='ltr' id='par_1_39' title="bbox 701 3518 2270 3591">
     <span class='ocr_line' id='line_1_39' title="bbox 701 3518 2270 3591; baseline 0.004 -19"><span class='ocrx_word' id='word_1_309' title='bbox 701 3518 758 3572; x_wconf 78' lang='grc' dir='ltr'>δὲ</span> <span class='ocrx_word' id='word_1_310' title='bbox 803 3519 1064 3589; x_wconf 73' lang='grc' dir='ltr'>ἐπιθυμία</span> <span class='ocrx_word' id='word_1_311' title='bbox 1091 3520 1191 3589; x_wconf 82' lang='grc' dir='ltr'>τῆς</span> <span class='ocrx_word' id='word_1_312' title='bbox 1218 3522 1422 3591; x_wconf 76' lang='grc' dir='ltr'>τροφῆς</span> <span class='ocrx_word' id='word_1_313' title='bbox 1467 3523 1561 3575; x_wconf 82' lang='grc' dir='ltr'>καὶ</span> <span class='ocrx_word' id='word_1_314' title='bbox 1588 3523 1747 3574; x_wconf 79' lang='grc' dir='ltr'>αὑτὸν</span> <span class='ocrx_word' id='word_1_315' title='bbox 1786 3521 2097 3587; x_wconf 79' lang='grc' dir='ltr'>ἀξιόπιστον</span> <span class='ocrx_word' id='word_1_316' title='bbox 2132 3519 2270 3578; x_wconf 77' lang='grc' dir='ltr'>εἶναι</span> 
     </span>
    </p>
   </div>
   <div class='ocr_carea' id='block_1_40' title="bbox 702 3602 2270 3675">
    <p class='ocr_par' dir='ltr' id='par_1_40' title="bbox 702 3602 2270 3675">
     <span class='ocr_line' id='line_1_40' title="bbox 702 3602 2270 3675; baseline 0.005 -22"><span class='ocrx_word' id='word_1_317' title='bbox 702 3602 957 3670; x_wconf 83' lang='grc' dir='ltr'>ἐνόμισαν</span> <span class='ocrx_word' id='word_1_318' title='bbox 992 3602 1125 3673; x_wconf 70' lang='grc' dir='ltr'>πρὸς</span> <span class='ocrx_word' id='word_1_319' title='bbox 1171 3604 1268 3675; x_wconf 79' lang='grc' dir='ltr'>τὴν</span> <span class='ocrx_word' id='word_1_320' title='bbox 1315 3605 1597 3674; x_wconf 85' lang='grc' dir='ltr'>χορηγίαν.</span> <span class='ocrx_word' id='word_1_321' title='bbox 1646 3608 1708 3658; x_wconf 73' lang='lat' dir='ltr'><strong><em>Ol</em></strong></span> <span class='ocrx_word' id='word_1_322' title='bbox 1743 3605 1918 3659; x_wconf 85' lang='grc' dir='ltr'>τοίνυν</span> <span class='ocrx_word' id='word_1_323' title='bbox 1961 3608 2270 3673; x_wconf 82' lang='grc' dir='ltr'>ἀξιόπιστον</span> 
     </span>
    </p>
   </div>
   <div class='ocr_carea' id='block_1_41' title="bbox 702 3679 2270 3760">
    <p class='ocr_par' dir='ltr' id='par_1_41' title="bbox 702 3679 2270 3760">
     <span class='ocr_line' id='line_1_41' title="bbox 702 3679 2270 3760; baseline 0.006 -26"><span class='ocrx_word' id='word_1_324' title='bbox 702 3679 840 3735; x_wconf 85' lang='grc' dir='ltr'>εἶναι</span> <span class='ocrx_word' id='word_1_325' title='bbox 871 3685 1187 3755; x_wconf 88' lang='grc' dir='ltr'>νομίσαντες</span> <span class='ocrx_word' id='word_1_326' title='bbox 1211 3686 1346 3756; x_wconf 76' lang='lat'><strong>1:90;</strong></span> <span class='ocrx_word' id='word_1_327' title='bbox 1392 3687 1454 3738; x_wconf 74' lang='grc' dir='ltr'>τὸ</span> <span class='ocrx_word' id='word_1_328' title='bbox 1479 3686 1683 3751; x_wconf 89' lang='grc' dir='ltr'>δοῦναι,</span> <span class='ocrx_word' id='word_1_329' title='bbox 1733 3688 1850 3751; x_wconf 84' lang='grc' dir='ltr'>πῶς</span> <span class='ocrx_word' id='word_1_330' title='bbox 1879 3688 2100 3759; x_wconf 78' lang='grc' dir='ltr'>ἔμελλον</span> <span class='ocrx_word' id='word_1_331' title='bbox 2132 3689 2270 3760; x_wconf 87' lang='grc' dir='ltr'>μετά</span> 
     </span>
    </p>
   </div>
   <div class='ocr_carea' id='block_1_42' title="bbox 701 3764 2269 3841">
    <p class='ocr_par' dir='ltr' id='par_1_42' title="bbox 701 3764 2269 3841">
     <span class='ocr_line' id='line_1_42' title="bbox 701 3764 2269 3841; baseline 0.006 -24"><span class='ocrx_word' id='word_1_332' title='bbox 701 3764 874 3818; x_wconf 88' lang='grc' dir='ltr'>ταῦτα</span> <span class='ocrx_word' id='word_1_333' title='bbox 915 3766 1381 3841; x_wconf 60' lang='grc' dir='ltr'>σκανδαλίζεσθαι,</span> <span class='ocrx_word' id='word_1_334' title='bbox 1412 3770 1503 3822; x_wconf 73' lang='grc' dir='ltr'>καὶ</span> <span class='ocrx_word' id='word_1_335' title='bbox 1531 3769 1699 3822; x_wconf 89' lang='grc' dir='ltr'>ταῦτα</span> <span class='ocrx_word' id='word_1_336' title='bbox 1729 3770 2060 3836; x_wconf 89' lang='grc' dir='ltr'>ἀκούσαντες</span> <span class='ocrx_word' id='word_1_337' title='bbox 2088 3776 2168 3826; x_wconf 82' lang='grc' dir='ltr'>ὅτι</span> <span class='ocrx_word' id='word_1_338' title='bbox 2207 3774 2269 3826; x_wconf 83' lang='lat'>&#39;0</span> 
     </span>
    </p>
   </div>
   <div class='ocr_carea' id='block_1_43' title="bbox 701 3846 2267 3926">
    <p class='ocr_par' dir='ltr' id='par_1_43' title="bbox 701 3846 2267 3926">
     <span class='ocr_line' id='line_1_43' title="bbox 701 3846 2267 3926; baseline 0.006 -27"><span class='ocrx_word' id='word_1_339' title='bbox 701 3846 903 3914; x_wconf 78' lang='grc' dir='ltr'>Πατὴρ</span> <span class='ocrx_word' id='word_1_340' title='bbox 926 3847 1170 3912; x_wconf 82' lang='grc' dir='ltr'>δίδωσι;</span> <span class='ocrx_word' id='word_1_341' title='bbox 1199 3850 1265 3902; x_wconf 86' lang='grc' dir='ltr'>Τί</span> <span class='ocrx_word' id='word_1_342' title='bbox 1299 3847 1390 3903; x_wconf 79' lang='grc' dir='ltr'>οὖν</span> <span class='ocrx_word' id='word_1_343' title='bbox 1413 3853 1526 3904; x_wconf 81' lang='grc' dir='ltr'>ἐστι</span> <span class='ocrx_word' id='word_1_344' title='bbox 1554 3851 1614 3904; x_wconf 78' lang='grc' dir='ltr'>τὸ</span> <span class='ocrx_word' id='word_1_345' title='bbox 1643 3853 1814 3906; x_wconf 77' lang='grc' dir='ltr'>αἴτιον</span> <span class='ocrx_word' id='word_1_346' title='bbox 1834 3870 1847 3918; x_wconf 89' lang='grc'>;</span> <span class='ocrx_word' id='word_1_347' title='bbox 1867 3854 2083 3926; x_wconf 80' lang='grc' dir='ltr'>Ἐπειδὴ</span> <span class='ocrx_word' id='word_1_348' title='bbox 2107 3856 2267 3924; x_wconf 73' lang='grc' dir='ltr'>ἠκου-</span> 
     </span>
    </p>
   </div>
   <div class='ocr_carea' id='block_1_44' title="bbox 703 3930 2266 4008">
    <p class='ocr_par' dir='ltr' id='par_1_44' title="bbox 703 3930 2266 4008">
     <span class='ocr_line' id='line_1_44' title="bbox 703 3930 2266 4008; baseline 0.006 -27"><span class='ocrx_word' id='word_1_349' title='bbox 703 3945 799 3982; x_wconf 93' lang='grc' dir='ltr'>σαν</span> <span class='ocrx_word' id='word_1_350' title='bbox 832 3930 911 3983; x_wconf 83' lang='grc' dir='ltr'>ὅτι</span> <span class='ocrx_word' id='word_1_351' title='bbox 943 3935 1135 4000; x_wconf 81' lang='grc' dir='ltr'>φαγεῖν</span> <span class='ocrx_word' id='word_1_352' title='bbox 1164 3934 1264 3984; x_wconf 81' lang='grc' dir='ltr'>οὐκ</span> <span class='ocrx_word' id='word_1_353' title='bbox 1300 3933 1408 3997; x_wconf 76' lang='grc' dir='ltr'>ἐνι,</span> <span class='ocrx_word' id='word_1_354' title='bbox 1440 3933 1600 3986; x_wconf 89' lang='grc' dir='ltr'>πάλιν</span> <span class='ocrx_word' id='word_1_355' title='bbox 1641 3935 1970 4007; x_wconf 79' lang='grc' dir='ltr'>ἠπίστησαν,</span> <span class='ocrx_word' id='word_1_356' title='bbox 2004 3940 2097 3992; x_wconf 76' lang='grc' dir='ltr'>καὶ</span> <span class='ocrx_word' id='word_1_357' title='bbox 2135 3955 2266 4008; x_wconf 83' lang='grc' dir='ltr'>προ-</span> 
     </span>
    </p>
   </div>
   <div class='ocr_carea' id='block_1_45' title="bbox 704 4011 2268 4091">
    <p class='ocr_par' dir='ltr' id='par_1_45' title="bbox 704 4011 2268 4091">
     <span class='ocr_line' id='line_1_45' title="bbox 704 4011 2268 4091; baseline 0.006 -27"><span class='ocrx_word' id='word_1_358' title='bbox 704 4011 992 4091; x_wconf 83' lang='grc' dir='ltr'>ϐάλλονται</span> <span class='ocrx_word' id='word_1_359' title='bbox 1022 4015 1179 4083; x_wconf 84' lang='grc' dir='ltr'>δῆθεν</span> <span class='ocrx_word' id='word_1_360' title='bbox 1211 4015 1310 4084; x_wconf 83' lang='grc' dir='ltr'>τῆς</span> <span class='ocrx_word' id='word_1_361' title='bbox 1343 4017 1597 4079; x_wconf 85' lang='grc' dir='ltr'>ἀπιστίας</span> <span class='ocrx_word' id='word_1_362' title='bbox 1641 4019 2011 4091; x_wconf 83' lang='grc' dir='ltr'>προκάλυμμα</span> <span class='ocrx_word' id='word_1_363' title='bbox 2036 4022 2096 4074; x_wconf 85' lang='grc' dir='ltr'>τὸ</span> <span class='ocrx_word' id='word_1_364' title='bbox 2136 4021 2268 4091; x_wconf 75' lang='grc' dir='ltr'>ὑψη-</span> 
     </span>
    </p>
   </div>
   <div class='ocr_carea' id='block_1_46' title="bbox 702 4089 2268 4171">
    <p class='ocr_par' dir='ltr' id='par_1_46' title="bbox 702 4089 2268 4171">
     <span class='ocr_line' id='line_1_46' title="bbox 702 4089 2268 4171; baseline 0.008 -26"><span class='ocrx_word' id='word_1_365' title='bbox 702 4091 792 4146; x_wconf 81' lang='grc' dir='ltr'>λὸν</span> <span class='ocrx_word' id='word_1_366' title='bbox 821 4089 957 4147; x_wconf 75' lang='grc' dir='ltr'>εἶναι</span> <span class='ocrx_word' id='word_1_367' title='bbox 989 4095 1078 4149; x_wconf 80' lang='grc' dir='ltr'>τὸν</span> <span class='ocrx_word' id='word_1_368' title='bbox 1107 4096 1279 4163; x_wconf 88' lang='grc' dir='ltr'>λόγον.</span> <span class='ocrx_word' id='word_1_369' title='bbox 1313 4097 1410 4150; x_wconf 88' lang='grc' dir='ltr'>Διά</span> <span class='ocrx_word' id='word_1_370' title='bbox 1438 4099 1594 4152; x_wconf 85' lang='grc' dir='ltr'>τοῦτό</span> <span class='ocrx_word' id='word_1_371' title='bbox 1623 4118 1777 4170; x_wconf 77' lang='grc' dir='ltr'>φησι,</span> <span class='ocrx_word' id='word_1_372' title='bbox 1817 4089 1945 4156; x_wconf 64' lang='lat' dir='ltr'><strong><em>Kal</em></strong></span> <span class='ocrx_word' id='word_1_373' title='bbox 1975 4089 2268 4171; x_wconf 72' lang='grc' dir='ltr'>ἑωράκατέ</span> 
     </span>
    </p>
   </div>
   <div class='ocr_carea' id='block_1_47' title="bbox 699 4177 2268 4255">
    <p class='ocr_par' dir='ltr' id='par_1_47' title="bbox 699 4177 2268 4255">
     <span class='ocr_line' id='line_1_47' title="bbox 699 4177 2268 4255; baseline 0.007 -27"><span class='ocrx_word' id='word_1_374' title='bbox 699 4191 796 4245; x_wconf 81' lang='grc' dir='ltr'>με,</span> <span class='ocrx_word' id='word_1_375' title='bbox 827 4177 922 4229; x_wconf 78' lang='grc' dir='ltr'>καὶ</span> <span class='ocrx_word' id='word_1_376' title='bbox 953 4179 1023 4230; x_wconf 87' lang='grc' dir='ltr'>ού</span> <span class='ocrx_word' id='word_1_377' title='bbox 1050 4179 1386 4232; x_wconf 75' lang='grc' dir='ltr'>πιστεύετε·</span> <span class='ocrx_word' id='word_1_378' title='bbox 1411 4181 1582 4251; x_wconf 79' lang='grc' dir='ltr'>τούτῳ</span> <span class='ocrx_word' id='word_1_379' title='bbox 1607 4183 1703 4252; x_wconf 81' lang='grc' dir='ltr'>μὲν</span> <span class='ocrx_word' id='word_1_380' title='bbox 1723 4183 1788 4236; x_wconf 83' lang='grc' dir='ltr'>τά</span> <span class='ocrx_word' id='word_1_381' title='bbox 1811 4187 2009 4255; x_wconf 86' lang='grc' dir='ltr'>σημεῖα</span> <span class='ocrx_word' id='word_1_382' title='bbox 2038 4186 2268 4240; x_wconf 75' lang='grc' dir='ltr'>αἰνιττό-</span> 
     </span>
    </p>
   </div>
   <div class='ocr_carea' id='block_1_48' title="bbox 708 4259 2264 4337">
    <p class='ocr_par' dir='ltr' id='par_1_48' title="bbox 708 4259 2264 4337">
     <span class='ocr_line' id='line_1_48' title="bbox 708 4259 2264 4337; baseline 0.006 -28"><span class='ocrx_word' id='word_1_383' title='bbox 708 4274 887 4326; x_wconf 83' lang='grc' dir='ltr'>μενος,</span> <span class='ocrx_word' id='word_1_384' title='bbox 931 4259 1102 4330; x_wconf 86' lang='grc' dir='ltr'>τούτῳ</span> <span class='ocrx_word' id='word_1_385' title='bbox 1147 4260 1200 4313; x_wconf 89' lang='grc' dir='ltr'>δὲ</span> <span class='ocrx_word' id='word_1_386' title='bbox 1235 4260 1333 4332; x_wconf 83' lang='grc' dir='ltr'>τὴν</span> <span class='ocrx_word' id='word_1_387' title='bbox 1377 4263 1483 4313; x_wconf 75' lang='grc' dir='ltr'>ἀπὸ</span> <span class='ocrx_word' id='word_1_388' title='bbox 1520 4264 1626 4314; x_wconf 82' lang='grc' dir='ltr'>τῶν</span> <span class='ocrx_word' id='word_1_389' title='bbox 1669 4265 1899 4335; x_wconf 82' lang='grc' dir='ltr'>Γραφῶν</span> <span class='ocrx_word' id='word_1_390' title='bbox 1943 4267 2264 4337; x_wconf 68' lang='grc' dir='ltr'>μαρτυρίαν.</span> 
     </span>
    </p>
   </div>
   <div class='ocr_carea' id='block_1_49' title="bbox 720 4341 2270 4418">
    <p class='ocr_par' dir='ltr' id='par_1_49' title="bbox 720 4341 2270 4418">
     <span class='ocr_line' id='line_1_49' title="bbox 720 4341 2270 4418; baseline 0.008 -27"><span class='ocrx_word' id='word_1_391' title='bbox 720 4341 962 4394; x_wconf 77' lang='grc' dir='ltr'>Ἐκεῖναι</span> <span class='ocrx_word' id='word_1_392' title='bbox 1010 4342 1119 4411; x_wconf 69' lang='grc' dir='ltr'>γάρ</span> <span class='ocrx_word' id='word_1_393' title='bbox 1168 4345 1308 4409; x_wconf 79' lang='grc' dir='ltr'>εισι,</span> <span class='ocrx_word' id='word_1_394' title='bbox 1355 4346 1535 4414; x_wconf 75' lang='grc' dir='ltr'>φησὶν,</span> <span class='ocrx_word' id='word_1_395' title='bbox 1581 4349 1640 4400; x_wconf 83' lang='grc' dir='ltr'>αι</span> <span class='ocrx_word' id='word_1_396' title='bbox 1688 4349 2095 4416; x_wconf 83' lang='grc' dir='ltr'>μαρτυροῦσαι</span> <span class='ocrx_word' id='word_1_397' title='bbox 2137 4351 2270 4418; x_wconf 78' lang='grc' dir='ltr'>περὶ</span> 
     </span>
    </p>
   </div>
   <div class='ocr_carea' id='block_1_50' title="bbox 702 4423 2269 4500">
    <p class='ocr_par' dir='ltr' id='par_1_50' title="bbox 702 4423 2269 4500">
     <span class='ocr_line' id='line_1_50' title="bbox 702 4423 2269 4500; baseline 0.008 -26"><span class='ocrx_word' id='word_1_398' title='bbox 702 4423 874 4491; x_wconf 82' lang='grc' dir='ltr'>ἐμοῦ·</span> <span class='ocrx_word' id='word_1_399' title='bbox 905 4426 1018 4489; x_wconf 81' lang='grc' dir='ltr'>καὶ,</span> <span class='ocrx_word' id='word_1_400' title='bbox 1045 4426 1173 4480; x_wconf 81' lang='grc' dir='ltr'>Ὀτι</span> <span class='ocrx_word' id='word_1_401' title='bbox 1205 4423 1397 4496; x_wconf 82' lang='grc' dir='ltr'>ἦλθον</span> <span class='ocrx_word' id='word_1_402' title='bbox 1424 4428 1493 4482; x_wconf 79' lang='grc' dir='ltr'>ὲν</span> <span class='ocrx_word' id='word_1_403' title='bbox 1521 4427 1599 4493; x_wconf 84' lang='grc' dir='ltr'>τῷ</span> <span class='ocrx_word' id='word_1_404' title='bbox 1637 4432 1879 4499; x_wconf 85' lang='grc' dir='ltr'>ὀνόματι</span> <span class='ocrx_word' id='word_1_405' title='bbox 1911 4432 2015 4486; x_wconf 88' lang='grc' dir='ltr'>τοῦ</span> <span class='ocrx_word' id='word_1_406' title='bbox 2041 4435 2269 4500; x_wconf 82' lang='grc' dir='ltr'>Πατρός</span> 
     </span>
    </p>
   </div>
   <div class='ocr_carea' id='block_1_51' title="bbox 697 4508 2270 4580">
    <p class='ocr_par' dir='ltr' id='par_1_51' title="bbox 697 4508 2270 4580">
     <span class='ocr_line' id='line_1_51' title="bbox 697 4508 2270 4580; baseline 0.008 -22"><span class='ocrx_word' id='word_1_407' title='bbox 697 4523 836 4575; x_wconf 88' lang='grc' dir='ltr'>μου,</span> <span class='ocrx_word' id='word_1_408' title='bbox 871 4508 967 4561; x_wconf 77' lang='grc' dir='ltr'>καί</span> <span class='ocrx_word' id='word_1_409' title='bbox 991 4511 1063 4562; x_wconf 80' lang='grc' dir='ltr'>οὐ</span> <span class='ocrx_word' id='word_1_410' title='bbox 1084 4509 1418 4577; x_wconf 82' lang='grc' dir='ltr'>λαμϐάνετέ</span> <span class='ocrx_word' id='word_1_411' title='bbox 1442 4527 1547 4580; x_wconf 74' lang='grc' dir='ltr'>με⁸</span> <span class='ocrx_word' id='word_1_412' title='bbox 1582 4513 1695 4575; x_wconf 74' lang='grc' dir='ltr'>καὶ,</span> <span class='ocrx_word' id='word_1_413' title='bbox 1728 4513 1858 4580; x_wconf 84' lang='grc' dir='ltr'>Πῶς</span> <span class='ocrx_word' id='word_1_414' title='bbox 1888 4514 2152 4571; x_wconf 80' lang='grc' dir='ltr'>δύνασθε</span> <span class='ocrx_word' id='word_1_415' title='bbox 2175 4531 2270 4570; x_wconf 83' lang='grc' dir='ltr'>πι-</span> 
     </span>
    </p>
   </div>
   <div class='ocr_carea' id='block_1_52' title="bbox 699 4592 2266 4669">
    <p class='ocr_par' dir='ltr' id='par_1_52' title="bbox 699 4592 2266 4669">
     <span class='ocr_line' id='line_1_52' title="bbox 699 4592 2266 4669; baseline 0.008 -26"><span class='ocrx_word' id='word_1_416' title='bbox 699 4592 956 4657; x_wconf 83' lang='grc' dir='ltr'>στεύειν,</span> <span class='ocrx_word' id='word_1_417' title='bbox 1004 4593 1190 4658; x_wconf 77' lang='grc' dir='ltr'>δόξαν</span> <span class='ocrx_word' id='word_1_418' title='bbox 1234 4597 1396 4663; x_wconf 81' lang='grc' dir='ltr'>παρὰ</span> <span class='ocrx_word' id='word_1_419' title='bbox 1436 4596 1766 4663; x_wconf 67' lang='grc' dir='ltr'>άλλήλωνδ</span> <span class='ocrx_word' id='word_1_420' title='bbox 1828 4601 2266 4669; x_wconf 73' lang='grc' dir='ltr'>λαμϐάνοντεςξ</span> 
     </span>
    </p>
   </div>
   <div class='ocr_carea' id='block_1_53' title="bbox 704 4673 2270 4752">
    <p class='ocr_par' dir='ltr' id='par_1_53' title="bbox 704 4673 2270 4752">
     <span class='ocr_line' id='line_1_53' title="bbox 704 4673 2270 4752; baseline 0.008 -26"><span class='ocrx_word' id='word_1_421' title='bbox 704 4673 833 4728; x_wconf 88' lang='grc' dir='ltr'>Πᾶν</span> <span class='ocrx_word' id='word_1_422' title='bbox 859 4674 890 4727; x_wconf 81' lang='grc' dir='ltr'><em>ὃ</em></span> <span class='ocrx_word' id='word_1_423' title='bbox 923 4673 1133 4730; x_wconf 86' lang='grc' dir='ltr'>δίδωσί</span> <span class='ocrx_word' id='word_1_424' title='bbox 1164 4695 1267 4745; x_wconf 88' lang='grc' dir='ltr'>μοι</span> <span class='ocrx_word' id='word_1_425' title='bbox 1313 4683 1344 4733; x_wconf 87' lang='lat'>0</span> <span class='ocrx_word' id='word_1_426' title='bbox 1383 4680 1606 4749; x_wconf 82' lang='grc' dir='ltr'>Πατὴρ,</span> <span class='ocrx_word' id='word_1_427' title='bbox 1654 4683 1804 4750; x_wconf 78' lang='grc' dir='ltr'>πρὸς</span> <span class='ocrx_word' id='word_1_428' title='bbox 1835 4685 1939 4752; x_wconf 82' lang='grc' dir='ltr'>ἐμὲ</span> <span class='ocrx_word' id='word_1_429' title='bbox 1967 4685 2120 4751; x_wconf 81' lang='grc' dir='ltr'>ἥξει,</span> <span class='ocrx_word' id='word_1_430' title='bbox 2170 4685 2270 4738; x_wconf 72' lang='grc' dir='ltr'>καὶ</span> 
     </span>
    </p>
   </div>
   <div class='ocr_carea' id='block_1_54' title="bbox 704 4755 2267 4840">
    <p class='ocr_par' dir='ltr' id='par_1_54' title="bbox 704 4755 2267 4840">
     <span class='ocr_line' id='line_1_54' title="bbox 704 4755 2267 4840; baseline 0.009 -32"><span class='ocrx_word' id='word_1_431' title='bbox 704 4755 810 4809; x_wconf 89' lang='grc' dir='ltr'>τὸν</span> <span class='ocrx_word' id='word_1_432' title='bbox 836 4757 1159 4827; x_wconf 71' lang='grc' dir='ltr'>ἐρχόμενον</span> <span class='ocrx_word' id='word_1_433' title='bbox 1195 4763 1342 4828; x_wconf 83' lang='grc' dir='ltr'>πρός</span> <span class='ocrx_word' id='word_1_434' title='bbox 1361 4780 1457 4832; x_wconf 83' lang='grc' dir='ltr'>με,</span> <span class='ocrx_word' id='word_1_435' title='bbox 1497 4766 1569 4818; x_wconf 80' lang='grc' dir='ltr'>οὐ</span> <span class='ocrx_word' id='word_1_436' title='bbox 1589 4765 1675 4833; x_wconf 82' lang='grc' dir='ltr'>μὴ</span> <span class='ocrx_word' id='word_1_437' title='bbox 1701 4766 1931 4820; x_wconf 81' lang='grc' dir='ltr'>ἐκϐάλω</span> <span class='ocrx_word' id='word_1_438' title='bbox 1958 4767 2091 4831; x_wconf 77' lang='grc' dir='ltr'>ἔξω.</span> <span class='ocrx_word' id='word_1_439' title='bbox 2124 4769 2267 4840; x_wconf 86' lang='grc' dir='ltr'>Ὅρα</span> 
     </span>
    </p>
   </div>
   <div class='ocr_carea' id='block_1_55' title="bbox 705 4840 2270 4925">
    <p class='ocr_par' dir='ltr' id='par_1_55' title="bbox 705 4840 2270 4925">
     <span class='ocr_line' id='line_1_55' title="bbox 705 4840 2270 4925; baseline 0.009 -33"><span class='ocrx_word' id='word_1_440' title='bbox 705 4840 820 4903; x_wconf 77' lang='grc' dir='ltr'>πῶς</span> <span class='ocrx_word' id='word_1_441' title='bbox 845 4841 1019 4896; x_wconf 87' lang='grc' dir='ltr'>πάντα</span> <span class='ocrx_word' id='word_1_442' title='bbox 1053 4847 1196 4898; x_wconf 87' lang='grc' dir='ltr'>ποιεῖ</span> <span class='ocrx_word' id='word_1_443' title='bbox 1227 4846 1315 4900; x_wconf 79' lang='grc' dir='ltr'>διὰ</span> <span class='ocrx_word' id='word_1_444' title='bbox 1344 4851 1469 4912; x_wconf 78' lang='grc' dir='ltr'>τοὺς</span> <span class='ocrx_word' id='word_1_445' title='bbox 1501 4848 1858 4921; x_wconf 80' lang='grc' dir='ltr'>σωζομένους.</span> <span class='ocrx_word' id='word_1_446' title='bbox 1895 4854 1992 4904; x_wconf 78' lang='grc' dir='ltr'>Διά</span> <span class='ocrx_word' id='word_1_447' title='bbox 2023 4854 2084 4925; x_wconf 86' lang='grc' dir='ltr'>δὴ</span> <span class='ocrx_word' id='word_1_448' title='bbox 2113 4853 2270 4906; x_wconf 88' lang='grc' dir='ltr'>τοῦτο</span> 
     </span>
    </p>
   </div>
   <div class='ocr_carea' id='block_1_56' title="bbox 703 4925 2265 5007">
    <p class='ocr_par' dir='ltr' id='par_1_56' title="bbox 703 4925 2265 5007">
     <span class='ocr_line' id='line_1_56' title="bbox 703 4925 2265 5007; baseline 0.008 -31"><span class='ocrx_word' id='word_1_449' title='bbox 703 4925 796 4977; x_wconf 76' lang='grc' dir='ltr'>καὶ</span> <span class='ocrx_word' id='word_1_450' title='bbox 817 4927 1112 4996; x_wconf 75' lang='grc' dir='ltr'>ἐπήγαγεν,</span> <span class='ocrx_word' id='word_1_451' title='bbox 1145 4929 1230 4982; x_wconf 81' lang='grc' dir='ltr'>ἵνα</span> <span class='ocrx_word' id='word_1_452' title='bbox 1266 4931 1339 5001; x_wconf 82' lang='grc' dir='ltr'>μή</span> <span class='ocrx_word' id='word_1_453' title='bbox 1366 4930 1491 5005; x_wconf 78' lang='grc' dir='ltr'>δόξῃ</span> <span class='ocrx_word' id='word_1_454' title='bbox 1515 4935 1991 5005; x_wconf 77' lang='grc' dir='ltr'>περιεργάζεσθαι,</span> <span class='ocrx_word' id='word_1_455' title='bbox 2020 4939 2113 4989; x_wconf 79' lang='grc' dir='ltr'>καὶ</span> <span class='ocrx_word' id='word_1_456' title='bbox 2143 4938 2265 5007; x_wconf 81' lang='grc' dir='ltr'>εἰκῆ</span> 
     </span>
    </p>
   </div>
   <div class='ocr_carea' id='block_1_57' title="bbox 701 5007 2267 5094">
    <p class='ocr_par' dir='ltr' id='par_1_57' title="bbox 701 5007 2267 5094">
     <span class='ocr_line' id='line_1_57' title="bbox 701 5007 2267 5094; baseline 0.011 -34"><span class='ocrx_word' id='word_1_457' title='bbox 701 5007 872 5094; x_wconf 68' lang='grc' dir='ltr'>⁶ταῦτα</span> <span class='ocrx_word' id='word_1_458' title='bbox 890 5009 1096 5094; x_wconf 83' lang='grc' dir='ltr'>λέγειν.</span> <span class='ocrx_word' id='word_1_459' title='bbox 1127 5013 1191 5065; x_wconf 90' lang='grc' dir='ltr'>Τί</span> <span class='ocrx_word' id='word_1_460' title='bbox 1215 5014 1272 5067; x_wconf 86' lang='grc' dir='ltr'>δέ</span> <span class='ocrx_word' id='word_1_461' title='bbox 1300 5017 1444 5070; x_wconf 80' lang='grc' dir='ltr'>ἐστιν</span> <span class='ocrx_word' id='word_1_462' title='bbox 1471 5019 1498 5069; x_wconf 85' lang='grc' dir='ltr'>ὃ</span> <span class='ocrx_word' id='word_1_463' title='bbox 1522 5033 1688 5086; x_wconf 85' lang='grc' dir='ltr'>φησι;</span> <span class='ocrx_word' id='word_1_464' title='bbox 1723 5019 1850 5076; x_wconf 87' lang='grc' dir='ltr'>Πᾶν</span> <span class='ocrx_word' id='word_1_465' title='bbox 1884 5021 1914 5073; x_wconf 78' lang='grc' dir='ltr'>ὅ</span> <span class='ocrx_word' id='word_1_466' title='bbox 1939 5020 2149 5074; x_wconf 84' lang='grc' dir='ltr'>δίδωσί</span> <span class='ocrx_word' id='word_1_467' title='bbox 2166 5044 2267 5094; x_wconf 87' lang='grc' dir='ltr'>μοι</span> 
     </span>
    </p>
   </div>
   <div class='ocr_carea' id='block_1_58' title="bbox 698 5091 2268 5177">
    <p class='ocr_par' dir='ltr' id='par_1_58' title="bbox 698 5091 2268 5177">
     <span class='ocr_line' id='line_1_58' title="bbox 698 5091 2268 5177; baseline 0.011 -34"><span class='ocrx_word' id='word_1_468' title='bbox 698 5091 974 5177; x_wconf 50' lang='grc' dir='ltr'>όνΠατὴρ,</span> <span class='ocrx_word' id='word_1_469' title='bbox 1007 5096 1154 5162; x_wconf 80' lang='grc' dir='ltr'>πρὸς</span> <span class='ocrx_word' id='word_1_470' title='bbox 1173 5095 1277 5164; x_wconf 79' lang='grc' dir='ltr'>ἐμὲ</span> <span class='ocrx_word' id='word_1_471' title='bbox 1307 5096 1459 5163; x_wconf 83' lang='grc' dir='ltr'>ἣξει,</span> <span class='ocrx_word' id='word_1_472' title='bbox 1484 5100 1581 5153; x_wconf 79' lang='grc' dir='ltr'>καὶ</span> <span class='ocrx_word' id='word_1_473' title='bbox 1600 5102 1924 5168; x_wconf 83' lang='grc' dir='ltr'>ἀναστήσω</span> <span class='ocrx_word' id='word_1_474' title='bbox 1944 5106 2133 5158; x_wconf 83' lang='grc' dir='ltr'>αὐτὸν</span> <span class='ocrx_word' id='word_1_475' title='bbox 2151 5091 2178 5146; x_wconf 70' lang='grc' dir='ltr'>έ</span> <span class='ocrx_word' id='word_1_476' title='bbox 2193 5107 2268 5177; x_wconf 78' lang='grc' dir='ltr'>τῇ</span> 
     </span>
    </p>
   </div>
   <div class='ocr_carea' id='block_1_59' title="bbox 699 5175 2266 5259">
    <p class='ocr_par' dir='ltr' id='par_1_59' title="bbox 699 5175 2266 5259">
     <span class='ocr_line' id='line_1_59' title="bbox 699 5175 2266 5259; baseline -0.001 -24"><span class='ocrx_word' id='word_1_477' title='bbox 699 5175 929 5244; x_wconf 77' lang='grc' dir='ltr'>ἐσχάτῃ</span> <span class='ocrx_word' id='word_1_478' title='bbox 954 5179 1160 5259; x_wconf 60' lang='grc' dir='ltr'>ἡμέρᾳ.</span> <span class='ocrx_word' id='word_1_479' title='bbox 1199 5181 1352 5245; x_wconf 87' lang='grc' dir='ltr'>Τίνος</span> <span class='ocrx_word' id='word_1_480' title='bbox 1377 5183 1433 5235; x_wconf 81' lang='grc' dir='ltr'>δὲ</span> <span class='ocrx_word' id='word_1_481' title='bbox 1456 5185 1640 5239; x_wconf 80' lang='grc' dir='ltr'>ἐνεκεν</span> <span class='ocrx_word' id='word_1_482' title='bbox 1668 5186 1762 5240; x_wconf 80' lang='grc' dir='ltr'>καὶ</span> <span class='ocrx_word' id='word_1_483' title='bbox 1788 5187 1883 5257; x_wconf 81' lang='grc' dir='ltr'>τῆς</span> <span class='ocrx_word' id='word_1_484' title='bbox 1915 5189 2101 5259; x_wconf 85' lang='grc' dir='ltr'>κοινῆς</span> <span class='ocrx_word' id='word_1_485' title='bbox 2133 5175 2266 5246; x_wconf 56' lang='grc' dir='ltr'>ἀναζ</span> 
     </span>
    </p>
   </div>
   <div class='ocr_carea' id='block_1_60' title="bbox 703 5256 2266 5345">
    <p class='ocr_par' dir='ltr' id='par_1_60' title="bbox 703 5256 2266 5345">
     <span class='ocr_line' id='line_1_60' title="bbox 703 5256 2266 5345; baseline 0.013 -37"><span class='ocrx_word' id='word_1_486' title='bbox 703 5259 961 5345; x_wconf 71' lang='grc' dir='ltr'>στάσεως,</span> <span class='ocrx_word' id='word_1_487' title='bbox 1012 5256 1079 5331; x_wconf 79' lang='grc' dir='ltr'>ἧς</span> <span class='ocrx_word' id='word_1_488' title='bbox 1120 5264 1214 5316; x_wconf 74' lang='grc' dir='ltr'>καὶ</span> <span class='ocrx_word' id='word_1_489' title='bbox 1243 5263 1456 5329; x_wconf 85' lang='grc' dir='ltr'>ἀσεϐεῖς</span> <span class='ocrx_word' id='word_1_490' title='bbox 1504 5256 1852 5339; x_wconf 81' lang='grc' dir='ltr'>μετέχουσιν,</span> <span class='ocrx_word' id='word_1_491' title='bbox 1876 5272 1950 5334; x_wconf 86' lang='grc' dir='ltr'>ὠς</span> <span class='ocrx_word' id='word_1_492' title='bbox 1989 5256 2266 5345; x_wconf 78' lang='grc' dir='ltr'>ἐξαιρέτου</span> 
     </span>
    </p>
   </div>
   <div class='ocr_carea' id='block_1_61' title="bbox 699 5337 2268 5430">
    <p class='ocr_par' dir='ltr' id='par_1_61' title="bbox 699 5337 2268 5430">
     <span class='ocr_line' id='line_1_61' title="bbox 699 5337 2268 5430; baseline 0.013 -39"><span class='ocrx_word' id='word_1_493' title='bbox 896 5343 1166 5430; x_wconf 77' lang='grc' dir='ltr'>μέμνηται</span> <span class='ocrx_word' id='word_1_494' title='bbox 1195 5347 1301 5399; x_wconf 83' lang='grc' dir='ltr'>τῶν</span> <span class='ocrx_word' id='word_1_495' title='bbox 1332 5337 1693 5406; x_wconf 82' lang='grc' dir='ltr'>πιστευόντων</span> <span class='ocrx_word' id='word_1_496' title='bbox 1719 5356 1798 5418; x_wconf 85' lang='grc' dir='ltr'>είς</span> <span class='ocrx_word' id='word_1_497' title='bbox 1827 5357 1988 5409; x_wconf 78' lang='grc' dir='ltr'>αὐτόν</span> <span class='ocrx_word' id='word_1_498' title='bbox 2006 5337 2151 5423; x_wconf 47' lang='grc' dir='ltr'>έοτι</span> <span class='ocrx_word' id='word_1_499' title='bbox 2171 5359 2268 5430; x_wconf 83' lang='grc' dir='ltr'>οὐχ</span> 
     </span>
    </p>
   </div>
   <div class='ocr_carea' id='block_1_62' title="bbox 700 5422 2266 5508">
    <p class='ocr_par' dir='ltr' id='par_1_62' title="bbox 700 5422 2266 5508">
     <span class='ocr_line' id='line_1_62' title="bbox 700 5422 2266 5508; baseline 0.014 -34"><span class='ocrx_word' id='word_1_500' title='bbox 700 5422 883 5505; x_wconf 79' lang='grc' dir='ltr'>ἁπλῶς</span> <span class='ocrx_word' id='word_1_501' title='bbox 907 5427 1254 5508; x_wconf 54' lang='grc' dir='ltr'>ἀνα-στάσεως</span> <span class='ocrx_word' id='word_1_502' title='bbox 1291 5433 1580 5508; x_wconf 77' lang='grc' dir='ltr'>μέμνηται,</span> <span class='ocrx_word' id='word_1_503' title='bbox 1608 5436 1744 5490; x_wconf 87' lang='grc' dir='ltr'>ἀλλά</span> <span class='ocrx_word' id='word_1_504' title='bbox 1771 5439 1869 5508; x_wconf 87' lang='grc' dir='ltr'>τῆς</span> <span class='ocrx_word' id='word_1_505' title='bbox 1899 5422 2108 5494; x_wconf 69' lang='grc' dir='ltr'>τοιάσδε</span> <span class='ocrx_word' id='word_1_506' title='bbox 2132 5422 2266 5495; x_wconf 64' lang='grc' dir='ltr'>ἀναῙ</span> 
     </span>
    </p>
   </div>
   <div class='ocr_carea' id='block_1_63' title="bbox 701 5499 2268 5580">
    <p class='ocr_par' dir='ltr' id='par_1_63' title="bbox 701 5499 2268 5580">
     <span class='ocr_line' id='line_1_63' title="bbox 701 5499 2268 5580; baseline 0.014 -36"><span class='ocrx_word' id='word_1_507' title='bbox 701 5499 958 5580; x_wconf 71' lang='grc' dir='ltr'>στάσεως.</span> <span class='ocrx_word' id='word_1_508' title='bbox 995 5499 1264 5580; x_wconf 71' lang='grc' dir='ltr'>Πρότερον</span> <span class='ocrx_word' id='word_1_509' title='bbox 1294 5499 1406 5580; x_wconf 71' lang='grc' dir='ltr'>γάρ</span> <span class='ocrx_word' id='word_1_510' title='bbox 1441 5499 1629 5580; x_wconf 71' lang='grc' dir='ltr'>εἱπῲν.</span> <span class='ocrx_word' id='word_1_511' title='bbox 1661 5509 1743 5580; x_wconf 82' lang='grc' dir='ltr'>οὐ</span> <span class='ocrx_word' id='word_1_512' title='bbox 1896 5511 2128 5580; x_wconf 70' lang='grc' dir='ltr'>ἐκϐάλω</span> <span class='ocrx_word' id='word_1_513' title='bbox 2162 5516 2268 5565; x_wconf 81' lang='grc' dir='ltr'>αὑ-</span> 
     </span>
    </p>
   </div>
   <div class='ocr_carea' id='block_1_64' title="bbox 700 5569 2268 5652">
    <p class='ocr_par' dir='ltr' id='par_1_64' title="bbox 700 5569 2268 5652">
     <span class='ocr_line' id='line_1_64' title="bbox 700 5569 2268 5652; baseline 0.013 -37"><span class='ocrx_word' id='word_1_514' title='bbox 700 5569 961 5652; x_wconf 28' lang='grc' dir='ltr'>τόν-ηκαὶ,</span> <span class='ocrx_word' id='word_1_515' title='bbox 997 5569 1075 5620; x_wconf 84' lang='grc' dir='ltr'>Οὐ</span> <span class='ocrx_word' id='word_1_516' title='bbox 1099 5569 1185 5638; x_wconf 70' lang='grc' dir='ltr'>μῆ</span> <span class='ocrx_word' id='word_1_517' title='bbox 1213 5569 1494 5626; x_wconf 75' lang='grc' dir='ltr'>ἀπολέσω</span> <span class='ocrx_word' id='word_1_518' title='bbox 1533 5576 1602 5640; x_wconf 80' lang='grc' dir='ltr'>ἐξ</span> <span class='ocrx_word' id='word_1_519' title='bbox 1627 5569 1834 5640; x_wconf 65' lang='grc' dir='ltr'>αὐτοῦ,</span> <span class='ocrx_word' id='word_1_520' title='bbox 1855 5569 1984 5633; x_wconf 63' lang='grc' dir='ltr'>’τότε</span> <span class='ocrx_word' id='word_1_521' title='bbox 2022 5578 2140 5635; x_wconf 86' lang='grc' dir='ltr'>εἷπε</span> <span class='ocrx_word' id='word_1_522' title='bbox 2167 5584 2268 5652; x_wconf 85' lang='grc' dir='ltr'>τὴν</span> 
     </span>
    </p>
   </div>
   <div class='ocr_carea' id='block_1_65' title="bbox 700 5642 2264 5737">
    <p class='ocr_par' dir='ltr' id='par_1_65' title="bbox 700 5642 2264 5737">
     <span class='ocr_line' id='line_1_65' title="bbox 700 5642 2264 5737; baseline 0.015 -38"><span class='ocrx_word' id='word_1_523' title='bbox 700 5642 850 5721; x_wconf 68' lang='grc'>[265]</span> <span class='ocrx_word' id='word_1_524' title='bbox 889 5651 1199 5708; x_wconf 83' lang='grc' dir='ltr'>ἀνάστασιν.</span> <span class='ocrx_word' id='word_1_525' title='bbox 1241 5656 1327 5710; x_wconf 89' lang='grc' dir='ltr'>Ἐν</span> <span class='ocrx_word' id='word_1_526' title='bbox 1359 5657 1466 5729; x_wconf 89' lang='grc' dir='ltr'>γάρ</span> <span class='ocrx_word' id='word_1_527' title='bbox 1507 5663 1571 5730; x_wconf 80' lang='grc' dir='ltr'>τῇ</span> <span class='ocrx_word' id='word_1_528' title='bbox 1617 5663 1906 5718; x_wconf 79' lang='grc' dir='ltr'>ἀναστάσει</span> <span class='ocrx_word' id='word_1_529' title='bbox 1945 5669 1992 5718; x_wconf 85' lang='grc' dir='ltr'>οί</span> <span class='ocrx_word' id='word_1_530' title='bbox 2036 5668 2132 5737; x_wconf 87' lang='grc' dir='ltr'>μὲν</span> <span class='ocrx_word' id='word_1_531' title='bbox 2171 5642 2264 5722; x_wconf 71' lang='grc' dir='ltr'>ἐκ-</span> 
     </span>
    </p>
   </div>
   <div class='ocr_carea' id='block_1_66' title="bbox 761 5877 2260 5952">
    <p class='ocr_par' dir='ltr' id='par_1_66' title="bbox 761 5877 2260 5952">
     <span class='ocr_line' id='line_1_66' title="bbox 761 5877 2260 5952; baseline 0.018 -29"><span class='ocrx_word' id='word_1_532' title='bbox 761 5878 786 5905; x_wconf 79' lang='grc'><strong><em>⁸</em></strong></span> <span class='ocrx_word' id='word_1_533' title='bbox 798 5877 945 5952; x_wconf 55' lang='grc' dir='ltr'>Θαγιί.</span> <span class='ocrx_word' id='word_1_534' title='bbox 967 5891 1206 5952; x_wconf 74' lang='grc' dir='ltr'>σαρκικῇς.</span> <span class='ocrx_word' id='word_1_535' title='bbox 1235 5887 1323 5952; x_wconf 77' lang='grc' dir='ltr'>Διᾲ</span> <span class='ocrx_word' id='word_1_536' title='bbox 1333 5887 1473 5952; x_wconf 85' lang='grc' dir='ltr'>τοῦτο</span> <span class='ocrx_word' id='word_1_537' title='bbox 1490 5891 1575 5938; x_wconf 71' lang='grc' dir='ltr'>οὐκ</span> <span class='ocrx_word' id='word_1_538' title='bbox 1599 5893 1918 5952; x_wconf 72' lang='grc' dir='ltr'>ἐταράττοντο,</span> <span class='ocrx_word' id='word_1_539' title='bbox 1934 5898 2036 5951; x_wconf 77' lang='grc' dir='ltr'>ἕως.</span> <span class='ocrx_word' id='word_1_540' title='bbox 2073 5898 2101 5937; x_wconf 67' lang='grc' dir='ltr'>δ</span> <span class='ocrx_word' id='word_1_541' title='bbox 2117 5900 2260 5950; x_wconf 77' lang='lat' dir='ltr'>Savil.</span> 
     </span>
    </p>
   </div>
   <div class='ocr_carea' id='block_1_67' title="bbox 699 5940 2084 6008">
    <p class='ocr_par' dir='ltr' id='par_1_67' title="bbox 699 5940 2084 6008">
     <span class='ocr_line' id='line_1_67' title="bbox 699 5940 2084 6008; baseline 0.017 -24"><span class='ocrx_word' id='word_1_542' title='bbox 699 5940 828 6001; x_wconf 74' lang='grc' dir='ltr'>παρὰ</span> <span class='ocrx_word' id='word_1_543' title='bbox 857 5940 1125 6006; x_wconf 74' lang='grc' dir='ltr'>ἀνθρώπων.</span> <span class='ocrx_word' id='word_1_544' title='bbox 1158 5940 1164 5943; x_wconf 76' lang='grc'>⁷</span> <span class='ocrx_word' id='word_1_545' title='bbox 1193 5953 1214 5978; x_wconf 77' lang='grc' dir='ltr'>ε</span> <span class='ocrx_word' id='word_1_546' title='bbox 1240 5950 1366 5998; x_wconf 78' lang='grc' dir='ltr'>Αὐτὸ</span> <span class='ocrx_word' id='word_1_547' title='bbox 1399 5954 1548 6002; x_wconf 73' lang='lat' dir='ltr'>Sani.</span> <span class='ocrx_word' id='word_1_548' title='bbox 1588 5940 1720 6005; x_wconf 60' lang='lat' dir='ltr'>Codd</span> <span class='ocrx_word' id='word_1_549' title='bbox 1761 5940 1864 6005; x_wconf 57' lang='grc' dir='ltr'>τος</span> <span class='ocrx_word' id='word_1_550' title='bbox 1884 5940 2084 6008; x_wconf 49' lang='lat' dir='ltr'>eam...</span> 
     </span>
    </p>
   </div>
   <div class='ocr_carea' id='block_1_68' title="bbox 1416 346 3264 411">
    <p class='ocr_par' dir='ltr' id='par_1_68' title="bbox 1416 346 3264 411">
     <span class='ocr_line' id='line_1_68' title="bbox 1416 346 3264 411; baseline -0.004 0"><span class='ocrx_word' id='word_1_551' title='bbox 1416 355 1474 411; x_wconf 84' lang='lat'>8.</span> <span class='ocrx_word' id='word_1_552' title='bbox 1509 351 1790 411; x_wconf 79' lang='lat' dir='ltr'>JOANNIS</span> <span class='ocrx_word' id='word_1_553' title='bbox 1825 347 2306 408; x_wconf 77' lang='lat' dir='ltr'>CHRYSOSTOMI</span> <span class='ocrx_word' id='word_1_554' title='bbox 2347 346 2669 404; x_wconf 74' lang='lat' dir='ltr'>ARCHIEP.</span> <span class='ocrx_word' id='word_1_555' title='bbox 2710 347 3264 406; x_wconf 75' lang='lat' dir='ltr'>CONSTANTINOP.</span> 
     </span>
    </p>
   </div>
   <div class='ocr_carea' id='block_1_69' title="bbox 3852 340 3972 398">
    <p class='ocr_par' dir='ltr' id='par_1_69' title="bbox 3852 340 3972 398">
     <span class='ocr_line' id='line_1_69' title="bbox 3852 340 3972 398; baseline -0.025 0"><span class='ocrx_word' id='word_1_556' title='bbox 3852 340 3972 398; x_wconf 68' lang='lat'>254</span> 
     </span>
    </p>
   </div>
   <div class='ocr_carea' id='block_1_70' title="bbox 2387 454 3968 533">
    <p class='ocr_par' dir='ltr' id='par_1_70' title="bbox 2387 454 3968 533">
     <span class='ocr_line' id='line_1_70' title="bbox 2387 454 3968 533; baseline 0 -19"><span class='ocrx_word' id='word_1_557' title='bbox 2387 461 2687 528; x_wconf 87' lang='grc' dir='ltr'>ϐάλλονται,</span> <span class='ocrx_word' id='word_1_558' title='bbox 2705 463 2781 527; x_wconf 85' lang='grc' dir='ltr'>ὡς</span> <span class='ocrx_word' id='word_1_559' title='bbox 2805 463 2921 516; x_wconf 83' lang='grc' dir='ltr'>ἐστι</span> <span class='ocrx_word' id='word_1_560' title='bbox 2939 464 3128 533; x_wconf 82' lang='grc' dir='ltr'>μαθεῖν</span> <span class='ocrx_word' id='word_1_561' title='bbox 3151 466 3216 518; x_wconf 81' lang='grc' dir='ltr'>ἐκ</span> <span class='ocrx_word' id='word_1_562' title='bbox 3231 457 3602 529; x_wconf 74' lang='grc' dir='ltr'>τοῦ,⁹Δρατεά</span> <span class='ocrx_word' id='word_1_563' title='bbox 3625 457 3836 524; x_wconf 83' lang='grc' dir='ltr'>αὐτὸν,</span> <span class='ocrx_word' id='word_1_564' title='bbox 3858 454 3968 514; x_wconf 70' lang='grc' dir='ltr'>καὶ</span> 
     </span>
    </p>
   </div>
   <div class='ocr_carea' id='block_1_71' title="bbox 2382 541 3968 613">
    <p class='ocr_par' dir='ltr' id='par_1_71' title="bbox 2382 541 3968 613">
     <span class='ocr_line' id='line_1_71' title="bbox 2382 541 3968 613; baseline 0 -15"><span class='ocrx_word' id='word_1_565' title='bbox 2382 545 2666 600; x_wconf 78' lang='grc' dir='ltr'>ἐκϐάλετε</span> <span class='ocrx_word' id='word_1_566' title='bbox 2684 547 2868 601; x_wconf 77' lang='grc' dir='ltr'>αὑτὸν</span> <span class='ocrx_word' id='word_1_567' title='bbox 2896 550 2982 613; x_wconf 82' lang='grc' dir='ltr'>εις</span> <span class='ocrx_word' id='word_1_568' title='bbox 3016 549 3081 602; x_wconf 87' lang='grc' dir='ltr'>τὸ</span> <span class='ocrx_word' id='word_1_569' title='bbox 3114 549 3336 612; x_wconf 83' lang='grc' dir='ltr'>σκότος</span> <span class='ocrx_word' id='word_1_570' title='bbox 3363 545 3432 599; x_wconf 89' lang='grc' dir='ltr'>τό</span> <span class='ocrx_word' id='word_1_571' title='bbox 3457 543 3748 610; x_wconf 81' lang='grc' dir='ltr'>ἐξώτερον</span> <span class='ocrx_word' id='word_1_572' title='bbox 3767 560 3781 574; x_wconf 92' lang='grc'><strong>·</strong></span> <span class='ocrx_word' id='word_1_573' title='bbox 3815 544 3868 596; x_wconf 85' lang='grc' dir='ltr'>οι</span> <span class='ocrx_word' id='word_1_574' title='bbox 3905 541 3968 598; x_wconf 74' lang='grc' dir='ltr'>δι</span> 
     </span>
    </p>
   </div>
   <div class='ocr_carea' id='block_1_72' title="bbox 2386 625 3964 696">
    <p class='ocr_par' dir='ltr' id='par_1_72' title="bbox 2386 625 3964 696">
     <span class='ocr_line' id='line_1_72' title="bbox 2386 625 3964 696; baseline -0.003 -15"><span class='ocrx_word' id='word_1_575' title='bbox 2386 627 2731 696; x_wconf 88' lang='grc' dir='ltr'>ἀπόλλυνται,</span> <span class='ocrx_word' id='word_1_576' title='bbox 2777 629 2853 692; x_wconf 85' lang='grc' dir='ltr'>ὡς</span> <span class='ocrx_word' id='word_1_577' title='bbox 2899 631 2994 684; x_wconf 84' lang='grc' dir='ltr'>καὶ</span> <span class='ocrx_word' id='word_1_578' title='bbox 3038 630 3170 683; x_wconf 80' lang='grc' dir='ltr'>αὐτὸ</span> <span class='ocrx_word' id='word_1_579' title='bbox 3209 629 3486 683; x_wconf 70' lang='grc' dir='ltr'>δείκνυται</span> <span class='ocrx_word' id='word_1_580' title='bbox 3514 629 3577 679; x_wconf 83' lang='grc' dir='ltr'>ἐκ</span> <span class='ocrx_word' id='word_1_581' title='bbox 3606 625 3724 686; x_wconf 88' lang='grc' dir='ltr'>τοῦ,</span> <span class='ocrx_word' id='word_1_582' title='bbox 3768 625 3964 690; x_wconf 71' lang='grc' dir='ltr'>Φοϐή-</span> 
     </span>
    </p>
   </div>
   <div class='ocr_carea' id='block_1_73' title="bbox 2382 707 3964 782">
    <p class='ocr_par' dir='ltr' id='par_1_73' title="bbox 2382 707 3964 782">
     <span class='ocr_line' id='line_1_73' title="bbox 2382 707 3964 782; baseline -0.003 -17"><span class='ocrx_word' id='word_1_583' title='bbox 2382 714 2528 780; x_wconf 86' lang='grc' dir='ltr'>θητε</span> <span class='ocrx_word' id='word_1_584' title='bbox 2569 713 2637 766; x_wconf 77' lang='grc' dir='ltr'>δὲ</span> <span class='ocrx_word' id='word_1_585' title='bbox 2671 713 2914 782; x_wconf 82' lang='grc' dir='ltr'>μᾶλλον</span> <span class='ocrx_word' id='word_1_586' title='bbox 2952 715 3059 768; x_wconf 84' lang='grc' dir='ltr'>τὸν</span> <span class='ocrx_word' id='word_1_587' title='bbox 3084 712 3424 782; x_wconf 79' lang='grc' dir='ltr'>δυνάμενον</span> <span class='ocrx_word' id='word_1_588' title='bbox 3464 709 3560 763; x_wconf 69' lang='grc' dir='ltr'>καὶ</span> <span class='ocrx_word' id='word_1_589' title='bbox 3602 707 3822 777; x_wconf 64' lang='grc' dir='ltr'>,ψυχὴν</span> <span class='ocrx_word' id='word_1_590' title='bbox 3859 709 3964 761; x_wconf 67' lang='grc' dir='ltr'>καὶ</span> 
     </span>
    </p>
   </div>
   <div class='ocr_carea' id='block_1_74' title="bbox 2381 787 3967 865">
    <p class='ocr_par' dir='ltr' id='par_1_74' title="bbox 2381 787 3967 865">
     <span class='ocr_line' id='line_1_74' title="bbox 2381 787 3967 865; baseline -0.006 -16"><span class='ocrx_word' id='word_1_591' title='bbox 2381 795 2552 864; x_wconf 85' lang='grc' dir='ltr'>σῶμα</span> <span class='ocrx_word' id='word_1_592' title='bbox 2585 797 2654 850; x_wconf 79' lang='grc' dir='ltr'>ἐν</span> <span class='ocrx_word' id='word_1_593' title='bbox 2692 798 2907 865; x_wconf 71' lang='grc' dir='ltr'>γεέννῃ</span> <span class='ocrx_word' id='word_1_594' title='bbox 2938 796 3253 851; x_wconf 80' lang='grc' dir='ltr'>ἀπολέσαι.</span> <span class='ocrx_word' id='word_1_595' title='bbox 3301 795 3460 847; x_wconf 79' lang='grc' dir='ltr'>Ὥστε</span> <span class='ocrx_word' id='word_1_596' title='bbox 3491 792 3574 855; x_wconf 82' lang='grc' dir='ltr'>τὸ,</span> <span class='ocrx_word' id='word_1_597' title='bbox 3621 789 3795 856; x_wconf 79' lang='grc' dir='ltr'>Ζωὴν</span> <span class='ocrx_word' id='word_1_598' title='bbox 3826 787 3967 841; x_wconf 65' lang='lat' dir='ltr'><strong><em>ald)-</em></strong></span> 
     </span>
    </p>
   </div>
   <div class='ocr_carea' id='block_1_75' title="bbox 2380 869 3965 950">
    <p class='ocr_par' dir='ltr' id='par_1_75' title="bbox 2380 869 3965 950">
     <span class='ocr_line' id='line_1_75' title="bbox 2380 869 3965 950; baseline -0.006 -18"><span class='ocrx_word' id='word_1_599' title='bbox 2380 895 2514 932; x_wconf 90' lang='grc' dir='ltr'>νιον</span> <span class='ocrx_word' id='word_1_600' title='bbox 2551 878 2788 948; x_wconf 86' lang='grc' dir='ltr'>δίδωμι,</span> <span class='ocrx_word' id='word_1_601' title='bbox 2819 879 2976 933; x_wconf 88' lang='grc' dir='ltr'>τοῦτο</span> <span class='ocrx_word' id='word_1_602' title='bbox 3005 879 3183 950; x_wconf 88' lang='grc' dir='ltr'>δηλοῖ·</span> <span class='ocrx_word' id='word_1_603' title='bbox 3228 876 3734 944; x_wconf 77' lang='grc' dir='ltr'>Ἐκπορεύσονται</span> <span class='ocrx_word' id='word_1_604' title='bbox 3762 869 3874 940; x_wconf 83' lang='grc' dir='ltr'>γάρ</span> <span class='ocrx_word' id='word_1_605' title='bbox 3908 873 3965 923; x_wconf 79' lang='grc' dir='ltr'>οι</span> 
     </span>
    </p>
   </div>
   <div class='ocr_carea' id='block_1_76' title="bbox 2373 955 3964 1031">
    <p class='ocr_par' dir='ltr' id='par_1_76' title="bbox 2373 955 3964 1031">
     <span class='ocr_line' id='line_1_76' title="bbox 2373 955 3964 1031; baseline -0.006 -17"><span class='ocrx_word' id='word_1_606' title='bbox 2373 961 2493 1030; x_wconf 79' lang='grc' dir='ltr'>μὲν</span> <span class='ocrx_word' id='word_1_607' title='bbox 2516 961 2587 1014; x_wconf 83' lang='grc' dir='ltr'>τὰ</span> <span class='ocrx_word' id='word_1_608' title='bbox 2616 961 2818 1031; x_wconf 73' lang='grc' dir='ltr'>φαῦλα</span> <span class='ocrx_word' id='word_1_609' title='bbox 2837 961 3175 1030; x_wconf 77' lang='grc' dir='ltr'>πράξαντες</span> <span class='ocrx_word' id='word_1_610' title='bbox 3193 961 3281 1025; x_wconf 86' lang='grc' dir='ltr'>εις</span> <span class='ocrx_word' id='word_1_611' title='bbox 3304 957 3646 1014; x_wconf 81' lang='grc' dir='ltr'>ἀνάστασιν</span> <span class='ocrx_word' id='word_1_612' title='bbox 3679 955 3964 1022; x_wconf 66' lang='grc' dir='ltr'>κρίσειικ,</span> 
     </span>
    </p>
   </div>
   <div class='ocr_carea' id='block_1_77' title="bbox 2381 1034 3964 1113">
    <p class='ocr_par' dir='ltr' id='par_1_77' title="bbox 2381 1034 3964 1113">
     <span class='ocr_line' id='line_1_77' title="bbox 2381 1034 3964 1113; baseline -0.007 -16"><span class='ocrx_word' id='word_1_613' title='bbox 2381 1048 2434 1098; x_wconf 83' lang='grc' dir='ltr'>οι</span> <span class='ocrx_word' id='word_1_614' title='bbox 2453 1043 2522 1097; x_wconf 79' lang='grc' dir='ltr'>δὲ</span> <span class='ocrx_word' id='word_1_615' title='bbox 2546 1044 2617 1097; x_wconf 86' lang='grc' dir='ltr'>τὰ</span> <span class='ocrx_word' id='word_1_616' title='bbox 2641 1045 2851 1113; x_wconf 71' lang='grc' dir='ltr'>ἀγαθὰ,</span> <span class='ocrx_word' id='word_1_617' title='bbox 2869 1047 2956 1108; x_wconf 86' lang='grc' dir='ltr'>είς</span> <span class='ocrx_word' id='word_1_618' title='bbox 2972 1043 3314 1098; x_wconf 78' lang='grc' dir='ltr'>ἀνάστασιν</span> <span class='ocrx_word' id='word_1_619' title='bbox 3336 1039 3502 1106; x_wconf 77' lang='grc' dir='ltr'>ζωῆς.</span> <span class='ocrx_word' id='word_1_620' title='bbox 3529 1038 3746 1105; x_wconf 78' lang='grc' dir='ltr'>Ταύτην</span> <span class='ocrx_word' id='word_1_621' title='bbox 3775 1034 3964 1089; x_wconf 84' lang='grc' dir='ltr'>τοίνυν</span> 
     </span>
    </p>
   </div>
   <div class='ocr_carea' id='block_1_78' title="bbox 2378 1119 3962 1196">
    <p class='ocr_par' dir='ltr' id='par_1_78' title="bbox 2378 1119 3962 1196">
     <span class='ocr_line' id='line_1_78' title="bbox 2378 1119 3962 1196; baseline -0.007 -16"><span class='ocrx_word' id='word_1_622' title='bbox 2378 1127 2478 1195; x_wconf 78' lang='grc' dir='ltr'>τὴν</span> <span class='ocrx_word' id='word_1_623' title='bbox 2507 1127 2800 1180; x_wconf 81' lang='grc' dir='ltr'>ἀνάστασιν</span> <span class='ocrx_word' id='word_1_624' title='bbox 2833 1126 3096 1196; x_wconf 77' lang='grc' dir='ltr'>ἐδήλωσεν</span> <span class='ocrx_word' id='word_1_625' title='bbox 3133 1123 3368 1178; x_wconf 86' lang='grc' dir='ltr'>ἐνταῦθα</span> <span class='ocrx_word' id='word_1_626' title='bbox 3410 1122 3507 1192; x_wconf 80' lang='grc' dir='ltr'>τὴν</span> <span class='ocrx_word' id='word_1_627' title='bbox 3542 1121 3632 1172; x_wconf 76' lang='grc' dir='ltr'>ἐπὶ</span> <span class='ocrx_word' id='word_1_628' title='bbox 3668 1121 3783 1180; x_wconf 84' lang='grc' dir='ltr'>τοῖς</span> <span class='ocrx_word' id='word_1_629' title='bbox 3814 1119 3962 1184; x_wconf 86' lang='grc' dir='ltr'>ἀγα-</span> 
     </span>
    </p>
   </div>
   <div class='ocr_carea' id='block_1_79' title="bbox 2381 1198 3962 1280">
    <p class='ocr_par' dir='ltr' id='par_1_79' title="bbox 2381 1198 3962 1280">
     <span class='ocr_line' id='line_1_79' title="bbox 2381 1198 3962 1280; baseline -0.006 -18"><span class='ocrx_word' id='word_1_630' title='bbox 2381 1209 2514 1272; x_wconf 90' lang='grc' dir='ltr'>θοῖς.</span> <span class='ocrx_word' id='word_1_631' title='bbox 2567 1210 2632 1264; x_wconf 87' lang='grc' dir='ltr'>Τί</span> <span class='ocrx_word' id='word_1_632' title='bbox 2678 1210 2732 1263; x_wconf 82' lang='grc' dir='ltr'>δέ</span> <span class='ocrx_word' id='word_1_633' title='bbox 2763 1209 3006 1280; x_wconf 84' lang='grc' dir='ltr'>βούλεται</span> <span class='ocrx_word' id='word_1_634' title='bbox 3038 1207 3204 1272; x_wconf 80' lang='grc' dir='ltr'>δεῖξαι</span> <span class='ocrx_word' id='word_1_635' title='bbox 3251 1207 3338 1260; x_wconf 88' lang='grc' dir='ltr'>διά</span> <span class='ocrx_word' id='word_1_636' title='bbox 3383 1205 3476 1258; x_wconf 90' lang='grc' dir='ltr'>τοῦ</span> <span class='ocrx_word' id='word_1_637' title='bbox 3511 1204 3708 1272; x_wconf 87' lang='grc' dir='ltr'>λέγειν.</span> <span class='ocrx_word' id='word_1_638' title='bbox 3758 1198 3892 1255; x_wconf 86' lang='grc' dir='ltr'>Πᾶν</span> <span class='ocrx_word' id='word_1_639' title='bbox 3927 1198 3962 1253; x_wconf 81' lang='grc' dir='ltr'>δ</span> 
     </span>
    </p>
   </div>
   <div class='ocr_carea' id='block_1_80' title="bbox 2378 1285 3965 1361">
    <p class='ocr_par' dir='ltr' id='par_1_80' title="bbox 2378 1285 3965 1361">
     <span class='ocr_line' id='line_1_80' title="bbox 2378 1285 3965 1361; baseline -0.005 -16"><span class='ocrx_word' id='word_1_640' title='bbox 2378 1291 2588 1346; x_wconf 88' lang='grc' dir='ltr'>δίδωσί</span> <span class='ocrx_word' id='word_1_641' title='bbox 2610 1309 2712 1361; x_wconf 88' lang='grc' dir='ltr'>μοι</span> <span class='ocrx_word' id='word_1_642' title='bbox 2753 1294 2788 1347; x_wconf 98' lang='lat'>0</span> <span class='ocrx_word' id='word_1_643' title='bbox 2828 1291 3052 1360; x_wconf 80' lang='grc' dir='ltr'>Πατὴρ,</span> <span class='ocrx_word' id='word_1_644' title='bbox 3090 1290 3240 1360; x_wconf 71' lang='grc' dir='ltr'>πρὸς</span> <span class='ocrx_word' id='word_1_645' title='bbox 3267 1289 3372 1358; x_wconf 72' lang='grc' dir='ltr'>ἐμὲ</span> <span class='ocrx_word' id='word_1_646' title='bbox 3405 1289 3573 1356; x_wconf 71' lang='grc' dir='ltr'>ἣξεις</span> <span class='ocrx_word' id='word_1_647' title='bbox 3600 1285 3965 1341; x_wconf 80' lang='grc' dir='ltr'>Καθάπτεται</span> 
     </span>
    </p>
   </div>
   <div class='ocr_carea' id='block_1_81' title="bbox 2377 1368 3964 1444">
    <p class='ocr_par' dir='ltr' id='par_1_81' title="bbox 2377 1368 3964 1444">
     <span class='ocr_line' id='line_1_81' title="bbox 2377 1368 3964 1444; baseline -0.004 -17"><span class='ocrx_word' id='word_1_648' title='bbox 2377 1374 2478 1444; x_wconf 83' lang='grc' dir='ltr'>τῆς</span> <span class='ocrx_word' id='word_1_649' title='bbox 2524 1374 2782 1437; x_wconf 86' lang='grc' dir='ltr'>ἀπιστίας</span> <span class='ocrx_word' id='word_1_650' title='bbox 2817 1374 3019 1437; x_wconf 83' lang='grc' dir='ltr'>αὐτῶν,</span> <span class='ocrx_word' id='word_1_651' title='bbox 3066 1375 3162 1428; x_wconf 80' lang='grc' dir='ltr'>καὶ</span> <span class='ocrx_word' id='word_1_652' title='bbox 3211 1373 3481 1427; x_wconf 86' lang='grc' dir='ltr'>δείκνυσιν</span> <span class='ocrx_word' id='word_1_653' title='bbox 3531 1371 3614 1423; x_wconf 77' lang='grc' dir='ltr'>ὃτι</span> <span class='ocrx_word' id='word_1_654' title='bbox 3660 1373 3690 1423; x_wconf 93' lang='lat'>0</span> <span class='ocrx_word' id='word_1_655' title='bbox 3742 1368 3816 1438; x_wconf 81' lang='grc' dir='ltr'>μὴ</span> <span class='ocrx_word' id='word_1_656' title='bbox 3863 1385 3964 1420; x_wconf 82' lang='grc' dir='ltr'>πι-</span> 
     </span>
    </p>
   </div>
   <div class='ocr_carea' id='block_1_82' title="bbox 2381 1452 3960 1528">
    <p class='ocr_par' dir='ltr' id='par_1_82' title="bbox 2381 1452 3960 1528">
     <span class='ocr_line' id='line_1_82' title="bbox 2381 1452 3960 1528; baseline -0.004 -18"><span class='ocrx_word' id='word_1_657' title='bbox 2381 1457 2582 1512; x_wconf 80' lang='grc' dir='ltr'>στεύων</span> <span class='ocrx_word' id='word_1_658' title='bbox 2615 1457 2800 1528; x_wconf 81' lang='grc' dir='ltr'>αὑτῷ,</span> <span class='ocrx_word' id='word_1_659' title='bbox 2837 1459 2896 1511; x_wconf 88' lang='grc' dir='ltr'>τὸ</span> <span class='ocrx_word' id='word_1_660' title='bbox 2941 1458 3153 1527; x_wconf 87' lang='grc' dir='ltr'>θέλημα</span> <span class='ocrx_word' id='word_1_661' title='bbox 3206 1455 3532 1527; x_wconf 85' lang='grc' dir='ltr'>παραϐαίνει</span> <span class='ocrx_word' id='word_1_662' title='bbox 3577 1453 3672 1507; x_wconf 88' lang='grc' dir='ltr'>τοῦ</span> <span class='ocrx_word' id='word_1_663' title='bbox 3716 1452 3960 1522; x_wconf 87' lang='grc' dir='ltr'>Πατρός.</span> 
     </span>
    </p>
   </div>
   <div class='ocr_carea' id='block_1_83' title="bbox 2378 1534 3959 1610">
    <p class='ocr_par' dir='ltr' id='par_1_83' title="bbox 2378 1534 3959 1610">
     <span class='ocr_line' id='line_1_83' title="bbox 2378 1534 3959 1610; baseline -0.004 -17"><span class='ocrx_word' id='word_1_664' title='bbox 2378 1541 2488 1594; x_wconf 79' lang='grc' dir='ltr'>Καὶ</span> <span class='ocrx_word' id='word_1_665' title='bbox 2522 1540 2662 1594; x_wconf 80' lang='grc' dir='ltr'>οὕτω</span> <span class='ocrx_word' id='word_1_666' title='bbox 2702 1541 2803 1610; x_wconf 74' lang='grc' dir='ltr'>μὶν</span> <span class='ocrx_word' id='word_1_667' title='bbox 2827 1540 2959 1594; x_wconf 80' lang='grc' dir='ltr'>αὐτὸ</span> <span class='ocrx_word' id='word_1_668' title='bbox 2977 1540 3198 1610; x_wconf 83' lang='grc' dir='ltr'>γυμνῶς</span> <span class='ocrx_word' id='word_1_669' title='bbox 3221 1539 3284 1592; x_wconf 82' lang='grc' dir='ltr'>οὐ</span> <span class='ocrx_word' id='word_1_670' title='bbox 3325 1539 3509 1608; x_wconf 82' lang='grc' dir='ltr'>φησὶν,</span> <span class='ocrx_word' id='word_1_671' title='bbox 3536 1535 3841 1606; x_wconf 78' lang='grc' dir='ltr'>ὑφειμένως</span> <span class='ocrx_word' id='word_1_672' title='bbox 3865 1534 3926 1587; x_wconf 88' lang='grc' dir='ltr'>δέ</span> <span class='ocrx_word' id='word_1_673' title='bbox 3944 1551 3959 1563; x_wconf 81' lang='lat'><strong><em>°</em></strong></span> 
     </span>
    </p>
   </div>
   <div class='ocr_carea' id='block_1_84' title="bbox 2378 1617 3969 1693">
    <p class='ocr_par' dir='ltr' id='par_1_84' title="bbox 2378 1617 3969 1693">
     <span class='ocr_line' id='line_1_84' title="bbox 2378 1617 3969 1693; baseline -0.004 -17"><span class='ocrx_word' id='word_1_674' title='bbox 2378 1623 2472 1683; x_wconf 78' lang='grc' dir='ltr'>καὶ</span> <span class='ocrx_word' id='word_1_675' title='bbox 2515 1623 2790 1693; x_wconf 88' lang='grc' dir='ltr'>πανταχοῦ</span> <span class='ocrx_word' id='word_1_676' title='bbox 2833 1623 2989 1676; x_wconf 87' lang='grc' dir='ltr'>τοῦτο</span> <span class='ocrx_word' id='word_1_677' title='bbox 3037 1621 3292 1676; x_wconf 89' lang='grc' dir='ltr'>ποιοῦντα</span> <span class='ocrx_word' id='word_1_678' title='bbox 3339 1620 3459 1690; x_wconf 72' lang='grc' dir='ltr'>ὕψει</span> <span class='ocrx_word' id='word_1_679' title='bbox 3502 1619 3682 1681; x_wconf 77' lang='grc' dir='ltr'>αὑτὸν,</span> <span class='ocrx_word' id='word_1_680' title='bbox 3734 1617 3969 1671; x_wconf 80' lang='grc' dir='ltr'>θέλοντα</span> 
     </span>
    </p>
   </div>
   <div class='ocr_carea' id='block_1_85' title="bbox 2377 1701 3965 1776">
    <p class='ocr_par' dir='ltr' id='par_1_85' title="bbox 2377 1701 3965 1776">
     <span class='ocr_line' id='line_1_85' title="bbox 2377 1701 3965 1776; baseline -0.003 -18"><span class='ocrx_word' id='word_1_681' title='bbox 2377 1706 2543 1773; x_wconf 81' lang='grc' dir='ltr'>δεῖξαι</span> <span class='ocrx_word' id='word_1_682' title='bbox 2565 1707 2659 1762; x_wconf 71' lang='grc' dir='ltr'>καὶ</span> <span class='ocrx_word' id='word_1_683' title='bbox 2677 1707 2756 1776; x_wconf 85' lang='grc' dir='ltr'>τῷ</span> <span class='ocrx_word' id='word_1_684' title='bbox 2773 1705 2949 1776; x_wconf 74' lang='grc' dir='ltr'>Πατρὶ</span> <span class='ocrx_word' id='word_1_685' title='bbox 2971 1706 3484 1776; x_wconf 83' lang='grc' dir='ltr'>προσκεκρουκότας</span> <span class='ocrx_word' id='word_1_686' title='bbox 3509 1704 3634 1765; x_wconf 84' lang='grc' dir='ltr'>τοὺς</span> <span class='ocrx_word' id='word_1_687' title='bbox 3662 1701 3965 1755; x_wconf 82' lang='grc' dir='ltr'>ἀπιστοῦν-</span> 
     </span>
    </p>
   </div>
   <div class='ocr_carea' id='block_1_86' title="bbox 2376 1783 3962 1858">
    <p class='ocr_par' dir='ltr' id='par_1_86' title="bbox 2376 1783 3962 1858">
     <span class='ocr_line' id='line_1_86' title="bbox 2376 1783 3962 1858; baseline -0.001 -18"><span class='ocrx_word' id='word_1_688' title='bbox 2376 1805 2494 1851; x_wconf 90' lang='grc' dir='ltr'>τας,</span> <span class='ocrx_word' id='word_1_689' title='bbox 2542 1789 2641 1840; x_wconf 84' lang='grc' dir='ltr'>ούκ</span> <span class='ocrx_word' id='word_1_690' title='bbox 2682 1787 2829 1856; x_wconf 84' lang='grc' dir='ltr'>αὐτῷ</span> <span class='ocrx_word' id='word_1_691' title='bbox 2860 1785 3026 1858; x_wconf 76' lang='grc' dir='ltr'>μόνῳ.</span> <span class='ocrx_word' id='word_1_692' title='bbox 3075 1788 3135 1840; x_wconf 74' lang='lat' dir='ltr'><strong><em>El</em></strong></span> <span class='ocrx_word' id='word_1_693' title='bbox 3181 1786 3291 1857; x_wconf 84' lang='grc' dir='ltr'>γὰρ</span> <span class='ocrx_word' id='word_1_694' title='bbox 3340 1786 3551 1855; x_wconf 88' lang='grc' dir='ltr'>θέλημα</span> <span class='ocrx_word' id='word_1_695' title='bbox 3585 1783 3748 1837; x_wconf 79' lang='grc' dir='ltr'>αὑτοῦ</span> <span class='ocrx_word' id='word_1_696' title='bbox 3796 1783 3962 1838; x_wconf 77' lang='grc' dir='ltr'>τοῦτό</span> 
     </span>
    </p>
   </div>
   <div class='ocr_carea' id='block_1_87' title="bbox 2377 1865 3963 1940">
    <p class='ocr_par' dir='ltr' id='par_1_87' title="bbox 2377 1865 3963 1940">
     <span class='ocr_line' id='line_1_87' title="bbox 2377 1865 3963 1940; baseline 0 -18"><span class='ocrx_word' id='word_1_697' title='bbox 2377 1871 2523 1936; x_wconf 77' lang='grc' dir='ltr'>ἐστι,</span> <span class='ocrx_word' id='word_1_698' title='bbox 2558 1870 2649 1922; x_wconf 76' lang='grc' dir='ltr'>καὶ</span> <span class='ocrx_word' id='word_1_699' title='bbox 2681 1869 2770 1922; x_wconf 80' lang='grc' dir='ltr'>διὰ</span> <span class='ocrx_word' id='word_1_700' title='bbox 2800 1869 2959 1923; x_wconf 83' lang='grc' dir='ltr'>τοῦτο</span> <span class='ocrx_word' id='word_1_701' title='bbox 2997 1865 3180 1940; x_wconf 77' lang='grc' dir='ltr'>ἦλθεν,</span> <span class='ocrx_word' id='word_1_702' title='bbox 3221 1870 3308 1923; x_wconf 86' lang='grc' dir='ltr'>ῖνα</span> <span class='ocrx_word' id='word_1_703' title='bbox 3339 1868 3488 1938; x_wconf 78' lang='grc' dir='ltr'>σώσῃ</span> <span class='ocrx_word' id='word_1_704' title='bbox 3525 1869 3705 1920; x_wconf 89' lang='grc' dir='ltr'>πάντα</span> <span class='ocrx_word' id='word_1_705' title='bbox 3743 1867 3833 1920; x_wconf 84' lang='grc' dir='ltr'>τὸν</span> <span class='ocrx_word' id='word_1_706' title='bbox 3862 1866 3963 1922; x_wconf 83' lang='grc' dir='ltr'>κό-</span> 
     </span>
    </p>
   </div>
   <div class='ocr_carea' id='block_1_88' title="bbox 2380 1948 3963 2023">
    <p class='ocr_par' dir='ltr' id='par_1_88' title="bbox 2380 1948 3963 2023">
     <span class='ocr_line' id='line_1_88' title="bbox 2380 1948 3963 2023; baseline -0.001 -19"><span class='ocrx_word' id='word_1_707' title='bbox 2380 1969 2516 2021; x_wconf 92' lang='grc' dir='ltr'>σμον</span> <span class='ocrx_word' id='word_1_708' title='bbox 2541 1963 2591 2015; x_wconf 74' lang='grc' dir='ltr'>ε,</span> <span class='ocrx_word' id='word_1_709' title='bbox 2627 1953 2677 2005; x_wconf 85' lang='grc' dir='ltr'>οῖ</span> <span class='ocrx_word' id='word_1_710' title='bbox 2717 1952 2791 2023; x_wconf 76' lang='grc' dir='ltr'>μή</span> <span class='ocrx_word' id='word_1_711' title='bbox 2821 1951 3186 2017; x_wconf 83' lang='grc' dir='ltr'>πιστεύοντες,</span> <span class='ocrx_word' id='word_1_712' title='bbox 3221 1952 3283 2004; x_wconf 84' lang='grc' dir='ltr'>τὸ</span> <span class='ocrx_word' id='word_1_713' title='bbox 3323 1951 3533 2022; x_wconf 84' lang='grc' dir='ltr'>θέλημα</span> <span class='ocrx_word' id='word_1_714' title='bbox 3571 1948 3737 2003; x_wconf 82' lang='grc' dir='ltr'>αὐτοῦ</span> <span class='ocrx_word' id='word_1_715' title='bbox 3777 1965 3963 2020; x_wconf 79' lang='grc' dir='ltr'>παρα-</span> 
     </span>
    </p>
   </div>
   <div class='ocr_carea' id='block_1_89' title="bbox 2376 2030 3959 2105">
    <p class='ocr_par' dir='ltr' id='par_1_89' title="bbox 2376 2030 3959 2105">
     <span class='ocr_line' id='line_1_89' title="bbox 2376 2030 3959 2105; baseline 0.002 -21"><span class='ocrx_word' id='word_1_716' title='bbox 2376 2033 2671 2087; x_wconf 86' lang='grc' dir='ltr'>ϐαίνουσιν.</span> <span class='ocrx_word' id='word_1_717' title='bbox 2714 2035 2883 2087; x_wconf 88' lang='grc' dir='ltr'>Ὅταν</span> <span class='ocrx_word' id='word_1_718' title='bbox 2915 2030 3028 2097; x_wconf 83' lang='grc' dir='ltr'>οὖν,</span> <span class='ocrx_word' id='word_1_719' title='bbox 3075 2034 3259 2105; x_wconf 78' lang='grc' dir='ltr'>φησὶν,</span> <span class='ocrx_word' id='word_1_720' title='bbox 3294 2035 3322 2086; x_wconf 92' lang='lat'>0</span> <span class='ocrx_word' id='word_1_721' title='bbox 3366 2033 3554 2104; x_wconf 82' lang='grc' dir='ltr'>Πατὴρ</span> <span class='ocrx_word' id='word_1_722' title='bbox 3593 2034 3760 2103; x_wconf 74' lang='grc' dir='ltr'>ὁδηγῇ</span> <span class='ocrx_word' id='word_1_723' title='bbox 3807 2049 3959 2099; x_wconf 80' lang='grc' dir='ltr'>τινα,</span> 
     </span>
    </p>
   </div>
   <div class='ocr_carea' id='block_1_90' title="bbox 2373 2114 3962 2186">
    <p class='ocr_par' dir='ltr' id='par_1_90' title="bbox 2373 2114 3962 2186">
     <span class='ocr_line' id='line_1_90' title="bbox 2373 2114 3962 2186; baseline -0.001 -18"><span class='ocrx_word' id='word_1_724' title='bbox 2373 2117 2524 2169; x_wconf 82' lang='grc' dir='ltr'>οὐδέν</span> <span class='ocrx_word' id='word_1_725' title='bbox 2545 2119 2661 2170; x_wconf 83' lang='grc' dir='ltr'>ἐστι</span> <span class='ocrx_word' id='word_1_726' title='bbox 2688 2116 2749 2168; x_wconf 86' lang='grc' dir='ltr'>τὸ</span> <span class='ocrx_word' id='word_1_727' title='bbox 2774 2116 2984 2169; x_wconf 88' lang='grc' dir='ltr'>κωλύον</span> <span class='ocrx_word' id='word_1_728' title='bbox 3007 2116 3170 2169; x_wconf 80' lang='grc' dir='ltr'>αὐτὸν</span> <span class='ocrx_word' id='word_1_729' title='bbox 3198 2115 3372 2169; x_wconf 79' lang='grc' dir='ltr'>ἐλθεῖν</span> <span class='ocrx_word' id='word_1_730' title='bbox 3394 2116 3530 2186; x_wconf 88' lang='grc' dir='ltr'>πρός</span> <span class='ocrx_word' id='word_1_731' title='bbox 3560 2131 3648 2185; x_wconf 90' lang='grc' dir='ltr'>με.</span> <span class='ocrx_word' id='word_1_732' title='bbox 3669 2115 3840 2169; x_wconf 86' lang='grc' dir='ltr'>Τοῦτο</span> <span class='ocrx_word' id='word_1_733' title='bbox 3861 2114 3962 2169; x_wconf 76' lang='grc' dir='ltr'>καὶ</span> 
     </span>
    </p>
   </div>
   <div class='ocr_carea' id='block_1_91' title="bbox 2376 2197 3958 2269">
    <p class='ocr_par' dir='ltr' id='par_1_91' title="bbox 2376 2197 3958 2269">
     <span class='ocr_line' id='line_1_91' title="bbox 2376 2197 3958 2269; baseline 0 -19"><span class='ocrx_word' id='word_1_734' title='bbox 2376 2199 2584 2269; x_wconf 83' lang='grc' dir='ltr'>προϊὼν</span> <span class='ocrx_word' id='word_1_735' title='bbox 2632 2199 2803 2267; x_wconf 85' lang='grc' dir='ltr'>λέγει,</span> <span class='ocrx_word' id='word_1_736' title='bbox 2852 2198 3062 2265; x_wconf 75' lang='grc' dir='ltr'>οὐδεὶς</span> <span class='ocrx_word' id='word_1_737' title='bbox 3105 2197 3357 2253; x_wconf 86' lang='grc' dir='ltr'>δύναται</span> <span class='ocrx_word' id='word_1_738' title='bbox 3407 2197 3610 2252; x_wconf 83' lang='grc' dir='ltr'>ἐλθεῖν</span> <span class='ocrx_word' id='word_1_739' title='bbox 3659 2199 3810 2266; x_wconf 82' lang='grc' dir='ltr'>πρός</span> <span class='ocrx_word' id='word_1_740' title='bbox 3855 2213 3958 2266; x_wconf 83' lang='grc' dir='ltr'>με,</span> 
     </span>
    </p>
   </div>
   <div class='ocr_carea' id='block_1_92' title="bbox 2372 2275 3961 2351">
    <p class='ocr_par' dir='ltr' id='par_1_92' title="bbox 2372 2275 3961 2351">
     <span class='ocr_line' id='line_1_92' title="bbox 2372 2275 3961 2351; baseline 0 -17"><span class='ocrx_word' id='word_1_741' title='bbox 2372 2282 2482 2334; x_wconf 84' lang='grc' dir='ltr'>ἐὰν</span> <span class='ocrx_word' id='word_1_742' title='bbox 2499 2281 2586 2351; x_wconf 85' lang='grc' dir='ltr'>μὴ</span> <span class='ocrx_word' id='word_1_743' title='bbox 2619 2284 2654 2338; x_wconf 88' lang='grc' dir='ltr'>ό</span> <span class='ocrx_word' id='word_1_744' title='bbox 2672 2282 2874 2350; x_wconf 75' lang='grc' dir='ltr'>Πατὴρ</span> <span class='ocrx_word' id='word_1_745' title='bbox 2901 2283 3136 2350; x_wconf 77' lang='grc' dir='ltr'>ἐλκύσῃ</span> <span class='ocrx_word' id='word_1_746' title='bbox 3159 2275 3367 2336; x_wconf 78' lang='grc' dir='ltr'>αὐτόν.</span> <span class='ocrx_word' id='word_1_747' title='bbox 3384 2281 3441 2334; x_wconf 88' lang='lat'>&#39;0</span> <span class='ocrx_word' id='word_1_748' title='bbox 3470 2280 3526 2334; x_wconf 83' lang='grc' dir='ltr'>δὲ</span> <span class='ocrx_word' id='word_1_749' title='bbox 3546 2280 3757 2342; x_wconf 81' lang='grc' dir='ltr'>Παῦλος</span> <span class='ocrx_word' id='word_1_750' title='bbox 3779 2276 3961 2345; x_wconf 75' lang='grc' dir='ltr'>εἶπεν,</span> 
     </span>
    </p>
   </div>
   <div class='ocr_carea' id='block_1_93' title="bbox 2373 2363 3963 2436">
    <p class='ocr_par' dir='ltr' id='par_1_93' title="bbox 2373 2363 3963 2436">
     <span class='ocr_line' id='line_1_93' title="bbox 2373 2363 3963 2436; baseline -0.001 -19"><span class='ocrx_word' id='word_1_751' title='bbox 2373 2363 2454 2417; x_wconf 82' lang='grc' dir='ltr'>ὅτι</span> <span class='ocrx_word' id='word_1_752' title='bbox 2479 2364 2640 2428; x_wconf 79' lang='grc' dir='ltr'>αὐτὸς</span> <span class='ocrx_word' id='word_1_753' title='bbox 2666 2365 3030 2436; x_wconf 85' lang='grc' dir='ltr'>παραδίδωσιν</span> <span class='ocrx_word' id='word_1_754' title='bbox 3059 2367 3259 2428; x_wconf 76' lang='grc' dir='ltr'>αὐτοὺς</span> <span class='ocrx_word' id='word_1_755' title='bbox 3291 2363 3370 2433; x_wconf 79' lang='grc' dir='ltr'>τῷ</span> <span class='ocrx_word' id='word_1_756' title='bbox 3400 2364 3610 2435; x_wconf 66' lang='grc' dir='ltr'>Πατρίτ</span> <span class='ocrx_word' id='word_1_757' title='bbox 3635 2365 3814 2416; x_wconf 86' lang='grc' dir='ltr'>Ὅταν</span> <span class='ocrx_word' id='word_1_758' title='bbox 3844 2368 3963 2433; x_wconf 74' lang='grc' dir='ltr'>γὰρ</span> 
     </span>
    </p>
   </div>
   <div class='ocr_carea' id='block_1_94' title="bbox 2373 2445 3962 2520">
    <p class='ocr_par' dir='ltr' id='par_1_94' title="bbox 2373 2445 3962 2520">
     <span class='ocr_line' id='line_1_94' title="bbox 2373 2445 3962 2520; baseline 0.001 -22"><span class='ocrx_word' id='word_1_759' title='bbox 2373 2446 2618 2514; x_wconf 81' lang='grc' dir='ltr'>παραδῷ</span> <span class='ocrx_word' id='word_1_760' title='bbox 2645 2447 2761 2513; x_wconf 85' lang='grc' dir='ltr'>τὴν</span> <span class='ocrx_word' id='word_1_761' title='bbox 2789 2448 3118 2513; x_wconf 77' lang='grc' dir='ltr'>⁶βασιλείαν</span> <span class='ocrx_word' id='word_1_762' title='bbox 3135 2445 3215 2512; x_wconf 85' lang='grc' dir='ltr'>τῷ</span> <span class='ocrx_word' id='word_1_763' title='bbox 3242 2445 3364 2512; x_wconf 85' lang='grc' dir='ltr'>Θεῷ</span> <span class='ocrx_word' id='word_1_764' title='bbox 3385 2447 3482 2500; x_wconf 74' lang='grc' dir='ltr'>καὶ</span> <span class='ocrx_word' id='word_1_765' title='bbox 3518 2447 3720 2515; x_wconf 83' lang='grc' dir='ltr'>Πατρί.</span> <span class='ocrx_word' id='word_1_766' title='bbox 3743 2447 3962 2520; x_wconf 64' lang='grc' dir='ltr'>Ὠστπρ</span> 
     </span>
    </p>
   </div>
   <div class='ocr_carea' id='block_1_95' title="bbox 2374 2524 3962 2602">
    <p class='ocr_par' dir='ltr' id='par_1_95' title="bbox 2374 2524 3962 2602">
     <span class='ocr_line' id='line_1_95' title="bbox 2374 2524 3962 2602; baseline 0 -20"><span class='ocrx_word' id='word_1_767' title='bbox 2374 2524 2466 2582; x_wconf 78' lang='grc' dir='ltr'>οὖν</span> <span class='ocrx_word' id='word_1_768' title='bbox 2503 2531 2598 2582; x_wconf 85' lang='grc' dir='ltr'><strong>καί</strong></span> <span class='ocrx_word' id='word_1_769' title='bbox 2621 2531 2796 2594; x_wconf 79' lang='grc' dir='ltr'>διδοὺς</span> <span class='ocrx_word' id='word_1_770' title='bbox 2825 2533 2854 2586; x_wconf 97' lang='lat'>0</span> <span class='ocrx_word' id='word_1_771' title='bbox 2880 2531 3091 2602; x_wconf 77' lang='grc' dir='ltr'>Πατὴρ,</span> <span class='ocrx_word' id='word_1_772' title='bbox 3122 2531 3222 2584; x_wconf 71' lang='grc' dir='ltr'>οὐκ</span> <span class='ocrx_word' id='word_1_773' title='bbox 3250 2530 3565 2602; x_wconf 84' lang='grc' dir='ltr'>ἀποστερῶν</span> <span class='ocrx_word' id='word_1_774' title='bbox 3597 2530 3793 2585; x_wconf 75' lang='grc' dir='ltr'>ἑαυτὸν</span> <span class='ocrx_word' id='word_1_775' title='bbox 3823 2532 3962 2601; x_wconf 78' lang='grc' dir='ltr'>πρό·</span> 
     </span>
    </p>
   </div>
   <div class='ocr_carea' id='block_1_96' title="bbox 2375 2613 3964 2685">
    <p class='ocr_par' dir='ltr' id='par_1_96' title="bbox 2375 2613 3964 2685">
     <span class='ocr_line' id='line_1_96' title="bbox 2375 2613 3964 2685; baseline 0.001 -19"><span class='ocrx_word' id='word_1_776' title='bbox 2375 2629 2528 2684; x_wconf 90' lang='grc' dir='ltr'>τερον</span> <span class='ocrx_word' id='word_1_777' title='bbox 2557 2613 2715 2667; x_wconf 90' lang='grc' dir='ltr'>τοῦτο</span> <span class='ocrx_word' id='word_1_778' title='bbox 2762 2617 2932 2668; x_wconf 85' lang='grc' dir='ltr'>ποιεῖ·</span> <span class='ocrx_word' id='word_1_779' title='bbox 2963 2614 3104 2667; x_wconf 78' lang='grc' dir='ltr'>οὕτω</span> <span class='ocrx_word' id='word_1_780' title='bbox 3134 2614 3228 2667; x_wconf 77' lang='grc' dir='ltr'>καὶ</span> <span class='ocrx_word' id='word_1_781' title='bbox 3254 2615 3582 2685; x_wconf 82' lang='grc' dir='ltr'>παραδιδοὺς</span> <span class='ocrx_word' id='word_1_782' title='bbox 3620 2617 3648 2666; x_wconf 90' lang='lat'>0</span> <span class='ocrx_word' id='word_1_783' title='bbox 3675 2613 3822 2680; x_wconf 81' lang='grc' dir='ltr'>Υἱὸς,</span> <span class='ocrx_word' id='word_1_784' title='bbox 3857 2616 3964 2669; x_wconf 83' lang='grc' dir='ltr'>οὐκ</span> 
     </span>
    </p>
   </div>
   <div class='ocr_carea' id='block_1_97' title="bbox 2373 2695 3964 2768">
    <p class='ocr_par' dir='ltr' id='par_1_97' title="bbox 2373 2695 3964 2768">
     <span class='ocr_line' id='line_1_97' title="bbox 2373 2695 3964 2768; baseline 0.003 -21"><span class='ocrx_word' id='word_1_785' title='bbox 2373 2695 2651 2750; x_wconf 84' lang='grc' dir='ltr'>ἐκϐάλλων</span> <span class='ocrx_word' id='word_1_786' title='bbox 2685 2696 2874 2750; x_wconf 82' lang='grc' dir='ltr'>ἐαυτὸν</span> <span class='ocrx_word' id='word_1_787' title='bbox 2908 2695 3065 2749; x_wconf 87' lang='grc' dir='ltr'>τοῦτο</span> <span class='ocrx_word' id='word_1_788' title='bbox 3110 2698 3274 2750; x_wconf 89' lang='grc' dir='ltr'>ποιεῖ.</span> <span class='ocrx_word' id='word_1_789' title='bbox 3315 2698 3548 2763; x_wconf 85' lang='grc' dir='ltr'>Λέγεται</span> <span class='ocrx_word' id='word_1_790' title='bbox 3577 2696 3633 2749; x_wconf 84' lang='grc' dir='ltr'>δὲ</span> <span class='ocrx_word' id='word_1_791' title='bbox 3663 2696 3964 2768; x_wconf 79' lang='grc' dir='ltr'>παραδιδό-</span> 
     </span>
    </p>
   </div>
   <div class='ocr_carea' id='block_1_98' title="bbox 2373 2778 3760 2850">
    <p class='ocr_par' dir='ltr' id='par_1_98' title="bbox 2373 2778 3760 2850">
     <span class='ocr_line' id='line_1_98' title="bbox 2373 2778 3760 2850; baseline 0.001 -19"><span class='ocrx_word' id='word_1_792' title='bbox 2373 2795 2481 2841; x_wconf 83' lang='grc' dir='ltr'>ναι,</span> <span class='ocrx_word' id='word_1_793' title='bbox 2511 2780 2594 2832; x_wconf 82' lang='grc' dir='ltr'>δτι</span> <span class='ocrx_word' id='word_1_794' title='bbox 2623 2779 2690 2833; x_wconf 83' lang='grc' dir='ltr'>δι’</span> <span class='ocrx_word' id='word_1_795' title='bbox 2716 2778 2881 2834; x_wconf 83' lang='grc' dir='ltr'>αὑτοῦ</span> <span class='ocrx_word' id='word_1_796' title='bbox 2908 2779 3004 2850; x_wconf 82' lang='grc' dir='ltr'>τὴν</span> <span class='ocrx_word' id='word_1_797' title='bbox 3033 2780 3401 2850; x_wconf 79' lang='grc' dir='ltr'>προσαγωγὴν</span> <span class='ocrx_word' id='word_1_798' title='bbox 3428 2781 3760 2848; x_wconf 81' lang='grc' dir='ltr'>ἐσχήκαμεν.</span> 
     </span>
    </p>
   </div>
   <div class='ocr_carea' id='block_1_99' title="bbox 2440 2859 3959 2934">
    <p class='ocr_par' dir='ltr' id='par_1_99' title="bbox 2440 2859 3959 2934">
     <span class='ocr_line' id='line_1_99' title="bbox 2440 2859 3959 2934; baseline 0.001 -19"><span class='ocrx_word' id='word_1_799' title='bbox 2440 2860 2511 2930; x_wconf 91' lang='grc' dir='ltr'>γ’.</span> <span class='ocrx_word' id='word_1_800' title='bbox 2531 2862 2603 2914; x_wconf 87' lang='grc' dir='ltr'>Τὸ</span> <span class='ocrx_word' id='word_1_801' title='bbox 2631 2862 2710 2930; x_wconf 76' lang='grc' dir='ltr'>δὲ,</span> <span class='ocrx_word' id='word_1_802' title='bbox 2741 2859 3099 2928; x_wconf 80' lang='grc' dir='ltr'>Δι’“οὗ,τοῦτο</span> <span class='ocrx_word' id='word_1_803' title='bbox 3111 2863 3205 2916; x_wconf 78' lang='grc' dir='ltr'>καὶ</span> <span class='ocrx_word' id='word_1_804' title='bbox 3230 2861 3321 2914; x_wconf 70' lang='grc' dir='ltr'>ἐπὶ</span> <span class='ocrx_word' id='word_1_805' title='bbox 3349 2860 3444 2914; x_wconf 86' lang='grc' dir='ltr'>τοῦ</span> <span class='ocrx_word' id='word_1_806' title='bbox 3475 2861 3687 2931; x_wconf 84' lang='grc' dir='ltr'>Πατρὸς</span> <span class='ocrx_word' id='word_1_807' title='bbox 3717 2863 3959 2934; x_wconf 85' lang='grc' dir='ltr'>εῖρηται,</span> 
     </span>
    </p>
   </div>
   <div class='ocr_carea' id='block_1_100' title="bbox 2372 2940 3962 3016">
    <p class='ocr_par' dir='ltr' id='par_1_100' title="bbox 2372 2940 3962 3016">
     <span class='ocr_line' id='line_1_100' title="bbox 2372 2940 3962 3016; baseline 0.001 -21"><span class='ocrx_word' id='word_1_808' title='bbox 2372 2942 2561 3013; x_wconf 83' lang='grc' dir='ltr'>ὥσπερ</span> <span class='ocrx_word' id='word_1_809' title='bbox 2588 2945 2714 2997; x_wconf 81' lang='grc' dir='ltr'>ὅταν</span> <span class='ocrx_word' id='word_1_810' title='bbox 2747 2945 2882 3016; x_wconf 76' lang='grc' dir='ltr'>λέγῃ</span> <span class='ocrx_word' id='word_1_811' title='bbox 2902 2960 2915 2973; x_wconf 73' lang='grc'><strong><em>⁸</em></strong></span> <span class='ocrx_word' id='word_1_812' title='bbox 2959 2945 3039 2998; x_wconf 87' lang='grc' dir='ltr'>Δι’</span> <span class='ocrx_word' id='word_1_813' title='bbox 3078 2940 3152 3000; x_wconf 83' lang='grc' dir='ltr'>οὗ</span> <span class='ocrx_word' id='word_1_814' title='bbox 3183 2943 3479 3010; x_wconf 60' lang='grc' dir='ltr'>ἐνικήθητε</span> <span class='ocrx_word' id='word_1_815' title='bbox 3511 2944 3600 3008; x_wconf 83' lang='grc' dir='ltr'>είς</span> <span class='ocrx_word' id='word_1_816' title='bbox 3632 2946 3962 2997; x_wconf 76' lang='grc' dir='ltr'>κοινωνίαν</span> 
     </span>
    </p>
   </div>
   <div class='ocr_carea' id='block_1_101' title="bbox 2373 3025 3961 3096">
    <p class='ocr_par' dir='ltr' id='par_1_101' title="bbox 2373 3025 3961 3096">
     <span class='ocr_line' id='line_1_101' title="bbox 2373 3025 3961 3096; baseline 0.001 -18"><span class='ocrx_word' id='word_1_817' title='bbox 2373 3026 2480 3079; x_wconf 71' lang='grc' dir='ltr'>τοῦ</span> <span class='ocrx_word' id='word_1_818' title='bbox 2514 3025 2649 3080; x_wconf 85' lang='grc' dir='ltr'>Υίοῦ</span> <span class='ocrx_word' id='word_1_819' title='bbox 2687 3027 2907 3081; x_wconf 80' lang='grc' dir='ltr'>αὐτοῦ’</span> <span class='ocrx_word' id='word_1_820' title='bbox 2956 3028 3219 3089; x_wconf 85' lang='grc' dir='ltr'>τουτέστι,</span> <span class='ocrx_word' id='word_1_821' title='bbox 3250 3027 3340 3080; x_wconf 86' lang='grc' dir='ltr'>διὰ</span> <span class='ocrx_word' id='word_1_822' title='bbox 3377 3025 3471 3078; x_wconf 91' lang='grc' dir='ltr'>τοῦ</span> <span class='ocrx_word' id='word_1_823' title='bbox 3511 3025 3818 3096; x_wconf 83' lang='grc' dir='ltr'>θελήματος</span> <span class='ocrx_word' id='word_1_824' title='bbox 3861 3027 3961 3079; x_wconf 89' lang='grc' dir='ltr'>τοῦ</span> 
     </span>
    </p>
   </div>
   <div class='ocr_carea' id='block_1_102' title="bbox 2375 3103 3960 3180">
    <p class='ocr_par' dir='ltr' id='par_1_102' title="bbox 2375 3103 3960 3180">
     <span class='ocr_line' id='line_1_102' title="bbox 2375 3103 3960 3180; baseline 0.002 -19"><span class='ocrx_word' id='word_1_825' title='bbox 2375 3109 2588 3180; x_wconf 86' lang='grc' dir='ltr'>Πατρός</span> <span class='ocrx_word' id='word_1_826' title='bbox 2607 3125 2620 3137; x_wconf 89' lang='grc'><strong>·</strong></span> <span class='ocrx_word' id='word_1_827' title='bbox 2646 3109 2741 3162; x_wconf 72' lang='grc' dir='ltr'>καὶ</span> <span class='ocrx_word' id='word_1_828' title='bbox 2772 3109 2953 3171; x_wconf 86' lang='grc' dir='ltr'>πάλιν,</span> <span class='ocrx_word' id='word_1_829' title='bbox 2987 3108 3290 3176; x_wconf 84' lang='grc' dir='ltr'>Μακάριος</span> <span class='ocrx_word' id='word_1_830' title='bbox 3307 3103 3381 3171; x_wconf 81' lang='grc' dir='ltr'>εἶ,</span> <span class='ocrx_word' id='word_1_831' title='bbox 3410 3109 3606 3177; x_wconf 85' lang='grc' dir='ltr'>Σίμων</span> <span class='ocrx_word' id='word_1_832' title='bbox 3635 3109 3759 3176; x_wconf 83' lang='grc' dir='ltr'>Βάρ</span> <span class='ocrx_word' id='word_1_833' title='bbox 3773 3108 3960 3170; x_wconf 84' lang='grc' dir='ltr'>Ἰωνᾶ.</span> 
     </span>
    </p>
   </div>
   <div class='ocr_carea' id='block_1_103' title="bbox 2373 3185 3964 3259">
    <p class='ocr_par' dir='ltr' id='par_1_103' title="bbox 2373 3185 3964 3259">
     <span class='ocr_line' id='line_1_103' title="bbox 2373 3185 3964 3259; baseline 0.001 -17"><span class='ocrx_word' id='word_1_834' title='bbox 2373 3189 2464 3242; x_wconf 80' lang='grc' dir='ltr'>ὅτι</span> <span class='ocrx_word' id='word_1_835' title='bbox 2487 3189 2646 3258; x_wconf 82' lang='grc' dir='ltr'>σὰρξ</span> <span class='ocrx_word' id='word_1_836' title='bbox 2677 3189 2775 3244; x_wconf 80' lang='grc' dir='ltr'>καὶ</span> <span class='ocrx_word' id='word_1_837' title='bbox 2802 3185 2947 3259; x_wconf 75' lang='grc' dir='ltr'>αἵμα</span> <span class='ocrx_word' id='word_1_838' title='bbox 2978 3192 3088 3244; x_wconf 83' lang='grc' dir='ltr'>οὐκ</span> <span class='ocrx_word' id='word_1_839' title='bbox 3117 3189 3476 3258; x_wconf 72' lang='grc' dir='ltr'>άπεκάλυψέ</span> <span class='ocrx_word' id='word_1_840' title='bbox 3502 3207 3620 3244; x_wconf 92' lang='grc' dir='ltr'>σοι.</span> <span class='ocrx_word' id='word_1_841' title='bbox 3665 3192 3730 3244; x_wconf 90' lang='grc' dir='ltr'><strong>Ὃ</strong></span> <span class='ocrx_word' id='word_1_842' title='bbox 3772 3190 3832 3244; x_wconf 84' lang='grc' dir='ltr'>δὲ</span> <span class='ocrx_word' id='word_1_843' title='bbox 3872 3193 3964 3244; x_wconf 83' lang='grc' dir='ltr'>αἰ-</span> 
     </span>
    </p>
   </div>
   <div class='ocr_carea' id='block_1_104' title="bbox 2373 3271 3966 3343">
    <p class='ocr_par' dir='ltr' id='par_1_104' title="bbox 2373 3271 3966 3343">
     <span class='ocr_line' id='line_1_104' title="bbox 2373 3271 3966 3343; baseline 0.001 -17"><span class='ocrx_word' id='word_1_844' title='bbox 2373 3274 2607 3328; x_wconf 89' lang='grc' dir='ltr'>νίττεται</span> <span class='ocrx_word' id='word_1_845' title='bbox 2638 3274 2893 3338; x_wconf 87' lang='grc' dir='ltr'>ἐνταῦθα,</span> <span class='ocrx_word' id='word_1_846' title='bbox 2940 3272 3221 3343; x_wconf 71' lang='grc' dir='ltr'>μονονουχὶ</span> <span class='ocrx_word' id='word_1_847' title='bbox 3246 3271 3406 3325; x_wconf 88' lang='grc' dir='ltr'>τοῦτό</span> <span class='ocrx_word' id='word_1_848' title='bbox 3445 3275 3621 3326; x_wconf 84' lang='grc' dir='ltr'>ἐστιν·</span> <span class='ocrx_word' id='word_1_849' title='bbox 3661 3273 3736 3326; x_wconf 82' lang='grc' dir='ltr'>υύ</span> <span class='ocrx_word' id='word_1_850' title='bbox 3771 3275 3832 3327; x_wconf 82' lang='grc' dir='ltr'>τὸ</span> <span class='ocrx_word' id='word_1_851' title='bbox 3864 3291 3966 3328; x_wconf 82' lang='grc' dir='ltr'>τυ-</span> 
     </span>
    </p>
   </div>
   <div class='ocr_carea' id='block_1_105' title="bbox 2372 3355 3963 3428">
    <p class='ocr_par' dir='ltr' id='par_1_105' title="bbox 2372 3355 3963 3428">
     <span class='ocr_line' id='line_1_105' title="bbox 2372 3355 3963 3428; baseline 0.002 -20"><span class='ocrx_word' id='word_1_852' title='bbox 2372 3355 2464 3425; x_wconf 80' lang='grc' dir='ltr'>χὸν</span> <span class='ocrx_word' id='word_1_853' title='bbox 2508 3359 2739 3428; x_wconf 75' lang='grc' dir='ltr'>πρᾶγμα</span> <span class='ocrx_word' id='word_1_854' title='bbox 2769 3359 2803 3428; x_wconf 88' lang='grc' dir='ltr'>ή</span> <span class='ocrx_word' id='word_1_855' title='bbox 2844 3357 3026 3420; x_wconf 88' lang='grc' dir='ltr'>πίστις</span> <span class='ocrx_word' id='word_1_856' title='bbox 3071 3358 3104 3426; x_wconf 85' lang='grc' dir='ltr'>ή</span> <span class='ocrx_word' id='word_1_857' title='bbox 3140 3358 3218 3418; x_wconf 90' lang='grc' dir='ltr'>εἰς</span> <span class='ocrx_word' id='word_1_858' title='bbox 3257 3356 3379 3425; x_wconf 78' lang='grc' dir='ltr'>ἐμὲ,</span> <span class='ocrx_word' id='word_1_859' title='bbox 3429 3356 3566 3409; x_wconf 88' lang='grc' dir='ltr'>ἀλλά</span> <span class='ocrx_word' id='word_1_860' title='bbox 3606 3356 3708 3425; x_wconf 82' lang='grc' dir='ltr'>τῆς</span> <span class='ocrx_word' id='word_1_861' title='bbox 3743 3357 3963 3412; x_wconf 76' lang='grc' dir='ltr'>ἀνωθεν</span> 
     </span>
    </p>
   </div>
   <div class='ocr_carea' id='block_1_106' title="bbox 2370 3439 3960 3512">
    <p class='ocr_par' dir='ltr' id='par_1_106' title="bbox 2370 3439 3960 3512">
     <span class='ocr_line' id='line_1_106' title="bbox 2370 3439 3960 3512; baseline 0.001 -20"><span class='ocrx_word' id='word_1_862' title='bbox 2370 3439 2540 3496; x_wconf 86' lang='grc' dir='ltr'>δεῖται</span> <span class='ocrx_word' id='word_1_863' title='bbox 2572 3443 2766 3512; x_wconf 79' lang='grc' dir='ltr'>ῥοπῆς.</span> <span class='ocrx_word' id='word_1_864' title='bbox 2811 3441 2919 3494; x_wconf 81' lang='grc' dir='ltr'>Καὶ</span> <span class='ocrx_word' id='word_1_865' title='bbox 2967 3441 3123 3494; x_wconf 87' lang='grc' dir='ltr'>τοῦτο</span> <span class='ocrx_word' id='word_1_866' title='bbox 3153 3441 3221 3492; x_wconf 88' lang='grc' dir='ltr'>δι’</span> <span class='ocrx_word' id='word_1_867' title='bbox 3265 3439 3386 3493; x_wconf 83' lang='grc' dir='ltr'>ὅλου</span> <span class='ocrx_word' id='word_1_868' title='bbox 3421 3439 3826 3502; x_wconf 73' lang='grc' dir='ltr'>κατασκευάζει</span> <span class='ocrx_word' id='word_1_869' title='bbox 3857 3441 3960 3494; x_wconf 84' lang='grc' dir='ltr'>τοῦ</span> 
     </span>
    </p>
   </div>
   <div class='ocr_carea' id='block_1_107' title="bbox 2371 3522 3963 3593">
    <p class='ocr_par' dir='ltr' id='par_1_107' title="bbox 2371 3522 3963 3593">
     <span class='ocr_line' id='line_1_107' title="bbox 2371 3522 3963 3593; baseline 0.001 -17"><span class='ocrx_word' id='word_1_870' title='bbox 2371 3523 2553 3590; x_wconf 85' lang='grc' dir='ltr'>λόγου,</span> <span class='ocrx_word' id='word_1_871' title='bbox 2591 3523 2803 3587; x_wconf 78' lang='grc' dir='ltr'>δεικνὺς</span> <span class='ocrx_word' id='word_1_872' title='bbox 2846 3524 2928 3576; x_wconf 84' lang='grc' dir='ltr'>ὅτι</span> <span class='ocrx_word' id='word_1_873' title='bbox 2964 3522 3145 3593; x_wconf 79' lang='grc' dir='ltr'>ψυχῆς</span> <span class='ocrx_word' id='word_1_874' title='bbox 3173 3523 3429 3590; x_wconf 89' lang='grc' dir='ltr'>γενναίας</span> <span class='ocrx_word' id='word_1_875' title='bbox 3471 3523 3619 3585; x_wconf 81' lang='grc' dir='ltr'>τινὸς</span> <span class='ocrx_word' id='word_1_876' title='bbox 3655 3522 3828 3587; x_wconf 73' lang='grc' dir='ltr'>ὗντως</span> <span class='ocrx_word' id='word_1_877' title='bbox 3860 3524 3963 3578; x_wconf 76' lang='grc' dir='ltr'>καὶ</span> 
     </span>
    </p>
   </div>
   <div class='ocr_carea' id='block_1_108' title="bbox 2372 3603 3960 3677">
    <p class='ocr_par' dir='ltr' id='par_1_108' title="bbox 2372 3603 3960 3677">
     <span class='ocr_line' id='line_1_108' title="bbox 2372 3603 3960 3677; baseline 0 -18"><span class='ocrx_word' id='word_1_878' title='bbox 2372 3605 2470 3675; x_wconf 81' lang='grc' dir='ltr'>τῆς</span> <span class='ocrx_word' id='word_1_879' title='bbox 2509 3605 2660 3677; x_wconf 89' lang='grc' dir='ltr'>παρά</span> <span class='ocrx_word' id='word_1_880' title='bbox 2683 3606 2777 3660; x_wconf 89' lang='grc' dir='ltr'>τοῦ</span> <span class='ocrx_word' id='word_1_881' title='bbox 2811 3605 2945 3658; x_wconf 89' lang='grc' dir='ltr'>Θεοῦ</span> <span class='ocrx_word' id='word_1_882' title='bbox 2973 3604 3344 3674; x_wconf 81' lang='grc' dir='ltr'>ἐφελκομένης</span> <span class='ocrx_word' id='word_1_883' title='bbox 3370 3603 3388 3641; x_wconf 70' lang='grc' dir='ltr'><em>τ</em></span> <span class='ocrx_word' id='word_1_884' title='bbox 3426 3604 3565 3674; x_wconf 78' lang='grc' dir='ltr'>αὕτη</span> <span class='ocrx_word' id='word_1_885' title='bbox 3592 3605 3762 3657; x_wconf 87' lang='grc' dir='ltr'>δεῖται</span> <span class='ocrx_word' id='word_1_886' title='bbox 3791 3607 3825 3675; x_wconf 85' lang='grc' dir='ltr'>ή</span> <span class='ocrx_word' id='word_1_887' title='bbox 3862 3607 3960 3659; x_wconf 88' lang='grc' dir='ltr'>πί-</span> 
     </span>
    </p>
   </div>
   <div class='ocr_carea' id='block_1_109' title="bbox 2373 3689 3956 3761">
    <p class='ocr_par' dir='ltr' id='par_1_109' title="bbox 2373 3689 3956 3761">
     <span class='ocr_line' id='line_1_109' title="bbox 2373 3689 3956 3761; baseline 0.002 -20"><span class='ocrx_word' id='word_1_888' title='bbox 2373 3707 2509 3752; x_wconf 89' lang='grc' dir='ltr'>στις.</span> <span class='ocrx_word' id='word_1_889' title='bbox 2545 3689 2686 3742; x_wconf 79' lang='grc' dir='ltr'>Ἀλλ’</span> <span class='ocrx_word' id='word_1_890' title='bbox 2717 3691 2848 3753; x_wconf 87' lang='grc' dir='ltr'>ῐσως</span> <span class='ocrx_word' id='word_1_891' title='bbox 2875 3691 2994 3758; x_wconf 86' lang='grc' dir='ltr'>ἐρεῖ</span> <span class='ocrx_word' id='word_1_892' title='bbox 3018 3689 3100 3751; x_wconf 90' lang='grc' dir='ltr'>τίς</span> <span class='ocrx_word' id='word_1_893' title='bbox 3119 3703 3130 3717; x_wconf 85' lang='lat'><strong><em>°</em></strong></span> <span class='ocrx_word' id='word_1_894' title='bbox 3165 3689 3228 3741; x_wconf 84' lang='grc' dir='ltr'><strong>Εἰ</strong></span> <span class='ocrx_word' id='word_1_895' title='bbox 3250 3690 3357 3742; x_wconf 82' lang='grc' dir='ltr'>πᾶν</span> <span class='ocrx_word' id='word_1_896' title='bbox 3382 3689 3411 3741; x_wconf 86' lang='grc' dir='ltr'>δ</span> <span class='ocrx_word' id='word_1_897' title='bbox 3441 3689 3656 3742; x_wconf 84' lang='grc' dir='ltr'>δίδωσιν</span> <span class='ocrx_word' id='word_1_898' title='bbox 3684 3690 3713 3742; x_wconf 88' lang='lat'>0</span> <span class='ocrx_word' id='word_1_899' title='bbox 3738 3690 3956 3761; x_wconf 74' lang='grc' dir='ltr'>Πατὴρ,</span> 
     </span>
    </p>
   </div>
   <div class='ocr_carea' id='block_1_110' title="bbox 2369 3771 3961 3844">
    <p class='ocr_par' dir='ltr' id='par_1_110' title="bbox 2369 3771 3961 3844">
     <span class='ocr_line' id='line_1_110' title="bbox 2369 3771 3961 3844; baseline 0.003 -20"><span class='ocrx_word' id='word_1_900' title='bbox 2369 3771 2586 3842; x_wconf 72' lang='grc' dir='ltr'>ἔρχεται</span> <span class='ocrx_word' id='word_1_901' title='bbox 2615 3774 2753 3844; x_wconf 79' lang='grc' dir='ltr'>πρὸς</span> <span class='ocrx_word' id='word_1_902' title='bbox 2779 3775 2859 3839; x_wconf 85' lang='grc' dir='ltr'>σέ,</span> <span class='ocrx_word' id='word_1_903' title='bbox 2889 3775 2983 3825; x_wconf 76' lang='grc' dir='ltr'>καὶ</span> <span class='ocrx_word' id='word_1_904' title='bbox 3005 3771 3099 3836; x_wconf 81' lang='grc' dir='ltr'>οὓς</span> <span class='ocrx_word' id='word_1_905' title='bbox 3127 3771 3193 3824; x_wconf 84' lang='grc' dir='ltr'>ἂν</span> <span class='ocrx_word' id='word_1_906' title='bbox 3223 3771 3446 3842; x_wconf 79' lang='grc' dir='ltr'>ἐλκύσῃ,</span> <span class='ocrx_word' id='word_1_907' title='bbox 3478 3773 3574 3824; x_wconf 77' lang='grc' dir='ltr'>καὶ</span> <span class='ocrx_word' id='word_1_908' title='bbox 3599 3771 3770 3835; x_wconf 76' lang='grc' dir='ltr'>οὐδεὶς</span> <span class='ocrx_word' id='word_1_909' title='bbox 3794 3773 3961 3828; x_wconf 83' lang='grc' dir='ltr'>δύνα-</span> 
     </span>
    </p>
   </div>
   <div class='ocr_carea' id='block_1_111' title="bbox 2365 3851 3962 3930">
    <p class='ocr_par' dir='ltr' id='par_1_111' title="bbox 2365 3851 3962 3930">
     <span class='ocr_line' id='line_1_111' title="bbox 2365 3851 3962 3930; baseline 0.002 -21"><span class='ocrx_word' id='word_1_910' title='bbox 2365 3873 2455 3909; x_wconf 91' lang='grc' dir='ltr'>ται</span> <span class='ocrx_word' id='word_1_911' title='bbox 2494 3856 2671 3915; x_wconf 80' lang='grc' dir='ltr'>ἐλθεῖν</span> <span class='ocrx_word' id='word_1_912' title='bbox 2701 3859 2837 3930; x_wconf 82' lang='grc' dir='ltr'>πρὸς</span> <span class='ocrx_word' id='word_1_913' title='bbox 2871 3858 2951 3920; x_wconf 74' lang='grc' dir='ltr'>σὲ,</span> <span class='ocrx_word' id='word_1_914' title='bbox 3009 3856 3105 3910; x_wconf 79' lang='grc' dir='ltr'>ἐάν</span> <span class='ocrx_word' id='word_1_915' title='bbox 3147 3855 3220 3927; x_wconf 78' lang='grc' dir='ltr'>μὴ</span> <span class='ocrx_word' id='word_1_916' title='bbox 3309 3855 3592 3924; x_wconf 85' lang='grc' dir='ltr'>δεδομένον</span> <span class='ocrx_word' id='word_1_917' title='bbox 3631 3855 3779 3925; x_wconf 75' lang='grc' dir='ltr'>αὐτῷ</span> <span class='ocrx_word' id='word_1_918' title='bbox 3813 3859 3962 3912; x_wconf 81' lang='grc' dir='ltr'>ἀνω-</span> 
     </span>
    </p>
   </div>
   <div class='ocr_carea' id='block_1_112' title="bbox 2368 3937 3960 4012">
    <p class='ocr_par' dir='ltr' id='par_1_112' title="bbox 2368 3937 3960 4012">
     <span class='ocr_line' id='line_1_112' title="bbox 2368 3937 3960 4012; baseline 0.003 -19"><span class='ocrx_word' id='word_1_919' title='bbox 2368 3939 2480 4004; x_wconf 86' lang='grc' dir='ltr'>θεν,</span> <span class='ocrx_word' id='word_1_920' title='bbox 2530 3941 2710 4011; x_wconf 85' lang='grc' dir='ltr'>πάσης</span> <span class='ocrx_word' id='word_1_921' title='bbox 2745 3941 2927 4004; x_wconf 86' lang='grc' dir='ltr'>αῖτίας</span> <span class='ocrx_word' id='word_1_922' title='bbox 2975 3940 3114 3993; x_wconf 78' lang='grc' dir='ltr'>εῑσὶν</span> <span class='ocrx_word' id='word_1_923' title='bbox 3156 3939 3250 3992; x_wconf 76' lang='grc' dir='ltr'>καὶ</span> <span class='ocrx_word' id='word_1_924' title='bbox 3299 3937 3662 4008; x_wconf 80' lang='grc' dir='ltr'>ἐγκλημάτων</span> <span class='ocrx_word' id='word_1_925' title='bbox 3707 3942 3960 4012; x_wconf 75' lang='grc' dir='ltr'>ἀπηλλα-</span> 
     </span>
    </p>
   </div>
   <div class='ocr_carea' id='block_1_113' title="bbox 2369 4017 3960 4094">
    <p class='ocr_par' dir='ltr' id='par_1_113' title="bbox 2369 4017 3960 4094">
     <span class='ocr_line' id='line_1_113' title="bbox 2369 4017 3960 4094; baseline 0.003 -19"><span class='ocrx_word' id='word_1_926' title='bbox 2369 4023 2558 4094; x_wconf 90' lang='grc' dir='ltr'>γμένοι</span> <span class='ocrx_word' id='word_1_927' title='bbox 2587 4017 2670 4087; x_wconf 72' lang='grc' dir='ltr'>οἷς</span> <span class='ocrx_word' id='word_1_928' title='bbox 2687 4025 2748 4076; x_wconf 85' lang='grc' dir='ltr'>οὐ</span> <span class='ocrx_word' id='word_1_929' title='bbox 2766 4023 2979 4077; x_wconf 91' lang='grc' dir='ltr'>δίδωσιν</span> <span class='ocrx_word' id='word_1_930' title='bbox 3002 4025 3031 4077; x_wconf 87' lang='lat'>0</span> <span class='ocrx_word' id='word_1_931' title='bbox 3056 4023 3266 4093; x_wconf 89' lang='grc' dir='ltr'>Πατήρ.</span> <span class='ocrx_word' id='word_1_932' title='bbox 3299 4023 3460 4090; x_wconf 87' lang='grc' dir='ltr'>Λόγοι</span> <span class='ocrx_word' id='word_1_933' title='bbox 3487 4021 3657 4075; x_wconf 86' lang='grc' dir='ltr'>ταῦτα</span> <span class='ocrx_word' id='word_1_934' title='bbox 3681 4022 3829 4092; x_wconf 71' lang='grc' dir='ltr'>ψιλοὶ</span> <span class='ocrx_word' id='word_1_935' title='bbox 3860 4027 3960 4080; x_wconf 80' lang='grc' dir='ltr'>καὶ</span> 
     </span>
    </p>
   </div>
   <div class='ocr_carea' id='block_1_114' title="bbox 2369 4105 3954 4179">
    <p class='ocr_par' dir='ltr' id='par_1_114' title="bbox 2369 4105 3954 4179">
     <span class='ocr_line' id='line_1_114' title="bbox 2369 4105 3954 4179; baseline 0 -19"><span class='ocrx_word' id='word_1_936' title='bbox 2369 4107 2666 4179; x_wconf 77' lang='grc' dir='ltr'>πρόφασιςο</span> <span class='ocrx_word' id='word_1_937' title='bbox 2683 4109 2924 4178; x_wconf 85' lang='grc' dir='ltr'>Δεόμεθα</span> <span class='ocrx_word' id='word_1_938' title='bbox 2951 4106 3059 4177; x_wconf 84' lang='grc' dir='ltr'>γὰρ</span> <span class='ocrx_word' id='word_1_939' title='bbox 3085 4105 3292 4175; x_wconf 75' lang='grc' dir='ltr'>καὶτῆς</span> <span class='ocrx_word' id='word_1_940' title='bbox 3314 4105 3525 4159; x_wconf 74' lang='grc' dir='ltr'>οἴκοθεν</span> <span class='ocrx_word' id='word_1_941' title='bbox 3555 4108 3954 4178; x_wconf 68' lang='grc' dir='ltr'>προαιρέσεωςι</span> 
     </span>
    </p>
   </div>
   <div class='ocr_carea' id='block_1_115' title="bbox 2367 4189 3958 4261">
    <p class='ocr_par' dir='ltr' id='par_1_115' title="bbox 2367 4189 3958 4261">
     <span class='ocr_line' id='line_1_115' title="bbox 2367 4189 3958 4261; baseline 0.001 -18"><span class='ocrx_word' id='word_1_942' title='bbox 2367 4192 2431 4244; x_wconf 81' lang='grc' dir='ltr'>τὸ</span> <span class='ocrx_word' id='word_1_943' title='bbox 2464 4190 2574 4261; x_wconf 86' lang='grc' dir='ltr'>γὰρ</span> <span class='ocrx_word' id='word_1_944' title='bbox 2605 4190 2972 4247; x_wconf 88' lang='grc' dir='ltr'>διδάσκεσθαι.</span> <span class='ocrx_word' id='word_1_945' title='bbox 3028 4189 3403 4260; x_wconf 85' lang='grc' dir='ltr'>προαιρέσεώς</span> <span class='ocrx_word' id='word_1_946' title='bbox 3449 4189 3590 4254; x_wconf 88' lang='grc' dir='ltr'>ἐστι,</span> <span class='ocrx_word' id='word_1_947' title='bbox 3624 4193 3717 4243; x_wconf 73' lang='grc' dir='ltr'>καὶ</span> <span class='ocrx_word' id='word_1_948' title='bbox 3750 4193 3813 4244; x_wconf 84' lang='grc' dir='ltr'>τὸ</span> <span class='ocrx_word' id='word_1_949' title='bbox 3864 4210 3958 4247; x_wconf 69' lang='grc' dir='ltr'>πιε-</span> 
     </span>
    </p>
   </div>
   <div class='ocr_carea' id='block_1_116' title="bbox 2374 4271 3951 4343">
    <p class='ocr_par' dir='ltr' id='par_1_116' title="bbox 2374 4271 3951 4343">
     <span class='ocr_line' id='line_1_116' title="bbox 2374 4271 3951 4343; baseline 0.004 -20"><span class='ocrx_word' id='word_1_950' title='bbox 2374 4272 2605 4326; x_wconf 85' lang='grc' dir='ltr'>στεύειν.</span> <span class='ocrx_word' id='word_1_951' title='bbox 2648 4271 2910 4326; x_wconf 85' lang='grc' dir='ltr'>Ἐνταῦθα</span> <span class='ocrx_word' id='word_1_952' title='bbox 2954 4271 3009 4324; x_wconf 79' lang='grc' dir='ltr'>δὲ</span> <span class='ocrx_word' id='word_1_953' title='bbox 3043 4271 3197 4324; x_wconf 66' lang='grc' dir='ltr'>οὐδὲν</span> <span class='ocrx_word' id='word_1_954' title='bbox 3243 4271 3372 4324; x_wconf 77' lang='grc' dir='ltr'>ἄλλο</span> <span class='ocrx_word' id='word_1_955' title='bbox 3410 4271 3668 4341; x_wconf 82' lang='grc' dir='ltr'>ἐμφαίνει</span> <span class='ocrx_word' id='word_1_956' title='bbox 3709 4273 3798 4326; x_wconf 83' lang='grc' dir='ltr'>διὰ</span> <span class='ocrx_word' id='word_1_957' title='bbox 3831 4274 3951 4343; x_wconf 86' lang='grc' dir='ltr'>τοῦ,</span> 
     </span>
    </p>
   </div>
   <div class='ocr_carea' id='block_1_117' title="bbox 2377 4355 3956 4430">
    <p class='ocr_par' dir='ltr' id='par_1_117' title="bbox 2377 4355 3956 4430">
     <span class='ocr_line' id='line_1_117' title="bbox 2377 4355 3956 4430; baseline 0.004 -23"><span class='ocrx_word' id='word_1_958' title='bbox 2377 4357 2446 4407; x_wconf 86' lang='lat'><strong>&#39;0</strong></span> <span class='ocrx_word' id='word_1_959' title='bbox 2479 4355 2689 4409; x_wconf 83' lang='grc' dir='ltr'>δίδωσί</span> <span class='ocrx_word' id='word_1_960' title='bbox 2714 4372 2821 4424; x_wconf 85' lang='grc' dir='ltr'>μοι</span> <span class='ocrx_word' id='word_1_961' title='bbox 2873 4359 2906 4408; x_wconf 90' lang='grc' dir='ltr'>ό</span> <span class='ocrx_word' id='word_1_962' title='bbox 2955 4355 3194 4424; x_wconf 83' lang='grc' dir='ltr'>Πατὴρ,</span> <span class='ocrx_word' id='word_1_963' title='bbox 3245 4355 3360 4407; x_wconf 80' lang='grc' dir='ltr'>ἀλλ’</span> <span class='ocrx_word' id='word_1_964' title='bbox 3391 4357 3423 4426; x_wconf 80' lang='grc' dir='ltr'>ἢ</span> <span class='ocrx_word' id='word_1_965' title='bbox 3451 4356 3533 4408; x_wconf 83' lang='grc' dir='ltr'>ὅτι</span> <span class='ocrx_word' id='word_1_966' title='bbox 3575 4357 3651 4410; x_wconf 81' lang='grc' dir='ltr'>οὐ</span> <span class='ocrx_word' id='word_1_967' title='bbox 3692 4357 3753 4410; x_wconf 78' lang='grc' dir='ltr'>τὸ</span> <span class='ocrx_word' id='word_1_968' title='bbox 3788 4359 3956 4430; x_wconf 79' lang='grc' dir='ltr'>τυχὸν</span> 
     </span>
    </p>
   </div>
   <div class='ocr_carea' id='block_1_118' title="bbox 2371 4437 3955 4512">
    <p class='ocr_par' dir='ltr' id='par_1_118' title="bbox 2371 4437 3955 4512">
     <span class='ocr_line' id='line_1_118' title="bbox 2371 4437 3955 4512; baseline 0.005 -23"><span class='ocrx_word' id='word_1_969' title='bbox 2371 4439 2605 4509; x_wconf 75' lang='grc' dir='ltr'>πρᾶγμά</span> <span class='ocrx_word' id='word_1_970' title='bbox 2636 4441 2752 4491; x_wconf 87' lang='grc' dir='ltr'>ἐστι</span> <span class='ocrx_word' id='word_1_971' title='bbox 2786 4438 2846 4490; x_wconf 85' lang='grc' dir='ltr'>τὸ</span> <span class='ocrx_word' id='word_1_972' title='bbox 2877 4437 3168 4491; x_wconf 88' lang='grc' dir='ltr'>πιστεῦσαι</span> <span class='ocrx_word' id='word_1_973' title='bbox 3213 4439 3289 4501; x_wconf 83' lang='grc' dir='ltr'>εἰς</span> <span class='ocrx_word' id='word_1_974' title='bbox 3339 4437 3462 4508; x_wconf 77' lang='grc' dir='ltr'>ἐμὲ,</span> <span class='ocrx_word' id='word_1_975' title='bbox 3515 4439 3636 4492; x_wconf 72' lang='grc' dir='ltr'>οὐδὲ</span> <span class='ocrx_word' id='word_1_976' title='bbox 3673 4441 3955 4512; x_wconf 83' lang='grc' dir='ltr'>λογισμῶν</span> 
     </span>
    </p>
   </div>
   <div class='ocr_carea' id='block_1_119' title="bbox 2369 4520 3953 4593">
    <p class='ocr_par' dir='ltr' id='par_1_119' title="bbox 2369 4520 3953 4593">
     <span class='ocr_line' id='line_1_119' title="bbox 2369 4520 3953 4593; baseline 0.004 -19"><span class='ocrx_word' id='word_1_977' title='bbox 2369 4522 2743 4593; x_wconf 79' lang='grc' dir='ltr'>ἀνθρωπίνων,</span> <span class='ocrx_word' id='word_1_978' title='bbox 2776 4520 2909 4573; x_wconf 88' lang='grc' dir='ltr'>ἀλλὰ</span> <span class='ocrx_word' id='word_1_979' title='bbox 2941 4520 3032 4573; x_wconf 71' lang='grc' dir='ltr'>καὶ</span> <span class='ocrx_word' id='word_1_980' title='bbox 3057 4520 3158 4589; x_wconf 85' lang='grc' dir='ltr'>τῆς</span> <span class='ocrx_word' id='word_1_981' title='bbox 3182 4521 3388 4573; x_wconf 86' lang='grc' dir='ltr'>ἀνωθεν</span> <span class='ocrx_word' id='word_1_982' title='bbox 3423 4521 3822 4592; x_wconf 81' lang='grc' dir='ltr'>ἀποκαλύψεως</span> <span class='ocrx_word' id='word_1_983' title='bbox 3850 4525 3953 4592; x_wconf 84' lang='grc' dir='ltr'>δεῖ,</span> 
     </span>
    </p>
   </div>
   <div class='ocr_carea' id='block_1_120' title="bbox 2369 4603 3951 4676">
    <p class='ocr_par' dir='ltr' id='par_1_120' title="bbox 2369 4603 3951 4676">
     <span class='ocr_line' id='line_1_120' title="bbox 2369 4603 3951 4676; baseline 0.003 -19"><span class='ocrx_word' id='word_1_984' title='bbox 2369 4605 2464 4657; x_wconf 74' lang='grc' dir='ltr'>καὶ</span> <span class='ocrx_word' id='word_1_985' title='bbox 2493 4604 2670 4673; x_wconf 72' lang='grc' dir='ltr'>ψυχῆς</span> <span class='ocrx_word' id='word_1_986' title='bbox 2694 4603 3057 4672; x_wconf 84' lang='grc' dir='ltr'>εὐγνωμόνως</span> <span class='ocrx_word' id='word_1_987' title='bbox 3100 4603 3397 4673; x_wconf 84' lang='grc' dir='ltr'>δεχομένης</span> <span class='ocrx_word' id='word_1_988' title='bbox 3443 4603 3543 4674; x_wconf 79' lang='grc' dir='ltr'>τήν</span> <span class='ocrx_word' id='word_1_989' title='bbox 3583 4606 3951 4676; x_wconf 74' lang='grc' dir='ltr'>ἀποκάλυψιν.</span> 
     </span>
    </p>
   </div>
   <div class='ocr_carea' id='block_1_121' title="bbox 2369 4685 3954 4757">
    <p class='ocr_par' dir='ltr' id='par_1_121' title="bbox 2369 4685 3954 4757">
     <span class='ocr_line' id='line_1_121' title="bbox 2369 4685 3954 4757; baseline 0.004 -17"><span class='ocrx_word' id='word_1_990' title='bbox 2369 4689 2480 4740; x_wconf 80' lang='grc' dir='ltr'>Καὶ</span> <span class='ocrx_word' id='word_1_991' title='bbox 2501 4689 2579 4752; x_wconf 82' lang='grc' dir='ltr'>τὸ,</span> <span class='ocrx_word' id='word_1_992' title='bbox 2599 4689 2650 4739; x_wconf 91' lang='grc' dir='ltr'><em>Ὀ</em></span> <span class='ocrx_word' id='word_1_993' title='bbox 2673 4687 2998 4756; x_wconf 80' lang='grc' dir='ltr'>ἐρχόμενος</span> <span class='ocrx_word' id='word_1_994' title='bbox 3016 4685 3086 4741; x_wconf 77' lang='grc' dir='ltr'>δὲ</span> <span class='ocrx_word' id='word_1_995' title='bbox 3108 4689 3256 4755; x_wconf 80' lang='grc' dir='ltr'>πρός</span> <span class='ocrx_word' id='word_1_996' title='bbox 3289 4705 3384 4757; x_wconf 82' lang='grc' dir='ltr'>με,</span> <span class='ocrx_word' id='word_1_997' title='bbox 3413 4687 3772 4755; x_wconf 85' lang='grc' dir='ltr'>σωθήσεται,</span> <span class='ocrx_word' id='word_1_998' title='bbox 3791 4691 3954 4746; x_wconf 88' lang='grc' dir='ltr'>τοῦτο</span> 
     </span>
    </p>
   </div>
   <div class='ocr_carea' id='block_1_122' title="bbox 2369 4771 3954 4849">
    <p class='ocr_par' dir='ltr' id='par_1_122' title="bbox 2369 4771 3954 4849">
     <span class='ocr_line' id='line_1_122' title="bbox 2369 4771 3954 4849; baseline 0.003 -26"><span class='ocrx_word' id='word_1_999' title='bbox 2369 4771 2547 4841; x_wconf 85' lang='grc' dir='ltr'>δηλοῖ·</span> <span class='ocrx_word' id='word_1_1000' title='bbox 2587 4771 2933 4842; x_wconf 83' lang='grc' dir='ltr'>Ἐπιμελείας</span> <span class='ocrx_word' id='word_1_1001' title='bbox 2956 4771 3326 4827; x_wconf 88' lang='grc' dir='ltr'>ἀπολαύσεται</span> <span class='ocrx_word' id='word_1_1002' title='bbox 3360 4772 3579 4843; x_wconf 80' lang='grc' dir='ltr'>πολλῆς.</span> <span class='ocrx_word' id='word_1_1003' title='bbox 3611 4774 3805 4844; x_wconf 88' lang='grc' dir='ltr'>-Ὑπὲρ</span> <span class='ocrx_word' id='word_1_1004' title='bbox 3840 4776 3954 4849; x_wconf 76' lang='grc' dir='ltr'>γάρ</span> 
     </span>
    </p>
   </div>
   <div class='ocr_carea' id='block_1_123' title="bbox 2368 4855 3951 4926">
    <p class='ocr_par' dir='ltr' id='par_1_123' title="bbox 2368 4855 3951 4926">
     <span class='ocr_line' id='line_1_123' title="bbox 2368 4855 3951 4926; baseline 0.004 -20"><span class='ocrx_word' id='word_1_1005' title='bbox 2368 4855 2573 4907; x_wconf 89' lang='grc' dir='ltr'>τούτων</span> <span class='ocrx_word' id='word_1_1006' title='bbox 2603 4856 2696 4908; x_wconf 76' lang='grc' dir='ltr'>καὶ</span> <span class='ocrx_word' id='word_1_1007' title='bbox 2722 4856 3129 4926; x_wconf 89' lang='grc' dir='ltr'>παρεγενόμην,</span> <span class='ocrx_word' id='word_1_1008' title='bbox 3151 4857 3306 4926; x_wconf 75' lang='grc' dir='ltr'>φησὶ,</span> <span class='ocrx_word' id='word_1_1009' title='bbox 3338 4857 3430 4909; x_wconf 80' lang='grc' dir='ltr'>καὶ</span> <span class='ocrx_word' id='word_1_1010' title='bbox 3452 4857 3633 4926; x_wconf 83' lang='grc' dir='ltr'>σάρκα</span> <span class='ocrx_word' id='word_1_1011' title='bbox 3661 4859 3951 4926; x_wconf 82' lang='grc' dir='ltr'>ἀνέλαϐον,</span> 
     </span>
    </p>
   </div>
   <div class='ocr_carea' id='block_1_124' title="bbox 2370 4936 3950 5014">
    <p class='ocr_par' dir='ltr' id='par_1_124' title="bbox 2370 4936 3950 5014">
     <span class='ocr_line' id='line_1_124' title="bbox 2370 4936 3950 5014; baseline 0.005 -26"><span class='ocrx_word' id='word_1_1012' title='bbox 2370 4937 2463 4988; x_wconf 78' lang='grc' dir='ltr'>καὶ</span> <span class='ocrx_word' id='word_1_1013' title='bbox 2485 4937 2583 5007; x_wconf 81' lang='grc' dir='ltr'>τὴν</span> <span class='ocrx_word' id='word_1_1014' title='bbox 2611 4937 2704 4991; x_wconf 89' lang='grc' dir='ltr'>τοῦ</span> <span class='ocrx_word' id='word_1_1015' title='bbox 2734 4938 2921 4991; x_wconf 90' lang='grc' dir='ltr'>δούλου</span> <span class='ocrx_word' id='word_1_1016' title='bbox 2969 4938 3187 5010; x_wconf 81' lang='grc' dir='ltr'>μορφὴν</span> <span class='ocrx_word' id='word_1_1017' title='bbox 3216 4938 3473 5008; x_wconf 80' lang='grc' dir='ltr'>ὑπῆλθον.</span> <span class='ocrx_word' id='word_1_1018' title='bbox 3508 4936 3642 4994; x_wconf 76' lang='grc' dir='ltr'>Εἶτα</span> <span class='ocrx_word' id='word_1_1019' title='bbox 3675 4942 3950 5014; x_wconf 80' lang='grc' dir='ltr'>ἐπήγαγε,</span> 
     </span>
    </p>
   </div>
   <div class='ocr_carea' id='block_1_125' title="bbox 2369 5021 3955 5094">
    <p class='ocr_par' dir='ltr' id='par_1_125' title="bbox 2369 5021 3955 5094">
     <span class='ocr_line' id='line_1_125' title="bbox 2369 5021 3955 5094; baseline 0.006 -20"><span class='ocrx_word' id='word_1_1020' title='bbox 2369 5021 2654 5089; x_wconf 80' lang='grc' dir='ltr'>Κατέθην,</span> <span class='ocrx_word' id='word_1_1021' title='bbox 2670 5024 2781 5092; x_wconf 83' lang='grc' dir='ltr'>οὐχ</span> <span class='ocrx_word' id='word_1_1022' title='bbox 2803 5024 2902 5076; x_wconf 75' lang='grc' dir='ltr'>ἵνα</span> <span class='ocrx_word' id='word_1_1023' title='bbox 2926 5022 2992 5076; x_wconf 87' lang='grc' dir='ltr'>τὸ</span> <span class='ocrx_word' id='word_1_1024' title='bbox 3013 5022 3161 5092; x_wconf 83' lang='grc' dir='ltr'>ἐμὸν</span> <span class='ocrx_word' id='word_1_1025' title='bbox 3179 5021 3330 5094; x_wconf 73' lang='grc'>[266]</span> <span class='ocrx_word' id='word_1_1026' title='bbox 3352 5023 3577 5092; x_wconf 86' lang='grc' dir='ltr'>θέλημα</span> <span class='ocrx_word' id='word_1_1027' title='bbox 3605 5024 3774 5088; x_wconf 85' lang='grc' dir='ltr'>ποιῶ,</span> <span class='ocrx_word' id='word_1_1028' title='bbox 3789 5027 3955 5082; x_wconf 77' lang='grc' dir='ltr'>ἀλλὰ</span> 
     </span>
    </p>
   </div>
   <div class='ocr_carea' id='block_1_126' title="bbox 2367 5105 3955 5182">
    <p class='ocr_par' dir='ltr' id='par_1_126' title="bbox 2367 5105 3955 5182">
     <span class='ocr_line' id='line_1_126' title="bbox 2367 5105 3955 5182; baseline 0.004 -23"><span class='ocrx_word' id='word_1_1029' title='bbox 2367 5105 2434 5159; x_wconf 86' lang='grc' dir='ltr'>τό</span> <span class='ocrx_word' id='word_1_1030' title='bbox 2476 5107 2706 5175; x_wconf 85' lang='grc' dir='ltr'>θέλημα</span> <span class='ocrx_word' id='word_1_1031' title='bbox 2744 5108 2852 5162; x_wconf 81' lang='grc' dir='ltr'>τοῦ</span> <span class='ocrx_word' id='word_1_1032' title='bbox 2890 5108 3245 5178; x_wconf 71' lang='grc' dir='ltr'>πέμψαντός</span> <span class='ocrx_word' id='word_1_1033' title='bbox 3280 5123 3376 5175; x_wconf 87' lang='grc' dir='ltr'>με.</span> <span class='ocrx_word' id='word_1_1034' title='bbox 3413 5107 3477 5159; x_wconf 90' lang='grc' dir='ltr'>Τί</span> <span class='ocrx_word' id='word_1_1035' title='bbox 3504 5108 3716 5176; x_wconf 86' lang='grc' dir='ltr'>λέγεις;</span> <span class='ocrx_word' id='word_1_1036' title='bbox 3760 5110 3955 5182; x_wconf 74' lang='grc' dir='ltr'>ἕτερον</span> 
     </span>
    </p>
   </div>
   <div class='ocr_carea' id='block_1_127' title="bbox 2368 5187 3954 5266">
    <p class='ocr_par' dir='ltr' id='par_1_127' title="bbox 2368 5187 3954 5266">
     <span class='ocr_line' id='line_1_127' title="bbox 2368 5187 3954 5266; baseline 0.005 -26"><span class='ocrx_word' id='word_1_1037' title='bbox 2368 5187 2474 5259; x_wconf 84' lang='grc' dir='ltr'>γάρ</span> <span class='ocrx_word' id='word_1_1038' title='bbox 2524 5190 2584 5242; x_wconf 81' lang='grc' dir='ltr'>τὸ</span> <span class='ocrx_word' id='word_1_1039' title='bbox 2631 5189 2720 5242; x_wconf 83' lang='grc' dir='ltr'>σὺν</span> <span class='ocrx_word' id='word_1_1040' title='bbox 2744 5191 2790 5255; x_wconf 72' lang='grc'>⁸,</span> <span class='ocrx_word' id='word_1_1041' title='bbox 2837 5192 2933 5244; x_wconf 78' lang='grc' dir='ltr'>καὶ</span> <span class='ocrx_word' id='word_1_1042' title='bbox 2978 5191 3166 5262; x_wconf 71' lang='grc' dir='ltr'>ἕτερον</span> <span class='ocrx_word' id='word_1_1043' title='bbox 3195 5189 3256 5242; x_wconf 86' lang='grc' dir='ltr'>τὸ</span> <span class='ocrx_word' id='word_1_1044' title='bbox 3287 5191 3528 5254; x_wconf 78' lang='grc' dir='ltr'>ἐκείνους</span> <span class='ocrx_word' id='word_1_1045' title='bbox 3561 5191 3677 5245; x_wconf 87' lang='grc' dir='ltr'>Ἵνα</span> <span class='ocrx_word' id='word_1_1046' title='bbox 3731 5189 3826 5247; x_wconf 81' lang='grc' dir='ltr'>οὖν</span> <span class='ocrx_word' id='word_1_1047' title='bbox 3877 5197 3954 5266; x_wconf 77' lang='grc' dir='ltr'>μὴ</span> 
     </span>
    </p>
   </div>
   <div class='ocr_carea' id='block_1_128' title="bbox 2366 5272 3954 5345">
    <p class='ocr_par' dir='ltr' id='par_1_128' title="bbox 2366 5272 3954 5345">
     <span class='ocr_line' id='line_1_128' title="bbox 2366 5272 3954 5345; baseline 0.005 -21"><span class='ocrx_word' id='word_1_1048' title='bbox 2366 5272 2522 5325; x_wconf 89' lang='grc' dir='ltr'>τοῦτό</span> <span class='ocrx_word' id='word_1_1049' title='bbox 2572 5291 2656 5336; x_wconf 89' lang='grc' dir='ltr'>τις</span> <span class='ocrx_word' id='word_1_1050' title='bbox 2689 5273 3039 5344; x_wconf 78' lang='grc' dir='ltr'>ὑποπτεύσῃ,</span> <span class='ocrx_word' id='word_1_1051' title='bbox 3075 5276 3141 5343; x_wconf 79' lang='grc' dir='ltr'>τῇ</span> <span class='ocrx_word' id='word_1_1052' title='bbox 3174 5273 3435 5344; x_wconf 83' lang='grc' dir='ltr'>ἐπαγωγῇ</span> <span class='ocrx_word' id='word_1_1053' title='bbox 3465 5273 3759 5345; x_wconf 81' lang='grc' dir='ltr'>θεραπεύει</span> <span class='ocrx_word' id='word_1_1054' title='bbox 3793 5279 3954 5341; x_wconf 84' lang='grc' dir='ltr'>αὐτὸ,</span> 
     </span>
    </p>
   </div>
   <div class='ocr_carea' id='block_1_129' title="bbox 2367 5356 3957 5428">
    <p class='ocr_par' dir='ltr' id='par_1_129' title="bbox 2367 5356 3957 5428">
     <span class='ocr_line' id='line_1_129' title="bbox 2367 5356 3957 5428; baseline 0.004 -19"><span class='ocrx_word' id='word_1_1055' title='bbox 2367 5356 2537 5425; x_wconf 86' lang='grc' dir='ltr'>λέγων</span> <span class='ocrx_word' id='word_1_1056' title='bbox 2557 5375 2570 5388; x_wconf 88' lang='grc'><strong>·</strong></span> <span class='ocrx_word' id='word_1_1057' title='bbox 2607 5358 2786 5412; x_wconf 83' lang='grc' dir='ltr'>Τοῦτο</span> <span class='ocrx_word' id='word_1_1058' title='bbox 2816 5357 2884 5410; x_wconf 84' lang='grc' dir='ltr'>δέ</span> <span class='ocrx_word' id='word_1_1059' title='bbox 2915 5359 3046 5412; x_wconf 85' lang='grc' dir='ltr'>ἐστι</span> <span class='ocrx_word' id='word_1_1060' title='bbox 3087 5357 3154 5410; x_wconf 84' lang='grc' dir='ltr'>τὸ</span> <span class='ocrx_word' id='word_1_1061' title='bbox 3188 5357 3418 5425; x_wconf 77' lang='grc' dir='ltr'>θέλημα</span> <span class='ocrx_word' id='word_1_1062' title='bbox 3446 5359 3553 5413; x_wconf 85' lang='grc' dir='ltr'>τοῦ</span> <span class='ocrx_word' id='word_1_1063' title='bbox 3594 5361 3957 5428; x_wconf 73' lang='grc' dir='ltr'>πέμψαντός</span> 
     </span>
    </p>
   </div>
   <div class='ocr_carea' id='block_1_130' title="bbox 2363 5439 3953 5512">
    <p class='ocr_par' dir='ltr' id='par_1_130' title="bbox 2363 5439 3953 5512">
     <span class='ocr_line' id='line_1_130' title="bbox 2363 5439 3953 5512; baseline 0.003 -18"><span class='ocrx_word' id='word_1_1064' title='bbox 2363 5459 2458 5510; x_wconf 79' lang='grc' dir='ltr'>με,</span> <span class='ocrx_word' id='word_1_1065' title='bbox 2490 5443 2589 5496; x_wconf 80' lang='grc' dir='ltr'>ἵνα</span> <span class='ocrx_word' id='word_1_1066' title='bbox 2609 5440 2727 5508; x_wconf 82' lang='grc' dir='ltr'>πᾶς</span> <span class='ocrx_word' id='word_1_1067' title='bbox 2755 5443 2790 5494; x_wconf 90' lang='lat'>0</span> <span class='ocrx_word' id='word_1_1068' title='bbox 2811 5439 3043 5508; x_wconf 84' lang='grc' dir='ltr'>θεωρῶν</span> <span class='ocrx_word' id='word_1_1069' title='bbox 3062 5439 3171 5494; x_wconf 85' lang='grc' dir='ltr'>τὸν</span> <span class='ocrx_word' id='word_1_1070' title='bbox 3210 5442 3366 5506; x_wconf 81' lang='grc' dir='ltr'>Υίὸν,</span> <span class='ocrx_word' id='word_1_1071' title='bbox 3404 5442 3500 5496; x_wconf 76' lang='grc' dir='ltr'>καὶ</span> <span class='ocrx_word' id='word_1_1072' title='bbox 3531 5445 3840 5498; x_wconf 80' lang='grc' dir='ltr'>πιστεύων</span> <span class='ocrx_word' id='word_1_1073' title='bbox 3865 5448 3953 5512; x_wconf 81' lang='grc' dir='ltr'>είς</span> 
     </span>
    </p>
   </div>
   <div class='ocr_carea' id='block_1_131' title="bbox 2369 5521 3957 5593">
    <p class='ocr_par' dir='ltr' id='par_1_131' title="bbox 2369 5521 3957 5593">
     <span class='ocr_line' id='line_1_131' title="bbox 2369 5521 3957 5593; baseline 0.004 -17"><span class='ocrx_word' id='word_1_1074' title='bbox 2369 5527 2572 5589; x_wconf 74' lang='grc' dir='ltr'>αὑτὸν,</span> <span class='ocrx_word' id='word_1_1075' title='bbox 2605 5525 2715 5593; x_wconf 79' lang='grc' dir='ltr'>ἔχῃ</span> <span class='ocrx_word' id='word_1_1076' title='bbox 2748 5524 2901 5592; x_wconf 79' lang='grc' dir='ltr'>ζωὴν</span> <span class='ocrx_word' id='word_1_1077' title='bbox 2928 5526 3190 5581; x_wconf 75' lang='grc' dir='ltr'>αἰώνιον.</span> <span class='ocrx_word' id='word_1_1078' title='bbox 3227 5525 3399 5578; x_wconf 88' lang='grc' dir='ltr'>Τοῦτο</span> <span class='ocrx_word' id='word_1_1079' title='bbox 3441 5521 3534 5579; x_wconf 79' lang='grc' dir='ltr'>οὖν</span> <span class='ocrx_word' id='word_1_1080' title='bbox 3567 5527 3666 5580; x_wconf 84' lang='grc' dir='ltr'>οὐκ</span> <span class='ocrx_word' id='word_1_1081' title='bbox 3704 5527 3825 5581; x_wconf 77' lang='grc' dir='ltr'>ἐστι</span> <span class='ocrx_word' id='word_1_1082' title='bbox 3862 5531 3957 5587; x_wconf 74' lang='grc' dir='ltr'>σὺν</span> 
     </span>
    </p>
   </div>
   <div class='ocr_carea' id='block_1_132' title="bbox 2369 5605 3958 5681">
    <p class='ocr_par' dir='ltr' id='par_1_132' title="bbox 2369 5605 3958 5681">
     <span class='ocr_line' id='line_1_132' title="bbox 2369 5605 3958 5681; baseline 0.004 -21"><span class='ocrx_word' id='word_1_1083' title='bbox 2369 5609 2610 5678; x_wconf 86' lang='grc' dir='ltr'>θέλημα;</span> <span class='ocrx_word' id='word_1_1084' title='bbox 2637 5607 2751 5660; x_wconf 76' lang='grc' dir='ltr'>Καὶ</span> <span class='ocrx_word' id='word_1_1085' title='bbox 2784 5609 2900 5672; x_wconf 86' lang='grc' dir='ltr'>πῶς</span> <span class='ocrx_word' id='word_1_1086' title='bbox 2931 5605 3025 5662; x_wconf 83' lang='grc' dir='ltr'>οὖν</span> <span class='ocrx_word' id='word_1_1087' title='bbox 3062 5608 3297 5679; x_wconf 87' lang='grc' dir='ltr'>ἀλλαχοῦ</span> <span class='ocrx_word' id='word_1_1088' title='bbox 3329 5609 3506 5677; x_wconf 84' lang='grc' dir='ltr'>λέγεις</span> <span class='ocrx_word' id='word_1_1089' title='bbox 3527 5626 3540 5639; x_wconf 79' lang='grc'><strong><em>⁸</em></strong></span> <span class='ocrx_word' id='word_1_1090' title='bbox 3589 5610 3716 5678; x_wconf 84' lang='grc' dir='ltr'>Πῦρ</span> <span class='ocrx_word' id='word_1_1091' title='bbox 3757 5607 3958 5681; x_wconf 77' lang='grc' dir='ltr'>ἦλθον</span> 
     </span>
    </p>
   </div>
   <div class='ocr_carea' id='block_1_133' title="bbox 2376 5717 3956 5798">
    <p class='ocr_par' dir='ltr' id='par_1_133' title="bbox 2376 5717 3956 5798">
     <span class='ocr_line' id='line_1_133' title="bbox 2376 5717 3956 5798; baseline -0.001 -30"><span class='ocrx_word' id='word_1_1092' title='bbox 2376 5783 2394 5795; x_wconf 39' lang='grc' dir='ltr'><strong>ν</strong></span> <span class='ocrx_word' id='word_1_1093' title='bbox 2426 5717 2453 5798; x_wconf 62' lang='lat'>:5</span> <span class='ocrx_word' id='word_1_1094' title='bbox 2483 5721 2546 5768; x_wconf 81' lang='lat' dir='ltr'><strong><em>lla</em></strong></span> <span class='ocrx_word' id='word_1_1095' title='bbox 2570 5719 2951 5798; x_wconf 45' lang='lat' dir='ltr'>Mtyre&#39;l.i‘SaXil.</span> <span class='ocrx_word' id='word_1_1096' title='bbox 2982 5722 3288 5798; x_wconf 57' lang='grc' dir='ltr'>ἐκϐάλλονται</span> <span class='ocrx_word' id='word_1_1097' title='bbox 3314 5739 3324 5748; x_wconf 94' lang='grc'>·</span> <span class='ocrx_word' id='word_1_1098' title='bbox 3356 5720 3581 5798; x_wconf 56' lang='grc' dir='ltr'>Ἀρμτε.-</span> <span class='ocrx_word' id='word_1_1099' title='bbox 3625 5731 3664 5798; x_wconf 57' lang='lat'>1</span> <span class='ocrx_word' id='word_1_1100' title='bbox 3687 5718 3848 5795; x_wconf 55' lang='lat' dir='ltr'>vai].</span> <span class='ocrx_word' id='word_1_1101' title='bbox 3874 5724 3956 5798; x_wconf 67' lang='grc' dir='ltr'>τὸ.</span> 
     </span>
    </p>
   </div>
   <div class='ocr_carea' id='block_1_134' title="bbox 2367 5781 3960 5910">
    <p class='ocr_par' dir='ltr' id='par_1_134' title="bbox 2367 5781 3960 5910">
     <span class='ocr_line' id='line_1_134' title="bbox 2367 5781 3954 5848; baseline 0.003 -20"><span class='ocrx_word' id='word_1_1102' title='bbox 2367 5783 2623 5844; x_wconf 57' lang='grc' dir='ltr'>ἄνθρωπον.</span> <span class='ocrx_word' id='word_1_1103' title='bbox 2699 5781 2714 5818; x_wconf 77' lang='grc' dir='ltr'>ί</span> <span class='ocrx_word' id='word_1_1104' title='bbox 2761 5783 2912 5831; x_wconf 80' lang='lat' dir='ltr'>Savil.</span> <span class='ocrx_word' id='word_1_1105' title='bbox 2949 5785 3072 5838; x_wconf 86' lang='grc' dir='ltr'>τινὸς</span> <span class='ocrx_word' id='word_1_1106' title='bbox 3109 5785 3190 5832; x_wconf 82' lang='grc' dir='ltr'>καὶ</span> <span class='ocrx_word' id='word_1_1107' title='bbox 3225 5790 3308 5842; x_wconf 80' lang='grc' dir='ltr'>τῆς</span> <span class='ocrx_word' id='word_1_1108' title='bbox 3500 5781 3587 5831; x_wconf 79' lang='grc' dir='ltr'>τοῦ</span> <span class='ocrx_word' id='word_1_1109' title='bbox 3624 5781 3751 5832; x_wconf 80' lang='grc' dir='ltr'>Θεοῦ</span> <span class='ocrx_word' id='word_1_1110' title='bbox 3789 5785 3954 5845; x_wconf 72' lang='grc' dir='ltr'>ἐφελι.</span> 
     </span>
     <span class='ocr_line' id='line_1_135' title="bbox 2371 5843 3960 5910; baseline 0.001 -19"><span class='ocrx_word' id='word_1_1111' title='bbox 2371 5847 2394 5881; x_wconf 72' lang='grc' dir='ltr'><strong>Β</strong></span> <span class='ocrx_word' id='word_1_1112' title='bbox 2439 5844 2554 5891; x_wconf 62' lang='lat' dir='ltr'><strong>Haec</strong></span> <span class='ocrx_word' id='word_1_1113' title='bbox 2593 5856 2682 5904; x_wconf 80' lang='lat' dir='ltr'>per</span> <span class='ocrx_word' id='word_1_1114' title='bbox 2715 5843 3154 5910; x_wconf 61' lang='lat' dir='ltr'>interrogationem</span> <span class='ocrx_word' id='word_1_1115' title='bbox 3188 5846 3417 5910; x_wconf 56' lang='lat' dir='ltr'>dicungur</span> <span class='ocrx_word' id='word_1_1116' title='bbox 3463 5860 3474 5892; x_wconf 89' lang='lat'><strong>:</strong></span> <span class='ocrx_word' id='word_1_1117' title='bbox 3516 5851 3820 5910; x_wconf 60' lang='lat' dir='ltr'>qugpmplelj</span> <span class='ocrx_word' id='word_1_1118' title='bbox 3865 5846 3960 5910; x_wconf 75' lang='grc' dir='ltr'>γάρ</span> 
     </span>
    </p>
   </div>
   <div class='ocr_carea' id='block_1_135' title="bbox 2368 5905 3958 6014">
    <p class='ocr_par' dir='ltr' id='par_1_135' title="bbox 2368 5905 3958 6014">
     <span class='ocr_line' id='line_1_136' title="bbox 2368 5905 3958 6014; baseline 0.005 -66"><span class='ocrx_word' id='word_1_1119' title='bbox 2368 5918 2785 6014; x_wconf 36' lang='grc' dir='ltr'>ειιρρτιξιιοιξευω</span> <span class='ocrx_word' id='word_1_1120' title='bbox 2830 5919 2939 5955; x_wconf 83' lang='lat' dir='ltr'>esse</span> <span class='ocrx_word' id='word_1_1121' title='bbox 2986 5907 3216 5967; x_wconf 68' lang='lat' dir='ltr'>videtur,</span> <span class='ocrx_word' id='word_1_1122' title='bbox 3263 5908 3350 5957; x_wconf 79' lang='lat' dir='ltr'>sed</span> <span class='ocrx_word' id='word_1_1123' title='bbox 3382 5910 3433 5958; x_wconf 81' lang='lat' dir='ltr'><strong>in</strong></span> <span class='ocrx_word' id='word_1_1124' title='bbox 3473 5905 3958 5958; x_wconf 35' lang='lat' dir='ltr'>oninibus’habelui</span> 
     </span>
     <span class='ocr_line' id='line_1_137' title="bbox 2374 5979 2759 6014; baseline 0 0"><span class='ocrx_word' id='word_1_1125' title='bbox 2374 5979 2645 6014; x_wconf 58' lang='lat' dir='ltr'>exvnmun</span> <span class='ocrx_word' id='word_1_1126' title='bbox 2689 5981 2759 6014; x_wconf 84' lang='lat' dir='ltr'>us.</span> 
     </span>
    </p>
   </div>
   <div class='ocr_carea' id='block_1_136' title="bbox 2374 5979 2760 6027">
    <p class='ocr_par' dir='ltr' id='par_1_136' title="bbox 2374 5979 2760 6027">
     <span class='ocr_line' id='line_1_138' title="bbox 2374 5979 2760 6027; baseline 0.003 -13"><span class='ocrx_word' id='word_1_1127' title='bbox 2374 5979 2760 6027; x_wconf 68' lang='lat' dir='ltr'>exvmpmnbus.</span> 
     </span>
    </p>
   </div>
  </div>
