4164 6324
196 397 299 455 253

197 514 387 581 quitur,
414 522 462 568 et
500 515 645 585 quod
683 514 806 569 sidit
850 514 1176 583 testiﬁcatur,
1223 525 1268 569 et
1312 518 1660 619 testimonizmt
1700 519 1811 619 ejus

197 619 338 657 neruo
361 607 575 673 accipit.
603 606 670 661 Et
704 621 889 662 rursus
914 604 1159 661 Christus
1192 622 1207 660 :
1243 606 1395 673 Quod
1428 608 1613 662 scimus
1643 609 1808 677 loqui-

197 710 324 757 mur,
361 704 410 748 et
431 696 573 765 quod
592 697 810 749 vidimus
840 704 1105 762 testamur,
1136 706 1182 752 et
1214 698 1552 751 testimonium
1581 710 1809 752 nostrum

195 801 294 838 non
322 788 564 856 accipitis
589 789 622 841 ί.
654 787 897 857 Illudque
931 788 1060 857 agit,
1116 797 1175 843 ut
1222 800 1552 858 prmmoneat
1578 792 1722 850 illos.
1753 803 1807 847 et

194 876 471 944 ostendat,
498 894 559 934 se
587 893 693 933 non
722 879 810 933 illa
833 895 892 934 re
923 878 1150 945 turbari,
1195 896 1370 951 neque
1399 882 1621 952 gloriam
1654 899 1803 954 qua:-

194 985 339 1034 rere,
370 972 458 1025 vel
506 971 753 1040 ignorare
804 982 1012 1026 secreta
1044 974 1236 1029 mentis
1276 989 1493 1041 eorum,
1532 976 1643 1030 sive
1669 992 1805 1045 prac-

188 1062 389 1125 scutia,
420 1063 535 1117 sive
566 1064 761 1117 futura.
796 1060 908 1133 Ego
934 1079 1045 1116 sum
1069 1065 1215 1134 panis
1246 1067 1377 1119 vitm.
1411 1066 1529 1121 Jam
1579 1069 1631 1122 in
1685 1085 1803 1140 my-

186 1154 485 1208 steriorum
543 1150 884 1209 traditionem
942 1163 1201 1210 venturus
1258 1167 1361 1211 est.
1418 1158 1485 1213 Et
1514 1160 1686 1229 primo
1732 1160 1801 1217 de

186 1244 478 1299 divinitate
506 1259 601 1299 sua
629 1245 1096 1314 disputatdicens,
1147 1246 1259 1319 Ego
1306 1266 1419 1303 sum
1467 1252 1615 1320 panis
1663 1254 1794 1308 vitte.

182 1333 373 1405 Neque
405 1337 553 1390 enim
579 1336 681 1391 hoc
708 1337 778 1392 de
821 1353 1049 1408 corpore
1091 1339 1295 1395 dictum
1340 1351 1423 1397 est
1495 1343 1598 1413 (de
1625 1346 1716 1401 illo
1744 1348 1795 1401 in

186 1426 291 1479 fine
327 1426 571 1495 loquitur
602 1444 614 1479 :
644 1426 710 1480 Et
726 1429 871 1496 panis
898 1444 1045 1497 quem
1074 1447 1165 1494 eqo
1191 1431 1341 1497 dabo,
1373 1448 1492 1486 caro
1514 1450 1623 1488 mea
1651 1437 1795 1507 est);

185 1514 280 1569 sed
313 1516 498 1571 adhuc
542 1517 609 1573 de
650 1518 929 1573 divinitate
978 1521 1106 1590 agit.
1164 1521 1376 1576 Etenim
1434 1524 1526 1579 ille
1579 1537 1798 1596 propter

184 1606 351 1661 Deum
386 1608 622 1663 Verbum
652 1609 799 1676 panis
830 1619 932 1677 est,
984 1612 1434 1680 quemadmodum
1466 1615 1553 1672 hic
1578 1626 1796 1687 propter

179 1700 568 1755 advenientem
616 1700 874 1767 Spiritum
925 1702 1077 1771 panis
1120 1703 1353 1759 cazlestis
1400 1706 1651 1765 efﬁcitur.
1695 1709 1795 1767 llic

181 1806 344 1858 porro
388 1806 499 1844 non
533 1790 701 1845 utitur
731 1791 987 1859 testibus,
1020 1801 1078 1848 ut
1106 1793 1158 1849 in
1197 1797 1454 1866 superiori
1487 1805 1745 1859 concione
1774 1821 1790 1859 :

180 1897 244 1935 eo
276 1883 424 1951 quod
454 1883 681 1939 haberet
707 1893 723 1937 t
761 1884 1070 1940 Stimonium
1100 1902 1321 1956 panum,
1350 1900 1404 1945 ct
1428 1891 1502 1947 illi
1527 1893 1702 1950 adhuc
1730 1912 1775 1951 St

178 1974 404 2028 credere
431 1975 776 2030 simularent.
810 1975 924 2030 Illic
951 1992 1080 2032 vero
1107 1981 1549 2039 eontradicebant
1573 2027 1586 2053 ,
1621 1996 1675 2041 et
1699 2002 1789 2042 ar-

175 2064 413 2132 guebant
438 2083 452 2128 ;
478 2065 711 2136 ideoque
735 2066 821 2121 hic
845 2068 1164 2122 sententiam
1187 2069 1411 2138 profert.
1446 2072 1527 2127 IIIi
1550 2089 1646 2145 spe
1665 2091 1789 2132 car-

176 2156 311 2210 nalis
335 2156 445 2211 cibi
476 2166 717 2224 manent,
743 2174 915 2229 neque
941 2160 1225 2216 turbantur
1243 2202 1259 2229 ,
1283 2161 1453 2219 donec
1480 2177 1663 2236 postea
1691 2184 1789 2240 spe

173 2248 304 2316 lapsi
328 2257 477 2304 sunt.
502 2248 702 2305 Verum
732 2264 904 2321 neque
929 2251 1005 2306 sic
1025 2252 1185 2308 etiam
1207 2252 1453 2311 Christus
1481 2259 1661 2328 tacuit,
1690 2261 1787 2317 sed

171 2340 450 2411 redarguit
476 2351 530 2397 et
562 2342 822 2414 increpat.
853 2343 936 2397 Illi
968 2359 1094 2399 vero
1117 2346 1229 2416 qui,
1258 2345 1387 2402 dum
1411 2352 1781 2423 comederent,

170 2436 494 2503 prophetam
567 2435 716 2490 illum
758 2446 1030 2505 vocarant,
1065 2438 1150 2492 hic
1191 2438 1301 2509 jam
1323 2440 1697 2513 otfenduntur,
1731 2455 1786 2502 et

166 2524 301 2579 fabri
334 2526 509 2581 lilium
541 2536 752 2580 vocant.
781 2525 897 2581 Non
924 2528 1002 2582 sic
1049 2544 1179 2584 vero
1209 2545 1330 2585 cum
1362 2547 1525 2601 panes
1555 2536 1784 2592 mandu-

164 2628 373 2683 carcnt,
418 2617 515 2671 sed
544 2616 814 2685 dicebant,
842 2616 944 2671 Hic
965 2629 1036 2673 est
1073 2620 1162 2674 ille
1208 2623 1475 2692 propheta,
1498 2625 1780 2699 ipsumque

164 2723 350 2777 regem
394 2710 728 2765 constituere
781 2710 1052 2765 volebant.
1102 2711 1367 2783 Indignari
1430 2732 1591 2787 porro
1622 2720 1744 2777 vide

161 2797 379 2864 bantur,
412 2814 537 2853 cum
567 2799 774 2855 diceret
798 2815 856 2856 se
884 2800 951 2856 de
980 2803 1113 2858 caelo
1134 2802 1481 2863 descendisse
1508 2825 1522 2874 ;
1546 2811 1640 2866 sed
1668 2828 1775 2869 non

162 2890 275 2945 haec
304 2905 432 2945 vera
464 2899 583 2944 erat
613 2890 997 2960 indignationis
1022 2908 1204 2961 causa,
1249 2896 1345 2951 sed
1371 2899 1512 2965 quod
1560 2917 1665 2957 non
1695 2904 1777 2958 ul—

163 2990 238 3034 tra
264 2988 557 3051 sperarent
597 2996 657 3036 se
683 2997 867 3037 mensa
898 2998 1156 3052 corporea
1185 2985 1440 3043 fruituros
1469 3004 1612 3048 esse.
1638 2992 1771 3050 Nam

160 3074 200 3126 si
231 3088 363 3127 vere
389 3073 827 3144 indignabantur,
860 3077 1210 3145 qumrendum
1231 3089 1351 3135 erat
1380 3085 1649 3151 quomodo
1680 3103 1774 3157 pa-

159 3168 239 3221 nis
270 3168 401 3221 vita:
431 3176 598 3235 esset,
629 3168 899 3237 quomodo
926 3168 995 3224 de
1018 3170 1151 3225 caelo
1178 3170 1554 3230 descendisset
1586 3196 1598 3231 :
1628 3194 1770 3236 nunc

158 3274 321 3329 porro
362 3276 471 3315 non
516 3260 568 3315 id
617 3260 834 3327 faciunt,
885 3263 980 3317 sed
1010 3276 1368 3323 murmurant.
1399 3269 1551 3336 Quod
1579 3283 1760 3330 autem

158 3366 262 3405 non
296 3351 388 3406 illa
412 3352 483 3407 de
508 3367 667 3407 causa
700 3351 1121 3433 oli‘enderentur,
1145 3355 1268 3411 hinc
1294 3358 1467 3427 palam
1491 3371 1593 3427 est,
1622 3365 1765 3433 quod

156 3441 369 3498 dicente
393 3442 547 3511 Jesu,
602 3441 760 3497 Pater
792 3430 928 3498 meui
964 3447 1052 3499 dat
1082 3447 1218 3502 vobis
1245 3465 1447 3518 panem,
1481 3467 1583 3507 non
1617 3455 1766 3511 dixe-

157 3540 281 3600 rint,
316 3537 489 3607 Ruga,
519 3544 575 3590 ut
603 3536 731 3602 det;
761 3539 855 3593 sed
886 3538 1051 3608 quid?
1079 3539 1159 3592 Da
1182 3542 1325 3594 nobis
1352 3560 1554 3610 panem.
1604 3548 1763 3618 Atqui

157 3644 259 3681 non
292 3629 527 3694 dixerat,
562 3629 674 3699 Ego
723 3630 830 3694 do;
865 3630 981 3696 sed,
1011 3629 1170 3685 Pater
1199 3649 1338 3687 meus
1371 3636 1478 3687 dat.
1525 3637 1604 3691 Illi
1634 3655 1763 3696 vero

154 3733 214 3771 ex
258 3718 366 3772 cibi
398 3717 713 3786 cupiditate,
746 3720 899 3773 illum
932 3720 1061 3775 dare
1103 3721 1283 3775 cibum
1327 3738 1486 3793 posse
1534 3728 1763 3783 arbitra-

154 3810 372 3866 bantur.
400 3812 504 3879 Qui
534 3826 661 3867 vero
719 3813 790 3867 ita
844 3813 1157 3879 credebant,
1190 3830 1295 3885 quo
1345 3829 1504 3887 pacto
1561 3821 1758 3879 oﬂ'endi

152 3903 478 3967 debuerunt,
510 3919 629 3957 cum
661 3902 930 3960 dicentem
954 3906 1221 3973 audirent,
1263 3908 1473 3965 Patrem
1504 3927 1624 3969 esse
1665 3918 1757 3985 qui

152 3992 342 4049 daret?
373 3993 506 4059 Quae
536 3993 695 4063 igitur
715 4008 875 4049 causa
906 3995 1183 4051 est?Cum
1213 4000 1463 4057 audirent
1483 4018 1587 4059 non
1617 4007 1755 4063 ultra

151 4084 551 4142 comedendum
573 4100 718 4153 esse,
747 4086 858 4157 jam
887 4103 992 4143 non
1020 4091 1265 4155 credunt,
1291 4101 1345 4147 et
1368 4093 1755 4158 incredulitatis

149 4191 369 4231 causam
390 4176 711 4244 obtendunt,
738 4178 880 4248 quod
902 4179 1212 4235 sublimiora
1236 4182 1565 4252 loqueretur.
1594 4188 1753 4246 Ideo-

150 4286 248 4337 que
280 4271 379 4331 ait,
408 4269 476 4322 Et
504 4270 696 4324 vidistis
718 4287 814 4337 me,
845 4279 890 4324 et
919 4287 1019 4324 non
1038 4272 1279 4339 creditis;
1301 4284 1409 4330 tum
1436 4277 1606 4349 signa,
1642 4292 1753 4339 tum

147 4362 548 4432 Scriptararum
570 4364 931 4418 testimonium
950 4365 1315 4423 subindicans.
1332 4368 1451 4424 Illa
1462 4374 1593 4427 enim
1608 4386 1747 4445 sunt,

149 4453 343 4523 inquit,
373 4468 489 4523 qua
541 4454 879 4507 testimonium
924 4456 1186 4525 perhibent
1231 4458 1295 4512 de
1332 4476 1449 4526 me;
1476 4473 1565 4527 et,
1600 4466 1750 4531 Quod

146 4546 252 4598 teni
305 4545 360 4598 in
405 4544 608 4597 nomine
646 4542 819 4598 Patris
860 4548 985 4612 mei,
1032 4556 1079 4600 et
1122 4564 1222 4601 non
1266 4551 1496 4620 accipitis
1525 4572 1605 4609 me
1619 4573 1639 4621 ;
1670 4568 1745 4625 et,

147 4636 418 4700 Quomodo
442 4637 647 4705 potestis
675 4636 897 4696 credere,
921 4638 1009 4706 qui
1037 4638 1098 4690 ab
1129 4639 1340 4695 invicem
1369 4642 1584 4712 gloriam
1606 4650 1747 4702 acci-

143 4732 253 4792 pitis
271 4733 301 4785 7
326 4731 419 4785 37.
454 4728 617 4783 0mm:
640 4729 779 4799 quod
808 4730 895 4782 dat
924 4730 1047 4783 mihi
1074 4729 1250 4797 Pater,
1283 4735 1351 4786 ad
1385 4752 1463 4790 me
1486 4738 1662 4807 veniet,
1699 4750 1747 4795 et

141 4839 247 4874 eum
270 4823 364 4888 qui
396 4821 529 4874 venit
548 4820 615 4873 ad
645 4837 741 4884 me,
774 4837 873 4875 non
895 4822 1095 4891 ejiciam
1121 4827 1279 4894 foras.
1317 4826 1447 4882 Vide
1473 4833 1744 4898 quomodo

142 4913 270 4967 nihil
305 4928 416 4967 non
446 4921 569 4982 agat
591 4912 657 4968 ad
683 4912 958 4968 hominum
981 4912 1246 4970 salutem?
1278 4918 1401 4974 Ideo
1431 4932 1607 4977 autem
1642 4924 1745 4981 hoc

139 5004 363 5065 addidit.
396 5018 467 5059 ne
515 5005 779 5059 curiosius
804 5020 984 5075 agere,
1016 5015 1069 5061 et
1099 5016 1303 5064 temere
1343 5010 1487 5081 loqui
1530 5015 1741 5072 videre-

140 5105 239 5150 tuc.
269 5095 414 5165 Quid
445 5106 624 5151 autem
654 5096 827 5151 dicit?
859 5096 1022 5152 Omne
1048 5101 1185 5168 quod
1207 5105 1295 5153 dat
1317 5104 1440 5156 mihi
1468 5103 1638 5171 Pater,
1671 5110 1741 5162 ad

138 5201 211 5237 me
237 5188 426 5250 veniet,
456 5196 502 5239 et
531 5187 838 5241 resuscilabo
866 5203 979 5242 eum
1004 5190 1058 5243 in
1097 5190 1367 5246 novissimo
1395 5195 1495 5248 die.
1526 5197 1632 5252 Cur
1653 5215 1739 5253 re-

135 5278 554 5343 surrectiouem,
590 5277 745 5347 cujus
792 5288 846 5334 et
895 5274 1045 5351 impii
1074 5294 1355 5340 consortes
1376 5298 1554 5356 erunt,
1586 5306 1736 5346 com-

135 5382 402 5427 memorat
457 5382 514 5426 ut
571 5372 770 5427 donum
801 5373 1147 5430 credentibus
1193 5377 1245 5431 in
1273 5392 1330 5433 se
1366 5388 1733 5441 concessum?

135 5462 263 5526 Quia
289 5478 399 5517 non
428 5464 881 5519 resurrectionem
911 5466 1248 5535 simpliciter,
1280 5470 1373 5525 sed
1405 5471 1542 5528 hanc
1572 5490 1732 5545 pecu-

136 5550 337 5608 Iiariter
392 5554 845 5611 rﬁurreetionem
903 5556 1186 5629 intelligit;
1232 5576 1354 5617 nam
1414 5580 1535 5619 cum
1582 5570 1731 5637 prius

135 5643 375 5711 dixisset,
431 5644 554 5700 Non
609 5648 810 5716 ejiciam
850 5666 985 5716 eum,
1022 5659 1096 5719 et,
1149 5651 1273 5708 Non
1319 5659 1531 5726 perdam
1557 5661 1617 5717 de
1647 5679 1727 5730 eo,

197 5782 211 5811 ι
246 5778 392 5829 savii.
670 5787 918 5851 testamur,
941 5791 987 5835 et
1008 5799 1101 5837 non
1120 5791 1319 5844 creditis
1341 5794 1477 5849 mihi.
1505 5797 1597 5849 Alii
1617 5813 1723 5851 cum

131 5836 298 5891 Muret.
326 5848 379 5891 et
401 5854 513 5891 cum
538 5847 803 5904 Evangelia
825 5836 942 5896 ουέο
965 5836 1293 5905 οοιιέὲᾶλὶῖιῖιίὶ.

491 5926 762 5994 Peraea.
800 5939 913 6001 Gn.
958 5944 1113 6010 LIX.

1246 400 1312 457 IN
1348 400 1662 458 JOANNEM
1702 401 1933 461 HOMIL.
1978 404 2138 465 XLV.
2176 410 2247 465 al.
2293 411 2472 469 XLIV.

3411 434 3517 491 ass

1920 528 2047 575 tunc
2075 523 2255 580 subdit
2277 531 2750 589 resurrectionem.
2768 536 2902 593 Nam
2935 540 2986 595 in
3011 547 3407 605 resurrectione
3428 553 3517 609 alii

1914 612 2231 683 ejiciuntur,
2273 628 2329 673 ut
2356 622 2428 675 ait
2463 641 2476 677 :
2510 623 2696 683 Tollite
2729 647 2864 697 eum,
2897 647 2944 687 et
2998 638 3179 693 mittite
3204 643 3256 695 in
3285 645 3519 700 tenebras

1912 708 2182 762 ea'teriores
2212 709 2229 780 (
2255 710 2441 767 Matth.
2471 716 2558 770 22.
2593 720 2699 791 15)
2735 724 2863 777 :alii
2886 739 3131 795 pereunt,
3165 740 3220 785 ut
3242 733 3324 789 bis
3348 737 3516 805 signi-

1913 796 2121 863 ficatur,
2152 800 2344 860 Timete
2369 809 2537 876 potius
2563 827 2698 877 eum,
2726 820 2814 885 qui
2842 830 3003 888 potest
3029 833 3073 875 et
3094 826 3317 880 animam
3339 842 3385 883 et
3401 847 3514 883 cor-

1912 904 2007 956 pus
2036 894 2245 957 perdere
2276 894 2328 948 in
2357 898 2639 966 gehennam
2677 903 2844 974 (Luc.
2877 909 2963 964 12.
2997 912 3089 975 5).
3126 914 3309 987 Itaque
3348 919 3474 977 illud
3495 964 3509 985 .

1920 978 2087 1033 Vitam
2113 994 2352 1039 wternam
2381 990 2469 1057 do,
2514 992 2617 1048 hoc
2645 996 2912 1066 significat
2944 1018 2958 1055 :
2998 1003 3155 1059 Ibunt
3176 1007 3212 1059 ii
3250 1011 3340 1077 qui
3374 1014 3512 1066 mala

1907 1071 2136 1137 fecerunt
2161 1077 2214 1129 in
2238 1083 2655 1138 resurrectionem
2671 1090 2862 1156 judicii
2876 1110 2897 1158 ,·
2917 1096 3007 1164 qui
3032 1107 3199 1151 autem
3234 1099 3363 1155 bona
3390 1121 3511 1175 ege-

1906 1173 2044 1229 runt,
2087 1166 2139 1219 in
2178 1174 2595 1230 resurrectionem
2625 1179 2740 1235 vitta
2781 1181 2969 1252 (Joan.
2998 1188 3052 1243 5.
3082 1189 3152 1245 29
3247 1192 3512 1254 Hancre-

1905 1264 2292 1321 surrectionem
2312 1267 2627 1343 hicindicat,
2649 1292 2767 1346 qua:
2784 1288 2865 1334 est
2883 1280 3169 1339 bonorum.
3190 1286 3329 1353 Quid
3351 1304 3509 1359 porro

1904 1352 2005 1405 sibi
2039 1355 2149 1410 vult
2176 1373 2297 1414 cum
2325 1363 2400 1417 ait
2430 1382 2444 1427 ;
2478 1364 2642 1421 Omne
2671 1370 2809 1438 quod
2839 1372 2926 1426 dat
2949 1375 3076 1429 mihi
3112 1352 3293 1447 Pater,
3337 1383 3403 1434 ad
3431 1400 3509 1438 me

1903 1445 2099 1499 veniet?
2149 1447 2369 1508 Illorum
2416 1457 2846 1518 incredulitatem
2882 1469 3213 1539 perstringit,
3247 1474 3510 1529 ostendit-

1901 1550 2005 1605 quc
2033 1554 2156 1596 eum
2183 1545 2273 1613 qui
2303 1561 2408 1602 non
2441 1551 2614 1607 credit
2641 1554 2695 1609 in
2724 1556 2922 1625 ipsum,
2968 1560 3145 1617 Patris
3172 1565 3503 1625 voluntatem

1902 1633 2223 1702 transgredi.
2270 1638 2423 1705 Quod
2476 1652 2654 1701 tamen
2703 1648 2794 1703 ille
2835 1666 2941 1706 non
2986 1665 3172 1723 aperte
3213 1657 3361 1721 dicit,
3410 1663 3506 1717 sed

1899 1717 2415 1797 subindicat:quod
2466 1732 2666 1805 ubique
2714 1739 2892 1796 facere
2941 1717 3398 1815 deprehenditur,
3448 1764 3507 1808 ut

1897 1813 2144 1870 ostendat
2167 1832 2272 1873 non
2304 1835 2363 1876 se
2383 1824 2582 1893 solum,
2604 1830 2698 1885 sed
2726 1830 2938 1888 Patrem
2970 1832 3131 1893 etiar'n
3154 1856 3308 1897 suum
3335 1845 3505 1902 offen-

1896 1902 2026 1961 dere
2056 1922 2152 1963 eos
2178 1912 2268 1981 qui
2299 1928 2406 1970 non
2436 1918 2685 1976 credunt.
2719 1923 2852 1980 Nam
2874 1928 2919 1981 si
2951 1929 3068 1987 haec
3109 1934 3225 2002 ejus
3255 1939 3502 1996 voluntas

1895 2006 2000 2064 est,
2056 2004 2181 2058 etsi
2213 2005 2334 2062 ideo
2361 2012 2508 2066 venit
2547 2014 2600 2069 in
2643 2020 2924 2089 mundum,
2958 2034 3016 2080 ut
3061 2028 3269 2085 salvum
3302 2032 3503 2092 faceret

1894 2090 2203 2149 universum
2232 2099 2416 2156 orbem
2451 2104 2490 2172 ',
2523 2107 2611 2176 qui
2660 2124 2766 2165 non
2814 2115 3062 2185 credunt,
3095 2121 3211 2189 cjus
3247 2125 3500 2184 volunta-

1886 2551 2151 2607 tradiderit
2167 2573 2378 2628 regnum
2398 2562 2506 2619 Deo
2527 2575 2575 2620 et
2595 2568 2743 2625 Patri
2766 2579 2780 2643 (
2807 2576 2857 2630 1.
2880 2577 2997 2636 Cor.
3027 2583 3112 2639 15.
3146 2584 3215 2641 id
3230 2588 3274 2659 ).

1890 2640 2180 2701 admodum
2204 2663 2334 2721 ergo
2361 2653 2519 2711 Pater
2545 2674 2667 2716 cum
2691 2663 2800 2730 dat,
2834 2684 2939 2725 non
2970 2687 3029 2728 se
3055 2678 3228 2746 privat
3253 2698 3318 2738 eo
3347 2688 3492 2755 quod

1890 2729 1970 2755 Α...
2006 2751 2017 2755 -
2046 2736 2114 2755 -2-
2146 2748 2184 2755 -ι
2218 2739 2314 2755 πη·

1882 2729 1976 2786 dat
2005 2751 2017 2787 :
2042 2736 2119 2791 sic
2136 2748 2187 2793 et
2216 2739 2382 2798 Filius
2412 2762 2533 2803 cum
2574 2729 2829 2827 tradidit,
2861 2762 3007 2819 nullo
3044 2729 3163 2824 sese
3200 2729 3487 2834 fraudlvit.

1881 2820 2088 2881 Dicitur
2136 2840 2315 2889 autem
2363 2838 2594 2911 tradere,
2626 2847 2749 2916 quia
2796 2864 2893 2920 per
2922 2869 3048 2912 eum
3076 2874 3356 2922 accessum
3385 2868 3485 2926 lia-

1878 2911 2130 2974 buimus.‘

1948 3009 2002 3063 3.
2056 3012 2213 3071 Fides
2261 3020 2314 3073 in
2369 3022 2624 3084 Christum
2675 3037 2844 3104 gratia
2883 3056 3011 3110 Opus
3057 3047 3227 3105 habet.
3255 3055 3477 3113 —lllud

1876 3115 2025 3167 vero,
2054 3104 2157 3160 Per
2178 3125 2347 3179 quem,
2377 3115 2444 3171 de
2462 3116 2621 3177 Patre
2644 3133 3098 3205 quoquc'dicitur,
3124 3152 3180 3195 ut
3210 3143 3309 3200 hoc
3331 3148 3474 3213 loco,

1888 3192 1951 3213 n_
1976 3212 1979 3213 ν
2354 3209 2361 3213 .

2660 3192 2670 3195 τ
2770 3192 2782 3198 ,
3084 3192 3097 3205 ι
3132 3192 3178 3195 ---
3210 3192 3239 3196 --
3264 3192 3309 3200 -ν
3331 3192 3474 3213 -ννυν

1877 3192 1981 3248 Per
2003 3214 2152 3266 quem
2200 3209 2362 3259 vocati
2407 3213 2525 3267 estis
2564 3216 2623 3269 in
2645 3227 3154 3287 communicationem
3196 3235 3325 3291 Filii
3366 3244 3478 3311 ejus

1877 3284 1922 3311 In
1996 3288 2094 3311 ι’---
2166 3294 2182 3311 ι
2246 3295 2297 3311 tu
2392 3302 2402 3311 -
2430 3301 2441 3311 -

1874 3284 1949 3355 (1.
1994 3288 2114 3344 Cor.
2162 3294 2209 3347 1.
2246 3295 2343 3363 9);
2389 3301 2441 3354 id
2473 3313 2589 3370 est,
2633 3322 2732 3377 per
2779 3316 3107 3377 voluntatem
3155 3284 3481 3395 Patris;Jac

1871 3396 2082 3439 rursum
2109 3387 2348 3462 “Beatus
2374 3411 2462 3462 es,
2493 3397 2676 3455 Simon
2723 3404 2830 3461 Bar
2869 3408 3007 3466 Iona
3031 3455 3046 3479 ,
3093 3420 3212 3484 quia
3264 3439 3383 3479 caro
3431 3438 3479 3482 et

1868 3479 2075 3547 sanguis
2102 3496 2203 3534 non
2254 3487 2492 3542 revelavit
2541 3493 2631 3546 tibi
2672 3496 2883 3567 (Matth.
2916 3504 3002 3559 16.
3039 3479 3153 3579 Il).
3195 3512 3307 3571 Hoc
3354 3479 3477 3578 loco

1868 3566 1983 3623 haec
2011 3568 2123 3625 fere
2153 3573 2457 3634 subindicat
2488 3599 2502 3637 ε
2533 3583 2693 3642 Fides
2716 3589 2769 3644 in
2802 3608 2888 3648 me
2910 3610 3014 3651 non
3046 3616 3207 3669 parva
3238 3623 3325 3662 res
3352 3620 3432 3665 est
3454 3654 3470 3677 ,

1866 3658 1961 3713 sed
1989 3675 2220 3730 superna
2241 3670 2411 3737 gratia
2439 3687 2575 3743 opus
2598 3675 2780 3735 habet.
2813 3683 2877 3737 Et
2906 3686 3007 3743 hoc
3035 3658 3469 3769 ubique—statdit:

1866 3753 2159 3810 ostendens
2182 3772 2503 3827 generosam
2526 3768 2781 3839 animam,
2815 3791 2843 3829 a
2864 3778 2976 3835 Deo
3001 3792 3306 3855 attractam,
3332 3807 3471 3863 opus

1866 3841 1957 3863 l.-L
1981 3861 1993 3863 _
2010 3862 2027 3863 η
2050 3862 2055 3863 .
2114 3848 2141 3863 η
2169 3848 2179 3863 ³
2275 3851 2307 3863 ⁸
2364 3854 2379 3863 “
2430 3856 2463 3863 ““
2596 3861 2609 3863 ξ

1864 3841 2063 3901 habere
2110 3848 2234 3904 fide.
2274 3851 2379 3908 Sed
2411 3856 2557 3913 dicet
2587 3861 2813 3921 fortasse
2843 3872 3107 3943 quispiam
3142 3895 3156 3931 :
3198 3841 3470 3944 sli—"0H;

1862 3937 2005 4003 quod
2033 3938 2124 3993 dat
2163 3940 2342 4011 Pater,
2390 3950 2535 4005 venit
2573 3953 2639 4007 ad
2693 3965 2779 4026 te,
2828 3937 2872 4015 si
2904 3937 2981 4019 illi
3026 3967 3153 4024 item
3195 3988 3330 4043 quos
3377 3979 3468 4036 ille

1862 4028 2044 4097 trahit,
2074 4042 2128 4088 et
2157 4036 2201 4089 si
2229 4054 2389 4095 nemo
2416 4051 2593 4111 potest
2617 4049 2682 4103 ad
2716 4059 2768 4107 te
2789 4058 2993 4124 venire,
3025 4064 3123 4118 nisi
3148 4028 3247 4136 ipsi
3279 4070 3467 4130 datum

1861 4121 2024 4178 fuerit
2060 4125 2332 4200 desuper;
2387 4134 2420 4188 ii
2451 4137 2646 4205 quibus
2693 4158 2799 4198 non
2842 4146 2893 4201 id
2943 4121 3037 4207 dat
3089 4121 3466 4226 Paier,

1858 4225 1985 4269 sunt
2029 4219 2257 4277 crimine
2302 4223 2477 4279 liberi.
2528 4228 2656 4287 Ilazc
2708 4237 2868 4291 verba
2915 4254 3040 4298 sunt
3087 4257 3140 4302 et
3185 4219 3461 4314 obtentus.

1856 4307 1987 4364 Nam
2045 4323 2227 4368 nostra
2281 4332 2496 4388 quoque
2554 4338 2690 4393 opus
2754 4338 2837 4383 est
2887 4336 3165 4396 voluntate
3213 4364 3225 4399 :
3275 4348 3461 4408 doceri

1854 4403 2055 4472 quippe
2081 4412 2135 4459 et
2179 4409 2404 4465 credere
2446 4427 2512 4467 ex
2560 4417 2833 4476 voluntate
2880 4434 2983 4479 est.
3020 4429 3116 4484 Hic
3151 4450 3280 4492 vero
3326 4442 3462 4500 nihil

1853 4493 1999 4548 aliud
2028 4494 2265 4552 declarat
2294 4499 2377 4554 his
2405 4504 2603 4571 verbis,
2631 4508 2782 4573 Quod
2800 4512 2889 4566 dat
2915 4518 3039 4572 mihi
3066 4520 3243 4593 Pater,

1852 4586 1968 4643 Non
1997 4589 2230 4660 vulgaris
2270 4608 2357 4649 res
2385 4607 2469 4652 est
2493 4598 2545 4653 in
2576 4616 2660 4656 me
2687 4606 2932 4676 credere,
2962 4628 3138 4686 neque
3174 4620 3224 4675 id
3255 4640 3319 4679 ex
3354 4628 3457 4683 hu-

1852 4693 2011 4734 mano
2059 4683 2340 4740 ratiocinio
2389 4690 2622 4758 pendet,
2670 4696 2766 4751 sed
2793 4714 2928 4770 opus
2958 4715 3041 4760 est
3090 4725 3322 4782 superna
3371 4739 3457 4779 re-

1848 4774 2151 4842 velatione,
2200 4787 2255 4831 ct
2324 4779 2409 4849 pia
2459 4784 2638 4840 anima
2696 4805 2816 4858 qua:
2870 4798 3253 4861 revelatiouem
3312 4816 3455 4870 reci-

1848 4866 1981 4935 piat.
2024 4866 2091 4922 Et
2144 4868 2310 4936 illud,
2359 4871 2459 4939 Qui
2512 4878 2643 4931 venit
2702 4882 2773 4935 ad
2812 4900 2890 4939 me
2954 4892 3126 4949 salvus
3161 4901 3292 4965 erit,
3351 4866 3456 4964 hoc

1850 4957 1949 5011 sibi
1981 4959 2095 5013 vult
2137 4981 2148 5013 :
2195 4961 2381 5031 Magna
2412 4963 2619 5022 fruetur
2652 4974 3004 5039 providentia.
3041 4982 3145 5040 Pro
3192 4957 3451 5052 his'enim

1845 5051 2003 5117 veni,
2059 5063 2114 5106 et
2163 5069 2381 5110 carnem
2441 5060 2690 5131 servique
2722 5064 2963 5125 ‘formam
3012 5080 3217 5148 accepi.
3246 5086 3451 5147 Deinde

1845 5143 2060 5211 sabdit,
2120 5146 2209 5201 58.
2280 5146 2529 5205 Desceudi
2553 5194 2566 5219 ,
2629 5172 2731 5209 non
2788 5168 2841 5212 ut
2895 5162 3087 5229 faciam
3138 5143 3451 5237 voluntatem

1843 5251 2038 5302 meam,
2097 5238 2187 5291 sed
2212 5239 2521 5297 voluntatem
2573 5248 2684 5317 ejus
2728 5252 2816 5318 qui
2856 5257 2995 5311 misit
3039 5278 3136 5316 me.
3186 5267 3324 5334 Quid
3354 5275 3441 5329 di-

1840 5328 1959 5383 cis?
2001 5330 2179 5386 aliane
2224 5344 2307 5388 est
2359 5344 2487 5401 tua,
2550 5339 2651 5392 alia
2703 5342 2891 5399 illius?
2934 5349 3014 5406 Ne
3040 5356 3159 5425 quis
3196 5328 3326 5433 ergo
3387 5368 3440 5422 id

1840 5422 2161 5491 suspicetur,
2191 5424 2329 5481 hanc
2352 5427 2547 5484 deinde
2568 5447 2783 5492 amovet
2803 5444 3186 5517 suspicionem,
3214 5456 3400 5515 dicens
3426 5480 3439 5515 :

1837 5512 1928 5567 40.
1964 5512 2088 5568 Ηωε
2108 5526 2182 5570 est
2209 5528 2379 5572 autent
2420 5523 2649 5579 voluntas
2677 5532 2787 5596 ejus
2824 5534 2911 5601 qui
2941 5538 3077 5593 misit
3104 5559 3215 5611 me,
3246 5559 3301 5599 ut
3328 5567 3441 5606 om-

1836 5606 1916 5658 nis
1955 5608 2043 5675 qui
2084 5608 2213 5661 videt
2246 5608 2291 5661 F
2293 5612 2471 5680 ilium,
2519 5625 2565 5668 et
2608 5622 2768 5674 credit
2798 5625 2849 5677 in
2882 5644 2993 5681 eum
3017 5672 3029 5695 ,
3072 5634 3254 5692 habeat
3282 5644 3437 5701 υίιαηι

1834 5709 2093 5755 (sternam.
2122 5703 2315 5759 Annon
2347 5704 2462 5762 haec
2492 5719 2573 5763 est
2600 5714 2845 5771 voluntas
2877 5728 2961 5775 tua
2982 5726 3005 5776 ζ’
3030 5738 3126 5782 cur
3154 5746 3282 5803 ergo
3309 5738 3437 5799 alibi

1899 5865 1913 5895 ¹
1952 5867 2093 5920 Savil.
2122 5879 2227 5932 pro,
2248 5862 2521 5921 tmirersum
2537 5865 2719 5933 orbem,
2760 5871 2901 5939 legit,
2928 5891 3116 5933 omnem
3140 5884 3395 5943 hominm".

3052 5983 3114 6039 16
