4164 6324
699 429 804 485 5‘35

701 547 856 609 dicis,
891 539 1063 610 Ignem
1093 552 1197 590 suis:
1227 531 1418 584 mittere
1445 531 1496 581 in
1523 538 1728 584 terram,
1757 531 1801 573 et
1829 519 1949 589 quid
1981 515 2090 570 volo
2115 556 2129 579 ,
2180 508 2277 563 nisi

704 649 758 687 ut
791 607 1092 688 accendatur
1121 623 1272 693 (Luc.
1306 620 1391 676 12.
1419 617 1550 689 £9)?
1575 613 1726 682 Quod
1753 613 1796 667 si
1826 622 1881 664 tu
1911 609 2014 663 hoc
2039 607 2119 660 vis
2139 645 2153 670 ,
2188 617 2278 672 pa-

707 727 807 778 lam
852 729 934 776 est
983 732 1139 770 uuam
1182 726 1303 768 esse
1336 710 1659 764 voluntatem
1696 721 1708 757 :
1743 717 1865 756 nam
1912 697 2038 753 alibi
2072 705 2281 766 quoque

701 819 828 872 dicit
855 834 868 869 :
899 814 1040 869 Sicut
1075 810 1227 864 Pater
1269 809 1479 859 suscitat
1525 806 1746 854 mortuos
1772 805 1819 849 et
1846 793 2093 860 uioificat,
2132 788 2206 841 sic
2233 792 2281 837 et

709 905 872 960 Filius
900 918 1025 974 quos
1053 899 1157 953 uult
1196 896 1434 964 oioificat.
1464 892 1593 960 Quae
1618 895 1699 942 est
1731 899 1860 955 ergo
1899 882 2141 974 voluntas
2183 874 2282 930 Pa-

703 994 837 1052 tris?
859 970 1038 1048 annon
1067 1000 1124 1044 ut
1151 1002 1218 1043 ne
1244 991 1428 1057 pereat
1454 998 1521 1038 ex
1545 981 1623 1036 eis
1651 973 1970 1048 quisquam?
2001 970 2110 1025 Hoc
2135 976 2187 1023 et
2226 973 2281 1018 tu

706 1091 809 1144 vis.
841 1086 957 1144 Non
979 1091 1061 1138 est
1089 1093 1216 1150 ergo
1243 1079 1342 1134 alia
1373 1075 1521 1139 hzec,
1557 1071 1658 1126 alia
1685 1068 1775 1123 illa
1813 1065 2086 1120 voluntas.
2113 1058 2285 1150 Sicct

705 1181 831 1236 alibi
857 1189 1067 1248 quoque
1108 1149 1462 1240 mqualitatem
1491 1178 1612 1220 cum
1639 1162 1799 1218 Patre
1837 1157 2041 1212 firmius
2065 1149 2281 1213 statuit,

705 1287 825 1326 rum
854 1239 1012 1324 dicit:
1037 1263 1151 1335 Ego
1172 1239 1218 1318 et
1247 1259 1402 1314 Pater
1427 1258 1676 1312 veniemus
1695 1294 1709 1315 ,
1740 1261 1784 1306 et
1808 1248 2113 1305 mansionem
2141 1239 2280 1310 apud

707 1381 818 1416 cum
857 1331 1105 1431 faciemus
1147 1355 1328 1426 (Joan.
1375 1353 1467 1407 ll.
1513 1348 1628 1419 23).
1663 1345 1774 1401 lloc
1824 1351 1909 1396 est
1940 1358 1954 1394 :
1987 1337 2099 1431 Non
2142 1331 2286 1388 aliud

711 1429 944 1508 tacturus
995 1448 1144 1510 veni,
1198 1460 1358 1516 quam
1409 1440 1537 1498 illttd
1577 1437 1718 1510 quod
1778 1435 1936 1490 Pater
1987 1429 2132 1492 vult;
2189 1439 2288 1479 uec

706 1545 864 1598 aliam
914 1556 1071 1612 quam
1098 1538 1276 1593 Patris
1305 1535 1628 1589 voluntatem
1672 1527 1864 1582 haben.
1911 1519 2096 1579 Omnia
2144 1517 2287 1571 enim

710 1649 825 1703 qua:
858 1606 1028 1686 Pairis
1052 1636 1198 1692 sunt,
1230 1640 1344 1679 mea
1373 1631 1530 1689 sunt,
1579 1628 1634 1674 et
1660 1634 1776 1688 qtae
1805 1629 1920 1670 mea
1953 1620 2110 1674 sunt,
2149 1606 2291 1661 illius

710 1697 829 1777 sunt
854 1721 1010 1793 (Ibid.
1046 1721 1128 1772 Π.
1161 1717 1268 1785 l0).
1302 1715 1355 1769 Si
1385 1713 1542 1782 igitttr
1571 1709 1739 1784 Patris
1766 1716 1819 1761 et
1843 1704 1964 1759 Filii
1986 1697 2290 1757 communia

710 1817 913 1877 omnia,
965 1813 1082 1881 jure
1114 1812 1224 1864 ait:
1282 1805 1404 1861 Νοη
1453 1813 1507 1858 ιιι
1556 1803 1742 1874 faciam
1773 1800 2078 1852 voluntatem
2107 1807 2290 1846 meam.

717 1907 912 1959 \‘erum
948 1905 1031 1958 hic
1062 1918 1167 1956 nun
1215 1903 1283 1954 ita
1330 1897 1580 1968 loquitur,
1625 1894 1717 1949 sed
1751 1892 1873 1946 illud
1905 1889 1970 1944 ad
2005 1886 2166 1942 ﬁnem
2210 1899 2295 1939 re-

711 1999 892 2054 mittit.
921 1996 1052 2049 Nam
1080 1994 1326 2048 sublimia
1349 2033 1364 2057 ,
1397 2000 1455 2045 ut
1494 1989 1623 2053 disi,
1652 1986 1825 2041 adhuc
1864 1983 2038 2046 celat,
2061 1989 2115 2034 et
2143 1978 2292 2033 velut

711 2089 810 2142 sub
833 2088 1018 2141 umbra
1054 2085 1182 2153 tegit
1205 2125 1219 2149 ,
1255 2091 1311 2136 ut
1337 2079 1615 2141 ostendat,
1645 2075 1784 2146 quod
1817 2075 1859 2128 si
1882 2074 2140 2137 dixisset,
2171 2070 2297 2125 Haec

712 2189 793 2233 est
835 2178 1082 2231 voluntas
1112 2191 1225 2227 mea
1249 2214 1264 2237 ,
1312 2169 1763 2238 contempsissent
1811 2164 1904 2218 illi.
1939 2162 2028 2216 Ait
2072 2174 2202 2230 ergo
2238 2173 2298 2214 se

715 2268 859 2321 illius
884 2263 1141 2320 voluntati
1171 2259 1470 2330 conperari,
1505 2266 1563 2312 ut
1589 2255 1754 2325 magis
1775 2253 1898 2308 illos
1923 2257 2141 2315 terreat,
2169 2262 2233 2303 ac
2251 2248 2298 2302 si

713 2359 915 2410 diceret
939 2373 952 2408 :
981 2354 1116 2420 Quid
1146 2351 1383 2421 putatis?
1410 2365 1477 2402 an
1503 2346 1642 2417 quod
1670 2361 1772 2399 non
1805 2340 2075 2398 credendo
2105 2355 2193 2395 me
2218 2339 2296 2393 ir-
2336 2400 2344 2413 κ

714 2445 925 2500 ritetis?
979 2445 1185 2498 Patrem
1253 2455 1426 2494 meum
1490 2437 1557 2492 ad
1625 2433 1951 2490 iracundiam
1993 2428 2293 2487 concitatis.

725 2536 850 2589 Herc
877 2546 948 2588 est
970 2535 1101 2587 enim
1128 2533 1354 2586 uoluntas
1375 2531 1482 2600 ejus
1506 2529 1592 2600 qui
1623 2527 1756 2580 misit
1785 2541 1893 2591 nte,
1924 2533 1979 2577 stt
2005 2538 2152 2577 omne
2170 2523 2303 2591 quod

726 2628 859 2680 dedit
887 2626 1007 2679 mihi
1035 2667 1048 2688 ,
1080 2641 1177 2677 non
1206 2623 1415 2693 perdam
1444 2635 1506 2673 ex
1552 2633 1630 2672 eo.
1681 2616 1777 2671 Hic
1820 2612 2054 2669 ostendit
2092 2626 2151 2667 se
2197 2626 2304 2666 non

731 2732 912 2772 eorum
957 2715 1101 2769 cultu
1149 2713 1386 2782 indigere
1411 2750 1428 2777 ,
1478 2723 1653 2778 neque
1680 2708 1743 2762 ad
1773 2720 1905 2761 usus
1950 2704 2036 2759 vel
2074 2703 2308 2758 honores

721 2822 879 2869 suos,
908 2805 999 2859 sed
1033 2803 1098 2858 ad
1124 2804 1334 2857 illorum
1369 2801 1590 2854 salutem
1621 2798 1868 2858 venisse;
1900 2791 2041 2863 quod
2069 2794 2226 2846 etiam
2252 2792 2304 2844 in

721 2898 997 2968 superiore
1025 2893 1283 2950 concione
1311 2892 1443 2946 dixit
1467 2933 1482 2956 ,
1516 2888 1742 2943 Gloriam
1783 2887 1844 2939 ab
1875 2885 2161 2938 hominibus
2205 2899 2305 2936 non

722 2988 950 3055 accipio;
979 2995 1034 3041 et
1058 2986 1248 3039 iterum
1274 3025 1290 3048 ,
1322 2981 1445 3036 Ilaec
1471 2981 1584 3034 dico
1609 3021 1623 3043 ,
1651 2988 1705 3032 ut
1732 2994 1818 3032 vos
1839 2977 1964 3031 salvi
1995 2977 2122 3030 sitis.
2154 2975 2310 3030 Sem-

727 3096 822 3148 per
846 3079 986 3133 enim
1017 3087 1070 3132 et
1100 3076 1293 3145 ubique
1324 3076 1424 3127 hoc
1445 3071 1729 3126 ostendere
1754 3069 1981 3138 satagit,
2012 3082 2070 3122 se
2097 3067 2308 3121 illorum

727 3168 917 3222 salutis
955 3180 1116 3220 causa
1145 3167 1372 3220 venisse.
1424 3163 1559 3216 Dicit
1587 3171 1764 3216 autem
1804 3173 1862 3214 se
1900 3158 2043 3213 Patri
2082 3157 2309 3226 gloriam

727 3273 948 3329 parare,
979 3265 1036 3310 ut
1069 3257 1198 3310 nulli
1229 3256 1298 3308 sit
1325 3252 1613 3322 suspicioni
1642 3250 1922 3306 obnoxius.
1956 3247 2107 3314 Quod
2133 3257 2310 3301 autem

729 3351 848 3405 ideo
889 3349 966 3404 sic
992 3348 1240 3418 loquutus
1271 3347 1369 3411 sit,
1415 3346 1467 3398 in
1505 3342 1851 3414 sequentibus
1879 3339 2113 3395 ostendit
2147 3357 2160 3394 :
2211 3338 2310 3406 Qui

729 3444 1031 3498 voluntatem
1073 3457 1214 3494 suam
1264 3439 1439 3506 quierit
1463 3479 1479 3504 ,
1530 3435 1740 3505 inquit,
1798 3433 2013 3505 gloriam
2052 3432 2311 3502 prapriam

730 3535 938 3605 quierit;
957 3535 1041 3603 qui
1068 3543 1232 3584 autent
1259 3531 1439 3601 qucrit
1485 3528 1700 3598 gloriam
1723 3528 1833 3597 ejus
1877 3525 1961 3596 qui
1991 3525 2126 3578 misit
2168 3525 2314 3578 illum

741 3631 820 3680 hic
850 3641 1001 3680 verax
1019 3633 1112 3689 est,
1144 3633 1188 3677 et
1215 3621 1466 3691 ittjustitia
1511 3621 1563 3672 in
1594 3618 1684 3672 illo
1714 3633 1812 3670 non
1844 3627 1936 3672 est.
1969 3615 2096 3669 Han:
2124 3624 2194 3668 cst
2215 3631 2312 3666 au-

735 3732 830 3773 tem
853 3718 1079 3771 voluntas
1106 3714 1294 3779 Patris,
1321 3723 1372 3766 ut
1390 3713 1551 3767 omnis
1572 3711 1659 3780 qui
1681 3709 1812 3762 uidet
1836 3707 2048 3773 Filium,
2092 3716 2137 3760 et
2159 3706 2317 3760 credit

735 3817 787 3866 in
813 3828 945 3874 eum,
980 3810 1156 3862 habent
1186 3808 1336 3860 vitam
1363 3814 1604 3861 rctcrnam
1625 3845 1638 3867 ,
1668 3813 1714 3856 et
1760 3817 1850 3872 ego
1874 3794 2177 3854 rcstiscitabo
2204 3813 2317 3850 eunt

735 3909 787 3958 in
817 3904 1083 3958 nouissimo
1113 3901 1195 3954 die
1247 3897 1425 3970 (Joan.
1455 3897 1507 3950 7.
1562 3894 1674 3963 l8).
1707 3891 1812 3948 Cur
1863 3900 1967 3946 tam
2014 3889 2320 3960 frequenter

738 3993 1182 4049 resurrectionem
1210 3986 1520 4044 memorat?
1567 3984 1645 4040 Ne
1677 3982 2026 4053 praesentibus
2051 3982 2221 4036 solum
2265 3980 2318 4033 in

741 4085 899 4138 rebus
923 4082 1016 4137 Dei
1046 4078 1432 4150 providentiam
1459 4083 1694 4130 statuant
1718 4091 1732 4127 :
1763 4081 1821 4128 ut
1844 4071 1891 4126 si
1921 4073 2003 4126 hic
2028 4072 2182 4125 bouis
2212 4086 2318 4126 non

741 4180 1003 4237 fruantur,
1035 4188 1102 4226 ne
1133 4168 1252 4224 ideo
1281 4168 1555 4238 segniores
1584 4166 1711 4231 sint,
1744 4163 1838 4219 sed
1859 4162 2033 4218 futura
2057 4170 2275 4232 sperent
2300 4177 2315 4228 ;

742 4277 793 4321 et
818 4270 860 4320 si
884 4266 934 4319 iu
959 4262 1202 4334 przcsenti
1225 4275 1329 4315 non
1352 4259 1650 4328 puniantur,
1677 4271 1744 4311 ne
1763 4256 1934 4325 ipsum
1951 4262 2318 4317 contemnant,

742 4359 834 4414 sed
878 4359 1033 4411 aliam
1073 4362 1380 4423 exspectent
1409 4351 1596 4405 vitam.

814 4458 867 4509 4.
900 4450 1094 4505 Verum
1119 4450 1164 4501 si
1191 4443 1269 4501 illi
1301 4445 1431 4498 nihil
1458 4441 1645 4498 lucrati
1671 4448 1815 4506 sunt,
1844 4452 1942 4494 nos
1967 4437 2162 4492 lucrari
2209 4446 2324 4492 stu-

747 4547 1006 4610 deamus,
1057 4542 1124 4595 de
1176 4535 1574 4593 resurrectione
1607 4546 1749 4601 saepe
1796 4531 2092 4600 loquentes.
2144 4527 2199 4584 Si
2244 4527 2320 4583 di-

747 4635 981 4693 tescendi
1004 4675 1018 4698 ,
1049 4629 1310 4703 rapiendi,
1342 4637 1432 4683 aut
1463 4640 1688 4698 pravum
1717 4622 1844 4694 quid
1873 4621 2098 4677 faciendi
2135 4622 2326 4676 volun-

748 4740 830 4783 tas
855 4727 1079 4790 subeat,
1114 4724 1290 4778 statim
1322 4720 1462 4775 diem
1504 4719 1650 4773 illam
1678 4715 1994 4786 cogitemus,
2022 4721 2072 4767 et
2098 4712 2328 4766 tribunal

749 4821 877 4874 illud
905 4818 1057 4872 nobis
1081 4813 1485 4877 describamus;
1517 4809 1740 4879 ιιιιιρψιθ
1763 4806 2013 4876 cogitatio
2039 4803 2328 4869 efﬁcacius,

749 4925 908 4981 quam
938 4910 1141 4964 frenum
1169 4905 1460 4977 quodlibet,
1491 4902 1654 4956 animi
1687 4900 1860 4954 rostri
1889 4898 2143 4968 impetum
2175 4910 2331 4950 coer-

751 5004 912 5059 ccbtt.
943 5003 1008 5057 Et
1040 5002 1160 5056 aliis
1189 5007 1243 5054 et
1271 4998 1422 5053 nobis
1445 5009 1656 5064 semper
1682 4992 1921 5047 dicamus
1951 5009 1964 5045 :
1995 4989 2337 5044 Rcsurrectio

753 5102 866 5161 est,
912 5107 965 5150 et
1011 5092 1247 5148 terribile
1274 5088 1503 5145 tribunal
1555 5101 1654 5142 nos
1685 5093 1886 5140 manet.
1929 5082 1986 5137 Si
2032 5082 2336 5152 quempiam

756 5191 932 5252 heluat
962 5198 1014 5241 et
1038 5186 1103 5240 de
1131 5183 1480 5256 praesentibus
1506 5179 1660 5235 bonis
1690 5186 1983 5233 tumentem
2019 5175 2296 5230 videamus
2320 5215 2335 5240 ,

756 5281 984 5351 idipsum
1013 5279 1250 5333 dicamus
1275 5318 1288 5342 ,
1334 5274 1667 5330 declarantes
1695 5271 1871 5324 omnia
1897 5269 1984 5323 hic
2024 5283 2146 5323 esse
2189 5282 2339 5320 tuan-

758 5387 919 5434 sura;
954 5371 1033 5423 sin
1064 5370 1229 5422 alium
1276 5366 1547 5421 dolentem
1579 5361 1936 5431 acrumnisque
1976 5372 2216 5429 pressum
2263 5357 2340 5410 vi-

759 5465 1021 5526 deamus,
1053 5460 1279 5526 idiusum
1329 5459 1404 5513 illi
1449 5463 1934 5525 reprzescntcmus,
1987 5465 2179 5518 nempe
2231 5448 2344 5504 haec

765 5556 932 5610 tristia
967 5553 1124 5608 linem
1158 5551 1401 5604 habitura
1424 5562 1580 5613 esse;
1610 5547 1691 5602 sin
1723 5544 1968 5614 supinum
1998 5551 2052 5597 et
2079 5540 2302 5597 ell'usum
2326 5581 2341 5604 ,

768 5647 992 5716 idipsum
1029 5644 1106 5699 illi
1135 5643 1438 5698 accinamus
1461 5681 1476 5706 ,
1524 5638 1696 5709 ipsum
1725 5650 1917 5705 nempe
1961 5631 2207 5704 segnitiei
2237 5646 2346 5685 sua:

772 5753 956 5809 plenas
996 5737 1263 5792 daturum.
1325 5734 1435 5788 lloc
1476 5731 1673 5786 dictum
1716 5729 1833 5798 plus
1882 5741 2039 5798 quam
2091 5723 2348 5779 medicina

772 5830 977 5902 quaevis
1006 5829 1237 5883 animam
1265 5835 1501 5882 nostram
1529 5821 1754 5878 curabit.
1789 5818 1880 5876 Est
1907 5818 2049 5875 enim
2082 5829 2350 5873 resurrec-

1405 415 1458 465 ς.
1501 406 1770 464 tomts
1810 395 2282 459 cunvsosrout
2325 392 3210 450 AllCllll-ZP.-CONSTAN‘I'INOP.

3869 393 3978 448 ιλιι

2389 509 2498 572 tio,
2531 519 2584 562 et
2614 507 2936 564 resurrectio
2965 507 3019 562 iu
3058 505 3236 576 januis
3263 513 3365 571 est,
3396 519 3501 559 non
3543 503 3727 572 procul
3775 507 3975 574 posita.

2388 601 2564 654 Adhuc
2591 603 2720 656 enim
2749 602 2998 655 modicum
3023 640 3039 666 ,
3073 599 3242 669 inquit
3271 597 3488 660 Paulus,
3521 599 3606 666 qui
3634 607 3874 650 amaturus
3904 607 3976 649 est

2388 694 2544 746 veniet
2564 736 2578 757 ,
2611 705 2659 747 ct
2688 711 2786 748 non
2833 693 3051 747 tardabit
3079 690 3263 762 (Hebr.
3314 691 3400 746 10.
3445 689 3576 762 57);
3609 701 3664 745 et
3714 703 3927 744 rursum
3962 731 3976 748 ,

2392 782 2578 838 Omnes
2615 794 2808 854 oportet
2855 800 2947 838 nos
2995 781 3310 854 ntanifestari
3364 789 3482 833 ante
3524 779 3745 834 tribunal
3787 778 3980 832 Christi

2390 877 2466 945 (Ξ.
2514 873 2633 929 Cor.
2665 877 2717 930 5.
2748 875 2860 945 l0);
2894 873 2945 928 id
2977 882 3061 928 est
3084 914 3100 937 ,
3127 881 3182 926 et
3208 870 3380 925 malos
3405 878 3461 924 et
3491 868 3700 934 bonos;
3730 868 3851 922 illos
3874 908 3890 932 ,
3914 878 3982 919 ut

2388 982 2569 1024 coram
2596 966 2844 1021 omnibus
2876 964 3163 1036 ignominia
3194 962 3529 1026 afﬁciantur;
3562 961 3679 1025 hos,
3712 969 3770 1015 ut
3793 974 3981 1016 coram

2390 1060 2637 1116 omnibus
2658 1058 3050 1128 splendidiores
3073 1055 3320 1112 evadant.
3344 1050 3805 1121 Quemadmodum
3833 1050 3982 1105 enim

2388 1150 2597 1221 judices
2627 1149 2711 1204 hic
2740 1148 2911 1203 malos
2949 1147 3122 1216 palam
3155 1146 3418 1216 puniunt,
3466 1143 3634 1200 honos
3663 1142 3877 1212 publice
3903 1142 3985 1193 sl-

2393 1245 2578 1299 nciuut
2623 1242 2862 1297 honore:
2907 1242 2985 1295 sic
3009 1248 3066 1295 et
3095 1238 3204 1294 illic
3253 1237 3382 1302 ﬁet;
3431 1237 3503 1290 ita
3552 1243 3610 1289 ut
3657 1234 3765 1289 illis
3807 1231 3990 1304 pudor

2394 1335 2584 1404 major,
2618 1333 2701 1388 his
2727 1331 2897 1404 gloria
2929 1329 3193 1385 illustrior
3220 1334 3498 1398 appareat.
3517 1324 3659 1379 Haec
3685 1325 3868 1393 itaque
3891 1336 3991 1377 no-

2393 1425 2476 1480 bis
2522 1423 2744 1493 singulis
2791 1422 2978 1477 diebus
3007 1419 3440 1489 praescribamus.
3491 1415 3618 1472 Haec
3667 1414 3714 1469 si
3767 1428 3992 1483 semper

2392 1529 2684 1579 versemus,
2716 1513 2858 1568 nulla
2899 1527 3078 1570 rerum
3108 1508 3449 1580 praesentium
3475 1515 3530 1562 et
3556 1506 3817 1562 ﬂusarum
3843 1506 3861 1537 ⁸
3889 1517 3990 1559 nus

2397 1620 2658 1674 occupare
2707 1605 2921 1673 poterit.
2951 1601 3083 1657 Nam
3127 1616 3249 1671 qua:
3296 1599 3545 1654 videntur
3601 1608 3989 1668 temperantes,

2397 1716 2518 1770 qute
2542 1712 2649 1755 non
2678 1696 2928 1752 videntur
2956 1705 3156 1750 :eterna
3186 1702 3330 1748 sum.
3363 1692 3488 1748 llasc
3519 1704 3649 1761 ergo
3680 1689 3992 1760 frequenter

2399 1792 2551 1845 nubis
2585 1789 2712 1859 ipsis
2739 1799 2791 1843 et
2824 1797 3007 1841 mutuo
3055 1786 3295 1840 dicamus
3327 1801 3340 1837 :
3387 1782 3732 1838 liesurrectio
3773 1789 3895 1843 est,
3940 1792 3995 1832 et

2395 1882 2689 1953 judicium;
2718 1889 2772 1934 et
2795 1893 3025 1948 operum
3067 1875 3338 1932 reddenda
3365 1875 3522 1928 ratio.
3565 1871 3841 1940 Quotquot
3891 1885 3994 1938 pu-

2403 1985 2514 2030 tant
2538 1987 2655 2029 esse
2679 1971 2867 2037 fatum,
2897 1971 2998 2024 hoc
3021 1967 3221 2033 dicant,
3251 1973 3306 2020 et
3333 1979 3454 2019 mox
3484 1963 3644 2032 hujus
3669 1961 3842 2016 morbi
3871 1961 3996 2014 tabo

2396 2070 2794 2126 liberabuntur.
2824 2065 2956 2120 Nam
3003 2065 3048 2118 si
3098 2060 3420 2117 resurrectio
3460 2067 3545 2113 est
3592 2066 3646 2112 et
3691 2055 3996 2126 judicium,

2403 2178 2507 2217 non
2538 2170 2620 2215 est
2645 2159 2809 2213 fatum
2837 2199 2851 2221 ,
2884 2155 3223 2226 quantumvis
3269 2151 3367 2222 ipsi
3417 2148 3762 2206 contendant.
3803 2147 3998 2201 Verum

2403 2254 2566 2324 pudet
2592 2266 2677 2306 me
2721 2249 3059 2305 Christianos
3087 2244 3284 2300 docere
3333 2240 3810 2298 resurrectionem.
3861 2237 4002 2292 Nam

2403 2348 2492 2417 qui
2521 2343 2792 2400 docendus
2820 2350 2904 2398 est
2950 2354 3072 2395 esse
3112 2335 3595 2398 resurrectionem,
3630 2346 3730 2388 nec
3776 2346 4005 2401 persua-

2405 2455 2524 2495 sum
2553 2436 2712 2491 hahct
2739 2434 2936 2488 nullam
2958 2445 3078 2486 esse
3103 2428 3473 2484 necessitatem
3501 2467 3516 2492 ,
3544 2439 3643 2480 nec
3667 2439 3757 2478 res
3785 2439 3919 2478 casu
3942 2439 4006 2476 ac

2409 2542 2611 2588 temere
2656 2529 2818 2590 ferri,
2870 2526 2916 2580 is
2964 2533 3113 2580 certe
3143 2536 3249 2577 non
3298 2529 3381 2577 est
3427 2519 3786 2574 Christianus.
3838 2518 4007 2582 Ideo,

2409 2638 2591 2694 quceso
2620 2632 2675 2676 et
2702 2621 2925 2674 obsecro
2952 2659 2964 2682 ,
2998 2615 3063 2670 ab
3090 2613 3340 2668 omnibus
3369 2625 3470 2664 nos
3495 2610 3648 2664 malis
3675 2622 3969 2678 purgemus
3990 2648 4009 2673 ,

2412 2716 2650 2784 nihilque
2684 2727 2788 2766 non
2817 2722 3038 2780 agamus
3073 2715 3134 2760 ut
3161 2719 3553 2773 consequamur
3579 2702 3792 2757 veniam
3840 2715 4014 2756 excu-

2412 2808 2783 2872 sationemque
2828 2803 2880 2855 in
2913 2800 3008 2853 illo
3035 2797 3145 2852 die.
3187 2795 3293 2851 Sed
3341 2793 3478 2848 forte
3503 2793 3650 2848 dicet
3689 2791 3961 2863 quispiam
3998 2809 4008 2842 :

2408 2895 2760 2967 Quandouam
2801 2889 3220 2955 consummatio,
3265 2875 3480 2956 quando
3505 2883 3831 2940 resurrectio
3862 2884 4014 2938 erit?

2413 2995 2669 3058 quantum
2697 2982 2956 3052 temporis
2981 2977 3188 3036 efﬂuxit
3207 3019 3221 3046 ,
3260 2986 3315 3034 et
3358 2975 3490 3031 nihil
3517 2975 3710 3030 horum
3737 2975 3964 3045 contigit
3992 2976 4015 3025 l

2419 3076 2526 3133 Sed
2551 3075 2677 3138 erit,
2714 3071 2942 3129 credite.
2968 3069 3100 3125 Nam
3132 3076 3256 3124 ante
3276 3066 3542 3123 diluvium
3584 3066 3686 3121 hoc
3724 3064 4017 3128 dicebant,

2415 3181 2469 3226 et
2496 3168 2810 3224 dcridebant
2838 3165 2987 3221 Nec:
3036 3163 3130 3219 sed
3157 3162 3302 3218 venit
3329 3160 3590 3220 diluvium
3611 3198 3628 3227 ,
3661 3168 3716 3214 et
3756 3157 3860 3214 hos
3886 3172 4018 3212 om-

2416 3279 2512 3319 nes
2544 3277 2647 3316 non
2675 3258 2958 3315 credentes
2979 3254 3288 3320 absorbuit,
3318 3253 3408 3307 ille
3447 3251 3593 3306 solus
3621 3249 3854 3305 credens
3885 3264 4014 3305 ser-

2416 3363 2570 3408 vatus
2590 3360 2691 3407 est.
2726 3350 2791 3406 Et
2824 3359 3065 3418 tempore
3090 3345 3208 3401 Loti
3251 3342 3508 3400 divinitus
3539 3341 3834 3396 immissam
3869 3340 4024 3395 illam

2425 3446 2636 3516 plagam
2663 3457 2770 3497 non
2819 3438 3238 3511 exspectabant,
3279 3435 3452 3490 donec
3499 3434 3649 3503 ignes
3674 3441 3729 3488 et
3769 3431 4024 3486 immissa

2421 3539 2640 3594 fulmina
2668 3549 2858 3590 omnes
2905 3535 3374 3600 consumpsemnt.
3407 3525 3590 3595 Neque
3626 3532 3751 3580 tunc
3795 3534 3988 3579 autem
4013 3566 4027 3589 ,

2424 3644 2599 3699 neque
2624 3636 2867 3695 tempore
2891 3623 3005 3680 Noe
3032 3622 3126 3677 iuit
3148 3618 3342 3689 aliquis
3368 3618 3666 3672 futurorum
3690 3614 3850 3671 index
3879 3631 4029 3684 pra--

2422 3723 2572 3784 vius;
2605 3718 2697 3774 sed
2726 3716 2972 3771 omnibus
3010 3709 3435 3772 convivantibus,
3456 3705 3704 3762 ebrietati
3733 3703 4030 3775 indulgen-

2425 3813 2585 3876 tibus,
2609 3806 2962 3864 intolerabilia
2993 3803 3084 3858 illa
3103 3801 3242 3857 mala
3274 3800 3568 3854 irrucruut.
3596 3796 3686 3851 Sic
3708 3797 3813 3850 erit
3836 3809 4032 3850 resur-

2423 3903 2594 3958 rectio
2638 3919 2652 3957 :
2708 3898 2838 3953 nihil
2891 3910 3009 3952 eam
3067 3890 3486 3964 praenuntiabit,
3524 3887 3644 3960 _scd
3712 3887 4035 3942 hominibus

2428 3993 2732 4049 lacunitihus
2772 3997 2828 4044 et
2854 3988 3016 4042 rebus
3048 3983 3355 4056 prosperis,
3383 3979 3745 4050 superveniet.
3794 3976 3926 4032 Ideo
3956 3980 4034 4032 ait

2431 4086 2627 4142 Paulus
2657 4102 2669 4138 :
2699 4081 2826 4138 Cum
2851 4081 2985 4134 enim
3011 4079 3178 4132 dicent
3216 4089 3393 4146 pacem
3431 4081 3478 4126 et
3515 4071 3831 4126 securitatem
3853 4112 3867 4132 ,
3905 4079 4032 4123 tunc

2426 4177 2720 4247 repentinus
2748 4173 2873 4244 ipsis
2899 4170 3210 4240 superveniet
3240 4166 3475 4219 interitus
3503 4179 3520 4216 :
3550 4164 3678 4216 sicut
3703 4172 3750 4215 et
3793 4163 3948 4215 dolor
3978 4166 4030 4216 in

2431 4281 2570 4325 utero
2601 4267 2839 4330 habenti,
2875 4274 3048 4317 etnon
3087 4259 3326 4329 effugient
3362 4256 3437 4329 (l.
3478 4253 3658 4309 Thess.
3690 4255 3746 4309 5.
3777 4255 3833 4323 5)
3891 4253 4030 4308 lllttd

2432 4369 2610 4414 autem
2641 4356 2760 4412 ideo
2787 4356 2857 4409 ita
2893 4349 3126 4424 providit
3150 4349 3318 4414 Deus,
3345 4355 3404 4400 ut
3431 4359 3643 4413 semper
3667 4345 3836 4398 simus
3862 4358 4032 4412 expc-

2433 4453 2527 4507 diti
2559 4450 2624 4504 ad
2648 4446 2945 4503 cavendum
2995 4441 3183 4506 nobis,
3217 4454 3317 4496 nec
3358 4439 3442 4493 vel
3491 4438 3542 4492 in
3577 4438 3689 4507 ipsa
3738 4436 4034 4490 securitate

2437 4542 2684 4598 ﬁdamus.

2507 4632 2765 4686 Probatur
2806 4639 2853 4683 et
2883 4626 3298 4681 resurrectionem
3335 4635 3381 4676 et
3399 4618 3656 4691 judicium
3682 4633 3788 4672 esse
3832 4621 4032 4688 futura.

2434 4756 2507 4768 —
2524 4723 2662 4792 Quid
2688 4722 2822 4776 dicis
2842 4720 2865 4773 ἰ
2893 4732 2998 4773 nou
3028 4723 3308 4784 exspectas
3332 4710 3784 4768 resurrectionem
3807 4719 3866 4766 et
3889 4710 4036 4780 judi-

2439 4819 2620 4874 cium?
2650 4816 2766 4869 hate
2787 4811 3060 4866 daemones
3088 4807 3434 4872 confitentur,
3460 4813 3515 4859 et
3554 4813 3610 4857 tu
3647 4817 3752 4857 non
3801 4805 4038 4857 contlte-

2442 4911 2517 4965 ris
2537 4908 2602 4962 ’τ
2645 4905 2832 4960 Venisti
2860 4904 2979 4966 huc,
3013 4899 3295 4969 inquiunt,
3327 4904 3444 4949 ante
3469 4903 3663 4963 tempus
3684 4903 3918 4962 torquere
3947 4910 4042 4947 τιτι

2443 5000 2654 5073 (Matth.
2683 4998 2738 5054 8.
2769 4996 2882 5066 29).
2914 4994 3014 5063 Qui
3055 5006 3185 5046 vero
3209 4988 3500 5044 cruciatum
3547 4987 3782 5041 futurum
3815 4984 4033 5049 dicunt,

2445 5093 2517 5148 illi
2545 5102 2601 5148 et
2637 5089 2932 5160 judicium,
2961 5094 3016 5140 et
3040 5083 3278 5138 rationes
3303 5077 3639 5144 reddendas,
3681 5084 3736 5132 et
3776 5075 4041 5146 supplicia

2445 5192 2657 5241 norunt.
2701 5181 2775 5236 Nc
2824 5179 3002 5248 itaque
3047 5175 3214 5229 Deum
3258 5184 3641 5240 provocemus,
3693 5167 3819 5222 dum
3873 5166 4043 5221 stulta

2446 5275 2725 5339 audemus,
2757 5281 2811 5327 et
2836 5265 3212 5325 resurrectioni
3247 5278 3356 5318 non
3385 5262 3674 5317 credimus.
3716 5259 3869 5316 Sicut
3895 5262 4044 5315 enim

2450 5371 2501 5423 in
2530 5367 2646 5420 aliis
2681 5362 2833 5418 nobis
2865 5358 3181 5430 principium
3207 5354 3310 5410 fuit
3334 5352 3579 5408 Christus
3602 5391 3617 5416 ,
3667 5351 3738 5405 ita
3764 5359 3822 5404 et
3853 5350 3906 5404 iu
3943 5352 4046 5406 hoc

2451 5480 2684 5535 qunque.
2717 5460 2847 5516 Nam
2879 5457 3000 5513 ideo
3049 5451 3442 5525 primogenitus
3470 5456 3804 5502 mortuorum
3848 5443 4051 5500 dicitur

2453 5558 2587 5629 (Col.
2621 5557 2671 5611 l.
2703 5554 2813 5622 18).
2846 5548 2996 5619 Quod
3028 5549 3072 5603 si
3100 5541 3422 5602 resurrectio
3445 5555 3549 5595 non
3578 5545 3741 5605 esset,
3771 5536 4052 5607 quomodo

2521 5697 2533 5727 ¹
2574 5693 2647 5743 ita
2674 5688 2837 5739 Morel.
2879 5687 2935 5737 In
2960 5682 3099 5734 savii.
3126 5686 3290 5730 autem
3331 5675 3532 5738 iegitur,
3557 5670 3689 5725 nulla
3723 5683 3892 5723 rerum
3917 5681 4052 5735 prox

2457 5759 2659 5809 sentiam
2683 5763 2818 5801 cura.
3285 5800 3293 5809 -
3395 5798 3402 5806 ἡ

2522 5799 2908 5875 Γέέιξιιζιεηυρι,
2933 5816 2975 5860 et
3000 5813 3048 5858 tu
3074 5817 3165 5855 non
3188 5799 3427 5854 erubescis
3455 5799 3480 5849 .’
