4164 6324
153 326 258 384 257

153 441 553 512 primogenitus
587 441 795 496 futurus
824 448 997 505 esset,
1045 440 1195 494 nullo
1219 456 1285 495 ex
1334 441 1559 496 mortuis
1589 442 1763 511 ipsum

152 533 458 602 sequente?
503 532 560 586 Si
593 534 920 587 resurrectio
971 541 1206 596 nonest,
1243 532 1515 603 quomodo
1556 534 1761 602 justitia

151 625 245 679 Dei
276 624 607 689 servabitur,
658 640 780 678 cum
823 632 901 677 tot
949 625 1176 693 Improbi
1231 626 1283 678 in
1339 627 1645 694 prosperis,
1684 634 1762 680 tot

148 717 307 787 probi
367 718 421 771 in
475 717 732 770 aerumnis
779 716 941 769 vitam
988 717 1241 785 exigant?
1287 714 1516 772 Ubinam
1567 716 1759 770 horum

146 810 347 878 singuli
379 811 677 864 secundum
706 809 892 863 merita
933 810 1230 877 accipient,
1259 809 1303 863 si
1335 825 1438 864 non
1468 811 1537 863 sit
1577 824 1760 863 resur-

145 904 365 957 rec-tio?
412 902 582 957 Nemo
614 911 759 957 recte
809 901 1101 957 viventium
1151 904 1603 957 resurrectionem
1651 917 1759 955 non

144 995 362 1058 credit;
415 993 509 1047 sed
558 993 708 1061 probi
739 993 973 1063 quotidie
1000 992 1141 1048 diem
1177 993 1319 1047 illam
1372 1002 1600 1062 optant,
1632 1008 1759 1047 san-

144 1096 285 1139 clam
324 1087 469 1140 illam
500 1101 685 1139 Vocem
716 1086 1070 1154 proferentes,
1096 1086 1345 1141 Adveniat
1379 1103 1589 1157 regnum
1617 1096 1759 1139 luunt

144 1176 361 1243 (Matth.
414 1177 466 1229 6.
507 1176 619 1245 l0).
653 1176 879 1242 Quinam
912 1193 1045 1248 ergo
1088 1188 1213 1232 sunt
1254 1178 1345 1248 qui
1400 1177 1757 1233 resurrectio-

144 1285 266 1323 nem
303 1283 412 1322 non
446 1269 713 1323 credunt?
754 1270 853 1337 Qui
887 1269 939 1323 in
986 1271 1088 1325 viis
1121 1271 1411 1339 inquinatis
1441 1269 1753 1335 ambulant,

143 1371 195 1415 et
219 1360 492 1430 impuram
517 1361 677 1415 vitam
706 1361 927 1424 ducunt,
958 1372 1016 1417 ut
1039 1364 1112 1416 ait
1138 1362 1437 1433 proliheta:
1467 1362 1758 1432 Inquinata:

141 1461 258 1505 siml
288 1453 385 1506 vim
416 1453 557 1505 illius
586 1457 636 1506 in
661 1456 799 1506 onmi
826 1464 1047 1524 tempore
1073 1472 1093 1509 :
1120 1458 1428 1525 auferuntur
1445 1454 1642 1523 judicia
1667 1464 1755 1507 tua

142 1559 171 1593 a
197 1542 331 1613 facie
350 1544 466 1612 ejus
501 1542 653 1614 (Psat
708 1546 760 1600 9.
794 1545 906 1615 ‘26).
935 1545 1050 1600 Non
1083 1555 1166 1602 est
1194 1548 1374 1610 enim,
1405 1562 1510 1601 non
1539 1555 1617 1600 est
1648 1545 1752 1599 uti-

1206 327 1272 381 l.\'
1314 326 1629 382 JOANNE.“
1674 328 1905 385 IIOBHL.
1953 330 2134 387 XLVI.
2180 334 2249 387 al.
2296 334 2456 390 XLV.

3380 356 3487 409 258

1873 459 1977 513 quc
2008 444 2171 501 homo
2197 452 2362 501 vitam
2392 450 2593 507 ducens
2615 468 2807 539 puram
2833 498 2845 522 ,
2886 460 3125 529 ,qniInon
3156 467 3340 523 crulat
3387 481 3474 522 re-

1871 538 2234 593 surrectioni:
2284 555 2349 595 ac
2378 542 2468 612 qui
2500 538 2700 602 nullius
2746 549 3096 611 sibi2ceuscii
3139 569 3263 614 sunt
3312 566 3471 623 mali.

1869 627 2085 694 dicunt,
2134 641 2387 701 sperant,
2420 643 2476 689 et
2512 638 2787 706 credunt,
2828 645 3240 705 retributionem
3272 668 3331 709 sc
3358 670 3480 711 esse

1868 730 2210 792 accepturos.
2240 724 2317 780 Ne
2346 727 2526 798 itaque
2555 730 2722 787 Deum
2752 734 3048 806 irritemus,
3079 742 3172 797 sed
3197 746 3479 805 audiamus

1867 827 1989 866 eum
2022 814 2288 871 dicentem
2317 858 2347 883 ,.
2387 819 2582 876 Timete
2630 841 2743 878 eum
2772 830 2861 899 qui
2904 842 3065 901 potest
3092 845 3139 888 et
3166 853 3393 896 animam
3423 854 3474 897 et

1866 918 2054 971 corpus
2081 908 2291 974 perdere
2312 910 2363 963 in
2390 913 2673 981 gehennam
2699 917 2911 977 (Matth.
2948 924 3035 979 10.
3067 925 3198 997 28);
3235 941 3291 985 υι
3328 944 3477 992 metu

1865 994 2121 1051 meliores
2176 999 2336 1067 facti,
2365 1011 2420 1056 et
2449 1003 2549 1061 hac
2576 1010 2813 1077 pernicie
2861 1013 3070 1071 liberati
3116 994 3285 1091 regno
3313 1027 3476 1083 caelo-

1868 1102 1985 1141 rum
2007 1088 2151 1158 digni
2186 1092 2479 1151 habeamur
2510 1114 2523 1152 :
2554 1102 2696 1171 quod
2726 1105 2927 1161 utinam
2955 1124 3145 1168 omnes
3171 1129 3473 1189 consequa-

1866 1194 2007 1245 mur,
2034 1183 2202 1251 gratia
2226 1195 2278 1240 et
2311 1186 2637 1260 benignitate
2664 1195 2871 1253 Domini
2900 1205 3069 1258 nostri
3096 1205 3224 1262 Jcsu
3248 1183 3470 1280 Christi,

1866 1286 1965 1342 per
1992 1289 2152 1344 quem
2185 1287 2241 1332 et
2270 1295 2390 1334 cum
2445 1300 2552 1353 quo
2582 1286 2727 1342 Patri
2774 1290 2943 1361 gloria
2975 1310 3099 1351 cum
3152 1299 3429 1359 adorando
3452 1349 3471 1373 ,

1863 1370 2207 1424 sanclissimo
2237 1383 2289 1428 et
2320 1377 2530 1433 vivillco
2559 1382 2676 1450 ejus
2705 1382 2929 1454 Spiritu,
2964 1405 3106 1446 nunc
3135 1403 3189 1448 ct
3224 1410 3462 1469 semper,

1867 1469 1923 1515 et
1953 1462 2007 1516 in
2041 1463 2244 1519 infinita
2273 1468 2467 1524 srccula
2495 1475 2837 1532 saeculorum.
2870 1481 3064 1537 Amen.

138 1673 3463 1818 mw

140 1895 267 1950 CAP.
299 1895 354 1951 ὓ.
413 1912 467 1949 v.
511 1897 601 1951 41.
635 1896 1028 1952 Murnmrubant
1058 1916 1174 1970 ergo
1201 1898 1375 1953 Judtri
1404 1900 1466 1953 de
1495 1900 1601 1959 illo,
1622 1900 1757 1969 quod

210 1988 448 2051 dixisset,
484 1987 593 2058 Ego
613 2006 724 2043 sum
755 1990 902 2058 panis
934 2032 949 2054 ,
977 1991 1063 2060 qui
1083 1992 1145 2044 de
1170 1993 1294 2045 cado
1323 1991 1579 2045 descendit
1610 2033 1624 2057 ,
1658 1991 1752 2044 42.

209 2088 257 2130 et
282 2078 525 2133 dicebant
559 2095 577 2134 :
605 2078 791 2134 Nonne
813 2082 893 2135 ltic
912 2091 985 2136 est
1009 2081 1165 2136 Jesus
1193 2083 1335 2152 ﬁlius
1357 2082 1573 2151 Joseph,
1605 2083 1751 2152 cujus

207 2186 304 2222 nos
334 2172 688 2242 cognoscimus
716 2184 912 2239 patrem
951 2185 996 2227 et
1040 2176 1297 2229 matrem?
1328 2176 1594 2243 Quomodo
1628 2190 1747 2245 ergo

206 2260 333 2313 dicit
360 2278 418 2314 se
456 2278 483 2314 e
506 2263 632 2316 cado
659 2263 977 2319 descendisse
1003 2264 1029 2317 .9

209 2352 262 2405 1.
296 2352 532 2416 Quorum
563 2354 700 2408 Dens
728 2368 894 2409 venter
931 2368 1004 2411 est
1034 2398 1050 2421 ,
1081 2366 1126 2413 et
1169 2360 1332 2426 gloria
1376 2360 1426 2414 iu
1462 2360 1746 2431 ignominia

139 2445 597 2516 eormn(P/rilipp.
620 2450 673 2504 5.
700 2449 810 2518 l9),
831 2450 1000 2520 inquit
1036 2452 1103 2508 de
1144 2453 1458 2523 quibusdam
1489 2454 1685 2509 Paulus
1704 2456 1743 2521 ί,

138 2536 581 2607 l‘bilippcnsibus
602 2542 861 2597 scribens.
889 2544 1041 2612 Quod
1065 2555 1241 2600 autem
1275 2546 1328 2602 hi
1351 2548 1522 2602 Judtei
1541 2557 1742 2615 essent,

138 2632 313 2698 palam
344 2642 429 2686 est
458 2648 485 2685 a
516 2633 959 2703 praecedentibus,
995 2638 1166 2706 palam
1197 2638 1324 2693 item
1351 2650 1433 2693 est
1454 2639 1602 2694 abiis
1622 2656 1744 2710 qua:

137 2721 413 2776 Christum
455 2724 716 2779 adeuntes
754 2725 1023 2782 dicebant.
1057 2728 1188 2782 Nam
1216 2744 1337 2783 cum
1378 2745 1573 2800 panem
1616 2731 1743 2800 ipsis

137 2812 323 2878 dedit,
360 2816 713 2887 ipsorumque
736 2828 948 2874 ventres
977 2821 1259 2891 implevit,
1294 2824 1609 2893 prophetam
1644 2839 1742 2879 vo-

142 2906 336 2959 cabant
359 2946 377 2971 ,
423 2918 475 2960 et
506 2923 687 2978 regem
715 2911 1043 2969 constituere
1072 2913 1321 2969 volebant
1350 2933 1365 2979 ;
1394 2930 1517 2969 cum
1560 2924 1741 2971 autem

135 2999 678 3063 spiritualcmcibum
698 3010 751 3055 et
778 3003 939 3058 vitam
964 3012 1221 3060 aeternam
1250 3006 1451 3074 docuit,
1476 3022 1595 3063 cum
1620 3010 1740 3067 illos

136 3104 165 3140 a
188 3090 485 3146 sensilibus
514 3091 773 3161 abduxit,
807 3109 928 3149 cum
960 3095 1029 3151 de
1060 3100 1455 3153 resurrectione
1488 3100 1738 3170 loquutus

133 3191 205 3234 est
234 3223 248 3244 ,
297 3182 651 3252 ipsorumque
695 3196 928 3241 mentem
970 3190 1187 3251 erexit;
1239 3206 1360 3245 cum
1412 3194 1735 3262 oportuisset

134 3272 279 3325 illum
314 3275 554 3330 maxime
601 3278 815 3344 mirari,
848 3288 976 3344 tunc
1017 3294 1347 3337 murmurant
1380 3294 1432 3339 ct
1461 3287 1731 3339 resiliunt.

132 3366 287 3458 Atqui
321 3366 365 3419 si
392 3366 482 3421 hic
512 3377 628 3421 erat
656 3370 912 3438 propheta
948 3412 963 3438 ,
998 3380 1055 3426 ut
1091 3375 1237 3443 prius
1264 3376 1509 3431 dixerant
1538 3380 1557 3409 ’
1584 3396 1595 3429 :
1636 3378 1735 3433 llic

132 3468 197 3509 est
229 3460 364 3511 enim
392 3459 458 3512 de
477 3476 577 3528 quo
600 3461 729 3514 dixit
762 3462 987 3534 Moyses,
1019 3466 1332 3536 Prophetam
1356 3469 1495 3525 vobis
1510 3474 1731 3527 suscita-

130 3547 192 3599 bit
224 3546 476 3604 Dominus
518 3549 658 3606 Deus
686 3554 749 3606 de
788 3556 1031 3623 fratribus
1070 3563 1246 3615 vestris
1270 3602 1284 3627 ,
1311 3571 1566 3631 tamquam
1616 3582 1731 3620 me:

128 3642 292 3707 ipsum
319 3643 498 3695 audite
529 3642 548 3715 (
581 3643 735 3699 Deut.
770 3647 858 3700 18.
892 3648 959 3703 15
986 3648 1005 3719 )
1030 3667 1043 3714 ;
1070 3654 1308 3719 oportuit
1332 3653 1508 3724 ipsum
1539 3656 1728 3713 audire

127 3733 416 3796 dicentem.
454 3732 531 3788 De
571 3736 695 3790 cwlo
721 3737 977 3793 descendi.
1017 3740 1213 3796 Verum
1248 3760 1350 3798 non
1390 3746 1679 3803 audiebant
1706 3791 1721 3815 ,

125 3822 214 3875 sed
258 3825 694 3879 murmurabant.
733 3827 922 3883 Adhuc
952 3831 1094 3885 enim
1130 3832 1300 3901 ipsum
1342 3837 1728 3895 reverebantur

125 3914 188 3966 ob
234 3931 431 3970 recens
484 3932 678 3985 panum
729 3921 1068 3977 miraculum.
1122 3925 1247 3981 Ideo
1288 3943 1393 3982 non
1444 3931 1725 3989 manifeste

124 4009 595 4077 contradicebant;
628 4016 1014 4071 murmurando
1071 4027 1247 4075 tamen
1304 4022 1722 4093 indignationem

125 4114 224 4168 pne
269 4116 330 4157 se
360 4103 645 4170 furebant,
702 4108 825 4176 quia
878 4124 983 4163 non
1024 4112 1235 4180 qualem
1290 4114 1541 4169 volebant
1594 4119 1722 4187 ipsis

124 4208 364 4249 mensam
414 4196 656 4264 pambat.
700 4198 766 4251 Et
806 4212 1203 4257 murmurantes
1227 4204 1498 4270 dicebant,
1533 4209 1722 4265 Nonne

120 4284 193 4335 hic
222 4296 294 4338 cst
323 4286 470 4353 [ilius
499 4284 695 4358 Josepli
717 4289 743 4342 ?
777 4289 926 4348 Unde
951 4292 1128 4361 palam
1142 4304 1225 4349 est
1248 4297 1393 4367 ipsos
1416 4299 1716 4356 mirabilem

117 4377 225 4443 ejus
279 4379 690 4447 generationem
734 4384 971 4437 nondum
1021 4387 1256 4443 novisse.
1309 4388 1511 4445 Idcirco
1541 4393 1717 4450 adlmc

114 4484 225 4521 cum
248 4469 476 4537 Josepbi
508 4470 670 4526 {illum
702 4473 905 4528 dicunt.
926 4476 1112 4546 Neque
1139 4490 1316 4535 tamen
1344 4486 1566 4552 corripit
1598 4501 1711 4553 eos,

114 4576 276 4630 neque
320 4561 453 4615 dicit
477 4603 492 4627 ,
528 4562 640 4617 Non
677 4579 797 4618 sum
831 4567 973 4621 illius
1014 4568 1233 4641 Josephi
1263 4592 1275 4627 :
1310 4590 1414 4626 non
1447 4560 1589 4645 quod
1617 4577 1711 4633 Jo-

113 4652 249 4717 sepbi
284 4652 433 4706 illius
458 4662 611 4708 esset
643 4695 663 4720 ,
693 4656 787 4710 sed
829 4657 969 4726 quod
1016 4661 1250 4716 nondum
1293 4676 1513 4733 possent
1541 4668 1711 4723 admi-

113 4748 329 4801 labilem
361 4749 512 4802 illum
564 4760 775 4819 partum
814 4753 1020 4808 audire.
1061 4754 1212 4821 Quod
1240 4758 1285 4811 si
1319 4769 1529 4827 partum
1559 4763 1708 4820 illum

111 4840 403 4893 mundum
451 4854 667 4895 carnem
715 4844 950 4899 nondum
983 4856 1229 4915 poterant
1274 4853 1459 4907 audire
1487 4895 1501 4919 ,
1538 4856 1707 4911 multo

110 4930 271 4984 llllltllS
333 4930 660 4987 ineffabilem
720 4933 867 4989 illum
940 4947 994 4992 et
1065 4954 1376 5009 supernum.
1433 4946 1489 5001 Si
1562 4949 1702 5018 quod

113 5020 361 5079 humilius
423 5034 541 5079 erat
607 5042 713 5081 non
770 5028 1074 5096 rerelavit,
1128 5034 1297 5089 multo
1368 5038 1546 5093 minus
1611 5041 1700 5094 illa

108 5112 310 5171 dixerit.
358 5117 535 5186 .Atqui
597 5120 699 5174 hoc
762 5120 906 5190 ipsos
973 5123 1279 5181 oll‘endcbat
1339 5129 1482 5199 quod
1559 5143 1701 5189 esset

104 5220 157 5256 es
226 5208 318 5261 vili
382 5220 536 5277 patre
597 5219 796 5267 natus:
829 5221 1064 5269 attamen
1117 5232 1221 5271 non
1271 5222 1529 5276 revelatit
1560 5265 1574 5289 ,
1631 5240 1698 5281 ne

106 5295 237 5350 aliud
272 5298 473 5353 tollens
501 5298 880 5357 oll‘endicnlum
914 5346 927 5369 ,
974 5306 1117 5360 aliud
1161 5309 1403 5365 inferret.
1435 5312 1538 5368 Sed
1564 5316 1693 5385 quid

106 5384 195 5439 iiiis
222 5390 689 5445 murmurantibus
734 5395 1022 5462 respondet
1047 5398 1069 5450 ?
1096 5399 1183 5452 14.
1222 5399 1386 5454 Nemo
1413 5416 1575 5473 potest
1606 5423 1691 5461 ve—

105 5478 198 5531 tu're
217 5481 283 5532 ad
314 5498 418 5545 me,
441 5483 541 5536 nisi
567 5481 740 5551 Pater,
768 5488 855 5557 qui
876 5490 1011 5542 misit
1044 5507 1121 5542 nte
1148 5533 1162 5558 ,
1195 5497 1559 5569 traxeriteum.
1592 5501 1689 5556 llic

105 5567 378 5644 insurgunt
402 5574 681 5632 Maniclnei
709 5579 970 5650 dicentes,
1004 5584 1131 5639 nihil
1156 5601 1255 5640 nos
1287 5602 1352 5643 ex
1383 5591 1538 5647 nobis
1562 5594 1689 5666 ipsis

153 5721 173 5799 '-
308 5727 516 5799 lialicnt,
543 5728 711 5799 inquit.
736 5732 800 5799 de
823 5734 1009 5799 .Inda'is
1035 5736 1227 5799 loquens
1252 5742 1449 5794 l'atn’us.

156 5788 175 5819 ι
194 5789 283 5839 Alii
307 5791 501 5855 legunt,
529 5788 785 5859 diceretis,
812 5811 918 5861 pro,
941 5788 1183 5851 dixerunt.

1866 1906 2203 1973 posse:quia
2237 1908 2285 1964 id
2327 1914 2559 1971 maxime
2596 1922 2791 1990 probat
2813 1966 2827 1992 ,
2862 1929 3192 1990 voluntatem
3226 1950 3465 1997 nostram

1862 2006 1912 2094 in
1942 2007 2125 2051 nostra
2156 2014 2276 2056 esse
2308 2014 2593 2072 potestate.
2624 2012 2729 2069 Sed
2761 2017 2803 2071 si
2836 2020 2957 2088 quis
3003 2026 3143 2081 venit
3173 2028 3239 2083 ad
3273 2031 3417 2087 illum
3445 2078 3460 2101 ,

1857 2184 2029 2231 strum
2055 2196 2161 2236 non
2205 2184 2342 2241 tollit
2379 2190 2661 2250 arbitrium
2699 2240 2713 2263 ,
2743 2200 2839 2256 sed
2870 2205 3050 2273 potius
3096 2210 3334 2270 declarat
3364 2233 3464 2274 nos

1859 2269 2061 2377 auxilio
2083 2287 2217 2342 opus
2250 2276 2471 2339 habere.
2499 2284 2594 2340 llic
2621 2298 2799 2345 autem
2826 2269 2931 2350 non
2959 2299 3136 2369 agitur
3173 2302 3241 2359 de
3271 2309 3463 2377 quovis

1860 2357 2079 2419 homine
2108 2367 2403 2428 accedente
2432 2415 2449 2440 ,
2482 2377 2577 2433 sed
2610 2378 2678 2436 de
2702 2382 2797 2438 illo
2824 2387 2914 2456 qui
2944 2357 3114 2447 multo
3143 2357 3336 2454 fruitur
3361 2416 3460 2457 au-

1859 2451 2008 2507 xilio.
2045 2454 2253 2517 Deinde
2301 2465 2518 2523 modum
2566 2475 2807 2531 ostendit
2841 2451 2956 2550 quo
2989 2485 3171 2543 trahit.
3209 2490 3285 2547 Nc
3312 2451 3460 2551 enim

1854 2549 2110 2606 sensibile
2131 2554 2404 2626 quidpiam
2433 2562 2502 2619 de
2531 2562 2640 2622 Deo
2662 2549 3067 2641 suspicarentur
3089 2622 3104 2647 ,
3135 2583 3411 2655 subiunxit
3442 2609 3456 2645 :

1976 2642 2099 2747 on
2130 2651 2249 2752 quia
2270 2650 2438 2710 Deum
2468 2659 2591 2714 vidit
2617 2639 2904 2735 quisquam,
2930 2673 3030 2726 nisi
3051 2639 3139 2744 qui
3165 2639 3299 2735 est'a

1853 2732 1937 2786 hic
1975 2736 2099 2837 uidit
2128 2737 2356 2799 Patrem.
2405 2748 2687 2816 Quomodo
2737 2732 2943 2816 trahit?
2986 2732 3163 2837 inquit

1854 2826 2112 2895 propheta
2154 2832 2263 2901 jam
2307 2837 2432 2893 olim
2464 2841 2758 2903 declaravit
2788 2850 2872 2907 his
2915 2826 3135 2925 verbis,
3172 2862 3262 2917 is.
3290 2826 3458 2921 tsi-iiii}

1852 2930 2025 3027 omnles
2050 2921 2290 2981 docibiles
2317 2926 2427 2983 Dei.
2462 2930 2709 2992 Vidistin’
2730 2938 2855 2996 ﬁdei
2880 2921 3217 3019 dignitatem,
3250 2963 3303 3009 et
3324 2972 3456 3027 quo-

1849 3010 2013 3066 modo
2042 3029 2146 3069 non
2174 3018 2244 3073 ab
2272 3019 2577 3083 hominibus
2602 3070 2617 3095 ,
2648 3047 2749 3089 nec
2780 3050 2873 3104 per
2895 3038 3170 3101 hominem
3228 3050 3323 3105 sed
3342 3010 3457 3121 .por

1850 3099 2017 3203 Deum
2052 3105 2225 3175 ipsum
2253 3111 2383 3169 illud
2413 3116 2672 3178 edocendi
2707 3099 2813 3181 sint
2842 3130 2865 3181 ?
2897 3130 3129 3205 ideoque
3160 3148 3218 3193 ut
3246 3099 3457 3199 sermo-

1847 3192 1899 3246 ni
1931 3208 2030 3250 suo
2061 3197 2261 3257 laceret
2292 3204 2448 3261 iidem
2475 3250 2489 3274 ,
2523 3211 2590 3266 ad
2640 3217 2929 3287 pr0phetas
2958 3192 3102 3294 ipsus
3128 3232 3355 3288 remisit.
3385 3236 3455 3293 Et

1844 3285 1888 3339 si
1919 3285 2119 3343 dictum
2147 3302 2266 3358 est,
2298 3297 2491 3368 inquit,
2524 3302 2671 3373 ipsos
2719 3285 2836 3365 fore
2866 3285 3133 3373 docibiles
3163 3285 3264 3377 Dei

1844 3377 2161 3477 aliquinon
2217 3391 2645 3462 credunt?Quia
2681 3400 2814 3457 illud
2857 3405 2925 3459 de
2956 3408 3200 3477 pluribus
3243 3377 3446 3477 dictum

1841 3477 1945 3525 est.
1976 3473 2229 3546 Alioquin
2262 3490 2440 3537 autem
2470 3501 2576 3542 non
2609 3503 2797 3548 omnes
2823 3511 3045 3565 prorsus
3069 3544 3084 3567 ,
3135 3506 3230 3562 scd
3258 3524 3450 3569 omnes

1839 3563 1928 3631 qui
1960 3566 2225 3625 voluerint
2250 3614 2263 3637 ,
2295 3589 2390 3644 per
2419 3580 2736 3651 prophetam
2766 3588 3157 3659 signiﬁcantur.
3195 3600 3450 3675 Magister

1840 3657 1985 3713 enim
2011 3664 2264 3721 omnibus
2292 3673 2630 3743 praponitur,
2667 3692 2885 3749 paratus
2911 3686 2979 3742 ad
3010 3704 3105 3744 sua
3140 3657 3400 3754 tradeunda
3431 3744 3444 3765 ,

1837 3750 1925 3817 qui
1953 3749 2255 3811 doctrinam
2288 3774 2439 3818 suam
2463 3769 2713 3826 omnibus
2735 3772 2977 3831 effundit.
3018 3779 3085 3835 Et
3114 3800 3204 3855 ego
3225 3749 3446 3846 resusci

1837 3840 1952 3926 tabo
1978 3860 2090 3897 eum
2122 3848 2173 3901 in
2205 3853 2479 3909 novissimo
2502 3860 2602 3913 die.
2638 3862 2755 3918 Non
2788 3882 2949 3935 parva
2982 3870 3087 3929 hoc
3122 3840 3174 3930 iit
3202 3878 3320 3936 loco
3356 3883 3444 3940 Fi-

1833 3932 1887 3987 lii
1918 3934 2150 4005 dignitas
2182 3957 2195 3993 :
2227 3946 2491 4015 siquidem
2525 3952 2684 4010 l’ater
2707 3959 2903 4025 trahit,
2939 3971 2991 4019 et
3020 3965 3107 4021 hic
3128 3977 3435 4044 resuscitat,

1831 4043 1937 4081 non
1973 4029 2219 4090 dividens
2242 4037 2414 4096 Patris
2440 4053 2494 4098 et
2526 4046 2643 4102 Filii
2712 4068 2878 4123 opera
2923 4080 2936 4115 :
2986 4065 3259 4128 quomodo
3293 4029 3445 4127 enim.

1829 4134 2012 4191 posset
2034 4125 2057 4178 ?
2074 4128 2167 4181 sed
2184 4134 2477 4191 ostendens
2493 4144 2778 4208 potestatis
2793 4125 3178 4217 mqualitatem.
3212 4158 3345 4215 Nam
3377 4178 3437 4220 ut

1829 4214 2070 4283 illoloco,
2090 4220 2153 4274 Et
2165 4226 2252 4291 qui
2269 4229 2405 4281 misit
2419 4246 2498 4285 me
2526 4231 2701 4303 Pater,
2732 4214 3073 4300 testimonium
3107 4252 3333 4319 perhibet
3371 4259 3436 4313 de

1827 4322 1925 4375 me,
1962 4310 2157 4369 deinde
2178 4332 2247 4371 nc
2276 4320 2488 4388 quidam
2511 4323 2579 4381 de
2595 4343 2726 4385 voce
2756 4335 3024 4394 curiosius
3046 4340 3383 4412 inquirerent
3416 4394 3431 4417 ,

1824 4404 2032 4458 retnist
2074 4406 2193 4463 illos
2221 4410 2286 4464 ad
2313 4413 2620 4484 Scripturas
2649 4438 2663 4475 :
2695 4423 2766 4480 ita
2791 4438 2843 4481 ct
2873 4427 2962 4486 hic
2988 4404 3216 4493 remittit
3245 4457 3339 4499 eos
3360 4404 3430 4499 ad

1824 4495 2252 4565 pr0phetas,bos
2279 4505 2508 4565 subinde
2542 4512 2838 4584 adducens,
2872 4531 2929 4575 ut
2960 4528 3211 4584 ostendat
3234 4549 3292 4588 se
3319 4552 3425 4592 non

1821 4600 1942 4641 esse
1971 4588 2113 4647 Patri
2141 4600 2491 4657 contrarium.
2526 4606 2614 4673 At,
2645 4608 2875 4680 inquies,
2901 4619 3026 4686 quid
3053 4625 3283 4683 antehac
3310 4588 3426 4687 me:

1819 4682 1979 4733 runt?
2004 4698 2181 4739 annon
2204 4687 2464 4749 docibilcs
2484 4694 2577 4751 Dei
2596 4706 2784 4755 erant?
2960 4708 3062 4765 hoc
3090 4714 3141 4768 in
3167 4682 3285 4772 loco
3311 4682 3428 4776 exi-

1816 4772 1983 4827 mium
2012 4778 2137 4831 est?
2164 4778 2317 4846 Quod
2347 4794 2472 4842 tunc
2496 4803 2591 4857 per
2619 4791 2875 4871 homines
2896 4816 2984 4857 res
3011 4804 3219 4863 divinas
3246 4811 3425 4871 disce-

1815 4877 1971 4932 rent;
2009 4884 2151 4926 nunc
2179 4887 2358 4930 autem
2390 4894 2487 4948 per
2510 4883 2839 4955 unigenitum
2868 4860 3065 4961 ii‘ilium
3104 4899 3194 4956 Dei
3243 4915 3296 4958 et
3329 4923 3424 4977 per

1815 4956 1900 4977 ,._.
1938 4961 1972 4977 .,
2419 4972 2447 4977 Α
2500 4974 2509 4977 -
2576 4976 2581 4977 ν

1810 4956 2069 5026 Spiritum
2108 4977 2377 5027 sanctum.
2419 4972 2622 5032 Deinde
2674 4979 2830 5037 infert
2864 4958 3027 5042 {Non
3047 4994 3186 5058 quod
3215 4956 3421 5055 Patrem
3508 4988 3513 4997 ’

1810 5052 1990 5106 viderit
2022 5055 2323 5128 quisquam,
2355 5064 2454 5117 nisi
2482 5066 2525 5120 is
2545 5070 2684 5138 quia
2716 5072 2821 5127 Deo
2843 5084 2934 5148 est.
2964 5080 3082 5137 Non
3116 5090 3413 5148 secundum

1810 5158 1988 5202 causa:
2018 5150 2283 5207 rationem
2320 5154 2409 5210 hic
2441 5157 2679 5229 loquitur
2702 5206 2717 5229 ,
2748 5169 2841 5222 sed
2864 5144 3161 5231 sdeundum
3192 5183 3412 5240 modum

1806 5238 2140 5296 substantiae.
2173 5243 2306 5299 Nam
2334 5248 2380 5301 si
2407 5253 2703 5319 secundum
2736 5271 2915 5316 causze
2958 5265 3223 5323 rationem
3254 5272 3406 5330 dicc-

1802 5343 1886 5388 ret
1919 5376 1934 5401 ,
1966 5350 2155 5392 omnes
2187 5354 2217 5393 a
2251 5340 2359 5396 Deo
2386 5360 2574 5401 sumus
2601 5366 2615 5413 ;
2648 5349 2699 5402 in
2754 5369 2861 5423 quo
2905 5367 2989 5412 est
3017 5366 3325 5430 praestantia
3360 5378 3413 5423 et

1801 5424 2100 5483 ditl'erentia
2136 5429 2253 5485 Filii
2285 5433 2307 5484 7
2340 5434 2406 5489 Et
2435 5452 2533 5492 cur
2561 5482 2575 5503 ,
2605 5440 2813 5512 inquies
2848 5488 2862 5513 ,
2911 5424 3033 5503 non.
3053 5452 3180 5508 illud
3211 5456 3410 5515 clarius

1799 5523 2067 5589 expressit
2095 5523 2118 5576 ?
2148 5522 2228 5579 0b
2259 5525 2472 5582 illorum
2508 5531 2897 5594 inﬁrmitatem.
2926 5540 3060 5596 Nam
3095 5545 3140 5597 si
3173 5560 3293 5601 cum
3325 5551 3403 5607 di-

1796 5613 1873 5667 xit
1903 5655 1917 5679 ,
1954 5614 2027 5667 De
2052 5616 2176 5671 cwlo
2203 5618 2460 5687 descendi,
2494 5623 2562 5677 ita
2604 5628 3136 5702 scandalizatisunt;
3162 5639 3289 5708 quid
3322 5641 3407 5697 fu-

1799 5716 1971 5761 turum
1999 5717 2117 5762 erat
2148 5749 2164 5776 ,
2214 5712 2258 5766 si
2306 5713 2434 5768 illud
2467 5716 2762 5774 addidisset
2789 5722 2811 5775 ?
2839 5722 3039 5780 Panem
3068 5739 3246 5785 autem
3280 5745 3403 5791 vita)

1795 5801 2031 5871 seipsum
2070 5814 2244 5876 vocat,
2274 5807 2396 5878 quia
2427 5808 2588 5865 vitam
2622 5813 2779 5870 nobis
2818 5816 2957 5886 parit
2984 5826 3036 5880 et
3059 5818 3197 5877 hanc
3231 5835 3284 5878 et
3316 5825 3403 5883 fu»
