4164 6324
787 354 818 408 ε
827 357 889 408 δέ)

787 485 959 528 turam
989 486 1002 524 :
1035 467 1152 522 ideo
1182 463 1362 531 adjicit
1388 479 1398 515 :
1427 458 1484 513 Si
1509 455 1621 526 quis
1653 456 2025 510 manducauerit
2051 469 2113 506 et:
2142 451 2233 503 hoc
2263 462 2353 516 pa-

1522 345 1561 395 S
1619 339 1890 396 JO.\.\'NIS
1927 325 2396 393 CIIIIYSOSTOMI
2439 328 2758 411 ARCIIIEP.
2795 342 3329 400 (ZONS'I'ANTINUP.

792 579 868 626 ne,
899 564 1025 618 vivet
1053 565 1103 614 in
1127 568 1387 614 cteruum.
1420 555 1616 608 Panem
1641 566 1768 605 vero
1798 549 1884 604 hic
1913 547 2041 603 dicit
2062 544 2357 599 doctrinam

782 656 1070 710 salutarem
1099 692 1114 716 ,
1141 649 1296 703 fidem
1330 647 1380 701 in
1407 660 1487 710 se,
1511 645 1622 699 sive
1643 658 1836 711 corpus
1856 653 2034 694 suum.
2062 637 2356 704 Utrumque

783 748 922 800 enim
943 743 1174 798 animam
1197 740 1431 794 roborat.
1459 737 1615 804 Atqui
1645 735 1765 787 alibi
1795 732 1948 792 dixit,
1980 731 2041 785 Si
2083 730 2194 799 quis
2237 743 2347 781 ser-

779 851 974 888 monem
1003 847 1168 886 meum
1195 830 1446 893 audierit,
1480 843 1578 880 nou
1613 823 1827 895 gustabit
1853 831 2061 876 mortem
2092 819 2266 891 (Joau.
2295 816 2349 870 8.

778 925 867 993 5?.)
893 966 908 989 ,
938 933 993 979 et
1018 921 1354 978 scandalizati
1402 927 1524 973 sunt
1555 935 1567 970 :
1603 917 1688 970 hic
1713 928 1841 969 vero
1868 928 1974 966 non
2010 911 2136 966 item
2168 926 2182 974 ;
2215 908 2350 966 forte

777 1033 897 1086 quia
910 1015 1081 1070 adhuc
1097 1012 1474 1068 reverebantur
1494 1023 1614 1063 eum
1628 1006 1698 1061 ob
1713 1004 2142 1059 subministratos
2163 1013 2348 1070 panes.

845 1109 898 1162 2.
934 1105 1229 1172 Di/I'erentia
1257 1105 1386 1156 inter
1403 1119 1587 1156 manna
1616 1111 1662 1153 et
1685 1115 1864 1170 panem
1888 1112 2056 1152 verum
2086 1104 2131 1148 et
2159 1095 2341 1147 cirum.

791 1195 1216 1251 --.\nimadverte
1245 1201 1420 1248 autem
1448 1208 1605 1263 qttam
1637 1199 1800 1260 ponat
1826 1191 1964 1245 inter
1995 1190 2131 1242 hunc
2157 1198 2345 1255 panem

771 1300 823 1344 et
861 1270 1063 1343 manna
1097 1285 1450 1341 diderentiam
1485 1324 1501 1346 ,
1528 1298 1594 1338 ex
1649 1283 1924 1350 utriusque
1973 1293 2161 1348 nempe
2215 1277 2342 1330 line.

769 1380 918 1448 Quod
940 1379 1081 1434 enim
1112 1378 1201 1433 ille
1227 1377 1376 1432 cibus
1407 1375 1537 1430 nihil
1563 1389 1756 1428 novum
1781 1373 2017 1428 intulerit
2047 1411 2063 1438 ,
2110 1369 2294 1438 adjicit
2327 1387 2340 1423 :

765 1475 854 1530 49.
891 1473 1069 1526 Patres
1095 1470 1244 1526 vestri
1271 1470 1698 1523 ntauducaveruut
1725 1482 1910 1519 manna
1939 1466 1991 1517 in
2029 1463 2231 1517 deserto
2251 1501 2266 1526 ,
2295 1469 2343 1514 et

768 1568 952 1620 mortui
976 1574 1111 1620 sunt.
1139 1563 1337 1618 Deinde
1371 1560 1420 1615 id
1451 1560 1714 1630 pra-cipue
1743 1560 1851 1628 agit
1871 1566 1926 1611 ut
1956 1556 2058 1610 illis
2078 1553 2298 1608 suadeat
2323 1593 2338 1618 ,

763 1677 824 1714 ue
853 1658 1019 1713 multo
1055 1655 1344 1726 majoribus
1371 1654 1617 1722 dignatas
1641 1667 1762 1706 esse
1791 1650 1944 1704 bonis
1972 1663 2130 1717 quam
2160 1655 2340 1716 patres

764 1754 995 1818 ipsorum
1025 1790 1040 1813 ,
1079 1748 1148 1802 de
1189 1747 1368 1816 Moyse
1413 1743 1746 1799 subobscure
1792 1742 2013 1812 loquens
2038 1749 2091 1793 et
2116 1738 2184 1793 de
2212 1738 2339 1792 viris

763 1843 865 1896 illis
920 1839 1272 1895 mirabilibus.
1323 1836 1445 1892 Ideo
1491 1851 1612 1890 eum
1645 1834 1867 1889 dixisset
1896 1847 1988 1888 eos
2023 1831 2112 1900 qui
2143 1843 2335 1884 ntanna

757 1933 1104 1988 comederunt
1130 1939 1370 1984 mortuos
1395 1943 1547 1993 esse,
1593 1925 1771 1980 intulit
1798 1943 1809 1977 :
1846 1923 1948 1991 Qui
1975 1922 2243 1976 mutulucat
2271 1935 2336 1974 ea:

759 2028 852 2078 hoc
873 2039 1002 2094 parte
1021 2064 1036 2088 ,
1067 2025 1192 2076 vivet
1236 2022 1288 2074 iu
1316 2031 1577 2074 tetes-unm.
1617 2017 1749 2072 Illud
1789 2031 1918 2071 vero
1943 2057 1956 2078 ,
1988 2014 2049 2068 In
2090 2016 2285 2066 deserto
2316 2053 2330 2077 ,

757 2134 861 2171 non
889 2119 1003 2171 sine
1029 2129 1186 2170 causa
1216 2114 1392 2184 posuit
1425 2153 1439 2175 ,
1467 2111 1561 2166 sed
1615 2109 1855 2164 indicans
1884 2149 1898 2173 ,
1943 2106 2072 2161 illtul
2107 2121 2209 2160 non
2241 2107 2331 2159 diu

752 2210 974 2263 durasse
1000 2249 1014 2274 ,
1048 2221 1218 2276 neque
1257 2206 1309 2260 in
1341 2214 1535 2260 terram
1565 2201 1928 2273 promissionis
1968 2199 2198 2254 venisse.
2235 2198 2330 2254 llic

750 2311 928 2356 autem
971 2301 1123 2371 panis
1152 2314 1255 2354 non
1284 2306 1365 2354 est
1396 2293 1716 2365 Imjusmodi.
1763 2293 1851 2347 59..
1893 2291 1962 2346 Et
2006 2292 2152 2361 panis
2180 2307 2328 2361 quem

748 2410 839 2462 ego
860 2392 1009 2456 dabo,
1037 2407 1154 2444 caro
1183 2406 1293 2444 mea
1312 2397 1404 2454 est,
1425 2404 1575 2457 quant
1601 2401 1692 2457 eqo
1717 2385 1866 2449 dabo,
1893 2400 1984 2454 pro
2009 2384 2185 2437 mundi
2204 2383 2323 2436 rita.

746 2484 935 2538 Merito
961 2483 1078 2552 quis
1115 2481 1362 2539 dubitans
1384 2479 1471 2534 hic
1495 2477 1768 2547 quzesicrit
1797 2517 1810 2540 ,
1838 2474 2051 2528 curhoc
2082 2484 2325 2543 tempore

748 2579 862 2631 lucc
886 2578 1132 2643 loquutus
1159 2575 1248 2637 sit,
1281 2587 1399 2641 qua:
1425 2570 1554 2624 nihil
1582 2568 1920 2640 proﬁcerent,
1940 2568 2072 2622 nihil
2093 2567 2322 2622 aediﬁca-

746 2673 883 2730 rent,
907 2666 1013 2718 imo
1037 2665 1210 2733 potius
1237 2661 1508 2717 mdilicatis
1541 2671 1796 2715 nocerent
1825 2661 1863 2712 ‘.
1895 2658 1976 2713 Ea:
1993 2659 2107 2725 hoc,
2134 2658 2320 2728 inquit,

744 2756 890 2808 multi
925 2771 987 2808 ea:
1012 2755 1274 2822 discipulis
1300 2756 1408 2822 ejus
1451 2762 1582 2806 retro
1607 2751 1837 2805 abierunt
1865 2750 2082 2803 dicentes
2103 2789 2119 2814 ,
2151 2749 2322 2801 Durus

739 2857 812 2898 est
838 2846 918 2898 Itic
945 2861 1123 2906 sermo,
1155 2845 1264 2913 quis
1291 2852 1446 2913 potest
1476 2859 1588 2897 eum
1613 2842 1790 2896 audire
1811 2842 1836 2894 .9
1855 2839 2022 2895 Erant
2041 2840 2182 2894 enim
2206 2838 2320 2893 lucc

739 2938 869 2992 solis
919 2937 1192 3005 discipulis
1243 2933 1684 2990 communicanda
1719 2975 1732 2998 ,
1767 2942 1825 2988 ut
1871 2932 2152 2987 Mattha-us
2196 2932 2314 2997 ait,

741 3030 962 3084 Seorsim
991 3028 1282 3096 loquebatur
1309 3027 1380 3081 eis
1409 3026 1597 3097 (Marc.
1625 3026 1680 3080 4.
1707 3025 1818 3090 '55).
1849 3023 1986 3091 Quid
2015 3023 2080 3078 ad
2110 3024 2208 3077 hoc
2231 3023 2315 3077 di‘

738 3136 923 3174 remus
953 3120 975 3173 ?
1000 3133 1240 3189 quzenam
1272 3117 1458 3171 horum
1503 3117 1701 3170 utilitas
1730 3117 1753 3169 ?
1791 3115 1976 3185 Magna
2005 3124 2150 3170 certe
2177 3114 2317 3168 utili-

738 3224 817 3265 tas
840 3220 892 3265 et
919 3212 1226 3264 necessitas.
1250 3208 1382 3276 Quia
1399 3209 1540 3264 enim
1565 3207 1830 3264 instabant
1849 3206 2025 3262 cibum
2050 3214 2309 3276 petentes,

736 3301 829 3357 sed
870 3315 1185 3370 corporeum
1219 3342 1232 3363 ,
1266 3309 1320 3353 et
1351 3300 1641 3368 majoribus
1676 3299 1786 3352 suis
1830 3298 2104 3368 praebitam
2133 3313 2310 3353 escam

735 3403 1092 3449 memorantes
1117 3434 1131 3458 ,
1162 3407 1355 3446 manna
1401 3407 1648 3461 magnum
1694 3391 1964 3461 quidpiam
1995 3406 2116 3446 esse
2160 3390 2311 3446 dice-

737 3486 882 3547 bant,
911 3484 1197 3539 ostendens
1229 3484 1312 3536 illa
1342 3485 1517 3536 omnia
1549 3484 1767 3554 figuram
1790 3492 1844 3537 et
1875 3482 2114 3536 umbram
2145 3498 2265 3537 esse
2294 3523 2310 3548 ,

739 3577 881 3630 bnnc
906 3592 1031 3630 vero
1056 3575 1230 3634 cibum
1255 3576 1332 3630 rei
1357 3577 1634 3630 veritatem
1654 3615 1669 3640 ,
1697 3589 1876 3628 escam
1909 3583 2172 3628 memorat
2199 3577 2310 3644 spi—

734 3668 998 3720 ritualem.
1035 3667 1102 3719 At
1129 3706 1144 3730 ,
1179 3665 1385 3734 inquies
1405 3706 1419 3727 ,
1452 3663 1738 3719 dicendum
1768 3674 1882 3719 erat
1903 3706 1917 3729 ,
1949 3663 2133 3719 Patres
2150 3666 2309 3718 vestri

736 3757 1192 3810 nmntlucaverunt
1224 3765 1414 3810 mann:t
1470 3757 1519 3809 in
1563 3755 1811 3818 deserto.
1844 3772 1942 3826 ego
1965 3772 2091 3812 vero
2117 3773 2307 3828 panem

730 3851 850 3904 dedi
883 3851 1054 3905 vobis.
1101 3850 1204 3905 Sed
1250 3865 1498 3917 maguum
1529 3860 1643 3904 erat
1671 3851 1960 3908 discrimen
1987 3869 2000 3904 :
2027 3853 2127 3906 hoc
2156 3853 2306 3908 vide-

731 3942 884 3995 batur
926 3942 1100 3994 minus
1126 3956 1244 3995 esse
1269 3983 1284 4004 ,
1311 3941 1451 4009 quod
1485 3940 1613 3995 illud
1638 3941 1704 3996 de
1733 3943 1866 3996 caelo
1917 3945 2174 4008 venisset.
2205 3947 2304 3999 hoc

730 4045 908 4088 autem
941 4048 1134 4102 panum
1162 4033 1475 4086 miraculum
1509 4031 1558 4086 in
1588 4041 1727 4089 terra
1769 4035 1965 4088 factum
1987 4044 2147 4090 esset.
2172 4037 2305 4102 Quia

729 4140 857 4193 ergo
895 4122 1205 4192 quaerebant
1245 4122 1421 4176 cibum
1451 4122 1515 4177 de
1544 4123 1675 4178 ctelo
1702 4123 1935 4178 delatum
1967 4167 1982 4192 ,
2013 4125 2133 4180 ideo
2159 4142 2305 4196 smpc

729 4211 937 4266 dicebat
965 4252 979 4277 ,
1017 4211 1092 4266 De
1118 4213 1242 4266 ctelo
1272 4211 1526 4266 descendi.
1557 4213 1611 4268 Si
1636 4214 1754 4283 quis
1795 4231 1920 4268 vero
1959 4218 2259 4272 sciscitelur
2285 4259 2301 4282 ,

729 4324 822 4362 cur
842 4306 907 4361 de
934 4305 1201 4375 mysteriis
1228 4307 1475 4373 loquutus
1493 4306 1581 4369 sit,
1611 4307 2072 4374 respondebimus,
2099 4317 2307 4379 tempus

728 4409 1086 4466 ttppnrluttlltlt
1131 4398 1290 4451 fuisse
1320 4395 1434 4451 haec
1467 4395 1702 4451 dicendi.
1739 4397 1870 4451 Nam
1899 4399 2180 4455 verborum
2212 4404 2306 4457 ob-

728 4490 956 4544 scuritas
995 4491 1288 4545 auditorem
1329 4505 1542 4561 semper
1581 4490 1777 4545 excitat
1809 4533 1824 4556 ,
1871 4500 1922 4545 ct
1963 4493 2302 4546 attentiorem

736 4583 916 4636 efficit.
949 4581 1062 4635 Non
1093 4597 1219 4651 ergo
1245 4582 1437 4638 offendi
1465 4582 1718 4651 oportuit,
1749 4583 1841 4637 sed
1875 4581 2046 4652 potius
2077 4583 2304 4638 interro-

733 4687 878 4740 gare.
903 4672 1054 4726 Nilne
1076 4682 1250 4727 autem
1281 4674 1355 4727 illi
1381 4674 1596 4727 abeunt.
1640 4673 1770 4728 Nam
1798 4673 1840 4727 si
1874 4675 2188 4743 prophetam
2219 4674 2300 4744 ip-

733 4780 848 4816 sum
877 4778 995 4818 esse
1029 4764 1314 4817 credebant
1345 4807 1359 4829 ,
1389 4764 1544 4819 dictis
1568 4764 1788 4820 credere
1826 4766 2082 4834 Oportuit.
2121 4763 2302 4834 Itaque

730 4857 868 4924 quod
901 4855 1085 4910 offensi
1115 4857 1237 4919 sint,
1277 4857 1326 4910 id
1357 4872 1423 4911 ex
1454 4873 1637 4911 eorum
1671 4857 1971 4926 insipientia
1996 4857 2159 4921 venit,
2195 4873 2299 4909 non

728 4963 790 5001 ex
820 4948 1143 5001 obscuritate
1184 4949 1465 5001 sermonis.
1512 4949 1587 5003 Ttt
1637 4965 1763 5004 vero
1805 4949 2115 5004 consideres
2144 4951 2299 5003 velim

729 5039 996 5105 quomodo
1019 5037 1310 5107 discipulos
1339 5053 1465 5092 suos
1493 5040 1744 5108 paulatim
1777 5043 1971 5096 alliciat
2000 5058 2014 5106 ;
2050 5043 2101 5096 hi
2156 5045 2297 5097 enim

725 5139 846 5181 sunt
868 5132 954 5198 qui
981 5130 1179 5192 dicunt,
1199 5129 1356 5184 Verba
1381 5133 1493 5185 vilic
1511 5133 1660 5186 habes
1686 5150 1814 5201 :quo
1839 5136 2017 5190 ibimus
2043 5137 2216 5207 (.Ioan.
2247 5139 2299 5193 6.

725 5220 841 5288 b3)?
868 5219 1129 5274 Castorum
1148 5222 1228 5275 hic
1257 5237 1314 5276 se
1341 5223 1582 5302 datorem
1611 5223 1756 5287 dicit,
1788 5242 1890 5279 non
1916 5226 2124 5281 Patrem
2153 5247 2164 5280 :
2197 5227 2299 5282 Pa-

725 5315 800 5364 tris
819 5315 835 5342 ²
855 5329 1002 5382 quem
1027 5330 1118 5383 ego
1149 5314 1292 5375 dabo,
1315 5331 1431 5368 caro
1451 5333 1559 5369 utea
1575 5327 1646 5369 est
1670 5335 1762 5385 pro
1782 5322 1953 5372 mundi
1976 5321 2298 5377 vita.Verum

838 5432 978 5493 iuxta
1003 5423 1164 5496 Morel.
1195 5423 1458 5496 legendum
1475 5435 1686 5496 esset....
1735 5438 1846 5480 Htrc
1864 5430 2043 5481 locutus
2067 5433 2126 5481 sit
2154 5471 2165 5490 ,
2192 5448 2300 5496 qua:

729 5489 956 5556 tmut'uem
980 5489 1298 5556 terti/irareut,
1316 5490 1495 5556 nemini
1515 5495 1807 5551 prodessent,
1835 5496 1929 5543 imo
1951 5497 2104 5556 potius
2137 5489 2297 5549 iis'uo-

729 5555 884 5596 terant
908 5547 990 5609 qui
1019 5547 1157 5598 (intra
1190 5548 1418 5611 tt'ilijicati
1439 5547 1593 5602 erant.

792 5613 810 5637 ‘
842 5617 971 5657 nuta
995 5611 1156 5682 δίη-[1η
1185 5620 1291 5671 post.
1327 5613 1459 5685 illud,
1483 5628 1590 5662 suos
1621 5615 1851 5685 paulatim
1875 5618 2055 5668 alliciat
2083 5659 2092 5672 .
2130 5621 2297 5685 legen-

726 5671 837 5734 dttttt
857 5681 1012 5719 esset:
1043 5674 1127 5723 llic
1151 5688 1272 5724 t'ttmt
1294 5688 1340 5724 δι’
1363 5677 1550 5725 dutttt'm
1576 5671 1774 5730 ttt'tlttt‘il.
1804 5692 1893 5730 non
1922 5671 2108 5733 t’atrcttt
2129 5700 2145 5734 .'

729 5745 818 5789 σιω,
852 5741 944 5780 ριν.
973 5750 993 5777 I

2329 5387 2353 5420 Δ

3956 344 4064 397 950

2468 465 2571 502 non
2596 451 2672 506 sic
2703 454 2868 508 llll'bil!
2892 496 2910 522 ,
2937 459 3030 512 scd
3060 470 3245 513 contra
3267 501 3283 527 ,
3325 457 3498 513 Durus
3527 472 3597 514 est
3624 462 3705 514 hic
3732 477 3897 516 sermo
3923 503 3938 526 ,
3976 478 4058 513 ιη-

2460 542 2671 610 quiunt.
2707 544 2936 619 Ideoque
2967 550 3245 605 recedunt.
3268 553 3431 621 Atqui
3464 569 3569 606 non
3601 569 3736 606 nova
3765 564 3884 609 erat
3909 595 3924 618 ,
3956 569 4056 610 ne-

2460 649 2566 703 que
2617 639 2852 694 variabat
2901 640 3142 697 doctrina
3188 661 3202 697 :
3247 658 3369 698 nam
3417 643 3651 700 Joannes
3681 645 3809 699 illud
3839 649 3858 678 ⁸
3889 661 4055 715 supra

2459 725 3053 796 subindicaverat,cum
3074 728 3287 804 Agnum
3312 734 3484 803 ipsum
3518 736 3743 790 vocavit.
3773 736 3883 791 Sed
3923 777 3939 800 ,
3976 739 4058 790 in-

2459 819 2633 883 quies,
2669 821 2766 889 ipsi
2795 837 2899 875 non
2929 823 3325 880 intellexerant.
3354 826 3466 882 Hoc
3512 837 3565 882 et
3605 843 3706 897 ego
3744 830 3870 883 novi
3903 845 3919 888 :
3954 829 4051 883 sed

2459 925 2632 980 neque
2665 913 2912 984 discipuli
2955 917 3005 970 id
3038 919 3298 974 sciebant.
3331 919 3459 974 Nam
3501 921 3546 975 si
3590 923 4049 978 resurrectionem

2458 1005 2692 1058 nonduin
2717 1007 2846 1060 satis
2871 1009 3019 1063 clare
3053 1009 3440 1081 intelligebant,
3472 1013 3699 1083 ideoque
3724 1013 4053 1083 ignorabant

2454 1095 2578 1162 quid
2610 1095 2736 1150 illud
2769 1107 2933 1164 esset,
2962 1099 3156 1156 Solvite
3185 1105 3425 1173 templum
3450 1105 3564 1168 hoc,
3594 1113 3640 1161 et
3666 1105 3718 1157 iu
3741 1105 3904 1159 tribus
3933 1105 4048 1158 die-

2457 1184 2548 1239 bus
2568 1188 2794 1242 excitabo
2821 1191 2952 1243 illud
2979 1191 2997 1264 (
3027 1190 3186 1247 Joan.
3212 1193 3267 1247 2.
3299 1193 3364 1248 I9
3395 1198 3411 1263 )
3435 1210 3449 1260 ;
3481 1194 3654 1250 multo
3676 1196 3852 1252 minus
3879 1211 4046 1266 supra

2448 1277 2588 1331 dicta
2636 1285 2916 1349 capiebant
2946 1325 2960 1347 ,
2993 1301 3110 1352 quae
3143 1287 3453 1341 obscuriora
3481 1297 3654 1343 erant.
3688 1287 3846 1356 Quod
3887 1289 4041 1343 enim

2449 1372 2720 1442 propltctzc
2752 1376 3202 1448 surrexissent(a)
3230 1419 3243 1444 ,
3279 1388 3489 1444 norant,
3519 1379 3644 1434 licet
3671 1380 3722 1434 id
3743 1381 4045 1450 Scriptum

2448 1480 2553 1520 non
2583 1467 2727 1522 clare
2758 1469 2939 1524 dicant
2972 1487 2984 1523 :
3017 1470 3158 1540 quod
3191 1485 3316 1526 vero
3347 1486 3566 1526 carnem
3600 1473 3720 1541 quis
3747 1473 4045 1527 manduca-

2447 1560 2577 1612 verit
2603 1601 2618 1625 ,
2649 1575 2807 1614 nemo
2837 1576 3023 1617 eorum
3051 1563 3276 1617 dixerat.
3312 1565 3565 1618 Attamen
3593 1563 4044 1635 obtemperabant

2443 1659 2496 1703 et
2512 1652 2890 1720 sequelmttur,
2919 1664 3078 1723 atque
3098 1655 3488 1710 confitebantur
3510 1656 3683 1724 ipsum
3718 1658 3881 1712 verba
3917 1659 4041 1711 vita:

2443 1750 2658 1796 interna:
2700 1743 2919 1798 habere.
2971 1744 3100 1799 lilud
3141 1747 3285 1800 enim
3326 1745 3570 1816 discipuli
3615 1758 3699 1802 est
3729 1789 3743 1811 ,
3792 1750 4039 1819 magistri

2445 1833 2601 1888 verba
2633 1836 3019 1890 noncuriOsius
3048 1837 3340 1907 inquirere,
3373 1837 3468 1893 sed
3499 1838 3684 1894 audire
3709 1848 3762 1894 et
3783 1839 4036 1910 obsequi,

2441 1939 2502 1979 ae.
2551 1935 2761 1996 tempus
2801 1927 2867 1982 ad
2912 1930 3235 1985 solutionem
3281 1939 3645 2000 Opportunum
3692 1943 4035 2002 exspectare.

2437 2016 2545 2069 Cur
2571 2032 2699 2086 ergo
2737 2020 3065 2073 ctmtrarium
3091 2062 3105 2084 ,
3149 2020 3378 2085 accidit,
3429 2021 3670 2091 inquient
3697 2062 3712 2087 ,
3739 2033 3794 2078 et
3825 2033 4035 2078 retror-

2436 2122 2552 2160 sum
2584 2109 2873 2164 abierttnt?
2902 2111 2956 2165 Id
2985 2127 3047 2166 ex
3077 2112 3286 2167 illorum
3316 2113 3615 2183 insipientia
3634 2115 3832 2168 evenit.
3851 2115 4037 2181 Quan-

2434 2199 2503 2252 do
2530 2201 2671 2255 enim
2703 2201 2844 2256 subit
2868 2203 3106 2257 animout
3140 2203 3225 2258 illa
3265 2205 3526 2272 quzestio,
3562 2203 3870 2270 Quomodo,
3905 2215 4035 2261 tunc.

2435 2305 2537 2345 una
2563 2291 2858 2360 ingreditur
2888 2293 3257 2348 incredulitas.
3290 2293 3380 2350 Sic
3405 2305 3458 2350 et
3481 2293 3808 2351 Nicodemus
3845 2296 4035 2351 turba-

2431 2379 2587 2435 batur
2609 2383 2827 2437 dicens:
2860 2382 3124 2449 Quomodo
3142 2394 3302 2454 potest
3323 2385 3475 2438 homo
3504 2386 3695 2439 intrare
3716 2387 3770 2439 in
3798 2397 4026 2441 ventrem

2429 2474 2603 2526 matris
2630 2490 2736 2527 sua:
2761 2473 2786 2528 .’
2828 2475 2908 2529 sic
2949 2483 3004 2530 et
3053 2475 3105 2529 bi
3141 2491 3282 2532 nunc
3311 2476 3591 2547 turbantur
3614 2476 3861 2532 dicentes
3890 2498 3905 2531 :
3938 2480 4026 2534 52.

2432 2563 2695 2628 Quomodo
2726 2575 2885 2634 potest
2922 2567 3006 2620 hic
3049 2569 3192 2621 uobis
3217 2584 3420 2622 carnem
3448 2585 3592 2622 suout
3622 2569 3746 2622 dare
3774 2571 3846 2622 ad
3877 2588 4028 2624 mau-

2427 2657 2716 2708 tlucandum
2737 2658 2764 2710 ?
2790 2655 2923 2710 Nam
2955 2659 3000 2711 si
3033 2657 3182 2724 illud,
3213 2658 3502 2726 Quomodo,
3529 2660 3752 2729 inquiris
3779 2704 3795 2725 ,
3831 2678 3936 2716 cur
3963 2664 4027 2716 de

2428 2748 2652 2816 panibus
2684 2764 2789 2802 non
2820 2747 2954 2803 dicis
2980 2791 2993 2814 ,
3047 2750 3329 2818 Quomodo
3372 2751 3608 2821 quinque
3655 2767 3829 2820 panes
3861 2755 3916 2808 in
3953 2766 4027 2808 tot

2423 2839 2556 2893 alios
2581 2839 2953 2910 tnnItipIicavit
2980 2841 3003 2894 ?
3029 2840 3162 2894 Nam
3203 2849 3330 2896 tunc
3359 2842 3587 2896 saturari
3630 2844 3900 2898 curabant
3929 2862 4021 2900 so-

2423 2929 2697 2985 lummodo
2721 2973 2735 2998 ,
2789 2947 2888 2988 nec
2913 2932 3328 2987 considerabant
3355 2933 3692 2988 miraculum.
3717 2934 3826 2990 Sed
3855 2953 4025 3006 expc-

2421 3022 2630 3085 rientia,
2665 3023 2889 3092 inquies,
2925 3032 3048 3077 tunc
3073 3022 3270 3078 docuit.
3303 3023 3441 3092 Ergo
3467 3024 3535 3078 ob
3558 3025 3700 3079 illam
3730 3028 4025 3094 experien-

2423 3113 2547 3166 tiam
2579 3112 2693 3167 Itaec
2720 3113 2930 3169 facilius
2955 3113 3101 3169 credi
3129 3117 3384 3184 oportuit.
3430 3114 3553 3170 Ideo
3586 3131 3819 3187 namque
3854 3120 4008 3187 prius

2421 3205 2550 3259 illud
2591 3215 2695 3259 tam
2725 3206 2968 3261 mirabile
2990 3208 3256 3275 patravit,
3280 3215 3336 3260 ttt
3365 3207 3456 3262 illo
3485 3207 3658 3262 edocti
3687 3248 3700 3273 ,
3731 3223 3840 3262 non
3874 3210 4022 3264 ultra

2416 3299 2574 3353 dictis
2597 3298 2751 3354 fidem
2782 3307 3060 3368 negarent.
3086 3297 3164 3352 Illi
3195 3298 3411 3368 quidem
3439 3308 3564 3354 tunc
3588 3301 3850 3368 temporis
3883 3301 4018 3354 nihil

2418 3391 2659 3445 utilitatis
2705 3406 2770 3446 ex
2817 3391 2973 3446 dictis
3002 3393 3347 3458 retulerunt,
3376 3407 3476 3446 nos
3518 3392 3691 3460 reipsa
3741 3391 4020 3446 beneficio

2418 3480 2664 3535 fruimur.
2694 3481 3032 3553 Quapropter
3075 3482 3387 3537 discendum
3430 3483 3557 3552 quid
3587 3484 3657 3536 sit
3683 3476 4015 3538 miracufnm

2418 3575 2792 3644 mysteriorum
2826 3617 2840 3640 ,
2872 3591 2970 3630 cur
2999 3575 3120 3630 data
3154 3576 3259 3630 sint
3288 3617 3303 3643 ,
3349 3591 3468 3646 quae
3513 3577 3725 3630 illorum
3779 3578 4016 3631 utilitas.

2419 3666 2587 3720 Unum
2621 3684 2804 3736 corpus
2826 3683 3018 3730 sumus,
3047 3667 3240 3736 inquit,
3271 3676 3317 3720 et
3347 3668 3568 3720 membra
3593 3684 3657 3721 ea:
3677 3684 3832 3721 carne
3856 3680 3908 3721 ct
3940 3686 4022 3721 os-

2412 3759 2548 3810 sibus
2568 3759 2676 3828 ejus
2704 3757 2928 3830 (Epltes.
2952 3759 3007 3813 5.
3035 3759 3103 3814 50
3199 3758 3392 3814 lnitiati
3431 3760 3587 3814 dictis
3613 3759 4016 3829 obsequantur.

2488 3850 2540 3903 '5.
2588 3849 2654 3905 Ut
2683 3865 2811 3920 ergo
2837 3867 2942 3904 non
2975 3851 3147 3904 solum
3199 3865 3294 3919 per
3318 3849 3658 3906 dilectionem
3677 3893 3691 3917 ,
3717 3851 3812 3906 sed
3840 3854 4014 3906 etiam

2414 3941 2607 4008 reipsa,
2637 3954 2758 3993 cum
2791 3939 2877 3994 illa
2905 3955 3068 3995 carne
3107 3940 3590 3997 commisceamur:
3635 3941 3685 3996 id
3712 3942 3855 4012 quod
3890 3945 4018 3998 clli-

2410 4031 2549 4085 citur
2593 4047 2687 4102 per
2712 4031 2888 4087 cibum
2921 4047 3078 4101 quem
3133 4031 3224 4087 ille
3273 4031 3439 4097 dedit,
3472 4041 3529 4086 ut
3573 4033 3821 4088 ostendat
3848 4035 4015 4088 nob.s

2409 4132 2609 4192 quanto
2639 4139 2763 4193 erga
2792 4138 2892 4178 nos
2920 4124 3119 4178 ferveat
3144 4138 3348 4178 amore.
3383 4123 3507 4178 Ideo
3553 4138 3612 4178 se
3655 4123 3810 4177 nobis
3855 4140 4012 4179 com-

2411 4215 2643 4277 miscuit,
2667 4223 2721 4267 et
2748 4215 2800 4267 in
2831 4228 2997 4268 unum
3024 4227 3220 4282 corpus
3245 4221 3412 4267 totum
3439 4213 3732 4277 constituit,
3759 4223 3815 4267 ut
3837 4231 4010 4270 unum

2411 4302 2600 4368 simus,
2632 4304 2782 4371 quasi
2815 4319 3013 4374 corpus
3060 4303 3302 4373 junctum
3351 4303 3533 4373 capiti.
3583 4302 3715 4358 Nam
3759 4304 4011 4361 ardentia.

2410 4396 2609 4449 amoris
2660 4395 2761 4451 hoc
2804 4406 2886 4451 est
2937 4395 3213 4451 indicium.
3245 4395 3357 4451 Hoc
3385 4395 3728 4452 subintlicans
3759 4397 3888 4462 Job,
3942 4400 4011 4454 de

2409 4488 2580 4542 servis
2629 4488 2740 4543 suis
2770 4488 3004 4555 dicebat,
3034 4505 3064 4543 a
3093 4489 3286 4558 quibus
3335 4490 3414 4543 sic
3454 4491 3754 4553 atnabatur,
3787 4501 3844 4546 ut
3889 4494 4012 4562 ejus

2407 4578 2658 4632 carnibus
2701 4578 2986 4633 admisceri
3035 4588 3378 4647 peroptarent
3408 4595 3421 4632 :
3453 4590 3510 4634 ut
3545 4581 3686 4635 enim
3719 4581 4007 4638 ardentem

2409 4685 2647 4724 amorem
2687 4671 3071 4736 ostenderent,
3120 4670 3408 4725 dicebant:
3445 4670 3570 4738 Quis
3620 4671 3703 4725 det
3755 4675 3903 4728 uobis
3949 4678 4010 4728 de

2409 4764 2641 4817 carnibus
2684 4765 2806 4827 suis,
2844 4775 2893 4817 ut
2933 4773 3220 4816 saturentur
3250 4763 3370 4836 (Job
3415 4765 3504 4818 51.
3561 4766 3698 4834 3|)?
3737 4765 3899 4833 Quod
3951 4782 4004 4824 et

2407 4856 2652 4912 Christus
2686 4856 2830 4922 fecit,
2863 4856 2928 4912 ad
2959 4857 3216 4925 majorem
3260 4871 3358 4912 nos
3390 4858 3678 4912 amicitiam
3711 4859 4006 4928 inducens,

2409 4958 2461 5004 et
2492 4965 2642 5001 suum
2671 4948 2824 5002 nobis
2848 4948 3225 5002 demonstrans
3254 4961 3530 5012 amorem;
3571 4963 3743 5017 neque
3773 4963 3834 5004 se
3866 4967 4005 5006 con-

2408 5043 2584 5109 cupisc
2627 5039 2800 5095 ntibus
2831 5039 3119 5094 videndum
3157 5038 3318 5093 modo
3346 5038 3611 5109 praebuit;
3638 5040 3732 5095 sed
3767 5050 4004 5114 tangen-

2406 5134 2553 5196 dum,
2582 5155 2602 5187 ι
2630 5132 2993 5199 nnedendum,
3022 5131 3273 5187 dentibus
3314 5132 3615 5197 terendum,
3638 5135 4005 5192 commiscen-

2406 5221 2534 5278 dum
2580 5241 2593 5288 ;
2707 5225 3142 5295 desideriumque
3169 5224 3406 5294 implevit
3429 5241 3608 5281 omne.
3634 5227 3716 5283 Ab
3743 5228 3832 5283 illa
3865 5246 4002 5302 ergo

2469 5382 2483 5410 ¹
2525 5380 2576 5428 In
2595 5378 2731 5429 Savil.
2757 5379 3022 5441 legitur....
3051 5391 3140 5442 pro
3162 5379 3331 5442 mundi
3366 5379 3474 5429 vita.
3508 5389 3683 5438 Herum
3708 5417 3722 5439 ,
3747 5395 3874 5433 noua
3901 5386 4002 5436 Iut'c

2406 5443 2624 5505 (lm'trt'no
2640 5449 2726 5497 est,
2741 5441 2978 5505 inquiunt,
2997 5451 3041 5492 et
3054 5441 3280 5490 inaudita
3295 5455 3310 5490 :
3325 5450 3532 5505 Joannes
3556 5449 3715 5491 tamen
3727 5444 3878 5505 illud,
3903 5458 3999 5498 etc.

2405 5505 2584 5552 Morelli
2613 5504 3315 5566 lectionemsequimur,quam
3341 5504 3460 5552 item
3485 5511 3729 5565 sequutus
3755 5516 3835 5558 est
3856 5504 4000 5557 Frao-

2403 5568 2559 5613 ciseus
2575 5570 2812 5614 sretinus.
2845 5564 3029 5614 Verum
3053 5567 3210 5615 amba:
3237 5564 3489 5626 lectiones,
3516 5564 3691 5629 siquis
3708 5577 3910 5620 attente
3932 5573 3998 5620 le-

2405 5636 2503 5686 gat.
2533 5629 2705 5675 eodem
2730 5629 2960 5676 redeunt.

2465 5692 2538 5749 (α)
2571 5692 2649 5757 sic
2668 5690 2721 5757 ha
2767 5696 2848 5757 ent
2872 5686 3367 5757 om‘niaexemplarta.
3394 5690 3483 5740 Sed
3506 5689 3660 5741 [αἱροῖ
3685 5702 3785 5741 non
3812 5705 3995 5757 capere

2404 5767 2481 5802 tne
2506 5753 2619 5814 quid
2640 5753 2713 5802 Inc
2753 5756 2825 5800 -ιιη
2867 5752 3384 5815 wlittlbt‘ysoslvmus.
