4164 6324
216 344 310 401 QUI

216 459 395 498 mensa
430 444 776 511 recedamus,
814 455 1082 515 tamquam
1111 447 1303 502 leones
1324 450 1497 514 ignem
1529 451 1817 519 spirantes,

220 533 429 588 diabolo
454 537 757 602 terribiles,
781 540 1078 609 cogitantes
1104 538 1247 607 quod
1280 540 1347 593 sit
1367 550 1526 610 caput
1554 548 1815 607 nnStrum,

219 636 269 680 et
297 633 556 695 quantam
592 629 748 683 nobis
794 629 1137 684 dilectionem
1185 631 1508 686 exhibuerit.
1561 634 1818 689 Parentes

218 732 355 786 szrpe
380 716 586 773 liberos
605 734 733 775 suos
750 720 973 791 aliisque
992 722 1213 777 alendos
1234 725 1481 788 tradunt;
1510 739 1608 795 ego
1626 734 1816 784 coatra

216 810 467 864 carnibus
498 811 621 867 illos
647 812 783 867 meis
812 813 917 875 alo,
950 815 1211 885 meipsum
1240 831 1473 890 appono,
1503 833 1597 873 vos
1624 833 1815 875 omnes

213 901 420 956 nobiles
447 917 572 957 esse
598 904 738 968 volo,
765 913 816 959 et
871 905 1067 960 bonam
1110 906 1178 962 de
1209 908 1399 964 futuris
1423 925 1573 980 spem
1601 910 1809 971 adfero.

210 989 341 1045 Nam
369 995 460 1063 qui
509 995 562 1047 in
596 994 696 1048 hac
728 995 832 1049 vita
866 1010 926 1051 se
955 998 1108 1051 vobis
1149 999 1396 1063 tradidit,
1432 1002 1599 1055 multo
1643 1004 1813 1072 magis

208 1087 260 1139 iu
311 1086 490 1141 futura
541 1088 757 1143 favebit.
791 1089 980 1145 Frater
1018 1106 1139 1147 esse
1188 1101 1366 1148 vester
1393 1094 1555 1161 volui,
1592 1104 1813 1165 propter

208 1195 300 1234 vos
326 1195 675 1236 communem
706 1182 862 1237 habui
886 1199 1102 1239 carnem
1128 1194 1183 1239 et
1208 1186 1521 1256 sanguinem
1547 1206 1559 1241 :
1593 1204 1806 1243 rursum

144 1244 151 1251 Ι
208 1272 361 1328 vobis
388 1288 611 1329 carnem
653 1284 708 1330 et
736 1278 1051 1347 sanguinem
1078 1279 1232 1333 trado
1264 1295 1360 1350 per
1389 1296 1509 1350 qua:
1538 1296 1811 1353 congcncr

205 1364 355 1418 vobis
387 1365 561 1420 factus
596 1381 735 1421 sum.

274 1457 560 1527 Sanguinis
598 1458 786 1514 Christi
814 1465 1061 1517 encomia.
1085 1493 1157 1504 —
1186 1462 1281 1518 llic
1307 1466 1525 1535 sanguis
1567 1466 1617 1519 in
1649 1465 1805 1523 nobis

201 1548 427 1618 regiam,
458 1548 811 1621 ﬂoridamqne
850 1554 1070 1609 exhibet
1097 1556 1409 1625 imaginem,
1444 1558 1799 1627 pulchritudi-

203 1656 320 1694 nem
355 1643 497 1711 parit
547 1642 937 1709 incredibilem,
967 1648 1162 1703 animae
1204 1651 1538 1707 nobilitatem
1588 1669 1799 1711 marce-

200 1748 350 1787 scere
396 1751 504 1789 non
548 1738 697 1804 sinit,
738 1737 865 1794 dum
919 1739 1228 1812 frequenter
1272 1746 1455 1816 irrigat
1502 1756 1556 1803 et
1607 1750 1794 1805 nutrit.

198 1822 430 1893 Sanguis
476 1828 619 1881 enim
668 1844 774 1883 non
804 1833 984 1887 statim
1038 1834 1089 1888 in
1141 1836 1295 1891 nobis
1333 1838 1385 1892 lit
1418 1855 1483 1893 ex
1531 1840 1674 1907 cibo,
1703 1842 1797 1897 sed

196 1918 336 1971 aliud
368 1920 643 1991 quidpiam
677 1941 690 1978 :
726 1922 813 1980 hic
864 1942 985 1983 vero
1028 1930 1246 1999 sanguis
1284 1933 1566 1987 confestim
1611 1936 1797 2007 irrigat

193 2008 461 2073 animam,
495 2022 550 2066 et
593 2029 837 2085 magnam
883 2018 985 2071 vim
1030 2021 1182 2076 indit.
1215 2022 1312 2078 Hic
1357 2027 1605 2095 sanguis‘
1636 2028 1796 2100 digne

192 2110 448 2168 acceptus
488 2103 762 2160 dzcmonas
790 2112 970 2177 procul
1001 2112 1169 2180 pellit,
1204 2117 1423 2183 angelos
1452 2118 1516 2173 ad
1553 2134 1651 2173 nos
1694 2121 1791 2176 ad-

194 2202 392 2257 vocat,
457 2196 738 2267 ipsumque
786 2204 1099 2273 angelorum
1151 2207 1453 2266 Dominum.
1510 2213 1794 2272 D:mnones

190 2288 388 2355 quippe
423 2287 659 2359 fugiunt,
696 2293 782 2349 ubi
830 2297 1011 2353 vident
1055 2302 1371 2372 sanguinem
1414 2306 1789 2377 Dominieum;

191 2392 481 2436 accurrunt
523 2394 703 2440 autem
752 2391 948 2460 angeli.
980 2391 1077 2447 llic
1110 2397 1328 2466 sanguis
1375 2399 1578 2456 ell'usus
1621 2412 1789 2460 totum

190 2470 373 2525 orbem
406 2475 635 2530 abluit'.
672 2478 827 2551 Multa
859 2481 927 2537 de
957 2482 1059 2540 hoc
1086 2490 1345 2558 sanguine
1375 2490 1563 2546 beatus
1592 2493 1789 2551 Paulus

190 2560 236 2615 in
283 2564 526 2632 EpiSIola
558 2571 624 2622 ad
674 2570 930 2629 Hebrmos
980 2577 1355 2649 philosophice
1405 2584 1646 2640 tradidit.
1690 2588 1790 2645 Hic

188 2659 404 2727 Sanguis
433 2661 590 2733 adyta
620 2674 674 2719 et
702 2676 885 2721 sancta
914 2680 1224 2727 sanctorum
1255 2678 1523 2745 purgavit.
1558 2678 1709 2747 Quod
1741 2683 1786 2737 si

187 2747 298 2815 ejus
347 2750 517 2821 ﬁgura
560 2764 763 2810 tantam
798 2760 902 2813 vim
935 2760 1122 2817 habuit
1152 2763 1206 2819 in
1252 2765 1600 2824 Hebraeorum
1646 2781 1783 2828 tem-

187 2839 288 2905 plo,
335 2841 389 2894 in
428 2843 599 2898 media
652 2845 906 2919 Egypto,
959 2850 1235 2911 liminibus
1288 2873 1563 2929 aspersus,
1616 2864 1786 2920 multo

187 2933 442 3002 majorem
475 2936 584 3005 ipsa
610 2940 806 2995 veritas
831 2940 1011 2999 habet.
1035 2945 1133 3000 Hic
1153 2951 1370 3019 sanguis
1387 2967 1533 3007 aram
1561 2969 1782 3012 auream

184 3025 417 3078 sacravit
446 3044 459 3080 ι
492 3027 610 3083 sine
642 3028 745 3083 hoc
775 3047 878 3086 non
904 3036 1131 3091 audebat
1158 3040 1409 3111 princeps
1437 3045 1780 3102 sacerdotum

185 3114 232 3169 in
256 3116 415 3191 adyta
445 3120 671 3191 ingredi.
722 3124 817 3179 llic
863 3132 1081 3197 sanguis
1112 3133 1424 3190 sacerdotes
1473 3138 1778 3209 ordinabat,

184 3207 265 3265 hic
306 3210 357 3266 in
392 3210 576 3282 liguris
606 3227 818 3284 peccata
868 3219 1137 3278 abluebat.
1168 3224 1221 3279 Si
1267 3226 1326 3281 in
1357 3228 1541 3298 figuris
1575 3207 1779 3289 tantam

182 3302 281 3356 vim
310 3303 521 3369 habuit,
552 3312 595 3362 si
632 3312 873 3365 umbram
918 3318 988 3367 ita
1020 3332 1168 3371 mors
1198 3319 1440 3389 horruit;
1470 3325 1775 3390 veritatem,

181 3410 383 3465 qumso,
412 3410 667 3469 quantum
698 3402 1051 3462 formidabit?
1103 3409 1197 3466 llic
1225 3417 1444 3483 sanguis
1470 3418 1616 3473 salus
1647 3421 1780 3475 aui-

180 3503 383 3543 marum
438 3502 741 3550 nostrarum
785 3507 913 3553 est:
966 3501 1068 3555 hoc
1106 3504 1376 3559 abluitnr’
1421 3513 1631 3577 anima,
1677 3512 1776 3568 hoc

180 3593 427 3649 ornatur,
482 3585 584 3642 hoc
638 3588 941 3646 incenditur
990 3612 1004 3649 ς
1060 3595 1147 3651 hic
1183 3599 1304 3667 igne
1353 3602 1774 3669 splendidiorem

180 3688 408 3733 mentem
439 3689 680 3739 nostram
711 3684 890 3741 reddit
922 3702 937 3741 :
983 3686 1071 3744 hic
1100 3695 1321 3762 sanguis
1347 3694 1550 3752 etl‘usus
1580 3700 1770 3754 escium

179 3769 413 3835 pervium
448 3771 593 3827 fecit.
1296 3846 1297 3849 η

241 3860 291 3915 ι.
334 3861 639 3920 Tremenda
675 3882 803 3924 vere
828 3872 1082 3939 mysteria
1111 3874 1402 3943 Ecclesia;
1439 3880 1767 3938 horrendum

178 3966 297 4008 vere
323 3954 515 4011 altare.
547 3957 626 4012 Ex
654 3961 902 4028 paradiso
933 3965 1053 4020 fons
1081 3970 1325 4024 scaturiit
1352 3974 1583 4030 sensiles
1612 3978 1765 4031 emit-

177 4047 288 4098 teus
344 4044 578 4103 ﬂuvios:
611 4065 676 4106 ex
732 4051 833 4109 hac
887 4071 1071 4113 mensa
1130 4060 1249 4117 fons
1303 4066 1529 4121 scaturit
1575 4068 1767 4125 ﬂuvios

174 4138 420 4194 cmittens
452 4141 779 4212 spirituales.
809 4147 890 4203 Ad
919 4149 1060 4207 hunc
1089 4152 1289 4211 fontem
1331 4158 1615 4229 eriguntur
1660 4178 1765 4217 non

175 4227 362 4285 salices
421 4232 798 4302 inlructuosre,
832 4240 926 4296 sed
975 4243 1197 4303 arbores
1248 4250 1315 4302 ad
1372 4252 1543 4321 ipsum
1575 4253 1764 4312 caelum

1686 4479 1712 4494 η
1722 4479 1762 4508 θ’

175 4500 307 4561 hunc
327 4505 489 4563 adeat
518 4507 742 4579 fontem,
760 4522 813 4569 et
836 4516 1085 4574 ardorem
1112 4500 1549 4593 temperet—Nam
1571 4500 1763 4589 aestum

175 4592 327 4667 fugat,
358 4607 413 4652 et
442 4600 633 4657 adusta
661 4607 841 4661 omnia
874 4613 1155 4681 rel’rigerat
1188 4634 1201 4669 :
1237 4635 1343 4673 lltlll
1387 4638 1505 4690 tutae
1538 4640 1604 4679 es
1632 4627 1763 4680 solis

173 4688 356 4747 ardore
387 4704 642 4764 astuant,
671 4699 763 4752 sed
794 4717 911 4769 qtttc
944 4704 1113 4772 igneis
1161 4712 1368 4779 sagittis
1396 4726 1585 4769 exusta
1613 4729 1755 4773 sunt.

173 4780 466 4855 Supernum
495 4789 640 4845 enim
684 4791 841 4850 habet
883 4798 1205 4871 principium
1233 4814 1288 4859 et
1326 4810 1586 4877 radicem,
1620 4815 1761 4870 unde

226 4940 239 5019 ξ
274 4940 370 5019 1Uii
384 4942 581 5019 legunt,
604 4945 685 5019 hic
706 4951 902 5013 sanguis
918 4956 1164 5019 mysticus.

218 5002 242 5084 ξ
266 5010 408 5084 .l'u‘xta
430 5002 1279 5084 ξιυιχφί.,Ιθεριιᾶιηήζὲἵῖρὶἷὶἵῃνο,
1306 5027 1476 5081 abluit.

224 5064 242 5093 ³
274 5066 409 5116 ῘάιἪΙ
436 5070 583 5132 lt-gil,
608 5064 1038 5141 ludiﬁcatur;

1204 345 1271 402 IN
1308 339 1624 401 JOANNEM
1666 339 1899 399 uouit.
1944 341 2154 405 xcvn.
2193 354 2264 409 al.
2309 358 2493 419 xm,

3429 382 3537 439 ‘26?

1930 454 1983 499 et
2013 446 2283 518 irrigatur.
2318 453 2393 508 Ex
2440 455 2541 511 hoc
2585 456 2733 514 fonte
2778 462 2931 517 multi
2980 466 3079 520 rivi
3124 482 3365 539 manant,
3396 494 3532 545 quos

1928 540 2126 595 emittit
2142 542 2467 609 Paracletus,
2488 549 2760 622 Piliusque
2778 556 3044 612 mediator
3059 572 3141 615 est
3160 581 3170 615 :
3188 579 3293 619 non
3315 540 3533 629 bidente

1925 631 2067 683 viam
2118 645 2289 699 parat,
2319 637 2410 691 sed
2462 639 2708 695 affectum
2744 655 2989 700 nostrum
3023 654 3212 716 aperit.
3266 655 3362 713 llic
3413 658 3532 716 fons

1926 719 2062 774 lucis
2093 734 2195 790 cst,
2230 731 2472 784 veritatis
2501 734 2680 788 radios
2712 737 3032 795 dill‘undi-ns.
3071 742 3201 797 Huic
3242 750 3402 803 etiam
3425 754 3531 806 ‘ad-

1924 820 2069 866 stant
2124 830 2372 885 superna:
2421 822 2686 891 virtutes,
2741 830 3016 886 alveorum
3072 837 3525 903 pulchritudinem

1926 902 2198 961 intuentes
2234 925 2245 959 :
2281 911 2401 976 quia
2432 913 2629 969 clarius
2679 923 2970 989 proposita:
3014 926 3090 979 rei
3120 928 3246 991 vim,
3282 942 3334 984 et
3382 935 3523 988 inar-

1920 1010 2106 1052 cessos
2151 1001 2332 1056 radios
2378 1008 2727 1075 perspiciunt.
2761 1010 2827 1066 Ut
2854 1013 2998 1067 enim
3031 1017 3077 1069 si
3112 1020 3233 1086 quis
3267 1024 3317 1075 in
3354 1024 3517 1093 lique-

1919 1089 2115 1148 factum
2144 1110 2334 1151 aurum
2370 1116 2596 1175 manum
2630 1108 2710 1159 vel
2758 1108 2990 1175 linguam
3022 1114 3242 1183 injiciat,
3270 1121 3311 1172 si
3346 1133 3521 1180 tamen

1917 1182 1968 1236 id
1997 1185 2109 1238 lieri
2148 1189 2337 1255 possit,
2366 1195 2546 1247 statim
2581 1195 2876 1253 inauratam
2909 1203 3119 1267 reddit;
3154 1208 3202 1261 id
3250 1197 3519 1281 proposita

1917 1278 2167 1347 mysteria
2203 1280 2360 1351 longe
2384 1286 2575 1341 melius
2606 1289 2800 1346 animae
2827 1306 3099 1361 prmstant.
3136 1300 3354 1359 Fluritts
3374 1309 3518 1362 enim

1915 1367 2035 1437 igne
2076 1371 2369 1430 ferventius
2407 1376 2628 1446 ebullit;
2680 1393 2733 1436 at
2763 1400 2869 1439 non
2917 1389 3041 1454 urit,
3074 1391 3167 1445 sed
3202 1396 3363 1455 abluit
3398 1409 3518 1454 tan-

1914 1470 2045 1514 tum.
2091 1462 2243 1519 Hunc
2280 1468 2595 1538 sanguinem
2620 1473 2750 1528 olim
2796 1480 3208 1548 przeligurabant
3238 1485 3291 1539 in
3328 1490 3518 1546 altari-

1911 1552 2030 1619 bus,
2059 1554 2111 1609 in
2142 1555 2392 1627 legitimis
2413 1563 2685 1619 cmdibus:
2716 1566 2815 1621 hoc
2844 1580 2927 1623 est
2954 1574 3100 1627 orbis
3128 1578 3379 1644 pretium,
3418 1582 3519 1638 hoc

1908 1654 1992 1698 est
2018 1662 2123 1715 quo
2151 1648 2399 1706 Christus
2450 1652 2743 1712 Ecclesiam
2793 1664 2955 1722 emit,
3002 1667 3103 1720 hoc
3154 1667 3299 1722 illam
3348 1681 3514 1729 totam

1907 1738 2139 1793 ornavit.
2174 1740 2238 1796 Ut
2265 1744 2408 1798 enim
2440 1747 2529 1815 qui
2561 1761 2746 1804 servos
2765 1754 2919 1817 emit,
2952 1770 3140 1811 aurum
3173 1760 3283 1820 dat.
3316 1773 3369 1817 et
3397 1765 3515 1820 illos

1906 1826 1950 1879 si
1984 1842 2180 1883 ornare
2221 1834 2368 1901 velit,
2401 1850 2535 1890 auro
2562 1850 2717 1894 ornat
2744 1859 2757 1896 τ
2790 1841 2858 1896 ita
2890 1854 2943 1897 et
2970 1845 3215 1906 Clu-,istus
3257 1869 3355 1907 ms
3382 1870 3509 1910 san-
3578 1868 3596 1887 ⁸

1904 1920 2064 1989 guine
2088 1935 2187 1975 suo
2216 1935 2269 1977 et
2292 1926 2420 1981 emit
2439 1936 2491 1981 et
2509 1945 2637 1983 orna
2651 1932 2742 1985 vit.
2763 1933 2860 2002 Qui
2897 1935 3055 2006 hujus
3082 1944 3359 2012 sanguinis
3388 1963 3512 2015 par-

1906 2012 2091 2081 ticipes
2120 2027 2263 2084 sunt,
2294 2033 2415 2073 eum
2444 2024 2647 2093 angelis
2692 2035 2838 2080 stant
2869 2038 2921 2083 et
2951 2031 3295 2103 archangelis
3322 2048 3376 2093 et
3417 2056 3511 2094 su-

1901 2105 2084 2173 pernis
2116 2112 2489 2176 potestatibus,
2510 2117 2657 2185 regia
2683 2118 2880 2174 Christi
2909 2126 3042 2179 stola
3074 2128 3240 2183 induti
3268 2139 3323 2185 et
3346 2135 3511 2189 armis

1901 2194 2268 2263 Spirituaiibus
2306 2203 2574 2259 instructi.
2609 2208 2716 2264 Scd
2771 2213 2898 2266 nihil
2952 2232 3200 2286 magnum
3251 2221 3511 2283 hactenus

1899 2288 2007 2342 dixi
2043 2306 2058 2343 :
2093 2308 2211 2347 nam
2250 2294 2368 2364 ipso
2399 2309 2525 2351 sunt
2572 2300 2741 2356 induti
2792 2321 2939 2376 rege.
2973 2308 3075 2363 Sed
3127 2313 3264 2365 sicut
3308 2331 3394 2370 res
3426 2330 3507 2372 est

1898 2396 2089 2452 magna
2135 2393 2190 2439 et
2236 2390 2532 2445 mirabilis:
2563 2392 2632 2447 ita
2676 2396 2721 2450 si
2762 2414 2881 2451 eum
2913 2402 3146 2471 puritate
3189 2411 3506 2476 accesseris,

1897 2472 1963 2526 ad
2016 2474 2245 2532 salutem
2296 2484 2601 2550 occessisti;
2634 2487 2677 2540 si
2710 2503 2828 2542 cum
2871 2493 3009 2545 mala
3046 2497 3406 2562 coascivutia,
3440 2501 3505 2556 ad

1897 2566 2216 2634 supplicium
2246 2580 2300 2625 et
2342 2572 2618 2629 ultionem.
2666 2578 2767 2645 Qui
2803 2582 2937 2635 enim
2981 2586 3279 2650 mandacat,
3310 2590 3502 2660 inquit,

1895 2667 1941 2709 et
1983 2657 2102 2712 bibit
2143 2661 2351 2731 indigne
2400 2663 2651 2735 Domino,
2688 2672 2944 2742 judicium
2992 2675 3087 2728 sibi
3135 2657 3410 2748 naiadum}
3461 2694 3504 2735 et

1895 2747 2017 2803 bibit
2052 2750 2128 2822 (1.
2156 2752 2273 2807 Cor.
2309 2756 2396 2810 11.
2435 2757 2549 2827 29).
2580 2759 2633 2815 Si
2668 2761 2846 2833 itaque
2876 2765 2909 2819 ii
2937 2767 3025 2835 qui
3061 2770 3260 2837 regiam
3296 2787 3500 2843 purpu-

1893 2855 2007 2895 ram
2054 2843 2353 2913 inquinant,
2387 2865 2451 2904 ac
2494 2852 2537 2905 si
2588 2852 2975 2923 discinderent,
3009 2861 3340 2929 puniuntur:
3374 2866 3498 2934 quid

1892 2933 2085 2987 mirum
2116 2938 2158 2989 si
2185 2938 2217 2992 ii
2242 2942 2330 3009 qui
2355 2941 2632 2999 immundo
2652 2946 2835 3002 animo
2862 2948 2964 3004 hoc
2981 2965 3179 3020 corpus
3206 2956 3490 3026 accipiunt,

1892 3023 2032 3080 idem
2074 3030 2299 3083 subeant
2345 3035 2687 3103 supplicium,
2722 3038 2865 3107 quod
2914 3041 2947 3094 ii
2992 3042 3080 3108 qui
3130 3043 3258 3098 illud
3302 3023 3503 3114 corpus

1888 3117 2062 3173 clavis
2117 3122 2551 3180 transﬂxerunt?
2600 3128 2732 3185 Vide
2778 3147 2938 3200 quam
2995 3136 3236 3193 terribile
3300 3139 3497 3196 Paulus

1889 3210 2140 3267 exhibeat
2157 3217 2477 3285 supplicium
2499 3238 2512 3275 :
2538 3220 2750 3277 Irritam
2768 3226 2881 3293 quis
2900 3227 3094 3294 faciens
3117 3228 3275 3302 legem
3299 3231 3492 3305 Moysi,

1886 3304 1998 3358 sine
2026 3305 2134 3358 ulla
2160 3308 2485 3365 miseratione
2508 3312 2704 3367 duobus
2724 3316 2803 3369 vel
2822 3317 2981 3372 tribus
3004 3321 3211 3376 testibus
3245 3328 3493 3382 moritur:

1884 3410 2075 3469 quanto
2114 3402 2277 3472 magis
2332 3405 2523 3471 putatis
2572 3405 2824 3461 deteriora
2865 3414 3051 3466 mereri
3096 3417 3373 3485 supplicia,
3402 3422 3493 3491 qui

1885 3489 1936 3543 F
1938 3493 2081 3544 ilium
2109 3489 2208 3547 Dei
2244 3496 2635 3565 conculcaverit,
2662 3508 2709 3553 et
2735 3504 3035 3570 sanguinem
3062 3514 3347 3576 testamenti
3376 3489 3493 3581 pol-

1884 3580 2047 3636 lutum
2091 3584 2322 3647 direxerit,
2357 3587 2409 3641 in
2446 3603 2544 3657 quo
2569 3592 2917 3659 sanctiﬁcatus
2956 3607 3029 3649 est
3060 3596 3247 3669 (Hebr.
3280 3580 3487 3661 10.728.

1880 3675 2013 3745 29)?
2039 3678 2395 3733 Attendamus
2418 3680 2578 3751 igitur
2605 3684 2762 3738 nobis
2789 3685 3162 3755 ipsis,dilecti,
3180 3707 3302 3747 cum
3328 3698 3488 3751 tantis

1879 3767 2120 3824 fruamur
2169 3770 2359 3837 bonis;
2392 3784 2445 3828 et
2491 3789 2614 3830 cum
2644 3786 2801 3848 turpe
2826 3780 3100 3849 quidpiam
3147 3784 3295 3857 loqui
3342 3789 3486 3846 subit

1878 3862 2138 3929 animum,
2172 3864 2251 3917 vel
2301 3866 2517 3935 quando
2546 3869 2647 3935 ira,
2679 3872 2761 3925 vel
2812 3887 2976 3942 pravo
3008 3878 3257 3946 quopiam
3290 3880 3486 3936 aifectn

1877 3969 1978 4009 nos
2028 3956 2226 4025 corripi
2279 3959 2575 4042 cernimus,
2609 3962 2889 4018 nobiscum
2934 3980 3244 4037 reputemus
3290 3974 3483 4042 quibus

1872 4046 2076 4117 dignati
2109 4048 2276 4103 simus
2308 4032 2602 4117 beheﬂciis,
2622 4061 2780 4122 quem
2805 4055 3062 4125 Spiritum
3092 4064 3482 4131 acceperimus.

1877 4141 2003 4196 llmc
2021 4142 2273 4212 cogitatio
2303 4129 2517 4199 nostros
2540 4147 2893 4215 temperabit‘
2924 4152 3167 4210 affectus.
3192 4155 3483 4227 Quousque

1872 4236 2015 4290 enim
2068 4236 2229 4290 rebus
2254 4238 2611 4305 przcsentibus
2639 4239 3005 4299 hmrebimus?
3052 4264 3333 4319 quousque
3374 4268 3480 4306 non

1873 4325 2271 4381 exeitahimur?
2306 4344 2588 4397 quousque
2621 4334 2818 4387 nullam
2849 4335 3037 4391 salutis
3066 4350 3265 4394 nostra:
3295 4356 3479 4398 curam

1873 4417 2229 4473 habebimus?
2260 4420 2571 4491 Cogitemus
2595 4424 2915 4490 quibusnam
2946 4444 3044 4482 nos
3070 4430 3209 4485 Deus
3231 4432 3480 4504 dignatus

1871 4509 1963 4572 sit,
2004 4511 2205 4579 gratias
2251 4526 2495 4580 agamus,
2537 4513 2762 4583 gloriam
2798 4516 3115 4582 referamus.
3167 4538 3273 4577 non
3321 4526 3480 4582 modo

1874 4616 1969 4671 per
1993 4601 2173 4665 ﬁdem,
2202 4603 2295 4657 sed
2329 4605 2489 4658 etiam
2525 4621 2617 4675 per
2640 4621 2841 4677 opera:
2887 4621 2944 4665 ut
2978 4612 3153 4667 futura
3184 4630 3479 4688 consequa-

1872 4709 1993 4746 mur
2025 4693 2185 4756 bnna,
2218 4694 2382 4764 gratia
2416 4706 2470 4751 et
2510 4696 2841 4768 benignitate
2888 4703 3095 4757 Domini
3138 4709 3306 4761 nostri
3351 4708 3479 4764 Jrsu

1870 4784 2093 4848 Christi,
2115 4787 2329 4855 quicum
2366 4787 2505 4841 Patri
2538 4789 2730 4858 gloria,
2754 4808 2857 4845 una
2884 4808 3004 4847 cmn
3035 4808 3224 4851 sancto
3250 4798 3476 4869 Spiritu,

1870 4893 2014 4935 nunc
2036 4890 2089 4933 et
2114 4894 2332 4950 semper
2357 4890 2411 4935 et
2441 4881 2494 4935 in
2524 4882 2724 4937 smcula
2752 4885 3105 4940 saeculorum.
3139 4893 3331 4947 Amen.

1936 5079 1952 5112 ¹
1990 5076 2085 5127 Alii
2112 5076 2316 5137 habent,
2344 5082 2594 5139 temperet.

164 5142 3482 5304 ᾩ

168 5304 279 5360 CAP.
319 5307 373 5371 ϐ.
430 5327 481 5365 v.
526 5314 613 5369 55.
662 5315 802 5371 Dixit
845 5336 965 5392 ergo
1005 5325 1078 5378 eis
1120 5324 1271 5382 Iesus
1309 5346 1329 5384 :
1372 5332 1566 5398 Amen,
1614 5354 1761 5393 amen

230 5400 338 5455 dico
365 5403 527 5467 vobis,
555 5406 653 5459 nisi
692 5413 1117 5470 manducaveritis
1154 5432 1359 5473 carnem
1389 5422 1515 5477 Filii
1542 5428 1760 5484 hominis

229 5504 271 5543 et
291 5496 318 5545 ὑ
342 5493 518 5549 (teritis
539 5499 651 5567 ejus
684 5505 1003 5572 sanguinein,
1036 5524 1137 5561 non
1158 5511 1401 5568 habebitis
1428 5518 1580 5571 vitam
1607 5531 1758 5573 teter-

229 5599 342 5636 nam
393 5588 445 5640 in
494 5589 651 5643 vobis.
684 5592 773 5647 51.
809 5594 911 5658 Qui
952 5611 1119 5652 autem
1150 5605 1423 5660 manduca:
1453 5626 1615 5663 meam
1644 5630 1757 5666 car—

230 5692 372 5742 nem,
422 5692 468 5733 et
520 5680 639 5736 bibit
693 5702 858 5741 meum
907 5693 1248 5762 sanguinem,
1312 5698 1460 5753 liabet
1503 5703 1658 5756 vitam
1703 5706 1754 5759 in

230 5774 510 5841 semetipso.

238 5862 278 5916 l.
316 5865 451 5922 Cum
484 5867 551 5926 de
598 5871 765 5930 rebus
811 5877 1176 5948 spiritualibus
1223 5884 1566 5961 disserimus,
1616 5891 1745 5949 nihil

1868 5340 2127 5396 s:t:cnlare
2174 5340 2245 5394 sit
2284 5340 2335 5394 in
2380 5340 2575 5395 animis
2622 5343 2847 5407 nnatris,
2883 5346 3013 5399 nihil
3056 5357 3349 5419 terrenum,
3381 5354 3473 5407 sed

1867 5432 1953 5487 his
1980 5431 2229 5485 omnibus
2256 5432 2519 5486 abdicatis
2544 5448 2607 5487 ac
2634 5434 3108 5503 depulsis,divinis
3137 5446 3475 5501 sermonibus

1867 5526 1962 5580 toti
1993 5524 2317 5580 hmreamus.
2345 5524 2478 5579 Nam
2531 5525 2575 5579 si
2607 5542 2732 5597 rege
2764 5530 2814 5583 in
2860 5532 3043 5585 urbem
3090 5536 3356 5598 veniente,
3395 5548 3475 5591 lu-

1862 5617 2065 5673 multus
2112 5619 2289 5672 oumis
2328 5617 2649 5686 depellitur;
2694 5622 2863 5675 multo
2912 5625 3079 5693 magis
3122 5626 3323 5695 Spiritu
3376 5647 3472 5686 nos

1862 5709 2193 5779 alloquentc,
2242 5725 2363 5764 cum
2411 5710 2579 5765 multa
2626 5714 2827 5782 quiete,
2877 5729 2999 5769 cum
3044 5717 3213 5771 multo
3265 5729 3470 5777 terrore

1860 5802 2047 5858 audire
2098 5818 2195 5859 nos
2246 5819 2343 5874 par
2392 5813 2495 5859 est.
2533 5804 2772 5862 Horrore
2811 5824 3043 5878 namque
3095 5810 3255 5881 digna
3313 5814 3469 5871 hodie

1866 5894 2000 5950 lecta
2032 5906 2173 5952 sunt.
2208 5897 2340 5953 Audi
2387 5896 2553 5952 enim.
2607 5898 2762 5953 Anien
2804 5899 2917 5952 dico
2948 5899 3103 5967 vobis,
3140 5902 3326 5973 inquit,
3362 5907 3466 5961 nisi
