4164 6324
650 358 752 415 2‘55

650 471 762 533 quis
791 457 1160 517 manducauerit
1187 466 1384 506 carnem
1428 465 1614 512 meant,
1643 458 1687 500 et
1725 440 1899 497 biberit
1927 435 2218 504 sanguine"!

653 523 837 613 meum,
851 567 949 605 non
971 547 1165 601 habebit
1185 543 1338 597 vitam
1361 543 1411 595 in
1429 539 1692 606 sentctipso
1707 536 1745 585 ‘.
1759 531 1889 599 Quia
1913 527 2056 599 prius
2072 523 2222 576 dise-

657 653 773 700 rant
819 641 866 695 id
900 633 1228 707 impossibile
1257 647 1397 694 esse.
1431 627 1664 684 ostendit
1713 622 1763 677 id
1795 635 1899 673 non
1931 614 2089 670 modo
2118 625 2224 665 non

657 730 1018 802 impossibile,
1085 728 1182 782 sed
1233 725 1392 781 etiam
1455 719 1608 773 valde
1664 709 2021 768 neccSSarium
2084 716 2224 757 esse.

653 800 1008 889 Quamobrem
1042 819 1218 874 subdit
1248 833 1261 868 :
1295 814 1393 879 Qui
1434 808 1706 862 manducet
1749 816 1908 855 meam
1933 810 2154 857 caruerit,
2181 800 2227 845 et

655 918 774 970 bibit
803 930 967 972 meum
993 912 1306 982 sanguinem,
1330 902 1473 956 habet
1499 900 1653 953 vitam
1678 905 1937 955 ater-riam,
1966 896 2013 942 et
2039 901 2129 957 ego
2149 899 2229 982 re:

658 1007 910 1064 suscitabo
930 1019 1040 1058 eum
1079 974 1132 1053 in
1171 995 1436 1052 novissimo
1460 991 1561 1046 die.
1584 988 1717 1056 Quia
1747 986 1887 1040 enim
1913 981 2137 1037 dixerat.
2169 974 2231 1031 Si

659 1101 771 1167 quis
799 1091 1171 1148 manducaverit
1194 1103 1260 1141 ex
1283 1085 1379 1138 hoc
1421 1098 1570 1153 pane,
1603 1096 1705 1133 non
1733 1076 1968 1130 morietur
1990 1071 2043 1167 in
2086 1079 2232 1124 cter-

663 1159 825 1248 num;
866 1179 1257 1248 verisimileque
1295 1184 1408 1232 erat
1445 1173 1569 1226 hinc
1596 1170 1717 1224 illos
1753 1166 1984 1219 oﬁ't-nsos
2012 1159 2143 1224 fore,
2175 1166 2234 1212 ut

665 1282 806 1348 prius
843 1290 964 1332 cum
1004 1273 1264 1332 dicerent,
1317 1266 1573 1322 Abraham
1615 1271 1843 1316 mortuus
1882 1264 1976 1320 est,
2019 1262 2064 1308 et
2111 1266 2232 1320 pro-

663 1343 825 1439 pheta:
859 1365 1043 1421 mortui
1068 1372 1204 1423 sunt,
1238 1370 1284 1414 et
1310 1354 1561 1429 quomodo
1609 1364 1665 1407 tu
1708 1351 1856 1411 dicis.
1888 1364 1986 1401 non
2016 1343 2235 1416 gustabit

667 1435 920 1513 mortem?
971 1453 1410 1511 resurrectionem
1453 1446 1599 1517 ponit
1624 1443 1838 1500 solvens
1862 1435 2233 1508 quaestionem,

666 1561 717 1605 rt
759 1547 1045 1604 ostendens
1073 1559 1178 1598 non
1210 1541 1522 1597 moriturum
1569 1549 1690 1591 esse
1739 1545 1904 1600 usque
1954 1529 2004 1582 in
2050 1524 2229 1579 linem.

671 1643 999 1710 Frequenter
1037 1643 1214 1690 autem
1245 1633 1296 1686 in
1327 1628 1596 1700 mysteriis
1624 1632 1887 1687 versatur,
1910 1628 1969 1674 ut
1992 1613 2241 1671 ostendat

666 1746 821 1800 quam
850 1727 1144 1784 necessaria
1179 1739 1265 1780 res
1297 1723 1386 1787 sit,
1415 1729 1470 1777 et
1495 1717 1634 1789 quod
1673 1715 1889 1771 omnino
1927 1710 2040 1766 ﬁeri
2079 1723 2239 1778 opor-

669 1832 792 1876 teat.
818 1819 948 1874 Nam
975 1818 1063 1873 55.
1090 1815 1220 1871 Caro
1247 1830 1354 1867 mea
1375 1828 1489 1866 vere
1507 1819 1575 1865 est
1601 1809 1759 1868 cibus,
1785 1815 1829 1858 et
1854 1803 2060 1873 sanguis
2100 1816 2240 1854 meus

667 1927 777 1964 vere
804 1918 875 1964 est
915 1919 1082 1978 potus.
1111 1904 1245 1973 Quid
1270 1903 1369 1960 sibi
1399 1902 1510 1955 vult
1548 1899 1717 1954 illud?
1765 1899 1872 1950 Aut
1898 1895 2010 1948 vult
2037 1890 2242 1962 signiﬁ-

667 2017 810 2064 care,
842 2001 983 2054 hunc
1031 2012 1150 2053 esse
1180 2010 1358 2049 verum
1391 1993 1565 2048 cibum
1586 2031 1600 2054 ,
1631 1989 1717 2059 qui
1760 1988 1988 2041 animam
2031 1991 2238 2045 servet;
2299 2045 2308 2052 ν

671 2105 759 2147 aut
789 2093 900 2146 vult
927 2090 1084 2145 dictis
1127 2089 1242 2144 suis
1290 2087 1444 2140 ﬁdem
1493 2083 1686 2147 facere,
1719 2096 1783 2134 ne
1813 2087 1996 2149 putent
2023 2075 2072 2130 id
2098 2073 2239 2144 quod

671 2188 869 2240 dictum
897 2183 1016 2247 fuit,
1045 2183 1268 2250 a‘nigma
1299 2179 1380 2234 vel
1411 2176 1712 2248 parabolam
1740 2187 1860 2228 esse
1879 2213 1895 2236 ,
1936 2168 2028 2224 sed
2073 2167 2243 2223 sciant

671 2285 916 2344 oportere
969 2273 1186 2327 omnino
1232 2284 1423 2338 corpus
1471 2265 1772 2322 comedere.
1803 2260 2001 2316 Deinde
2026 2259 2120 2324 ait,
2150 2257 2238 2312 56.

675 2369 773 2432 Qui
804 2364 1072 2419 manducet
1111 2378 1272 2416 meam
1311 2375 1533 2423 carnem,
1572 2357 1625 2410 in
1657 2372 1732 2410 me
1781 2361 1971 2418 manet,
2001 2360 2058 2404 ut
2081 2349 2246 2420 signi-

675 2461 794 2512 licet
835 2455 975 2527 quod
1022 2471 1079 2510 se
1109 2469 1227 2509 cum
1261 2453 1375 2522 ipso
1404 2450 1715 2504 admisceat.
1749 2445 1900 2514 Quod
1929 2455 2104 2499 autem
2154 2457 2243 2498 sec

671 2549 870 2618 quitur,
893 2560 996 2599 non
1019 2542 1292 2598 cohaerere
1326 2541 1557 2604 videtur,
1591 2537 1691 2593 nisi
1720 2535 2072 2591 attendamus.
2092 2533 2245 2601 Quas,

674 2641 865 2718 inquit,
896 2645 978 2692 est
1005 2635 1402 2701 Consequentia,
1428 2640 1705 2702 postquam
1728 2629 1954 2694 dixerat,
1984 2628 2083 2694 Qui
2105 2643 2249 2678 man-

675 2733 823 2784 tlucat
866 2745 1026 2782 meam
1078 2743 1298 2788 carnem,
1330 2727 1383 2779 in
1434 2742 1511 2779 me
1552 2735 1738 2788 manet,
1783 2720 2121 2789 subjungere,
2155 2720 2245 2774 57.

675 2823 819 2876 Sicut
857 2821 989 2873 misit
1029 2836 1108 2874 me
1146 2820 1310 2871 vivens
1339 2815 1515 2880 Pater,
1548 2815 1620 2867 ita
1663 2822 1708 2867 et
1752 2829 1842 2883 ego
1892 2811 1998 2864 vivo
2045 2821 2249 2880 praptcr

679 2913 929 2969 Putrem?
974 2911 1085 2966 lino
1139 2911 1251 2964 lure
1282 2923 1523 2977 magnam
1580 2905 1779 2959 habent
1822 2903 2247 2958 consonantiam.

677 3006 808 3061 Nam
837 3019 957 3059 cum
986 3003 1145 3056 vitam
1176 3009 1429 3055 mternam
1462 3013 1604 3066 smpe
1632 2997 1870 3058 dixisset,
1900 2994 1965 3048 ad
2018 2993 2069 3047 id
2118 3009 2249 3047 con-

679 3093 994 3148 ﬁrmandum
1042 3091 1206 3153 addit,
1254 3088 1316 3143 In
1343 3105 1420 3143 me
1447 3095 1627 3140 manet.
1665 3086 1720 3140 Si
1760 3087 1899 3138 enim
1933 3085 1985 3137 in
2021 3098 2105 3138 me
2137 3097 2250 3136 ma-

680 3195 787 3246 net,
833 3192 886 3236 et
912 3198 1010 3252 ego
1042 3183 1180 3243 vivo,
1215 3181 1385 3248 palam
1417 3190 1498 3232 est
1541 3188 1593 3231 et
1639 3178 1784 3230 illum
1816 3190 1934 3230 esse
1966 3177 2248 3228 victurum.

681 3274 880 3330 Deinde
908 3274 1028 3328 ait:
1075 3272 1216 3327 Sicut
1261 3271 1394 3323 misit
1442 3287 1521 3322 me
1569 3269 1732 3324 vivens
1780 3267 1954 3322 Pater.
2004 3266 2128 3321 llzrc
2172 3273 2254 3320 est

680 3364 1006 3434 cmnparatio
1033 3372 1082 3418 et
1110 3361 1421 3422 similitudo.
1443 3375 1504 3415 ac
1530 3362 1573 3414 si
1595 3360 1813 3423 diceret,
1834 3359 1968 3412 Vivo
1995 3373 2094 3426 ego
2118 3358 2254 3410 sicut

681 3467 726 3508 ut
779 3457 954 3510 Pater.
1001 3454 1066 3508 Et
1105 3469 1170 3507 ne
1203 3452 1489 3521 ingenitum
1543 3460 1774 3520 putares,
1803 3449 1982 3502 statim
2029 3446 2252 3510 addidit,

687 3547 900 3614 Propter
952 3543 1178 3608 Patrem,
1211 3558 1314 3596 non
1363 3540 1504 3610 quod
1551 3540 1858 3609 operatione
1909 3537 2136 3607 quadam
2190 3536 2255 3591 ad

683 3634 964 3688 vivendum
995 3647 1130 3702 opus
1162 3632 1370 3686 habeat.
1393 3629 1648 3698 Superius
1669 3630 1814 3682 enim
1843 3633 1978 3681 hanc
2005 3642 2257 3681 amovens

687 3725 1043 3794 suspicionem
1094 3722 1304 3777 dicebat
1358 3738 1371 3774 :
1425 3721 1572 3776 Sicut
1619 3718 1774 3772 Pater
1829 3717 1973 3772 habet
2012 3719 2164 3770 vitam
2205 3719 2259 3771 in

687 3816 962 3886 semetipso,
995 3831 1067 3869 sic
1100 3814 1238 3867 dedit
1265 3797 1474 3866 etuFilio
1507 3812 1658 3864 vitam
1685 3810 1866 3863 habere
1894 3811 1945 3862 in
1971 3810 2254 3874 semetipso.

686 3905 836 3973 Quod
866 3906 908 3959 si
933 3913 1084 3974 egeat
1109 3903 1442 3974 Operatione,
1471 3908 1724 3968 sequetur
1765 3909 1856 3951 aut
1901 3898 2110 3953 Patrem
2153 3914 2256 3953 non

687 3997 918 4060 dedisse,
937 4005 989 4049 et
1010 3995 1060 4049 id
1089 3994 1273 4047 lalsum
1297 4006 1449 4056 esse;
1486 3991 1568 4045 vel
1589 3991 1631 4044 si
1659 3988 1884 4051 dederit,
1906 3989 2051 4043 nullo
2074 3999 2260 4059 postea

687 4087 978 4154 epitulante
1034 4098 1168 4152 opus
1221 4082 1519 4135 habiturum
1573 4095 1710 4134 esse.
1774 4078 1910 4145 Quid
1961 4080 2062 4134 sibi
2116 4081 2257 4146 vult,

693 4178 906 4247 Pr-Opter
934 4175 1181 4229 Patrem?
1227 4173 1450 4229 Causam
1494 4173 1665 4226 solum
1710 4171 1926 4226 indicat.
1961 4171 2072 4226 lloc
2105 4188 2262 4241 porro

692 4271 795 4323 vult
828 4269 1168 4339 signiﬁcare:
1213 4267 1362 4320 Sicut
1402 4265 1528 4318 vivit
1577 4264 1752 4326 Pater,
1779 4271 1831 4316 et
1858 4278 1958 4332 ego
2003 4265 2144 4318 vivo.
2199 4264 2263 4318 Et

689 4364 772 4433 qui
819 4361 1090 4414 manducet
1135 4375 1232 4421 me,
1263 4367 1307 4410 et
1338 4357 1423 4410 ille
1447 4357 1568 4410 vivet
1599 4365 1803 4424 promer
1847 4371 1943 4409 me.
1978 4355 2146 4409 Vitam
2179 4356 2265 4411 hic

690 4455 817 4506 dicit
853 4467 957 4504 nnn
983 4449 1438 4520 qualemcumque,
1469 4447 1562 4501 sed
1599 4446 1960 4514 conspicuam.
1991 4445 2141 4512 Quod
2171 4463 2266 4501 au-

692 4554 794 4595 trtn
838 4541 885 4594 id
920 4555 1021 4593 non
1052 4539 1118 4593 de
1146 4537 1368 4606 simplici
1393 4537 1495 4590 vita
1537 4536 1698 4598 dicat,
1723 4535 1813 4590 sed
1841 4535 1909 4590 de
1936 4538 2165 4605 gloriosa
2209 4548 2265 4592 et

693 4631 941 4685 ineﬁ‘abili
983 4630 1090 4692 illa,
1123 4628 1246 4683 hinc
1282 4628 1453 4696 palam
1480 4636 1581 4692 est,
1614 4626 1754 4696 quod
1785 4642 1971 4681 omnes
2024 4627 2264 4685 inlidclcs

692 4735 745 4778 et
797 4741 899 4777 non
950 4722 1136 4775 initiati
1181 4722 1377 4786 vivant,
1408 4721 1530 4775 licet
1554 4720 1620 4773 de
1649 4719 1765 4787 ejus
1793 4734 1953 4773 carne
1980 4735 2085 4774 non
2117 4737 2266 4775 man-

693 4817 908 4869 ducent.
940 4813 1126 4867 Vidcn‘
1166 4811 1304 4882 quod
1335 4828 1438 4865 non
1481 4811 1546 4865 de
1595 4811 1692 4865 hac
1719 4811 1822 4865 vita
1850 4827 2027 4866 sermo
2057 4813 2143 4874 sit,
2171 4812 2266 4868 sed

693 4908 758 4959 de
793 4899 918 4959 illa?
947 4904 1097 4972 Quod
1128 4913 1301 4958 autem
1330 4903 1475 4966 dicit,
1510 4902 1810 4973 hujnsmodi
1856 4913 1956 4958 est.
1982 4904 2081 4971 Qui
2119 4920 2269 4957 man-

692 5000 850 5051 tlncat
899 5012 1068 5050 meam
1121 5010 1358 5061 carnem,
1392 4996 1664 5049 moriendo
1695 5012 1798 5049 non
1849 4997 2060 5065 peribit,
2096 5013 2267 5068 neque

699 5089 962 5155 punietur.
995 5087 1104 5140 Imo
1138 5102 1238 5140 non
1268 5087 1333 5141 de
1378 5088 1644 5140 communi
1677 5089 2063 5142 resurrectione
2094 5089 2266 5158 loqui-

700 5187 817 5240 tur;
871 5192 1057 5232 omnes
1103 5179 1295 5248 quippe
1351 5189 1663 5246 resurgent;
1713 5178 1806 5232 sed
1855 5178 1922 5233 de
1969 5180 2160 5232 eximia
2215 5189 2270 5233 et

695 5270 922 5336 gloriosa
975 5269 1382 5332 resurrectione,
1414 5285 1570 5337 quam
1621 5284 1826 5323 merces
1876 5280 2147 5339 sequetur.
2176 5269 2265 5324 59.

700 5357 795 5412 llic
821 5370 892 5413 est
921 5361 1066 5428 punis
1093 5361 1176 5428 qui
1200 5367 1261 5413 de
1301 5362 1421 5413 caelo
1444 5361 1699 5414 descendit
1723 5379 1740 5413 :
1770 5378 1871 5415 non
1897 5363 2026 5414 sicut
2050 5364 2268 5416 mandu-

695 5463 927 5503 t‘uvm‘tml
957 5463 1122 5520 putres
1141 5455 1285 5504 vestri
1309 5469 1511 5512 manna,
1539 5463 1585 5504 et
1613 5454 1798 5504 mortui
1835 5464 1968 5506 siml.
2006 5454 2106 5519 Qui
2130 5471 2270 5507 man-

695 5545 843 5594 ducut
889 5544 1020 5594 hunc
1065 5560 1262 5610 panem,
1296 5549 1416 5597 vivet
1454 5545 1504 5596 in
1548 5553 1807 5598 talentum.
1861 5541 2191 5613 Frequenter
2221 5545 2269 5598 itl

698 5634 901 5699 repetit,
931 5642 980 5685 ut
1011 5634 1060 5686 in
1093 5644 1321 5687 utentem
1345 5634 1642 5688 auditorum
1673 5635 1854 5703 inligat
1887 5635 2104 5702 (ultima
2128 5634 2266 5689 enim

761 5747 772 5773 ⁸
815 5745 941 5794 .ttias
964 5744 1158 5808 legitur,
1181 5759 1269 5795 non
1295 5749 1431 5797 huth
1460 5754 1596 5796 utam
1623 5755 1718 5798 a‘tt‘.
1742 5760 1862 5799 tuan.

1379 338 1434 390 S.
1471 330 1749 392 JOANNIS
1785 307 2256 382 CHRYSUSTOMI
2299 305 2615 363 ARCIIIEI‘.
2655 297 3182 360 CONSTANTINUP.

3812 291 3921 346 ΜΛ

2333 423 2446 478 lucc
2483 430 2596 477 erat
2627 414 2928 486 doctrina),
2973 425 3027 470 et
3070 413 3138 469 de
3187 409 3601 474 resurrectione,
3632 419 3684 464 ct
3714 409 3785 466 de
3815 412 3920 463 vtta

2331 523 2540 570 aeterna
2558 510 2690 566 ﬁdes
2719 508 3148 565 conﬁrmaretur.
3200 502 3427 569 Ideoque
3467 499 3925 554 resurrectionem

2333 604 2511 667 addit;
2537 612 2646 656 tum
2665 600 2784 669 quia
2811 597 2966 662 dixit,
2992 594 3158 649 Vitam
3182 602 3442 653 tetanum,
3463 600 3570 644 tum
3596 597 3654 641 ut
3673 588 3928 643 ostendat

2333 698 2476 752 illam
2509 697 2669 748 vitam
2699 706 2804 746 non
2833 704 2972 744 nunc
3001 700 3139 750 esse,
3173 683 3266 740 sed
3301 692 3420 752 post
3447 680 3926 737 resurrectionem.

2335 787 2402 844 Et
2431 787 2721 849 tmdcnam,
2752 783 2980 852 inquies,
3013 779 3115 833 hoc
3141 774 3436 848 probatur?
3475 773 3557 828 Ex
3605 771 3926 840 Scripturis.

2335 881 2466 936 Nam
2493 881 2688 949 ubique
2717 876 2836 931 illos
2865 889 2930 930 eo
2959 871 3142 936 mittit,
3162 878 3219 924 ut
3244 867 3368 922 inde
3391 865 3622 921 discant.
3639 864 3775 918 Cum
3799 877 3930 916 vero

2335 977 2486 1038 dixit,
2521 973 2619 1040 Qui
2644 971 2734 1025 dat
2760 970 2912 1024 vitam
2941 965 3152 1027 mundo,
3178 964 3229 1017 in
3260 958 3656 1016 aemulationem
3687 955 3927 1014 deducit,

2337 1075 2396 1122 ut
2423 1067 2555 1120 alios
2577 1063 2718 1118 dono
2745 1069 2892 1115 tanto
2920 1057 3023 1112 frui
3046 1056 3310 1119 videntes,
3339 1066 3444 1106 non
3477 1061 3625 1105 extra
3649 1055 3927 1103 maneant.

2340 1158 2672 1225 Frequenter
2698 1161 2874 1205 autem
2899 1163 3093 1204 manna
3119 1151 3530 1207 commemorat,
3551 1150 3662 1194 tum
3694 1150 3750 1194 ut
3777 1136 3932 1191 diffe-

2339 1247 2564 1303 rentiam
2589 1243 2807 1308 iudicet,
2842 1250 2952 1296 tum
2981 1249 3036 1294 ut
3069 1237 3189 1293 illos
3216 1235 3281 1290 ad
3313 1233 3470 1289 ﬁdem
3515 1232 3749 1286 inducat.
3795 1231 3932 1285 Nam

2339 1339 2384 1393 si
2409 1337 2579 1407 potuit
2611 1335 2752 1389 Deus
2776 1333 2893 1388 sine
2941 1345 3138 1393 messe,
3165 1327 3282 1381 sine
3307 1325 3597 1384 frumento,
3627 1331 3683 1379 et
3723 1322 3935 1388 reliquo

2338 1436 2592 1498 apparatu
2626 1426 2746 1480 illos
2783 1438 2878 1493 per
2912 1421 3263 1494 quadraginta
3309 1431 3479 1472 annos
3525 1420 3707 1480 alere;
3761 1414 3936 1468 multo

2343 1523 2510 1591 magis
2539 1535 2703 1585 nunc,
2735 1527 3018 1588 postquam
3064 1513 3130 1568 ad
3155 1513 3364 1583 majora
3395 1511 3651 1582 patranda
3685 1510 3854 1573 venit,
3881 1508 3931 1561 id

2343 1614 2558 1684 poterit.
2591 1611 2840 1680 Alioquin
2871 1611 2914 1663 si
2954 1607 3043 1662 illa
3085 1605 3266 1676 ﬁgura:
3297 1612 3470 1670 erant,
3501 1613 3555 1658 ct
3592 1604 3709 1657 siue
3737 1602 3938 1656 sudore

2344 1703 2629 1771 laboreque
2655 1699 2978 1769 colligebant
3001 1711 3219 1758 escam;
3268 1694 3437 1748 multo
3467 1694 3635 1762 magis
3664 1708 3805 1746 nunc
3836 1693 3938 1746 hoc

2342 1795 2465 1857 erit,
2499 1794 2587 1848 ubi
2620 1801 2762 1846 tanta
2793 1789 3114 1854 diﬁ‘erentia,
3155 1786 3243 1842 ubi
3287 1784 3437 1840 nulla
3481 1799 3609 1840 vere
3643 1798 3814 1848 mors,
3850 1784 3938 1838 ubi

2348 1889 2451 1942 vita
2486 1903 2609 1943 vera
2633 1887 2878 1940 fruimur.

2416 1979 2520 2034 Cur
2553 1977 2784 2034 Christus
2828 1992 2960 2046 stvpe
3004 1975 3155 2028 vitam
3202 1980 3467 2026 memorat.
3499 1999 3570 2010 —
3595 1969 3635 2024 Ε
3667 1985 3726 2023 rc
3757 1977 3940 2022 autem

2345 2075 2464 2125 vita:
2495 2085 2639 2140 smpe
2667 2068 2928 2132 meminit,
2959 2066 3079 2136 quia
3107 2063 3232 2120 illud
3261 2061 3400 2132 apud
3431 2059 3676 2114 homines
3707 2059 3759 2113 iu
3788 2069 3945 2125 opta-

2347 2162 2413 2216 tis
2459 2169 2575 2223 est;
2628 2158 2865 2228 nihilque
2909 2156 3146 2220 suavius,
3193 2167 3490 2224 quamnon
3534 2150 3691 2205 mori.
3721 2149 3856 2204 Nam
3889 2150 3940 2203 in

2348 2252 2525 2306 Veteri
2565 2251 2911 2305 Testamento
2953 2246 3275 2302 diuturnitas
3323 2243 3446 2299 vita:
3495 2240 3940 2312 promittebatur;

2347 2344 2440 2399 sed
2473 2357 2614 2397 nuuc
2659 2356 2762 2395 non
2805 2339 3126 2394 diuturnitas
3173 2334 3355 2400 modo,
3396 2332 3488 2390 sed
3537 2333 3642 2387 vita
3685 2333 3802 2388 sine
3836 2332 3946 2389 ﬁno

2348 2437 2692 2507 promittitur.
2735 2431 2907 2487 Simul
2946 2430 3109 2484 etiam
3157 2427 3269 2480 vult
3299 2425 3605 2489 ostendere,
3647 2439 3705 2479 se
3732 2425 3943 2492 suppli-

2349 2526 2489 2580 cium
2517 2541 2545 2579 a
2585 2531 2804 2593 peccato
2834 2520 3104 2575 inductum
3135 2533 3275 2572 nunc
3315 2531 3588 2580 revocare,
3619 2517 3944 2571 sententiam

2353 2616 2496 2670 illam
2515 2614 2700 2668 mortis
2717 2613 2992 2677 solvendo,
3016 2610 3141 2665 dum
3161 2609 3320 2663 vitam
3345 2623 3450 2662 non
3473 2606 3942 2677 qualemcumque,

2351 2704 2444 2759 sed
2491 2714 2768 2767 aeternam,
2815 2710 3000 2755 contra
3049 2715 3210 2769 quam
3255 2699 3402 2768 prius
3444 2705 3701 2751 statutum
3751 2696 3947 2762 fuerat,

2352 2793 2643 2849 induceret.
2677 2792 2762 2848 59.
2793 2789 2916 2844 liceo
2943 2789 3070 2844 dixit
3094 2789 3146 2842 in
3177 2805 3435 2860 synagoga
3457 2786 3640 2841 docens
3667 2787 3719 2840 in
3750 2787 3950 2854 Caper-

2352 2902 2524 2948 unum,
2571 2883 2659 2937 ubi
2707 2882 2873 2936 multa
2919 2881 3179 2936 mirabilia
3214 2888 3484 2950 patrarat;
3513 2894 3678 2950 quare
3709 2881 3954 2934 maxime

2352 2975 2648 3031 audiendus
2672 2981 2808 3029 erat.

2423 3066 2478 3121 2.
2520 3068 2627 3122 Cur
2659 3080 2816 3136 porro
2847 3065 2899 3118 in
2927 3079 3192 3135 synagoga
3221 3061 3467 3127 docebat,
3515 3070 3570 3116 et
3619 3063 3672 3116 in
3712 3061 3954 3132 tempto?

2355 3157 2492 3211 Tum
2524 3165 2579 3210 ut
2604 3155 2998 3210 multitudinem
3027 3155 3282 3220 traheret,
3314 3163 3424 3208 tum
3457 3163 3514 3208 ut
3551 3154 3865 3209 ostenderet
3895 3168 3957 3209 se

2357 3265 2461 3302 non
2491 3247 2816 3302 contrarium
2843 3261 2963 3302 esse
2994 3246 3158 3302 Patri.
3189 3245 3277 3300 60.
3311 3245 3465 3299 Multi
3505 3255 3672 3298 autem
3701 3261 3764 3298 ea:
3791 3245 3956 3299 disci-

2357 3340 2491 3409 pulis
2515 3340 2773 3393 audientes
2801 3338 3048 3398 dicebant,
3083 3335 3254 3389 Durus
3274 3345 3346 3391 est
3369 3335 3449 3388 hic
3471 3351 3653 3389 sermo.
3680 3333 3818 3402 Quid
3849 3336 3961 3390 sibi

2357 3431 2469 3484 vult
2497 3429 2618 3493 hoc,
2653 3428 2823 3483 Durus
2851 3429 2963 3482 est?
2993 3427 3046 3482 ld
3077 3436 3180 3489 est,
3213 3443 3391 3497 asper,
3443 3427 3761 3481 laboriosus.
3794 3428 3962 3497 Atqui

2361 3524 2490 3578 nihil
2523 3523 2624 3577 tale
2651 3521 2900 3577 dicebat:
2938 3536 3108 3590 neque
3150 3521 3293 3575 enim
3325 3519 3394 3574 de
3441 3520 3562 3572 vita:
3601 3519 3845 3573 instituto
3880 3519 3967 3572 ἰυ-

2361 3616 2640 3685 qncbatur,
2699 3613 2792 3668 sed
2849 3613 2916 3667 de
2969 3612 3237 3675 doctrina,
3297 3609 3584 3665 identEdcm
3643 3609 3709 3665 de
3756 3611 3862 3666 ﬁde
3909 3612 3962 3665 in

2361 3709 2629 3763 Christum
2660 3705 2899 3761 habenda
2934 3706 3172 3774 loquens.
3211 3702 3318 3758 Cur
3347 3719 3475 3772 ergo
3514 3703 3681 3756 durus
3735 3714 3817 3758 est
3842 3720 3966 3758 ser-

2361 3799 2481 3855 mo?
2511 3801 2590 3853 An
2614 3798 2753 3868 quod
2784 3802 2942 3852 vitam
2977 3797 3251 3867 promittat
3296 3803 3349 3849 ct
3375 3795 3863 3850 resurrectionem?
3894 3815 3979 3852 εση-

2362 3891 2504 3963 quod
2532 3891 2675 3946 dicat
2708 3905 2766 3945 se
2793 3905 2860 3943 ex
2894 3889 3026 3943 ca-lo
3069 3886 3450 3941 descendisse?
3492 3901 3560 3938 an
3609 3886 3748 3953 quod
3799 3903 3978 3943 nemo

2364 3984 2541 4039 salvus
2571 3998 2694 4038 esse
2722 3982 2909 4052 possit,
2943 3981 3043 4034 nisi
3066 3995 3280 4034 carnem
3311 3978 3424 4047 ejus
3451 3977 3774 4031 manducet?
3803 3976 3965 4032 lla-c-

2363 4077 2502 4138 cine,
2535 4089 2737 4146 qumso,
2768 4073 2896 4127 dura
2924 4085 3046 4127 smn
3066 4073 3089 4125 ?
3113 4071 3244 4138 Quis
3292 4070 3392 4123 hoc
3423 4071 3652 4124 dixerit?
3677 4071 3814 4138 Quid
3858 4072 3975 4126 silli

2364 4168 2476 4219 vult
2502 4181 2631 4235 ergo
2674 4163 2821 4229 illud,
2852 4162 3068 4216 Durus?
3104 4161 3271 4229 Captu
3316 4160 3567 4224 difﬁcilis,
3597 4160 3970 4216 inﬁrmitatem

2369 4259 2575 4314 illorum
2599 4271 2879 4326 superans,
2900 4264 3102 4310 terrore
3116 4255 3321 4324 plenus.
3345 4253 3606 4307 Putabant
3625 4256 3764 4308 enim
3787 4256 3974 4325 ipsum

2367 4367 2426 4404 ca
2457 4350 2596 4419 loqui
2629 4366 2748 4419 qua:
2791 4348 2907 4418 ejus
2951 4348 3262 4418 dignitatem
3289 4358 3339 4401 et
3369 4345 3589 4418 gradum
3619 4360 3964 4418 superarent.

2369 4443 2492 4499 Ideo
2536 4444 2802 4507 dicebant,
2841 4443 2966 4508 Quis
3017 4450 3176 4512 potest
3229 4457 3343 4494 eum
3387 4443 3604 4496 audire?
3636 4443 3798 4512 idque
3827 4442 3970 4498 forte.

2369 4537 2432 4590 ad
2479 4536 2558 4590 sui
2611 4536 3032 4596 excusationem,
3066 4534 3206 4614 quod
3263 4543 3442 4589 essent
3495 4535 3807 4590 discessuri.
3869 4537 3963 4592 Gl.

2371 4629 2548 4683 Sciens
2597 4637 2763 4681 autent
2802 4626 2952 4681 Jesus
2992 4626 3133 4694 apud
3167 4626 3524 4696 semetipsum,
3566 4627 3686 4696 quia
3732 4644 3968 4681 murmu-

2368 4719 2548 4771 rabant
2600 4718 2663 4770 de
2699 4720 2793 4772 hoc
2839 4717 3073 4786 discipuli
3117 4717 3226 4786 ejus
3274 4716 3417 4786 (hoc
3464 4716 3606 4770 enim
3662 4717 3964 4773 divinitatis

2371 4810 2508 4863 illius
2536 4817 2665 4871 erat,
2700 4817 2902 4863 secreta
2936 4809 2986 4860 in
3015 4807 3246 4861 medium
3280 4805 3542 4876 proferre)
3573 4807 3766 4862 deinde
3787 4808 3920 4863 dicit
3947 4827 3958 4861 :

2375 4901 2486 4954 Hoc
2513 4919 2594 4957 vos
2619 4901 2969 4955 scandalizat?
3007 4900 3094 4955 6?...
3129 4900 3191 4954 Si
3232 4916 3348 4970 ergo
3388 4899 3609 4953 videritis
3637 4897 3833 4953 Filium
3864 4902 3962 4953 ho~

2373 4995 2519 5046 niinis
2556 4993 2919 5055 ascendentem,
2977 4993 3059 5046 ubi
3105 5002 3210 5046 erat
3245 4993 3400 5061 prius.
3453 4991 3594 5045 Idem
3650 4991 3970 5048 Nathauaeli

2372 5085 2504 5140 dixit
2534 5105 2543 5137 :
2582 5087 2714 5152 Quia
2744 5087 2848 5139 diri
2877 5086 3001 5150 tibi,
3023 5085 3141 5139 l'irli
3185 5096 3231 5139 te
3262 5087 3351 5140 sub
3379 5088 3498 5154 ﬁcu,
3529 5085 3733 5140 credis?
3768 5089 3976 5152 maiora

2374 5179 2448 5230 his
2473 5179 2657 5231 ridebis
2687 5179 2704 5242 (
2725 5177 2881 5233 Joan.
2916 5179 2958 5231 ι.
2984 5180 3097 5246 50);
3124 5189 3182 5231 et
3206 5177 3519 5242 Nicodemo,
3555 5175 3719 5231 Nemo
3739 5180 3975 5231 ascendit

2373 5271 2423 5323 in
2455 5272 2652 5335 carlum,
2687 5272 2781 5324 nisi
2815 5270 2979 5325 Filius
3005 5273 3240 5336 hominis,
3274 5273 3359 5341 qui
3387 5271 3532 5324 estin
3564 5271 3687 5324 ctvlo
3710 5270 3898 5341 (Joan.
3919 5273 3974 5325 '5.

2377 5363 2485 5430 l5).
2534 5362 2667 5430 Quid
2717 5362 2912 5432 igitur?
2956 5363 3297 5417 diiliCultates
3341 5361 3745 5416 difﬁcultatibus
3785 5361 3977 5416 addit'

2373 5455 2604 5518 Minime,
2656 5455 2830 5519 absit;
2881 5455 2972 5509 sed
3019 5455 3277 5509 doctrinze
3325 5453 3690 5525 magnitudine
3731 5462 3786 5507 et
3817 5456 3974 5524 copia

2375 5546 2518 5614 ipsos
2569 5547 2784 5603 allicere
2824 5558 3069 5601 conatur.
3123 5546 3255 5600 Nam
3306 5547 3394 5613 qui
3449 5547 3676 5609 dixerat,
3725 5545 3802 5598 De
3848 5545 3980 5598 creto

2377 5641 2644 5707 descendi,
2677 5641 2718 5693 si
2768 5639 2895 5693 nihil
2943 5640 3166 5695 ulterius
3191 5637 3503 5701 addidisset,
3539 5637 3711 5707 majus
3741 5637 3975 5691 offendi-

2381 5734 2556 5789 culum
2583 5733 2860 5789 obtuliSset
2886 5750 2896 5786 :
2927 5748 3046 5787 cum
3092 5747 3216 5787 vero
3248 5731 3391 5798 ὤχει,
3426 5729 3622 5798 Corpus
3665 5746 3832 5783 mcum
3878 5732 3979 5783 πλέω
