4164 6324
291 364 391 421 ἳῧῆ

289 490 359 538 est
386 477 600 539 mundi;
626 483 703 545 et,
734 475 880 532 Sicut
900 475 1041 535 misit
1072 491 1150 530 me
1171 474 1335 530 vivens
1362 473 1540 539 Pater,
1574 481 1624 527 et
1651 487 1742 540 ego
1770 471 1877 523 vivo

290 580 493 639 propter
524 568 773 633 Patrem;
815 576 890 633 et,
925 569 987 620 de
1028 568 1151 620 creto
1182 565 1437 628 descendi,
1470 565 1559 619 ille
1588 562 1876 617 dilliculta-

289 672 389 717 tem
417 661 598 715 solvit.
632 660 732 727 Qui
762 660 903 714 enim
934 658 1133 729 aliquid
1163 672 1411 727 magnum
1438 656 1505 710 de
1528 671 1587 710 se
1613 654 1874 723 loquitur,

286 764 567 823 suspectus
612 753 715 807 erit
745 750 1009 805 mendacii
1037 765 1052 815 ;
1082 750 1171 819 qui
1213 762 1343 803 vero
1375 747 1495 801 talia
1524 745 1718 801 deinde
1744 744 1875 797 sub-

286 844 379 909 dit,
433 858 648 898 omnem
694 841 833 896 tollit
874 841 1253 910 Stlspicitmcm.
1285 838 1424 893 Nihil
1472 852 1597 892 vero
1621 852 1729 890 non
1770 835 1878 906 agit

284 952 344 991 ac
374 936 525 999 dicit,
558 950 624 989 ne
656 944 839 1004 putent
865 949 986 987 eum
1013 945 1132 986 esse
1150 930 1369 999 Josephi
1398 929 1587 983 lilium.
1610 928 1725 982 Non
1748 942 1878 997 ergo

284 1030 398 1085 haec
450 1030 603 1093 dixit,
664 1036 724 1081 ut
777 1026 1084 1080 scandalum
1136 1032 1375 1094 augeret,
1422 1023 1514 1076 sed
1546 1030 1600 1075 ut
1643 1020 1871 1075 tolleret.

284 1119 532 1188 Quisquis
560 1118 702 1173 enim
731 1133 855 1172 eum
885 1115 1049 1171 lilium
1076 1114 1293 1185 Josephi
1319 1122 1575 1183 putasset,
1599 1111 1738 1167 dicta
1767 1126 1875 1165 non

282 1211 582 1280 accepisset
616 1228 628 1263 :
658 1210 748 1279 qui
795 1222 922 1263 vero
953 1221 1242 1277 persuasus
1266 1216 1410 1261 esset
1448 1208 1619 1273 ipsum
1649 1204 1715 1258 de
1743 1203 1875 1258 crelo

281 1301 648 1367 descendisse,
678 1310 820 1355 eteo
844 1314 1192 1353 ascensurum
1215 1312 1333 1351 esse
1356 1297 1562 1350 facilius
1588 1294 1873 1349 libentius-

280 1409 382 1465 que
433 1393 593 1447 dictis
636 1388 976 1445 attendisset.
1017 1388 1128 1443 Sub
1158 1388 1271 1444 haec
1296 1389 1454 1440 aliam
1483 1386 1703 1441 adduxit
1727 1386 1873 1440 solu-

282 1488 483 1541 tionem
514 1504 527 1540 :
562 1483 653 1540 6'5.
686 1484 917 1552 Spiritus
935 1491 1025 1548 est,
1053 1482 1241 1550 inquit,
1265 1482 1351 1552 qui
1370 1482 1607 1548 eivi/icat,
1634 1496 1753 1534 caro
1774 1496 1875 1533 non

281 1579 485 1648 prodest
532 1576 853 1647 quidquam:
883 1575 985 1628 hoc
1036 1583 1138 1637 est,
1187 1572 1317 1639 Quae
1366 1572 1435 1627 de
1486 1589 1569 1626 nte
1598 1572 1871 1638 dicuntur,

279 1670 628 1739 spiritualiter
649 1676 773 1721 sunt
800 1666 1107 1735 accipienda
1135 1682 1146 1717 :
1181 1680 1303 1718 nam
1336 1665 1423 1735 qui
1454 1665 1742 1719 carnaliter
1779 1679 1876 1717 att-

280 1762 373 1825 dit,
404 1759 536 1813 nihil
568 1759 821 1824 lucratttr,
872 1756 1001 1811 nihil
1031 1756 1261 1826 prolicit.
1295 1754 1524 1809 Caruale
1570 1764 1690 1810 erat
1713 1755 1872 1809 dubi-

282 1864 391 1908 tare
407 1850 691 1922 quomodo
716 1850 784 1905 de
809 1849 939 1903 czelo
962 1848 1346 1912 descendisset,
1375 1858 1671 1917 putarcque
1699 1847 1873 1915 ipsum

279 1960 395 2000 esse
444 1945 608 1998 lilium
660 1941 911 2011 Josepbi;
960 1956 1169 1996 necnon
1219 1940 1367 2004 illud,
1417 1939 1682 2005 Quomodo
1712 1948 1874 2009 potest

280 2036 421 2090 nobis
443 2051 647 2089 carnem
674 2050 817 2087 suam
835 2032 961 2086 dare
979 2033 1047 2085 ad
1071 2031 1524 2085 manducandum?
1546 2031 1673 2085 Haec
1694 2031 1873 2085 omnia

279 2128 547 2193 carnalia;
581 2141 699 2196 qua:
726 2123 1008 2194 Oportebat
1052 2124 1277 2195 mystice
1320 2134 1374 2178 et
1408 2124 1757 2193 spiritualiter
1787 2125 1864 2178 itt-

279 2221 540 2290 te‘lligere.
578 2219 647 2273 Et
694 2217 967 2289 quomodo
998 2227 1266 2287 poterant,
1294 2218 1521 2285 inquies,
1574 2218 1873 2287 intelligere

279 2311 399 2382 quid
429 2320 575 2366 esset
600 2325 816 2364 carnem
839 2309 1163 2365 comedere?
1190 2308 1484 2377 Oportebat
1504 2318 1651 2364 certe
1678 2324 1875 2378 Oppor-

280 2413 463 2455 tunum
498 2411 707 2469 tempus
756 2409 1067 2469 exSpectare
1094 2408 1147 2454 et
1203 2400 1562 2469 interrogare,
1594 2414 1694 2454 nec
1730 2399 1875 2454 desi-

280 2504 439 2549 stere.
482 2491 646 2547 Verba
694 2508 807 2562 qua:
852 2509 943 2563 ego
987 2492 1222 2561 loquutus
1248 2507 1361 2545 sum
1405 2492 1562 2557 vobis,
1592 2492 1801 2560 spiritus
1828 2501 1875 2545 et

280 2586 377 2640 rita
403 2594 557 2648 sunt;
586 2584 639 2639 id
671 2592 773 2650 est,
804 2584 983 2638 divina
1013 2594 1067 2639 et
1092 2584 1385 2652 spiritualia
1419 2593 1564 2648 sunt,
1614 2582 1746 2638 nihil
1772 2584 1873 2637 ha-

281 2677 403 2733 bent
447 2677 687 2743 caruale,
745 2691 842 2733 nec
897 2676 1196 2731 naturalem
1250 2676 1729 2746 consequentiam;
1778 2676 1872 2731 sed

280 2772 420 2825 omni
474 2770 778 2841 hujusmodi
823 2772 1163 2836 necessitate,
1215 2780 1270 2825 et
1314 2770 1471 2841 hujus
1517 2771 1638 2825 vita:
1671 2770 1875 2839 legibus

282 2861 445 2917 libera
478 2873 623 2924 sunt,
657 2861 926 2931 aliumque
977 2873 1031 2917 et
1079 2861 1347 2916 diversum
1392 2876 1611 2916 sensum
1652 2861 1870 2917 habent.

280 2950 427 3007 Sicut
454 2968 584 3021 ergo
611 2951 713 3006 hoc
740 2953 859 3007 loco
902 2952 1149 3022 spiritum
1188 2968 1287 3022 pro
1322 2954 1691 3023 Spiritualibus
1716 2954 1870 3017 dixit,

280 3045 352 3099 sic
381 3058 504 3097 cum
528 3058 742 3098 carnem
771 3044 918 3109 dicit,
941 3059 1044 3098 non
1072 3046 1303 3099 carnalia
1336 3046 1610 3116 intelligit;
1636 3046 1729 3101 sed
1754 3062 1873 3099 car-

279 3136 470 3189 naliter
509 3149 603 3190 eos
632 3135 831 3193 audire
878 3135 1204 3202 subiudicat,
1253 3138 1342 3207 qui
1390 3152 1605 3207 semper
1633 3139 1872 3192 carnalia

278 3226 586 3294 cupiebant,
628 3240 749 3280 cum
799 3228 1127 3295 oportuisset
1170 3228 1463 3297 spiritualia
1508 3239 1783 3300 appetere.
1817 3231 1872 3287 Si

278 3317 390 3386 quis
418 3318 565 3372 enim
592 3319 690 3371 hoc
719 3318 1007 3374 carnaliter
1028 3321 1275 3390 accipiat,
1300 3323 1431 3377 nihil
1454 3323 1711 3378 lucratur.
1734 3324 1870 3391 Quid

277 3408 437 3476 ergo?
467 3422 532 3459 an
563 3422 689 3462 caro
719 3408 833 3477 ejus
860 3424 966 3464 non
992 3419 1073 3465 est
1092 3414 1258 3466 atro?
1286 3413 1378 3467 Est
1401 3424 1567 3469 certe.
1592 3414 1873 3481 Quomodo

277 3514 403 3569 ergo
432 3500 587 3564 dixit,
617 3499 748 3554 Caro
779 3518 878 3554 non
907 3502 1113 3571 prodest
1136 3505 1415 3574 quidquam
1434 3506 1459 3558 Ξ)
1483 3506 1599 3560 Νοη
1626 3506 1692 3560 de
1709 3521 1872 3562 carne

278 3604 369 3646 sua
399 3592 670 3662 intelligit,
722 3592 898 3657 absit;
945 3595 1039 3650 sed
1082 3595 1149 3650 de
1174 3596 1239 3650 iis
1268 3599 1357 3667 qui
1400 3597 1539 3653 dicta
1584 3600 1873 3654 carnaliter

278 3687 604 3752 acciperent.
658 3686 794 3753 Quid
840 3696 923 3742 est
970 3698 1150 3745 autem
1197 3692 1490 3747 carnaliter
1531 3694 1872 3765 intelligere?

279 3775 553 3845 Proposita
608 3778 923 3847 simpliciter
952 3781 1268 3852 intelligere,
1304 3800 1475 3853 neque
1529 3786 1666 3841 ultra
1712 3787 1869 3857 quid-

278 3872 415 3939 piam
471 3872 798 3941 excogitare.
854 3872 965 3928 lloc
1012 3883 1096 3929 est
1149 3876 1438 3932 carnaliter
1488 3878 1689 3933 videre.
1750 3880 1868 3934 Non

276 3972 487 4031 Oportet
512 3974 691 4018 autem
715 3964 781 4019 de
814 3965 877 4019 iis
908 3980 1027 4035 qute
1055 3965 1302 4022 videntur
1332 3970 1401 4022 ita
1420 3969 1681 4039 judicium
1704 3969 1867 4038 ferre,

275 4054 366 4107 sed
416 4055 599 4108 omnia
652 4057 905 4127 mysteria
946 4058 1295 4113 interioribus
1323 4061 1493 4115 oculis
1536 4063 1865 4131 perspicere,

274 4144 324 4198 id
353 4153 458 4209 est,
489 4146 859 4214 spiritttaliter.
891 4149 969 4201 An
1002 4149 1046 4203 is
1074 4151 1162 4219 qui
1191 4166 1297 4204 non
1327 4153 1615 4209 manducat
1647 4169 1866 4212 carnem

272 4237 408 4307 ejus,
443 4252 543 4293 nec
570 4238 703 4294 bibit
746 4240 862 4309 ejus
905 4243 1239 4312 sanguinem,
1273 4261 1378 4301 non
1410 4245 1575 4303 habet
1617 4250 1779 4304 vitam
1814 4250 1865 4305 in

271 4330 566 4399 semetipso
595 4348 609 4385 :
637 4330 908 4401 quomodo
957 4349 1085 4405 ergo
1132 4351 1259 4391 caro
1311 4352 1416 4392 non
1450 4341 1666 4408 prodest
1708 4342 1865 4411 quid-

270 4434 454 4489 quam,
484 4421 598 4475 sine
625 4438 726 4491 qua
752 4438 856 4477 non
891 4439 1173 4493 possumus
1204 4427 1421 4483 vivere?
1452 4430 1567 4485 Non
1596 4431 1663 4487 de
1702 4447 1867 4491 carne

271 4509 438 4579 ipsius
471 4513 571 4566 hoc
591 4513 792 4568 dictum
818 4531 938 4571 esse
970 4518 1137 4584 vides,
1166 4520 1259 4573 sed
1291 4520 1358 4575 de
1384 4523 1584 4576 carnali
1615 4523 1863 4580 audiendi

268 4604 453 4657 modo.
486 4604 573 4658 64.
607 4605 715 4659 Sed
736 4618 854 4659 sunt
880 4608 1086 4678 quidam
1127 4626 1189 4663 ex
1213 4610 1347 4665 vobis
1376 4615 1463 4683 qni
1491 4630 1590 4667 non
1630 4617 1859 4668 credunt.

269 4694 503 4747 ltttrsum
554 4710 650 4763 pro
692 4711 841 4751 tnore
866 4712 965 4752 suo
995 4700 1304 4769 dignitatem
1338 4704 1511 4757 verbis
1537 4705 1739 4772 adjicit,
1779 4706 1863 4760 fu-

269 4792 495 4852 turaque
519 4782 759 4852 prwdicit
786 4798 841 4841 et
868 4788 1120 4856 ostendit,
1152 4805 1213 4844 se
1236 4806 1342 4844 non
1390 4800 1445 4844 ut
1470 4792 1696 4862 gloriam
1723 4796 1862 4865 apud

260 4867 390 4927 illus
428 4872 691 4939 captaret,
733 4873 826 4929 sed
872 4877 1013 4944 quod
1060 4892 1246 4933 eorum
1291 4881 1452 4938 saluti
1508 4890 1865 4956 prospiceret,

259 4957 369 5016 hoc
388 4960 593 5015 dicere.
620 4966 753 5017 (ium
775 4963 909 5018 dicit
930 4976 1135 5032 autem,
1157 4967 1402 5034 Quidam,
1429 4974 1722 5041 discipulos
1746 4976 1863 5028 sub-

258 5051 437 5105 duxit.
468 5052 626 5106 Initio
675 5070 905 5123 namque
953 5057 1187 5123 dixerat,
1224 5059 1290 5111 Et
1320 5061 1517 5116 uidistis
1546 5079 1648 5128 me,
1672 5076 1717 5117 et
1761 5082 1865 5119 non

255 5142 550 5197 credidistis
578 5145 737 5208 mihi;
767 5146 853 5200 hic
905 5163 1049 5211 vero,
1088 5147 1222 5204 Sunt
1250 5152 1462 5219 quidam
1492 5170 1554 5206 ea:
1600 5156 1738 5211 vobis
1776 5156 1866 5226 qui

253 5249 365 5287 itan
393 5239 629 5290 credunt.
661 5236 868 5291 Sciebat
890 5240 1027 5293 enim
1052 5242 1115 5293 ab
1144 5242 1315 5306 initio,
1342 5245 1552 5310 quinam
1581 5260 1746 5300 essent
1774 5252 1862 5319 qui

254 5344 363 5381 non
393 5329 672 5393 crederent,
701 5341 749 5384 et
774 5335 891 5402 quis
916 5335 1201 5388 traditurus
1225 5347 1350 5390 esset
1378 5355 1513 5393 eum.
1546 5341 1635 5394 b5.
1672 5340 1739 5394 Et
1774 5344 1829 5396 di
1840 5373 1857 5384 -

251 5421 422 5483 cebat,
458 5419 585 5476 Ideo
623 5424 732 5477 dixi
762 5426 925 5492 vobis,
956 5426 1123 5481 Nemo
1157 5441 1318 5497 potest
1348 5434 1517 5485 venire
1537 5435 1607 5486 ad
1636 5452 1731 5497 me,
1756 5437 1855 5490 nisi

254 5518 412 5583 juerit
460 5516 506 5567 ei
547 5516 725 5569 datum
777 5519 994 5588 desuper
1032 5538 1064 5573 a
1104 5520 1264 5577 Patre
1310 5542 1438 5581 meo.
1489 5528 1853 5596 Spoutaneam

248 5608 371 5675 ejus
400 5609 758 5664 wconomiam
792 5611 877 5665 hic
905 5614 1231 5680 evangelista
1263 5618 1565 5673 subiudicat
1584 5660 1600 5685 ,
1626 5620 1853 5691 ejusque

249 5699 588 5768 patientiam.
622 5701 885 5773 ll'udque,
921 5707 990 5759 Ab
1034 5708 1203 5777 initio,
1238 5725 1345 5765 non
1397 5712 1513 5766 sine
1559 5728 1720 5768 cau-a
1767 5715 1853 5771 hic

246 5796 501 5863 ponitur;
546 5795 637 5850 sed
672 5806 725 5852 ut
756 5798 873 5868 ejus
922 5803 1315 5871 prtescieutiam
1366 5806 1655 5878 intelligas,
1684 5794 1852 5881 atque

1246 361 1312 418 ΙΝ
1349 360 1663 421 ιΙΟᾹΝΝΕΜ
1704 356 1936 416 iiOMlL.
1982 355 2191 411 XLVII.
2237 357 2308 411 al.
2353 356 2537 429 XLYI.

3479 364 3588 422 266

1988 466 2161 537 ipsum
2193 478 2318 525 ante
2347 470 2461 525 lucc
2498 470 2681 539 verba,
2728 488 2903 545 neque
2950 487 3231 549 postquam
3278 478 3352 535 illi
3397 484 3586 541 oll‘cnsi

1988 572 2480 629 morntttrayeraut,
2530 563 2858 631 proditorem
2888 568 3137 633 novisse;
3187 570 3236 625 id
3279 572 3421 641 quod
3451 576 3588 630 divi-

1984 650 2331 727 ttitalis‘uerat.
2363 653 2565 708 Dcitttlc
2590 655 2792 724 adjicit,
2826 656 2944 711 Nisi
2972 660 3123 729 fuerit
3152 644 3209 713 ei
3225 663 3403 718 datum
3432 667 3582 719 deau—

1986 758 2076 811 per
2104 760 2136 795 α
2169 741 2327 798 Putre
2354 762 2483 809 meo,
2516 748 2749 802 suadens
2778 751 2856 805 eis
2886 762 2941 804 ut
2986 752 3196 807 Patrem
3232 771 3386 810 suum
3431 773 3588 828 puta-

1984 842 2106 887 rent
2153 836 2340 902 Deum,
2384 853 2488 891 non
2536 838 2853 909 Jmephum,
2902 852 2952 897 et
3002 847 3293 901 ostendens
3325 864 3436 903 rem
3479 869 3586 905 non

1984 938 2104 979 esse
2151 927 2446 997 vulgarem,
2496 930 2546 982 in
2591 946 2714 985 eum
2746 934 2967 990 credere
3000 954 3013 990 :
3048 953 3112 991 ac
3140 940 3183 991 si
3210 940 3434 1002 diceret.
3471 944 3586 998 Non

1986 1015 2223 1081 turbant,
2256 1033 2360 1072 non
2393 1020 2825 1089 obstupefaciunt
2867 1041 2971 1091 me,
3021 1029 3108 1095 qui
3158 1045 3264 1083 non
3309 1033 3581 1091 credunt:

1984 1104 2088 1161 hoc
2112 1107 2221 1175 jam
2252 1109 2379 1163 olim
2410 1112 2531 1165 novi
2555 1114 2842 1184 antequam
2874 1116 3029 1171 fieret
3059 1136 3072 1171 :
3104 1121 3226 1173 novi
3262 1124 3585 1192 qttibumam

1983 1196 2142 1252 Pater
2166 1198 2394 1254 dederit.

1984 1348 1998 1363 ρ
2053 1288 2107 1343 5.
2148 1290 2282 1345 Cum
2324 1293 2451 1346 illttd
2482 1294 2656 1362 audi<,
2696 1296 2863 1363 Dedit,
2906 1317 2973 1354 ne
3023 1311 3178 1369 putes
3212 1319 3331 1360 esse
3380 1320 3582 1365 sortem

1982 1383 2304 1450 quamdam;
2335 1387 2426 1439 sed
2456 1389 2616 1441 crede
2645 1406 2769 1444 eunt
2796 1392 2884 1459 qui
2924 1409 2982 1446 se
3010 1394 3228 1463 dignttm
3275 1400 3585 1467 praebuerit,

1983 1472 2034 1525 id
2064 1476 2327 1544 accfpere.
2356 1476 2443 1531 66.
2482 1478 2562 1531 Ea:
2588 1480 2682 1533 ltoc
2709 1484 2856 1535 multi
2895 1486 3264 1551 discipulorum
3296 1493 3404 1561 ejus
3446 1496 3586 1547 abie-

1980 1573 2100 1615 runt
2148 1575 2301 1625 retro,
2355 1578 2402 1619 et
2435 1568 2551 1637 jam
2598 1588 2697 1623 non
2744 1589 2856 1626 cum
2908 1576 2998 1628 illo
3036 1578 3384 1635 ambulabant.
3424 1583 3588 1639 llecte

1979 1657 2306 1726 evangelista
2335 1675 2440 1713 non
2472 1662 2626 1729 dixit,
2656 1664 3036 1731 Recesserttnt,
3081 1671 3193 1735 sed,
3228 1673 3472 1729 Abierant
3500 1695 3583 1731 re.

1979 1755 2078 1813 tro,
2124 1750 2417 1806 ostendens
2462 1768 2490 1807 a
2540 1758 2752 1811 virtutis
2802 1760 3043 1827 profectu
3090 1765 3321 1833 excisos,
3370 1778 3425 1822 et
3466 1786 3585 1824 eam

1980 1855 2139 1910 quam
2190 1844 2316 1898 olim
2371 1844 2669 1903 habuerant
2715 1853 2873 1906 iidem
2928 1857 3247 1923 perdidisse,
3294 1878 3415 1915 ctnn
3465 1878 3586 1918 sese

1980 1932 2381 1989 abscinderent.
2414 1936 2609 1993 Verum
2657 1941 2941 1997 duodecim
2990 1946 3063 2000 illi
3110 1965 3215 2003 non
3260 1950 3407 2006 item.
3440 1955 3581 2022 Qua-

1985 2035 2204 2092 propter
2231 2027 2364 2081 dixit
2418 2030 2543 2095 illis,
2595 2034 2681 2086 67.
2716 2033 2980 2104 Numquid
3004 2051 3051 2091 et
3084 2056 3166 2093 vos
3215 2044 3365 2099 vultis
3407 2047 3590 2102 abire?

1980 2117 2271 2172 ostendens
2320 2135 2379 2175 se
2431 2122 2638 2177 illorum
2668 2128 2967 2184 ministerio
3000 2140 3053 2185 et
3096 2135 3241 2188 cultu
3271 2152 3374 2192 non
3403 2155 3584 2208 egere,

1980 2222 2155 2277 neque
2202 2210 2321 2265 ideo
2368 2211 2489 2266 illos
2535 2218 2958 2275 circmndueere.
2995 2222 3275 2290 Quomodo
3312 2231 3452 2283 enim
3484 2233 3589 2287 ills

1980 2314 2117 2369 opus
2148 2300 2348 2359 habere
2378 2308 2549 2373 potuit
2578 2309 2669 2377 qui
2711 2309 2826 2365 hare
2870 2312 3041 2367 dixit?
3071 2316 3177 2369 Cur
3203 2332 3297 2371 cos
3340 2336 3443 2374 non
3476 2323 3590 2376 latt-

1980 2391 2158 2447 davit?
2188 2410 2283 2449 cur
2313 2412 2418 2451 non
2456 2402 2805 2467 pr:udic.tvit?
2834 2405 3034 2473 l‘rittto,
3063 2415 3119 2461 ut
3147 2410 3387 2480 magistri
3416 2414 3588 2485 digni-

1981 2493 2143 2540 tatem
2169 2500 2433 2557 servaret,
2484 2503 2643 2562 atque
2691 2503 2746 2547 ut
2791 2498 3124 2565 ostenderet,
3157 2502 3237 2556 sic
3285 2504 3409 2558 illos
3449 2509 3585 2563 trahi

1979 2581 2306 2648 oportuisse.
2336 2582 2467 2637 Nam
2498 2586 2540 2638 si
2577 2585 2866 2653 laudasset,
2902 2602 3148 2658 putantes
3176 2609 3235 2649 se
3257 2599 3481 2665 gratiam
3512 2602 3585 2655 illi

1982 2672 2318 2738 pra~stitisse,
2367 2675 2569 2743 aliquid
2615 2678 2907 2736 humanum
2957 2687 3099 2753 passi
3154 2686 3428 2745 fuissent:
3461 2709 3583 2747 cum

1980 2774 2158 2818 autem
2191 2767 2423 2821 ostendit
2453 2784 2512 2824 se
2535 2770 2746 2826 illorum
2780 2789 2884 2828 non
2914 2791 3078 2845 egere
3106 2783 3384 2845 comitatu,
3419 2787 3586 2854 magis

1979 2869 2073 2909 eos
2117 2858 2402 2912 continuit.
2457 2861 2519 2915 Et
2566 2864 2936 2922 animadverte
2980 2885 3139 2939 quam
3194 2875 3484 2941 prudenter
3507 2878 3587 2931 lu-

1979 2957 2193 3017 quatur.
2228 2951 2345 3007 Non
2367 2953 2519 3019 dixit,
2555 2957 2750 3014 Abite:
2785 2960 2835 3014 id
2867 2962 3010 3017 enim
3037 2966 3346 3034 repellentis
3376 2970 3582 3038 fui~set;

1979 3041 2072 3095 sed
2104 3044 2416 3116 interrogat,
2450 3048 2588 3103 Num
2617 3062 2662 3105 et
2690 3068 2776 3107 vos
2805 3056 2952 3109 vultis
2977 3057 3157 3113 abire?
3185 3062 3336 3129 Quod
3368 3079 3583 3121 Omnem

1978 3138 2257 3195 auferebat
2285 3145 2387 3196 vim
2419 3154 2473 3199 et
2503 3148 2905 3216 necessitatem,
2938 3168 3005 3206 ne
3035 3153 3239 3221 pudore
3278 3157 3584 3214 detineren-

1980 3236 2085 3291 tur,
2119 3232 2213 3285 sed
2245 3242 2298 3285 et
2340 3236 2565 3303 gratiam
2607 3236 2887 3294 baberent.
2940 3242 3075 3295 Cum
3106 3254 3284 3299 autem
3326 3248 3446 3303 illos
3478 3268 3583 3306 non

1981 3322 2157 3391 palam
2187 3329 2478 3389 accusavit.
2512 3329 2606 3382 sed
2656 3331 2900 3386 modeste
2950 3336 3144 3403 tetigit,
3188 3340 3423 3393 ostendit
3453 3359 3585 3411 quo-

1978 3417 2141 3471 tnodo
2170 3430 2418 3488 Oporteat
2448 3422 2498 3474 itt
2527 3422 2793 3478 similibus
2840 3426 3228 3497 philoSopltari.
3273 3431 3380 3487 Nos
3401 3446 3581 3490 autem

1972 3509 2094 3579 jure
2117 3516 2386 3567 contraria
2416 3516 2669 3584 patimur,
2704 3519 2827 3587 quia
2847 3522 3027 3574 omnia
3044 3522 3233 3591 gloriae
3260 3541 3419 3579 eausa
3452 3528 3583 3584 faci-

1976 3617 2115 3667 mus,
2168 3600 2396 3673 ideoquc
2440 3623 2507 3661 ex
2557 3607 2879 3664 famulorum
2938 3628 3155 3671 recessu
3205 3629 3385 3673 nostra
3417 3623 3581 3680 minui

1978 3704 2247 3763 putamus.
2301 3698 2391 3752 Sic
2449 3715 2610 3770 porro
2661 3718 2759 3757 nec
2804 3704 3052 3760 adulatus
3095 3719 3197 3772 est,
3234 3727 3334 3766 nec
3362 3716 3577 3784 repulit,

1976 3786 2072 3840 sed
2119 3787 2490 3859 interrogavit.
2520 3791 2636 3846 Non
2680 3809 2810 3863 ergo
2836 3802 3142 3866 spernentis
3190 3803 3290 3857 hoc
3318 3817 3452 3871 erat,
3486 3812 3579 3864 sed

1976 3878 2208 3933 nolentis
2236 3896 2331 3934 eos
2371 3883 2419 3936 vi
2445 3892 2499 3937 et
2525 3888 2847 3942 necessitate
2879 3890 3160 3956 detinere;
3195 3913 3317 3951 nam
3363 3900 3429 3955 ita
3463 3921 3581 3959 ma-

1976 3984 2126 4036 nere,
2179 3972 2319 4028 idem
2372 3975 2563 4032 fuisset
2612 3990 2773 4046 atque
2799 3983 2970 4039 abire.
3020 3986 3157 4055 Quid
3196 4006 3325 4059 ergo
3354 3994 3583 4053 Petrus?

1975 4061 2064 4115 68.
2101 4064 2180 4115 Ad
2207 4082 2353 4133 queui
2398 4068 2622 4123 ibimus?
2685 4071 2845 4126 Verba
2896 4077 3010 4130 vita:
3051 4090 3256 4134 teternaz
3281 4084 3451 4140 habes.
3488 4092 3580 4147 (I9.

1973 4154 2041 4208 Et
2086 4173 2178 4211 nos
2222 4160 2530 4215 credidimus
2578 4174 2625 4216 et
2667 4166 3012 4235 cognorimus,
3046 4172 3165 4238 quia
3188 4182 3238 4225 tu
3268 4191 3320 4229 es
3351 4176 3581 4237 Cltristus

1973 4244 2145 4301 Filius
2176 4247 2272 4301 Dei
2320 4252 2434 4304 vivi.
2472 4252 2660 4309 Videu’
2688 4272 2793 4310 nott
2822 4259 2981 4313 verba
3025 4260 3378 4322 offensionem
3413 4287 3578 4341 μορε-

1971 4339 2130 4403 rissc,
2157 4341 2251 4395 sed
2275 4342 2600 4410 socordiam,
2646 4344 2932 4415 desidiam,
2968 4362 3020 4406 et
3059 4339 3456 4424 improbitatem
3481 4339 3577 4418 au-

1972 4428 2243 4484 diturum?
2267 4432 2395 4485 Nam
2427 4434 2636 4489 etiamsi
2673 4436 2774 4492 hoc
2801 4455 2907 4493 non
2950 4442 3195 4511 dixisset,
3229 4448 3576 4510 nihilominus

1970 4521 2159 4576 offensi
2190 4522 2436 4590 fuissent,
2456 4542 2551 4580 nec
2581 4527 2932 4597 destitissent,
2950 4534 3127 4589 cibum
3147 4552 3363 4609 semper
3384 4558 3578 4614 corpo-

1971 4629 2121 4668 remu
2150 4627 2421 4682 curantes,
2450 4632 2513 4672 ac
2542 4628 2699 4673 terra:
2726 4621 2892 4676 afllxi.
2924 4626 3172 4695 Alioquin
3192 4639 3370 4685 autem
3397 4636 3447 4687 hi
3472 4652 3573 4692 una

1970 4720 2090 4759 cmn
2122 4704 2223 4759 illis
2244 4710 2552 4773 audierunt,
2577 4710 2671 4765 sed
2702 4716 2976 4769 contrario
3000 4717 3174 4772 affecti
3222 4723 3382 4778 modo
3419 4726 3543 4781 dixe

1969 4810 2116 4863 runt,
2147 4798 2225 4851 Ad
2252 4815 2399 4869 quem
2428 4802 2658 4857 ibimus?
2684 4803 2921 4863 Verbum
2964 4811 3142 4880 magni
3173 4812 3407 4879 affectus
3438 4820 3581 4873 indi-

1972 4886 2141 4939 cium.
2174 4886 2458 4956 Significat
2486 4910 2631 4948 enim
2678 4898 2989 4969 Magistrum
3031 4906 3130 4959 sibi
3182 4912 3433 4967 ontntbus
3463 4930 3587 4972 esse

1973 4977 2266 5045 cariorem,
2314 4987 2577 5052 patribus,
2634 4993 2915 5061 matribus,
2968 4998 3332 5069 facultatibus,
3376 5024 3581 5078 eosque

2096 5070 2165 5170 ab
2197 5071 2316 5141 ipso
2345 5074 2654 5145 discedunt,
2689 5098 2793 5136 non
2838 5086 3039 5145 habere
3066 5108 3173 5159 quo
3204 5109 3263 5149 se
3293 5067 3577 5170 recipiant.

1974 5156 2179 5217 Deinde
2229 5179 2298 5219 ne
2350 5168 2622 5226 videri-tur
2670 5174 2837 5243 illul,
2881 5181 2961 5233 Ad
3009 5156 3156 5253 quem
3202 5156 3429 5247 ibimusi’
3460 5194 3579 5248 ideo

1972 5250 2195 5318 dixisse,
2225 5260 2370 5326 quod
2395 5277 2500 5317 non
2532 5278 2717 5323 essent
2746 5272 2837 5341 qui
2869 5250 3030 5342 ipsos
3044 5280 3370 5349 reciperent,
3395 5297 3501 5341 stat
3528 5278 3576 5341 tu

1961 5345 2168 5415 adjicit,
2199 5350 2365 5409 Verba
2394 5357 2511 5411 vita:
2532 5371 2737 5418 ateriae
2762 5368 2940 5437 babes.
2968 5373 3069 5427 Alii
3098 5345 3241 5430 enim
3281 5345 3569 5437 carnaliter

1962 5450 2015 5493 et
2048 5440 2276 5499 humana
2313 5460 2493 5506 mente
2524 5458 2846 5525 audiebant;
2881 5462 2935 5517 hi
2966 5481 3091 5521 vero
3120 5470 3492 5540 spiritualiter,
3519 5486 3573 5531 et

1964 5530 2083 5586 fidei
2106 5546 2275 5593 totum
2294 5546 2717 5606 committentes.
2735 5530 3346 5619 ldeoCbristusdicebat
3369 5584 3381 5619 :
3404 5530 3491 5621 Vei
3508 5568 3571 5623 ba

1961 5646 2077 5697 qua:
2106 5632 2345 5703 loquutus
2376 5655 2489 5694 sum
2517 5644 2691 5715 vobis,
2724 5652 2936 5720 spiritus
2966 5666 3123 5719 sunt;
3154 5658 3205 5712 id
3238 5668 3340 5725 est,
3374 5660 3449 5716 Ne
3480 5678 3571 5717 su-

1961 5723 2188 5791 spiceris
2230 5727 2531 5788 doctrinam
2581 5753 2779 5809 meam,
2826 5759 3006 5801 rerum
3056 5753 3459 5821 consequentiae
3505 5770 3569 5810 ae

1959 5816 2269 5874 necessitati
2294 5821 2595 5893 subjacere.
2620 5831 2736 5890 Non
2769 5834 3078 5909 hujusmodi
3105 5816 3567 5915 suut'spiritualia
