  <div class='ocr_page' id='page_1' title='image "/cluster/home/n/w/nwhite01/storage/ocr_20150623/59/pst.000005712595/265.png"; bbox 0 0 4164 6324; ppageno 0'>
   <div class='ocr_carea' id='block_1_1' title="bbox 595 374 692 429">
    <p class='ocr_par' dir='ltr' id='par_1_1' title="bbox 595 374 692 429">
     <span class='ocr_line' id='line_1_1' title="bbox 595 374 692 429; baseline -0.021 0"><span class='ocrx_word' id='word_1_1' title='bbox 595 374 692 429; x_wconf 68' lang='lat'><strong>237</strong></span> 
     </span>
    </p>
   </div>
   <div class='ocr_carea' id='block_1_2' title="bbox 600 465 2162 547">
    <p class='ocr_par' dir='ltr' id='par_1_2' title="bbox 600 465 2162 547">
     <span class='ocr_line' id='line_1_2' title="bbox 600 465 2162 547; baseline -0.019 -7"><span class='ocrx_word' id='word_1_2' title='bbox 600 504 694 543; x_wconf 79' lang='lat' dir='ltr'><strong>nec</strong></span> <span class='ocrx_word' id='word_1_3' title='bbox 720 485 948 539; x_wconf 72' lang='lat' dir='ltr'><strong>terrenis</strong></span> <span class='ocrx_word' id='word_1_4' title='bbox 980 477 1182 547; x_wconf 78' lang='lat' dir='ltr'><strong>legibus</strong></span> <span class='ocrx_word' id='word_1_5' title='bbox 1207 473 1358 529; x_wconf 85' lang='lat' dir='ltr'><strong>subdi</strong></span> <span class='ocrx_word' id='word_1_6' title='bbox 1400 474 1691 542; x_wconf 90' lang='lat' dir='ltr'><strong>patiuntur.</strong></span> <span class='ocrx_word' id='word_1_7' title='bbox 1722 468 1775 523; x_wconf 93' lang='lat' dir='ltr'><strong>ld</strong></span> <span class='ocrx_word' id='word_1_8' title='bbox 1806 465 1998 521; x_wconf 81' lang='lat' dir='ltr'><strong>Paulus</strong></span> <span class='ocrx_word' id='word_1_9' title='bbox 2031 475 2162 531; x_wconf 81' lang='lat' dir='ltr'><strong>quo-</strong></span> 
     </span>
    </p>
   </div>
   <div class='ocr_carea' id='block_1_3' title="bbox 590 553 2169 650">
    <p class='ocr_par' dir='ltr' id='par_1_3' title="bbox 590 553 2169 650">
     <span class='ocr_line' id='line_1_3' title="bbox 590 553 2169 650; baseline -0.019 -15"><span class='ocrx_word' id='word_1_10' title='bbox 590 595 697 650; x_wconf 90' lang='lat' dir='ltr'><strong>quc</strong></span> <span class='ocrx_word' id='word_1_11' title='bbox 725 577 956 632; x_wconf 79' lang='lat' dir='ltr'><strong>declarat</strong></span> <span class='ocrx_word' id='word_1_12' title='bbox 986 571 1068 623; x_wconf 86' lang='lat' dir='ltr'><strong>his</strong></span> <span class='ocrx_word' id='word_1_13' title='bbox 1099 567 1276 622; x_wconf 79' lang='lat' dir='ltr'><strong>verbis</strong></span> <span class='ocrx_word' id='word_1_14' title='bbox 1305 586 1318 621; x_wconf 88' lang='lat'><strong>:</strong></span> <span class='ocrx_word' id='word_1_15' title='bbox 1354 567 1433 619; x_wconf 84' lang='lat' dir='ltr'><strong>Ne</strong></span> <span class='ocrx_word' id='word_1_16' title='bbox 1462 566 1601 617; x_wconf 81' lang='lat' dir='ltr'><strong>dicas</strong></span> <span class='ocrx_word' id='word_1_17' title='bbox 1644 564 1696 616; x_wconf 86' lang='lat' dir='ltr'><strong>in</strong></span> <span class='ocrx_word' id='word_1_18' title='bbox 1723 559 1876 614; x_wconf 85' lang='lat' dir='ltr'><strong>corde</strong></span> <span class='ocrx_word' id='word_1_19' title='bbox 1906 569 2008 619; x_wconf 89' lang='lat' dir='ltr'><strong>tuo,</strong></span> <span class='ocrx_word' id='word_1_20' title='bbox 2045 553 2169 618; x_wconf 81' lang='lat' dir='ltr'><strong>Quis</strong></span> 
     </span>
    </p>
   </div>
   <div class='ocr_carea' id='block_1_4' title="bbox 594 648 2169 723">
    <p class='ocr_par' dir='ltr' id='par_1_4' title="bbox 594 648 2169 723">
     <span class='ocr_line' id='line_1_4' title="bbox 594 648 2169 723; baseline -0.019 1"><span class='ocrx_word' id='word_1_21' title='bbox 594 648 826 723; x_wconf 81' lang='lat' dir='ltr'><strong>ascendet</strong></span> <span class='ocrx_word' id='word_1_22' title='bbox 874 665 926 715; x_wconf 84' lang='lat' dir='ltr'><strong>in</strong></span> <span class='ocrx_word' id='word_1_23' title='bbox 969 659 1190 715; x_wconf 66' lang='lat' dir='ltr'><strong>calum?</strong></span> <span class='ocrx_word' id='word_1_24' title='bbox 1235 658 1329 710; x_wconf 80' lang='lat' dir='ltr'><strong>hoc</strong></span> <span class='ocrx_word' id='word_1_25' title='bbox 1359 666 1450 720; x_wconf 81' lang='lat' dir='ltr'><strong>est,</strong></span> <span class='ocrx_word' id='word_1_26' title='bbox 1479 653 1733 708; x_wconf 81' lang='lat' dir='ltr'><strong>Christum</strong></span> <span class='ocrx_word' id='word_1_27' title='bbox 1774 648 2051 710; x_wconf 76' lang='lat' dir='ltr'><strong>deducere;</strong></span> <span class='ocrx_word' id='word_1_28' title='bbox 2080 651 2169 695; x_wconf 88' lang='lat' dir='ltr'><strong>aut</strong></span> 
     </span>
    </p>
   </div>
   <div class='ocr_carea' id='block_1_5' title="bbox 595 741 2168 829">
    <p class='ocr_par' dir='ltr' id='par_1_5' title="bbox 595 741 2168 829">
     <span class='ocr_line' id='line_1_5' title="bbox 595 741 2168 829; baseline -0.017 -17"><span class='ocrx_word' id='word_1_29' title='bbox 595 759 704 829; x_wconf 81' lang='lat' dir='ltr'><strong>quis</strong></span> <span class='ocrx_word' id='word_1_30' title='bbox 731 753 991 808; x_wconf 86' lang='lat' dir='ltr'><strong>descendet</strong></span> <span class='ocrx_word' id='word_1_31' title='bbox 1018 753 1070 803; x_wconf 86' lang='lat' dir='ltr'><strong>in</strong></span> <span class='ocrx_word' id='word_1_32' title='bbox 1097 747 1370 818; x_wconf 78' lang='lat' dir='ltr'><strong>abyssum?</strong></span> <span class='ocrx_word' id='word_1_33' title='bbox 1411 747 1504 798; x_wconf 80' lang='lat' dir='ltr'><strong>hoc</strong></span> <span class='ocrx_word' id='word_1_34' title='bbox 1532 751 1624 806; x_wconf 81' lang='lat' dir='ltr'><strong>est,</strong></span> <span class='ocrx_word' id='word_1_35' title='bbox 1659 741 1916 793; x_wconf 70' lang='lat' dir='ltr'><strong>Christum</strong></span> <span class='ocrx_word' id='word_1_36' title='bbox 1942 753 2004 790; x_wconf 68' lang='lat' dir='ltr'><strong>et:</strong></span> <span class='ocrx_word' id='word_1_37' title='bbox 2029 750 2168 787; x_wconf 87' lang='lat' dir='ltr'><strong>mor-</strong></span> 
     </span>
    </p>
   </div>
   <div class='ocr_carea' id='block_1_6' title="bbox 596 826 2164 910">
    <p class='ocr_par' dir='ltr' id='par_1_6' title="bbox 596 826 2164 910">
     <span class='ocr_line' id='line_1_6' title="bbox 596 826 2164 910; baseline -0.015 -8"><span class='ocrx_word' id='word_1_38' title='bbox 596 826 692 902; x_wconf 81' lang='lat' dir='ltr'><strong>tuis</strong></span> <span class='ocrx_word' id='word_1_39' title='bbox 713 860 945 899; x_wconf 84' lang='lat' dir='ltr'><strong>revocare</strong></span> <span class='ocrx_word' id='word_1_40' title='bbox 967 840 1138 910; x_wconf 81' lang='lat' dir='ltr'><strong>(Rom.</strong></span> <span class='ocrx_word' id='word_1_41' title='bbox 1164 838 1247 893; x_wconf 84' lang='grc'><strong>10.</strong></span> <span class='ocrx_word' id='word_1_42' title='bbox 1284 837 1338 891; x_wconf 83' lang='grc'><strong>6.</strong></span> <span class='ocrx_word' id='word_1_43' title='bbox 1358 836 1436 903; x_wconf 84' lang='lat'><strong>7).</strong></span> <span class='ocrx_word' id='word_1_44' title='bbox 1466 832 1627 886; x_wconf 83' lang='lat' dir='ltr'><strong>Verba</strong></span> <span class='ocrx_word' id='word_1_45' title='bbox 1652 832 1976 884; x_wconf 67' lang='lat' dir='ltr'><strong>vitaeteterme</strong></span> <span class='ocrx_word' id='word_1_46' title='bbox 1997 826 2164 878; x_wconf 76' lang='lat' dir='ltr'><strong>habes.</strong></span> 
     </span>
    </p>
   </div>
   <div class='ocr_carea' id='block_1_7' title="bbox 592 916 2168 994">
    <p class='ocr_par' dir='ltr' id='par_1_7' title="bbox 592 916 2168 994">
     <span class='ocr_line' id='line_1_7' title="bbox 592 916 2168 994; baseline -0.014 -3"><span class='ocrx_word' id='word_1_47' title='bbox 592 940 710 992; x_wconf 83' lang='lat' dir='ltr'><strong>.lam</strong></span> <span class='ocrx_word' id='word_1_48' title='bbox 763 936 815 989; x_wconf 91' lang='lat' dir='ltr'><strong>hi</strong></span> <span class='ocrx_word' id='word_1_49' title='bbox 865 931 1308 989; x_wconf 75' lang='lat' dir='ltr'><strong>resurrectionem</strong></span> <span class='ocrx_word' id='word_1_50' title='bbox 1337 933 1688 994; x_wconf 87' lang='lat' dir='ltr'><strong>acceperant,</strong></span> <span class='ocrx_word' id='word_1_51' title='bbox 1731 930 1787 976; x_wconf 92' lang='lat' dir='ltr'><strong>et</strong></span> <span class='ocrx_word' id='word_1_52' title='bbox 1827 929 1988 973; x_wconf 88' lang='lat' dir='ltr'><strong>totam</strong></span> <span class='ocrx_word' id='word_1_53' title='bbox 2025 916 2168 970; x_wconf 87' lang='lat' dir='ltr'><strong>illam</strong></span> 
     </span>
    </p>
   </div>
   <div class='ocr_carea' id='block_1_8' title="bbox 593 1007 2170 1091">
    <p class='ocr_par' dir='ltr' id='par_1_8' title="bbox 593 1007 2170 1091">
     <span class='ocr_line' id='line_1_8' title="bbox 593 1007 2170 1091; baseline -0.015 -7"><span class='ocrx_word' id='word_1_54' title='bbox 593 1040 816 1084; x_wconf 92' lang='lat' dir='ltr'><strong>sortem.</strong></span> <span class='ocrx_word' id='word_1_55' title='bbox 862 1025 1011 1089; x_wconf 82' lang='lat' dir='ltr'><strong>Vide,</strong></span> <span class='ocrx_word' id='word_1_56' title='bbox 1062 1035 1266 1091; x_wconf 60' lang='lat' dir='ltr'><strong>quaeso,</strong></span> <span class='ocrx_word' id='word_1_57' title='bbox 1319 1018 1540 1071; x_wconf 89' lang='lat' dir='ltr'><strong>fratrum</strong></span> <span class='ocrx_word' id='word_1_58' title='bbox 1569 1024 1856 1075; x_wconf 88' lang='lat' dir='ltr'><strong>amantem,</strong></span> <span class='ocrx_word' id='word_1_59' title='bbox 1904 1007 2170 1080; x_wconf 87' lang='lat' dir='ltr'><strong>quomodo</strong></span> 
     </span>
    </p>
   </div>
   <div class='ocr_carea' id='block_1_9' title="bbox 597 1099 2166 1180">
    <p class='ocr_par' dir='ltr' id='par_1_9' title="bbox 597 1099 2166 1180">
     <span class='ocr_line' id='line_1_9' title="bbox 597 1099 2166 1180; baseline -0.016 -5"><span class='ocrx_word' id='word_1_60' title='bbox 597 1121 757 1175; x_wconf 89' lang='lat' dir='ltr'><strong>totius</strong></span> <span class='ocrx_word' id='word_1_61' title='bbox 783 1127 952 1173; x_wconf 70' lang='lat' dir='ltr'><strong>cetus</strong></span> <span class='ocrx_word' id='word_1_62' title='bbox 972 1126 1185 1168; x_wconf 78' lang='lat' dir='ltr'><strong>causam</strong></span> <span class='ocrx_word' id='word_1_63' title='bbox 1215 1115 1379 1180; x_wconf 71' lang='lat' dir='ltr'><strong>agat&quot;.</strong></span> <span class='ocrx_word' id='word_1_64' title='bbox 1410 1123 1514 1163; x_wconf 91' lang='lat' dir='ltr'><strong>non</strong></span> <span class='ocrx_word' id='word_1_65' title='bbox 1541 1106 1676 1161; x_wconf 79' lang='lat' dir='ltr'><strong>dixit</strong></span> <span class='ocrx_word' id='word_1_66' title='bbox 1715 1105 1879 1167; x_wconf 85' lang='lat' dir='ltr'><strong>enim,</strong></span> <span class='ocrx_word' id='word_1_67' title='bbox 1909 1099 2166 1170; x_wconf 77' lang='lat' dir='ltr'><strong>Cognovi,</strong></span> 
     </span>
    </p>
   </div>
   <div class='ocr_carea' id='block_1_10' title="bbox 596 1190 2170 1276">
    <p class='ocr_par' dir='ltr' id='par_1_10' title="bbox 596 1190 2170 1276">
     <span class='ocr_line' id='line_1_10' title="bbox 596 1190 2170 1276; baseline -0.014 -11"><span class='ocrx_word' id='word_1_68' title='bbox 596 1212 710 1276; x_wconf 78' lang='lat' dir='ltr'><strong>si-d,</strong></span> <span class='ocrx_word' id='word_1_69' title='bbox 740 1208 1071 1276; x_wconf 82' lang='lat' dir='ltr'><strong>Coguotn&#39;utus</strong></span> <span class='ocrx_word' id='word_1_70' title='bbox 1095 1220 1114 1256; x_wconf 90' lang='lat'><strong><em>:</em></strong></span> <span class='ocrx_word' id='word_1_71' title='bbox 1145 1204 1250 1255; x_wconf 89' lang='lat' dir='ltr'><strong>imo</strong></span> <span class='ocrx_word' id='word_1_72' title='bbox 1295 1201 1470 1270; x_wconf 84' lang='lat' dir='ltr'><strong>potius</strong></span> <span class='ocrx_word' id='word_1_73' title='bbox 1515 1197 1880 1251; x_wconf 85' lang='lat' dir='ltr'><strong>animadverte</strong></span> <span class='ocrx_word' id='word_1_74' title='bbox 1902 1190 2170 1263; x_wconf 86' lang='lat' dir='ltr'><strong>quomodo</strong></span> 
     </span>
    </p>
   </div>
   <div class='ocr_carea' id='block_1_11' title="bbox 596 1281 2170 1370">
    <p class='ocr_par' dir='ltr' id='par_1_11' title="bbox 596 1281 2170 1370">
     <span class='ocr_line' id='line_1_11' title="bbox 596 1281 2170 1370; baseline -0.01 -22"><span class='ocrx_word' id='word_1_75' title='bbox 596 1302 659 1354; x_wconf 82' lang='lat' dir='ltr'><strong>ad</strong></span> <span class='ocrx_word' id='word_1_76' title='bbox 689 1304 798 1370; x_wconf 87' lang='lat' dir='ltr'><strong>ipsa</strong></span> <span class='ocrx_word' id='word_1_77' title='bbox 826 1297 1056 1363; x_wconf 73' lang='lat' dir='ltr'><strong>Magistri</strong></span> <span class='ocrx_word' id='word_1_78' title='bbox 1087 1294 1246 1369; x_wconf 79' lang='lat' dir='ltr'><strong>verba</strong></span> <span class='ocrx_word' id='word_1_79' title='bbox 1271 1290 1510 1353; x_wconf 81' lang='lat' dir='ltr'><strong>accedat,</strong></span> <span class='ocrx_word' id='word_1_80' title='bbox 1535 1303 1639 1341; x_wconf 89' lang='lat' dir='ltr'><strong>non</strong></span> <span class='ocrx_word' id='word_1_81' title='bbox 1661 1287 1845 1341; x_wconf 89' lang='lat' dir='ltr'><strong>eadem</strong></span> <span class='ocrx_word' id='word_1_82' title='bbox 1865 1299 1982 1353; x_wconf 66' lang='lat' dir='ltr'><strong>quae</strong></span> <span class='ocrx_word' id='word_1_83' title='bbox 2001 1281 2170 1336; x_wconf 61' lang='lat' dir='ltr'><strong>Jndmi</strong></span> 
     </span>
    </p>
   </div>
   <div class='ocr_carea' id='block_1_12' title="bbox 599 1371 2172 1459">
    <p class='ocr_par' dir='ltr' id='par_1_12' title="bbox 599 1371 2172 1459">
     <span class='ocr_line' id='line_1_12' title="bbox 599 1371 2172 1459; baseline -0.011 -16"><span class='ocrx_word' id='word_1_84' title='bbox 599 1393 837 1459; x_wconf 88' lang='lat' dir='ltr'><strong>loquens.</strong></span> <span class='ocrx_word' id='word_1_85' title='bbox 872 1387 948 1439; x_wconf 92' lang='lat' dir='ltr'><strong>llli</strong></span> <span class='ocrx_word' id='word_1_86' title='bbox 972 1385 1112 1439; x_wconf 87' lang='lat' dir='ltr'><strong>enim</strong></span> <span class='ocrx_word' id='word_1_87' title='bbox 1140 1382 1408 1441; x_wconf 81' lang='lat' dir='ltr'><strong>dicebant,</strong></span> <span class='ocrx_word' id='word_1_88' title='bbox 1437 1378 1536 1431; x_wconf 79' lang='lat' dir='ltr'><strong>Hic</strong></span> <span class='ocrx_word' id='word_1_89' title='bbox 1565 1388 1635 1430; x_wconf 89' lang='lat' dir='ltr'><strong>est</strong></span> <span class='ocrx_word' id='word_1_90' title='bbox 1665 1377 1804 1444; x_wconf 80' lang='lat' dir='ltr'><strong>ﬁlius</strong></span> <span class='ocrx_word' id='word_1_91' title='bbox 1829 1374 2056 1444; x_wconf 74' lang='lat' dir='ltr'><strong>Ioseph;</strong></span> <span class='ocrx_word' id='word_1_92' title='bbox 2085 1371 2172 1426; x_wconf 80' lang='lat' dir='ltr'><strong>hic</strong></span> 
     </span>
    </p>
   </div>
   <div class='ocr_carea' id='block_1_13' title="bbox 595 1463 2175 1543">
    <p class='ocr_par' dir='ltr' id='par_1_13' title="bbox 595 1463 2175 1543">
     <span class='ocr_line' id='line_1_13' title="bbox 595 1463 2175 1543; baseline -0.01 -9"><span class='ocrx_word' id='word_1_93' title='bbox 595 1492 791 1543; x_wconf 84' lang='lat' dir='ltr'><strong>autem,</strong></span> <span class='ocrx_word' id='word_1_94' title='bbox 821 1477 901 1532; x_wconf 84' lang='lat' dir='ltr'><strong>Tu</strong></span> <span class='ocrx_word' id='word_1_95' title='bbox 930 1495 982 1532; x_wconf 89' lang='lat' dir='ltr'><strong>es</strong></span> <span class='ocrx_word' id='word_1_96' title='bbox 1003 1477 1231 1530; x_wconf 74' lang='lat' dir='ltr'><strong>Christus</strong></span> <span class='ocrx_word' id='word_1_97' title='bbox 1261 1471 1306 1524; x_wconf 84' lang='lat' dir='ltr'><em>F</em></span> <span class='ocrx_word' id='word_1_98' title='bbox 1309 1473 1406 1524; x_wconf 85' lang='lat' dir='ltr'><strong>lius</strong></span> <span class='ocrx_word' id='word_1_99' title='bbox 1437 1469 1534 1523; x_wconf 88' lang='lat' dir='ltr'><strong>Dei</strong></span> <span class='ocrx_word' id='word_1_100' title='bbox 1575 1471 1704 1530; x_wconf 75' lang='lat' dir='ltr'><strong>vivi;</strong></span> <span class='ocrx_word' id='word_1_101' title='bbox 1735 1476 1809 1531; x_wconf 88' lang='lat' dir='ltr'><strong>et,</strong></span> <span class='ocrx_word' id='word_1_102' title='bbox 1864 1463 2024 1518; x_wconf 85' lang='lat' dir='ltr'><strong>Verba</strong></span> <span class='ocrx_word' id='word_1_103' title='bbox 2059 1464 2175 1518; x_wconf 67' lang='lat' dir='ltr'><strong>vita</strong></span> 
     </span>
    </p>
   </div>
   <div class='ocr_carea' id='block_1_14' title="bbox 597 1558 2174 1634">
    <p class='ocr_par' dir='ltr' id='par_1_14' title="bbox 597 1558 2174 1634">
     <span class='ocr_line' id='line_1_14' title="bbox 597 1558 2174 1634; baseline -0.013 -7"><span class='ocrx_word' id='word_1_104' title='bbox 597 1588 798 1628; x_wconf 78' lang='lat' dir='ltr'><strong>a-terme</strong></span> <span class='ocrx_word' id='word_1_105' title='bbox 841 1572 1011 1624; x_wconf 83' lang='lat' dir='ltr'><strong>habes.</strong></span> <span class='ocrx_word' id='word_1_106' title='bbox 1058 1567 1218 1621; x_wconf 81' lang='lat' dir='ltr'><strong>Forte</strong></span> <span class='ocrx_word' id='word_1_107' title='bbox 1261 1564 1382 1634; x_wconf 89' lang='lat' dir='ltr'><strong>quia</strong></span> <span class='ocrx_word' id='word_1_108' title='bbox 1411 1577 1556 1630; x_wconf 65' lang='lat' dir='ltr'><strong>saepe</strong></span> <span class='ocrx_word' id='word_1_109' title='bbox 1587 1560 1758 1630; x_wconf 81' lang='lat' dir='ltr'><strong>ipsum</strong></span> <span class='ocrx_word' id='word_1_110' title='bbox 1788 1558 2052 1612; x_wconf 86' lang='lat' dir='ltr'><strong>dicentem</strong></span> <span class='ocrx_word' id='word_1_111' title='bbox 2079 1571 2174 1608; x_wconf 83' lang='lat' dir='ltr'><strong>au-</strong></span> 
     </span>
    </p>
   </div>
   <div class='ocr_carea' id='block_1_15' title="bbox 597 1650 2174 1729">
    <p class='ocr_par' dir='ltr' id='par_1_15' title="bbox 597 1650 2174 1729">
     <span class='ocr_line' id='line_1_15' title="bbox 597 1650 2174 1729; baseline -0.013 -7"><span class='ocrx_word' id='word_1_112' title='bbox 597 1669 768 1722; x_wconf 89' lang='lat' dir='ltr'><strong>dierat</strong></span> <span class='ocrx_word' id='word_1_113' title='bbox 796 1684 810 1721; x_wconf 86' lang='lat'>:</span> <span class='ocrx_word' id='word_1_114' title='bbox 841 1665 941 1729; x_wconf 82' lang='lat' dir='ltr'><strong>Qui</strong></span> <span class='ocrx_word' id='word_1_115' title='bbox 966 1662 1124 1716; x_wconf 81' lang='lat' dir='ltr'><strong>credit</strong></span> <span class='ocrx_word' id='word_1_116' title='bbox 1147 1661 1196 1712; x_wconf 88' lang='lat' dir='ltr'><strong>in</strong></span> <span class='ocrx_word' id='word_1_117' title='bbox 1219 1674 1314 1721; x_wconf 79' lang='lat' dir='ltr'><strong>me,</strong></span> <span class='ocrx_word' id='word_1_118' title='bbox 1339 1656 1485 1710; x_wconf 73' lang='lat' dir='ltr'><strong>liabet</strong></span> <span class='ocrx_word' id='word_1_119' title='bbox 1503 1655 1652 1709; x_wconf 75' lang='lat' dir='ltr'><strong>vitam</strong></span> <span class='ocrx_word' id='word_1_120' title='bbox 1673 1662 1932 1707; x_wconf 72' lang='lat' dir='ltr'><strong>(uernam.</strong></span> <span class='ocrx_word' id='word_1_121' title='bbox 1953 1650 2174 1703; x_wconf 88' lang='lat' dir='ltr'><strong>Demon-</strong></span> 
     </span>
    </p>
   </div>
   <div class='ocr_carea' id='block_1_16' title="bbox 597 1741 2172 1812">
    <p class='ocr_par' dir='ltr' id='par_1_16' title="bbox 597 1741 2172 1812">
     <span class='ocr_line' id='line_1_16' title="bbox 597 1741 2172 1812; baseline -0.012 0"><span class='ocrx_word' id='word_1_122' title='bbox 597 1767 728 1812; x_wconf 80' lang='lat' dir='ltr'><strong>strat</strong></span> <span class='ocrx_word' id='word_1_123' title='bbox 753 1756 897 1810; x_wconf 90' lang='lat' dir='ltr'><strong>enim</strong></span> <span class='ocrx_word' id='word_1_124' title='bbox 938 1768 998 1808; x_wconf 87' lang='lat' dir='ltr'><strong>se</strong></span> <span class='ocrx_word' id='word_1_125' title='bbox 1040 1752 1178 1807; x_wconf 89' lang='lat' dir='ltr'><strong>dicta</strong></span> <span class='ocrx_word' id='word_1_126' title='bbox 1205 1750 1384 1804; x_wconf 81' lang='lat' dir='ltr'><strong>omnia</strong></span> <span class='ocrx_word' id='word_1_127' title='bbox 1429 1747 1680 1810; x_wconf 90' lang='lat' dir='ltr'><strong>retinere,</strong></span> <span class='ocrx_word' id='word_1_128' title='bbox 1713 1758 1834 1798; x_wconf 90' lang='lat' dir='ltr'><strong>cum</strong></span> <span class='ocrx_word' id='word_1_129' title='bbox 1865 1745 1977 1812; x_wconf 84' lang='lat' dir='ltr'><strong>ipsa</strong></span> <span class='ocrx_word' id='word_1_130' title='bbox 2013 1741 2172 1795; x_wconf 87' lang='lat' dir='ltr'><strong>verba</strong></span> 
     </span>
    </p>
   </div>
   <div class='ocr_carea' id='block_1_17' title="bbox 597 1832 2176 1918">
    <p class='ocr_par' dir='ltr' id='par_1_17' title="bbox 597 1832 2176 1918">
     <span class='ocr_line' id='line_1_17' title="bbox 597 1832 2176 1918; baseline -0.01 -16"><span class='ocrx_word' id='word_1_131' title='bbox 597 1858 835 1918; x_wconf 87' lang='lat' dir='ltr'><strong>usurpat.</strong></span> <span class='ocrx_word' id='word_1_132' title='bbox 862 1845 998 1913; x_wconf 88' lang='lat' dir='ltr'><strong>Quid</strong></span> <span class='ocrx_word' id='word_1_133' title='bbox 1027 1858 1154 1914; x_wconf 84' lang='lat' dir='ltr'><strong>ergo</strong></span> <span class='ocrx_word' id='word_1_134' title='bbox 1175 1839 1456 1896; x_wconf 71' lang='lat' dir='ltr'><strong>Christus?</strong></span> <span class='ocrx_word' id='word_1_135' title='bbox 1482 1837 1597 1892; x_wconf 88' lang='lat' dir='ltr'><strong>Non</strong></span> <span class='ocrx_word' id='word_1_136' title='bbox 1626 1834 1879 1899; x_wconf 87' lang='lat' dir='ltr'><strong>laudavit,</strong></span> <span class='ocrx_word' id='word_1_137' title='bbox 1907 1848 2005 1888; x_wconf 91' lang='lat' dir='ltr'><strong>nec</strong></span> <span class='ocrx_word' id='word_1_138' title='bbox 2035 1832 2176 1889; x_wconf 89' lang='lat' dir='ltr'><strong>cele-</strong></span> 
     </span>
    </p>
   </div>
   <div class='ocr_carea' id='block_1_18' title="bbox 600 1923 2177 2005">
    <p class='ocr_par' dir='ltr' id='par_1_18' title="bbox 600 1923 2177 2005">
     <span class='ocr_line' id='line_1_18' title="bbox 600 1923 2177 2005; baseline -0.012 -10"><span class='ocrx_word' id='word_1_139' title='bbox 600 1941 769 1995; x_wconf 83' lang='lat' dir='ltr'><strong>bravit</strong></span> <span class='ocrx_word' id='word_1_140' title='bbox 796 1939 1030 2001; x_wconf 82' lang='lat' dir='ltr'><strong>Petrum,</strong></span> <span class='ocrx_word' id='word_1_141' title='bbox 1053 1933 1194 2005; x_wconf 89' lang='lat' dir='ltr'><strong>quod</strong></span> <span class='ocrx_word' id='word_1_142' title='bbox 1215 1941 1392 1986; x_wconf 88' lang='lat' dir='ltr'><strong>tamen</strong></span> <span class='ocrx_word' id='word_1_143' title='bbox 1415 1930 1538 1984; x_wconf 89' lang='lat' dir='ltr'><strong>alibi</strong></span> <span class='ocrx_word' id='word_1_144' title='bbox 1569 1927 1710 1982; x_wconf 87' lang='lat' dir='ltr'><strong>fecit.</strong></span> <span class='ocrx_word' id='word_1_145' title='bbox 1735 1925 1840 1981; x_wconf 86' lang='lat' dir='ltr'><strong>Sed</strong></span> <span class='ocrx_word' id='word_1_146' title='bbox 1862 1924 1986 1995; x_wconf 89' lang='lat' dir='ltr'><strong>quid</strong></span> <span class='ocrx_word' id='word_1_147' title='bbox 2008 1923 2177 1978; x_wconf 82' lang='lat' dir='ltr'><strong>dicit?</strong></span> 
     </span>
    </p>
   </div>
   <div class='ocr_carea' id='block_1_19' title="bbox 602 2013 2177 2097">
    <p class='ocr_par' dir='ltr' id='par_1_19' title="bbox 602 2013 2177 2097">
     <span class='ocr_line' id='line_1_19' title="bbox 602 2013 2177 2097; baseline -0.011 -12"><span class='ocrx_word' id='word_1_148' title='bbox 602 2030 688 2085; x_wconf 77' lang='lat'><strong>70.</strong></span> <span class='ocrx_word' id='word_1_149' title='bbox 743 2031 927 2082; x_wconf 66' lang='lat' dir='ltr'><strong>Nonne</strong></span> <span class='ocrx_word' id='word_1_150' title='bbox 971 2042 1059 2097; x_wconf 82' lang='lat' dir='ltr'><strong>ego</strong></span> <span class='ocrx_word' id='word_1_151' title='bbox 1107 2041 1191 2078; x_wconf 73' lang='lat' dir='ltr'><strong>vos</strong></span> <span class='ocrx_word' id='word_1_152' title='bbox 1219 2023 1482 2076; x_wconf 80' lang='lat' dir='ltr'><strong>duodecim</strong></span> <span class='ocrx_word' id='word_1_153' title='bbox 1511 2020 1657 2089; x_wconf 83' lang='lat' dir='ltr'><strong>elegi,</strong></span> <span class='ocrx_word' id='word_1_154' title='bbox 1706 2027 1751 2072; x_wconf 87' lang='lat' dir='ltr'><strong>et</strong></span> <span class='ocrx_word' id='word_1_155' title='bbox 1793 2033 1922 2070; x_wconf 77' lang='lat' dir='ltr'><strong>unus</strong></span> <span class='ocrx_word' id='word_1_156' title='bbox 1949 2033 2013 2070; x_wconf 77' lang='lat' dir='ltr'><strong>ea:</strong></span> <span class='ocrx_word' id='word_1_157' title='bbox 2040 2013 2177 2068; x_wconf 77' lang='lat' dir='ltr'><strong>vobis</strong></span> 
     </span>
    </p>
   </div>
   <div class='ocr_carea' id='block_1_20' title="bbox 597 2109 2174 2187">
    <p class='ocr_par' dir='ltr' id='par_1_20' title="bbox 597 2109 2174 2187">
     <span class='ocr_line' id='line_1_20' title="bbox 597 2109 2174 2187; baseline -0.011 -9"><span class='ocrx_word' id='word_1_158' title='bbox 597 2125 826 2180; x_wconf 85' lang='lat' dir='ltr'><strong>diabolus</strong></span> <span class='ocrx_word' id='word_1_159' title='bbox 853 2122 968 2176; x_wconf 77' lang='lat' dir='ltr'><strong>est?</strong></span> <span class='ocrx_word' id='word_1_160' title='bbox 1009 2119 1139 2187; x_wconf 88' lang='lat' dir='ltr'><strong>Quia</strong></span> <span class='ocrx_word' id='word_1_161' title='bbox 1180 2118 1320 2172; x_wconf 91' lang='lat' dir='ltr'><strong>enim</strong></span> <span class='ocrx_word' id='word_1_162' title='bbox 1353 2115 1443 2169; x_wconf 91' lang='lat' dir='ltr'><strong>ille</strong></span> <span class='ocrx_word' id='word_1_163' title='bbox 1479 2114 1708 2173; x_wconf 82' lang='lat' dir='ltr'><strong>dixerat,</strong></span> <span class='ocrx_word' id='word_1_164' title='bbox 1741 2110 1806 2164; x_wconf 85' lang='lat' dir='ltr'><strong>Et</strong></span> <span class='ocrx_word' id='word_1_165' title='bbox 1833 2127 1926 2163; x_wconf 89' lang='lat' dir='ltr'><strong>nos</strong></span> <span class='ocrx_word' id='word_1_166' title='bbox 1954 2109 2174 2162; x_wconf 82' lang='lat' dir='ltr'><strong>credidi-</strong></span> 
     </span>
    </p>
   </div>
   <div class='ocr_carea' id='block_1_21' title="bbox 599 2203 2177 2283">
    <p class='ocr_par' dir='ltr' id='par_1_21' title="bbox 599 2203 2177 2283">
     <span class='ocr_line' id='line_1_21' title="bbox 599 2203 2177 2283; baseline -0.007 -14"><span class='ocrx_word' id='word_1_167' title='bbox 599 2233 728 2275; x_wconf 83' lang='lat' dir='ltr'><strong>mus.</strong></span> <span class='ocrx_word' id='word_1_168' title='bbox 760 2214 956 2283; x_wconf 77' lang='lat' dir='ltr'><strong>excipit</strong></span> <span class='ocrx_word' id='word_1_169' title='bbox 995 2228 1061 2266; x_wconf 79' lang='lat' dir='ltr'><strong>ex</strong></span> <span class='ocrx_word' id='word_1_170' title='bbox 1092 2224 1314 2265; x_wconf 87' lang='lat' dir='ltr'><strong>numero</strong></span> <span class='ocrx_word' id='word_1_171' title='bbox 1356 2207 1567 2262; x_wconf 74' lang='lat' dir='ltr'><strong>ludam.</strong></span> <span class='ocrx_word' id='word_1_172' title='bbox 1601 2205 1737 2260; x_wconf 86' lang='lat' dir='ltr'><strong>Alibi</strong></span> <span class='ocrx_word' id='word_1_173' title='bbox 1769 2205 1910 2259; x_wconf 89' lang='lat' dir='ltr'><strong>enim</strong></span> <span class='ocrx_word' id='word_1_174' title='bbox 1950 2203 2078 2257; x_wconf 84' lang='lat' dir='ltr'><strong>nihil</strong></span> <span class='ocrx_word' id='word_1_175' title='bbox 2109 2203 2177 2258; x_wconf 89' lang='lat' dir='ltr'><strong>de</strong></span> 
     </span>
    </p>
   </div>
   <div class='ocr_carea' id='block_1_22' title="bbox 599 2293 2178 2376">
    <p class='ocr_par' dir='ltr' id='par_1_22' title="bbox 599 2293 2178 2376">
     <span class='ocr_line' id='line_1_22' title="bbox 599 2293 2178 2376; baseline -0.011 -15"><span class='ocrx_word' id='word_1_176' title='bbox 599 2307 874 2376; x_wconf 86' lang='lat' dir='ltr'><strong>discipulis</strong></span> <span class='ocrx_word' id='word_1_177' title='bbox 900 2303 1034 2358; x_wconf 72' lang='lat' dir='ltr'><strong>dixit</strong></span> <span class='ocrx_word' id='word_1_178' title='bbox 1059 2319 1070 2355; x_wconf 89' lang='lat'><strong>:</strong></span> <span class='ocrx_word' id='word_1_179' title='bbox 1099 2301 1191 2356; x_wconf 90' lang='lat' dir='ltr'><strong>sed</strong></span> <span class='ocrx_word' id='word_1_180' title='bbox 1217 2316 1337 2354; x_wconf 91' lang='lat' dir='ltr'><strong>cum</strong></span> <span class='ocrx_word' id='word_1_181' title='bbox 1357 2297 1600 2353; x_wconf 87' lang='lat' dir='ltr'><strong>Christus</strong></span> <span class='ocrx_word' id='word_1_182' title='bbox 1619 2297 1863 2359; x_wconf 73' lang='lat' dir='ltr'><strong>dixisset,</strong></span> <span class='ocrx_word' id='word_1_183' title='bbox 1895 2293 1994 2348; x_wconf 79' lang='lat' dir='ltr'><strong>Vos</strong></span> <span class='ocrx_word' id='word_1_184' title='bbox 2013 2304 2178 2347; x_wconf 80' lang='lat' dir='ltr'><strong>autem</strong></span> 
     </span>
    </p>
   </div>
   <div class='ocr_carea' id='block_1_23' title="bbox 599 2385 2180 2466">
    <p class='ocr_par' dir='ltr' id='par_1_23' title="bbox 599 2385 2180 2466">
     <span class='ocr_line' id='line_1_23' title="bbox 599 2385 2180 2466; baseline -0.009 -13"><span class='ocrx_word' id='word_1_185' title='bbox 599 2416 745 2466; x_wconf 81' lang='lat' dir='ltr'><strong>quem</strong></span> <span class='ocrx_word' id='word_1_186' title='bbox 776 2414 852 2450; x_wconf 88' lang='lat' dir='ltr'><strong>me</strong></span> <span class='ocrx_word' id='word_1_187' title='bbox 893 2413 999 2450; x_wconf 90' lang='lat' dir='ltr'><strong>esse</strong></span> <span class='ocrx_word' id='word_1_188' title='bbox 1020 2393 1222 2446; x_wconf 76' lang='lat' dir='ltr'><strong>dicitis?</strong></span> <span class='ocrx_word' id='word_1_189' title='bbox 1252 2390 1546 2460; x_wconf 81' lang='lat' dir='ltr'><strong>respondit,</strong></span> <span class='ocrx_word' id='word_1_190' title='bbox 1575 2387 1653 2442; x_wconf 88' lang='lat' dir='ltr'><strong>Tu</strong></span> <span class='ocrx_word' id='word_1_191' title='bbox 1675 2404 1726 2441; x_wconf 88' lang='lat' dir='ltr'><strong>es</strong></span> <span class='ocrx_word' id='word_1_192' title='bbox 1756 2386 1986 2441; x_wconf 81' lang='lat' dir='ltr'><strong>Christus</strong></span> <span class='ocrx_word' id='word_1_193' title='bbox 2014 2385 2180 2439; x_wconf 84' lang='lat' dir='ltr'><strong>Filius</strong></span> 
     </span>
    </p>
   </div>
   <div class='ocr_carea' id='block_1_24' title="bbox 603 2477 2178 2552">
    <p class='ocr_par' dir='ltr' id='par_1_24' title="bbox 603 2477 2178 2552">
     <span class='ocr_line' id='line_1_24' title="bbox 603 2477 2178 2552; baseline -0.009 -9"><span class='ocrx_word' id='word_1_194' title='bbox 603 2489 694 2543; x_wconf 86' lang='lat' dir='ltr'><strong>Dei</strong></span> <span class='ocrx_word' id='word_1_195' title='bbox 721 2487 963 2552; x_wconf 75' lang='lat' dir='ltr'><strong>viventis(</strong></span> <span class='ocrx_word' id='word_1_196' title='bbox 992 2484 1178 2537; x_wconf 72' lang='lat' dir='ltr'><strong>Matth.</strong></span> <span class='ocrx_word' id='word_1_197' title='bbox 1212 2482 1297 2537; x_wconf 81' lang='grc'><strong>16.</strong></span> <span class='ocrx_word' id='word_1_198' title='bbox 1328 2482 1395 2535; x_wconf 80' lang='grc'><strong>15</strong></span> <span class='ocrx_word' id='word_1_199' title='bbox 1416 2481 1460 2550; x_wconf 92' lang='grc'><strong>).</strong></span> <span class='ocrx_word' id='word_1_200' title='bbox 1506 2479 1601 2534; x_wconf 87' lang='lat' dir='ltr'><strong>llic</strong></span> <span class='ocrx_word' id='word_1_201' title='bbox 1629 2493 1756 2534; x_wconf 86' lang='lat' dir='ltr'><strong>vero</strong></span> <span class='ocrx_word' id='word_1_202' title='bbox 1801 2478 1920 2546; x_wconf 84' lang='lat' dir='ltr'><strong>quia</strong></span> <span class='ocrx_word' id='word_1_203' title='bbox 1949 2477 2178 2540; x_wconf 80' lang='lat' dir='ltr'><strong>dixerat,</strong></span> 
     </span>
    </p>
   </div>
   <div class='ocr_carea' id='block_1_25' title="bbox 603 2568 2180 2640">
    <p class='ocr_par' dir='ltr' id='par_1_25' title="bbox 603 2568 2180 2640">
     <span class='ocr_line' id='line_1_25' title="bbox 603 2568 2180 2640; baseline -0.01 -6"><span class='ocrx_word' id='word_1_204' title='bbox 603 2580 668 2634; x_wconf 81' lang='lat' dir='ltr'><strong>Et</strong></span> <span class='ocrx_word' id='word_1_205' title='bbox 697 2596 788 2632; x_wconf 88' lang='lat' dir='ltr'><strong>nos</strong></span> <span class='ocrx_word' id='word_1_206' title='bbox 817 2578 1140 2640; x_wconf 81' lang='lat' dir='ltr'><strong>credidimus,</strong></span> <span class='ocrx_word' id='word_1_207' title='bbox 1172 2574 1362 2628; x_wconf 86' lang='lat' dir='ltr'><strong>merito</strong></span> <span class='ocrx_word' id='word_1_208' title='bbox 1383 2571 1571 2626; x_wconf 85' lang='lat' dir='ltr'><strong>Jndam</strong></span> <span class='ocrx_word' id='word_1_209' title='bbox 1591 2569 1774 2624; x_wconf 80' lang='lat' dir='ltr'><strong>eximit</strong></span> <span class='ocrx_word' id='word_1_210' title='bbox 1795 2585 1858 2624; x_wconf 76' lang='lat' dir='ltr'><strong>ex</strong></span> <span class='ocrx_word' id='word_1_211' title='bbox 1881 2569 1970 2622; x_wconf 82' lang='lat' dir='ltr'><strong>illo</strong></span> <span class='ocrx_word' id='word_1_212' title='bbox 1991 2568 2180 2630; x_wconf 68' lang='lat' dir='ltr'><strong>chcz‘o;</strong></span> 
     </span>
    </p>
   </div>
   <div class='ocr_carea' id='block_1_26' title="bbox 603 2659 2184 2734">
    <p class='ocr_par' dir='ltr' id='par_1_26' title="bbox 603 2659 2184 2734">
     <span class='ocr_line' id='line_1_26' title="bbox 603 2659 2184 2734; baseline -0.009 -10"><span class='ocrx_word' id='word_1_213' title='bbox 603 2671 655 2726; x_wconf 91' lang='lat' dir='ltr'><strong>id</strong></span> <span class='ocrx_word' id='word_1_214' title='bbox 682 2685 808 2725; x_wconf 85' lang='lat' dir='ltr'><strong>vero</strong></span> <span class='ocrx_word' id='word_1_215' title='bbox 835 2669 979 2732; x_wconf 87' lang='lat' dir='ltr'><strong>facit,</strong></span> <span class='ocrx_word' id='word_1_216' title='bbox 1007 2669 1116 2734; x_wconf 85' lang='lat' dir='ltr'><strong>jam</strong></span> <span class='ocrx_word' id='word_1_217' title='bbox 1144 2665 1233 2719; x_wconf 82' lang='lat' dir='ltr'><strong>ditt</strong></span> <span class='ocrx_word' id='word_1_218' title='bbox 1262 2674 1386 2717; x_wconf 89' lang='lat' dir='ltr'><strong>ante</strong></span> <span class='ocrx_word' id='word_1_219' title='bbox 1430 2661 1714 2731; x_wconf 82' lang='lat' dir='ltr'><strong>proditoris</strong></span> <span class='ocrx_word' id='word_1_220' title='bbox 1758 2659 2031 2729; x_wconf 81' lang='lat' dir='ltr'><strong>perﬁdiam</strong></span> <span class='ocrx_word' id='word_1_221' title='bbox 2062 2673 2184 2726; x_wconf 87' lang='lat' dir='ltr'><strong>pro-</strong></span> 
     </span>
    </p>
   </div>
   <div class='ocr_carea' id='block_1_27' title="bbox 605 2748 2186 2830">
    <p class='ocr_par' dir='ltr' id='par_1_27' title="bbox 605 2748 2186 2830">
     <span class='ocr_line' id='line_1_27' title="bbox 605 2748 2186 2830; baseline -0.009 -16"><span class='ocrx_word' id='word_1_222' title='bbox 605 2764 840 2830; x_wconf 83' lang='lat' dir='ltr'><strong>pulsans.</strong></span> <span class='ocrx_word' id='word_1_223' title='bbox 872 2757 1081 2813; x_wconf 85' lang='lat' dir='ltr'><strong>Gnarus</strong></span> <span class='ocrx_word' id='word_1_224' title='bbox 1127 2771 1184 2812; x_wconf 89' lang='lat' dir='ltr'><strong>se</strong></span> <span class='ocrx_word' id='word_1_225' title='bbox 1233 2753 1364 2808; x_wconf 89' lang='lat' dir='ltr'><strong>nihil</strong></span> <span class='ocrx_word' id='word_1_226' title='bbox 1396 2751 1676 2822; x_wconf 86' lang='lat' dir='ltr'><strong>proficere,</strong></span> <span class='ocrx_word' id='word_1_227' title='bbox 1727 2748 1866 2820; x_wconf 88' lang='lat' dir='ltr'><strong>quod</strong></span> <span class='ocrx_word' id='word_1_228' title='bbox 1893 2749 1945 2803; x_wconf 92' lang='lat' dir='ltr'><strong>in</strong></span> <span class='ocrx_word' id='word_1_229' title='bbox 1984 2763 2044 2802; x_wconf 88' lang='lat' dir='ltr'><strong>se</strong></span> <span class='ocrx_word' id='word_1_230' title='bbox 2070 2756 2186 2801; x_wconf 86' lang='lat' dir='ltr'><strong>erat</strong></span> 
     </span>
    </p>
   </div>
   <div class='ocr_carea' id='block_1_28' title="bbox 604 2854 750 2910">
    <p class='ocr_par' dir='ltr' id='par_1_28' title="bbox 604 2854 750 2910">
     <span class='ocr_line' id='line_1_28' title="bbox 604 2854 750 2910; baseline 0.007 -2"><span class='ocrx_word' id='word_1_231' title='bbox 604 2854 750 2910; x_wconf 84' lang='lat' dir='ltr'><strong>fecit.</strong></span> 
     </span>
    </p>
   </div>
   <div class='ocr_carea' id='block_1_29' title="bbox 679 2932 2184 3010">
    <p class='ocr_par' dir='ltr' id='par_1_29' title="bbox 679 2932 2184 3010">
     <span class='ocr_line' id='line_1_29' title="bbox 679 2932 2184 3010; baseline -0.009 -9"><span class='ocrx_word' id='word_1_232' title='bbox 679 2949 734 3001; x_wconf 76' lang='grc'><strong>4.</strong></span> <span class='ocrx_word' id='word_1_233' title='bbox 776 2945 841 3000; x_wconf 88' lang='lat' dir='ltr'><strong>Et</strong></span> <span class='ocrx_word' id='word_1_234' title='bbox 870 2945 1076 2999; x_wconf 86' lang='lat' dir='ltr'><strong>intuere</strong></span> <span class='ocrx_word' id='word_1_235' title='bbox 1117 2939 1430 3010; x_wconf 84' lang='lat' dir='ltr'><strong>sapientiam</strong></span> <span class='ocrx_word' id='word_1_236' title='bbox 1464 2951 1607 2994; x_wconf 84' lang='lat' dir='ltr'><strong>:non</strong></span> <span class='ocrx_word' id='word_1_237' title='bbox 1653 2936 1800 2992; x_wconf 91' lang='lat' dir='ltr'><strong>illum</strong></span> <span class='ocrx_word' id='word_1_238' title='bbox 1845 2932 2184 2990; x_wconf 89' lang='lat' dir='ltr'><strong>manifestum</strong></span> 
     </span>
    </p>
   </div>
   <div class='ocr_carea' id='block_1_30' title="bbox 614 3025 2187 3105">
    <p class='ocr_par' dir='ltr' id='par_1_30' title="bbox 614 3025 2187 3105">
     <span class='ocr_line' id='line_1_30' title="bbox 614 3025 2187 3105; baseline -0.01 -12"><span class='ocrx_word' id='word_1_239' title='bbox 614 3038 864 3102; x_wconf 85' lang='lat' dir='ltr'><strong>reddidit,</strong></span> <span class='ocrx_word' id='word_1_240' title='bbox 896 3050 1068 3105; x_wconf 90' lang='lat' dir='ltr'><strong>neque</strong></span> <span class='ocrx_word' id='word_1_241' title='bbox 1108 3034 1275 3088; x_wconf 86' lang='lat' dir='ltr'><strong>latere</strong></span> <span class='ocrx_word' id='word_1_242' title='bbox 1303 3035 1522 3086; x_wconf 83' lang='lat' dir='ltr'><strong>omnino</strong></span> <span class='ocrx_word' id='word_1_243' title='bbox 1553 3029 1824 3100; x_wconf 89' lang='lat' dir='ltr'><strong>permisit;</strong></span> <span class='ocrx_word' id='word_1_244' title='bbox 1860 3037 1968 3081; x_wconf 90' lang='lat' dir='ltr'><strong>tum</strong></span> <span class='ocrx_word' id='word_1_245' title='bbox 1996 3040 2062 3080; x_wconf 91' lang='lat' dir='ltr'><strong>ne</strong></span> <span class='ocrx_word' id='word_1_246' title='bbox 2088 3025 2187 3079; x_wconf 87' lang='lat' dir='ltr'><strong>im-</strong></span> 
     </span>
    </p>
   </div>
   <div class='ocr_carea' id='block_1_31' title="bbox 608 3117 2187 3200">
    <p class='ocr_par' dir='ltr' id='par_1_31' title="bbox 608 3117 2187 3200">
     <span class='ocr_line' id='line_1_31' title="bbox 608 3117 2187 3200; baseline -0.008 -19"><span class='ocrx_word' id='word_1_247' title='bbox 608 3128 888 3200; x_wconf 83' lang='lat' dir='ltr'><strong>pudentior</strong></span> <span class='ocrx_word' id='word_1_248' title='bbox 931 3123 1364 3194; x_wconf 82' lang='lat' dir='ltr'><strong>pervicaciorque</strong></span> <span class='ocrx_word' id='word_1_249' title='bbox 1405 3121 1594 3182; x_wconf 82' lang='lat' dir='ltr'><strong>ﬁeret;</strong></span> <span class='ocrx_word' id='word_1_250' title='bbox 1651 3130 1759 3173; x_wconf 89' lang='lat' dir='ltr'><strong>tum</strong></span> <span class='ocrx_word' id='word_1_251' title='bbox 1804 3133 1871 3172; x_wconf 88' lang='lat' dir='ltr'><strong>ne</strong></span> <span class='ocrx_word' id='word_1_252' title='bbox 1917 3132 1977 3172; x_wconf 90' lang='lat' dir='ltr'><strong>se</strong></span> <span class='ocrx_word' id='word_1_253' title='bbox 2019 3117 2187 3171; x_wconf 87' lang='lat' dir='ltr'><strong>latere</strong></span> 
     </span>
    </p>
   </div>
   <div class='ocr_carea' id='block_1_32' title="bbox 606 3207 2186 3289">
    <p class='ocr_par' dir='ltr' id='par_1_32' title="bbox 606 3207 2186 3289">
     <span class='ocr_line' id='line_1_32' title="bbox 606 3207 2186 3289; baseline -0.006 -18"><span class='ocrx_word' id='word_1_254' title='bbox 606 3231 817 3289; x_wconf 88' lang='lat' dir='ltr'><strong>putans,</strong></span> <span class='ocrx_word' id='word_1_255' title='bbox 862 3216 1112 3272; x_wconf 88' lang='lat' dir='ltr'><strong>audacius</strong></span> <span class='ocrx_word' id='word_1_256' title='bbox 1143 3214 1273 3268; x_wconf 91' lang='lat' dir='ltr'><strong>illud</strong></span> <span class='ocrx_word' id='word_1_257' title='bbox 1323 3214 1527 3268; x_wconf 90' lang='lat' dir='ltr'><strong>facinus</strong></span> <span class='ocrx_word' id='word_1_258' title='bbox 1551 3211 1740 3266; x_wconf 84' lang='lat' dir='ltr'><strong>adiret.</strong></span> <span class='ocrx_word' id='word_1_259' title='bbox 1771 3209 1972 3264; x_wconf 84' lang='lat' dir='ltr'><strong>Idcirco</strong></span> <span class='ocrx_word' id='word_1_260' title='bbox 1999 3207 2051 3262; x_wconf 89' lang='lat' dir='ltr'><strong>in</strong></span> <span class='ocrx_word' id='word_1_261' title='bbox 2096 3223 2186 3262; x_wconf 88' lang='lat' dir='ltr'><strong>se-</strong></span> 
     </span>
    </p>
   </div>
   <div class='ocr_carea' id='block_1_33' title="bbox 606 3299 2182 3382">
    <p class='ocr_par' dir='ltr' id='par_1_33' title="bbox 606 3299 2182 3382">
     <span class='ocr_line' id='line_1_33' title="bbox 606 3299 2182 3382; baseline -0.008 -17"><span class='ocrx_word' id='word_1_262' title='bbox 606 3310 889 3382; x_wconf 84' lang='lat' dir='ltr'><strong>quentibus</strong></span> <span class='ocrx_word' id='word_1_263' title='bbox 916 3308 1147 3377; x_wconf 87' lang='lat' dir='ltr'><strong>apertius</strong></span> <span class='ocrx_word' id='word_1_264' title='bbox 1191 3305 1338 3360; x_wconf 89' lang='lat' dir='ltr'><strong>illum</strong></span> <span class='ocrx_word' id='word_1_265' title='bbox 1379 3305 1637 3374; x_wconf 79' lang='lat' dir='ltr'><strong>conrguit.</strong></span> <span class='ocrx_word' id='word_1_266' title='bbox 1673 3303 1825 3357; x_wconf 88' lang='lat' dir='ltr'><strong>Prius</strong></span> <span class='ocrx_word' id='word_1_267' title='bbox 1849 3309 1997 3356; x_wconf 90' lang='lat' dir='ltr'><strong>certe</strong></span> <span class='ocrx_word' id='word_1_268' title='bbox 2037 3299 2182 3354; x_wconf 90' lang='lat' dir='ltr'><strong>illum</strong></span> 
     </span>
    </p>
   </div>
   <div class='ocr_carea' id='block_1_34' title="bbox 607 3394 2187 3465">
    <p class='ocr_par' dir='ltr' id='par_1_34' title="bbox 607 3394 2187 3465">
     <span class='ocr_line' id='line_1_34' title="bbox 607 3394 2187 3465; baseline -0.006 -8"><span class='ocrx_word' id='word_1_269' title='bbox 607 3418 728 3457; x_wconf 86' lang='lat' dir='ltr'><strong>cum</strong></span> <span class='ocrx_word' id='word_1_270' title='bbox 753 3401 873 3455; x_wconf 89' lang='lat' dir='ltr'><strong>aliis</strong></span> <span class='ocrx_word' id='word_1_271' title='bbox 898 3399 1323 3465; x_wconf 83' lang='lat' dir='ltr'><strong>connumeravit,</strong></span> <span class='ocrx_word' id='word_1_272' title='bbox 1351 3414 1472 3452; x_wconf 91' lang='lat' dir='ltr'><strong>eum</strong></span> <span class='ocrx_word' id='word_1_273' title='bbox 1517 3397 1684 3462; x_wconf 79' lang='lat' dir='ltr'><strong>dixit,</strong></span> <span class='ocrx_word' id='word_1_274' title='bbox 1732 3394 1865 3451; x_wconf 83' lang='lat' dir='ltr'><strong>Sunt</strong></span> <span class='ocrx_word' id='word_1_275' title='bbox 1891 3395 2094 3462; x_wconf 84' lang='lat' dir='ltr'><strong>quidam</strong></span> <span class='ocrx_word' id='word_1_276' title='bbox 2123 3410 2187 3448; x_wconf 77' lang='lat' dir='ltr'><strong>ea:</strong></span> 
     </span>
    </p>
   </div>
   <div class='ocr_carea' id='block_1_35' title="bbox 608 3488 2182 3562">
    <p class='ocr_par' dir='ltr' id='par_1_35' title="bbox 608 3488 2182 3562">
     <span class='ocr_line' id='line_1_35' title="bbox 608 3488 2182 3562; baseline -0.005 -16"><span class='ocrx_word' id='word_1_277' title='bbox 608 3494 742 3546; x_wconf 71' lang='lat' dir='ltr'><strong>vobis</strong></span> <span class='ocrx_word' id='word_1_278' title='bbox 767 3493 851 3562; x_wconf 85' lang='lat' dir='ltr'><strong>qui</strong></span> <span class='ocrx_word' id='word_1_279' title='bbox 879 3508 979 3544; x_wconf 83' lang='lat' dir='ltr'><strong>non</strong></span> <span class='ocrx_word' id='word_1_280' title='bbox 1003 3491 1212 3544; x_wconf 80' lang='lat' dir='ltr'><strong>credunt</strong></span> <span class='ocrx_word' id='word_1_281' title='bbox 1233 3531 1246 3558; x_wconf 89' lang='lat'><strong>,</strong></span> <span class='ocrx_word' id='word_1_282' title='bbox 1279 3490 1330 3544; x_wconf 92' lang='lat' dir='ltr'><strong>id</strong></span> <span class='ocrx_word' id='word_1_283' title='bbox 1357 3489 1497 3558; x_wconf 90' lang='lat' dir='ltr'><strong>quod</strong></span> <span class='ocrx_word' id='word_1_284' title='bbox 1542 3489 1779 3543; x_wconf 87' lang='lat' dir='ltr'><strong>declarat</strong></span> <span class='ocrx_word' id='word_1_285' title='bbox 1818 3488 2142 3557; x_wconf 78' lang='lat' dir='ltr'><strong>evangelista</strong></span> <span class='ocrx_word' id='word_1_286' title='bbox 2169 3503 2182 3538; x_wconf 89' lang='lat'><strong>:</strong></span> 
     </span>
    </p>
   </div>
   <div class='ocr_carea' id='block_1_36' title="bbox 610 3578 2186 3648">
    <p class='ocr_par' dir='ltr' id='par_1_36' title="bbox 610 3578 2186 3648">
     <span class='ocr_line' id='line_1_36' title="bbox 610 3578 2186 3648; baseline -0.007 -7"><span class='ocrx_word' id='word_1_287' title='bbox 610 3586 810 3641; x_wconf 85' lang='lat' dir='ltr'><strong>Sciebat</strong></span> <span class='ocrx_word' id='word_1_288' title='bbox 856 3585 986 3638; x_wconf 85' lang='lat' dir='ltr'><strong>enim</strong></span> <span class='ocrx_word' id='word_1_289' title='bbox 1013 3583 1076 3636; x_wconf 88' lang='lat' dir='ltr'><strong>ab</strong></span> <span class='ocrx_word' id='word_1_290' title='bbox 1100 3584 1242 3636; x_wconf 76' lang='lat' dir='ltr'><strong>initio</strong></span> <span class='ocrx_word' id='word_1_291' title='bbox 1271 3583 1356 3648; x_wconf 86' lang='lat' dir='ltr'><strong>qui</strong></span> <span class='ocrx_word' id='word_1_292' title='bbox 1380 3591 1539 3635; x_wconf 85' lang='lat' dir='ltr'><strong>essent</strong></span> <span class='ocrx_word' id='word_1_293' title='bbox 1565 3597 1666 3634; x_wconf 83' lang='lat' dir='ltr'><strong>non</strong></span> <span class='ocrx_word' id='word_1_294' title='bbox 1694 3581 1968 3644; x_wconf 86' lang='lat' dir='ltr'><strong>credentes,</strong></span> <span class='ocrx_word' id='word_1_295' title='bbox 2002 3587 2046 3632; x_wconf 92' lang='lat' dir='ltr'><strong>et</strong></span> <span class='ocrx_word' id='word_1_296' title='bbox 2075 3578 2186 3647; x_wconf 81' lang='lat' dir='ltr'><strong>quis</strong></span> 
     </span>
    </p>
   </div>
   <div class='ocr_carea' id='block_1_37' title="bbox 612 3670 2187 3744">
    <p class='ocr_par' dir='ltr' id='par_1_37' title="bbox 612 3670 2187 3744">
     <span class='ocr_line' id='line_1_37' title="bbox 612 3670 2187 3744; baseline -0.005 -12"><span class='ocrx_word' id='word_1_297' title='bbox 612 3681 885 3732; x_wconf 82' lang='lat' dir='ltr'><strong>traditurus</strong></span> <span class='ocrx_word' id='word_1_298' title='bbox 906 3686 1028 3730; x_wconf 85' lang='lat' dir='ltr'><strong>esset</strong></span> <span class='ocrx_word' id='word_1_299' title='bbox 1046 3677 1231 3744; x_wconf 88' lang='lat' dir='ltr'><strong>ipsum.</strong></span> <span class='ocrx_word' id='word_1_300' title='bbox 1250 3674 1378 3742; x_wconf 83' lang='lat' dir='ltr'><strong>Quia</strong></span> <span class='ocrx_word' id='word_1_301' title='bbox 1403 3689 1529 3726; x_wconf 85' lang='lat' dir='ltr'><strong>vero</strong></span> <span class='ocrx_word' id='word_1_302' title='bbox 1555 3673 1640 3727; x_wconf 89' lang='lat' dir='ltr'><strong>ille</strong></span> <span class='ocrx_word' id='word_1_303' title='bbox 1663 3670 2187 3742; x_wconf 80' lang='lat' dir='ltr'><strong>persistebat,acrius</strong></span> 
     </span>
    </p>
   </div>
   <div class='ocr_carea' id='block_1_38' title="bbox 611 3765 2188 3839">
    <p class='ocr_par' dir='ltr' id='par_1_38' title="bbox 611 3765 2188 3839">
     <span class='ocr_line' id='line_1_38' title="bbox 611 3765 2188 3839; baseline -0.005 -16"><span class='ocrx_word' id='word_1_304' title='bbox 611 3771 808 3839; x_wconf 87' lang='lat' dir='ltr'><strong>arguit,</strong></span> <span class='ocrx_word' id='word_1_305' title='bbox 842 3768 984 3823; x_wconf 88' lang='lat' dir='ltr'><strong>Unus</strong></span> <span class='ocrx_word' id='word_1_306' title='bbox 1031 3783 1090 3820; x_wconf 71' lang='lat' dir='ltr'><strong>ex</strong></span> <span class='ocrx_word' id='word_1_307' title='bbox 1131 3766 1266 3819; x_wconf 76' lang='lat' dir='ltr'><strong>vobis</strong></span> <span class='ocrx_word' id='word_1_308' title='bbox 1314 3765 1544 3818; x_wconf 80' lang='lat' dir='ltr'><strong>diabolus</strong></span> <span class='ocrx_word' id='word_1_309' title='bbox 1594 3773 1705 3830; x_wconf 89' lang='lat' dir='ltr'><strong>est,</strong></span> <span class='ocrx_word' id='word_1_310' title='bbox 1745 3776 2188 3831; x_wconf 86' lang='lat' dir='ltr'><strong>communemque</strong></span> 
     </span>
    </p>
   </div>
   <div class='ocr_carea' id='block_1_39' title="bbox 610 3854 2188 3924">
    <p class='ocr_par' dir='ltr' id='par_1_39' title="bbox 610 3854 2188 3924">
     <span class='ocr_line' id='line_1_39' title="bbox 610 3854 2188 3924; baseline -0.007 -6"><span class='ocrx_word' id='word_1_311' title='bbox 610 3862 856 3918; x_wconf 89' lang='lat' dir='ltr'><strong>omnibus</strong></span> <span class='ocrx_word' id='word_1_312' title='bbox 887 3869 1084 3914; x_wconf 87' lang='lat' dir='ltr'><strong>metum</strong></span> <span class='ocrx_word' id='word_1_313' title='bbox 1112 3859 1293 3913; x_wconf 88' lang='lat' dir='ltr'><strong>incutit</strong></span> <span class='ocrx_word' id='word_1_314' title='bbox 1316 3897 1332 3922; x_wconf 92' lang='lat'><strong>,</strong></span> <span class='ocrx_word' id='word_1_315' title='bbox 1362 3868 1417 3911; x_wconf 92' lang='lat' dir='ltr'><strong>ut</strong></span> <span class='ocrx_word' id='word_1_316' title='bbox 1458 3857 1600 3910; x_wconf 90' lang='lat' dir='ltr'><strong>illum</strong></span> <span class='ocrx_word' id='word_1_317' title='bbox 1629 3856 1920 3924; x_wconf 74' lang='lat' dir='ltr'><strong>obtegeret.</strong></span> <span class='ocrx_word' id='word_1_318' title='bbox 1949 3854 2046 3909; x_wconf 84' lang='lat' dir='ltr'><strong>llic</strong></span> <span class='ocrx_word' id='word_1_319' title='bbox 2068 3855 2188 3924; x_wconf 83' lang='lat' dir='ltr'><strong>jure</strong></span> 
     </span>
    </p>
   </div>
   <div class='ocr_carea' id='block_1_40' title="bbox 611 3946 2190 4024">
    <p class='ocr_par' dir='ltr' id='par_1_40' title="bbox 611 3946 2190 4024">
     <span class='ocr_line' id='line_1_40' title="bbox 611 3946 2190 4024; baseline -0.006 -16"><span class='ocrx_word' id='word_1_320' title='bbox 611 3963 881 4024; x_wconf 67' lang='lat' dir='ltr'><strong>qumratur</strong></span> <span class='ocrx_word' id='word_1_321' title='bbox 906 3970 918 4004; x_wconf 91' lang='lat'>:</span> <span class='ocrx_word' id='word_1_322' title='bbox 948 3950 1056 4005; x_wconf 91' lang='lat' dir='ltr'><strong>Cur</strong></span> <span class='ocrx_word' id='word_1_323' title='bbox 1083 3950 1211 4004; x_wconf 90' lang='lat' dir='ltr'><strong>nihil</strong></span> <span class='ocrx_word' id='word_1_324' title='bbox 1251 3949 1494 4017; x_wconf 86' lang='lat' dir='ltr'><strong>discipuli</strong></span> <span class='ocrx_word' id='word_1_325' title='bbox 1536 3962 1675 4000; x_wconf 89' lang='lat' dir='ltr'><strong>nunc</strong></span> <span class='ocrx_word' id='word_1_326' title='bbox 1711 3948 1914 4011; x_wconf 83' lang='lat' dir='ltr'><strong>dicunt,</strong></span> <span class='ocrx_word' id='word_1_327' title='bbox 1946 3946 2044 3999; x_wconf 89' lang='lat' dir='ltr'><strong>sub</strong></span> <span class='ocrx_word' id='word_1_328' title='bbox 2077 3946 2190 3999; x_wconf 69' lang='lat' dir='ltr'><strong>lucc</strong></span> 
     </span>
    </p>
   </div>
   <div class='ocr_carea' id='block_1_41' title="bbox 613 4037 2191 4106">
    <p class='ocr_par' dir='ltr' id='par_1_41' title="bbox 613 4037 2191 4106">
     <span class='ocr_line' id='line_1_41' title="bbox 613 4037 2191 4106; baseline -0.006 -10"><span class='ocrx_word' id='word_1_329' title='bbox 613 4055 788 4098; x_wconf 85' lang='lat' dir='ltr'><strong>autem</strong></span> <span class='ocrx_word' id='word_1_330' title='bbox 811 4043 1053 4097; x_wconf 90' lang='lat' dir='ltr'><strong>dubitant</strong></span> <span class='ocrx_word' id='word_1_331' title='bbox 1080 4081 1095 4106; x_wconf 92' lang='lat'><strong>,</strong></span> <span class='ocrx_word' id='word_1_332' title='bbox 1131 4041 1318 4093; x_wconf 69' lang='lat' dir='ltr'><strong>timent</strong></span> <span class='ocrx_word' id='word_1_333' title='bbox 1342 4080 1355 4104; x_wconf 92' lang='lat'><strong>,</strong></span> <span class='ocrx_word' id='word_1_334' title='bbox 1385 4052 1443 4092; x_wconf 83' lang='lat' dir='ltr'><strong>se</strong></span> <span class='ocrx_word' id='word_1_335' title='bbox 1472 4047 1654 4090; x_wconf 86' lang='lat' dir='ltr'><strong>mutuo</strong></span> <span class='ocrx_word' id='word_1_336' title='bbox 1681 4037 1970 4106; x_wconf 87' lang='lat' dir='ltr'><strong>respiciunt</strong></span> <span class='ocrx_word' id='word_1_337' title='bbox 2001 4050 2191 4104; x_wconf 83' lang='lat' dir='ltr'><strong>rogan-</strong></span> 
     </span>
    </p>
   </div>
   <div class='ocr_carea' id='block_1_42' title="bbox 617 4125 2192 4204">
    <p class='ocr_par' dir='ltr' id='par_1_42' title="bbox 617 4125 2192 4204">
     <span class='ocr_line' id='line_1_42' title="bbox 617 4125 2192 4204; baseline -0.007 -14"><span class='ocrx_word' id='word_1_338' title='bbox 617 4149 713 4202; x_wconf 90' lang='lat' dir='ltr'><strong>tes,</strong></span> <span class='ocrx_word' id='word_1_339' title='bbox 745 4134 1003 4204; x_wconf 83' lang='lat' dir='ltr'><strong>Numquid</strong></span> <span class='ocrx_word' id='word_1_340' title='bbox 1046 4147 1135 4203; x_wconf 85' lang='lat' dir='ltr'><strong>ego</strong></span> <span class='ocrx_word' id='word_1_341' title='bbox 1177 4148 1307 4193; x_wconf 86' lang='lat' dir='ltr'><strong>sum,</strong></span> <span class='ocrx_word' id='word_1_342' title='bbox 1341 4128 1553 4182; x_wconf 85' lang='lat' dir='ltr'><strong>Domine</strong></span> <span class='ocrx_word' id='word_1_343' title='bbox 1583 4128 1602 4200; x_wconf 95' lang='lat'><strong>(</strong></span> <span class='ocrx_word' id='word_1_344' title='bbox 1627 4127 1810 4180; x_wconf 73' lang='lat' dir='ltr'><strong>Matth.</strong></span> <span class='ocrx_word' id='word_1_345' title='bbox 1839 4128 1928 4182; x_wconf 78' lang='lat'><strong>26.</strong></span> <span class='ocrx_word' id='word_1_346' title='bbox 1952 4126 2022 4180; x_wconf 72' lang='grc'><strong>22</strong></span> <span class='ocrx_word' id='word_1_347' title='bbox 2045 4127 2096 4196; x_wconf 87' lang='lat'><strong>)?</strong></span> <span class='ocrx_word' id='word_1_348' title='bbox 2125 4125 2192 4179; x_wconf 89' lang='lat' dir='ltr'><strong>Et</strong></span> 
     </span>
    </p>
   </div>
   <div class='ocr_carea' id='block_1_43' title="bbox 613 4219 2192 4291">
    <p class='ocr_par' dir='ltr' id='par_1_43' title="bbox 613 4219 2192 4291">
     <span class='ocr_line' id='line_1_43' title="bbox 613 4219 2192 4291; baseline -0.008 -8"><span class='ocrx_word' id='word_1_349' title='bbox 613 4229 801 4284; x_wconf 84' lang='lat' dir='ltr'><strong>Joauni</strong></span> <span class='ocrx_word' id='word_1_350' title='bbox 836 4227 1020 4282; x_wconf 83' lang='lat' dir='ltr'><strong>Petrus</strong></span> <span class='ocrx_word' id='word_1_351' title='bbox 1060 4225 1252 4287; x_wconf 90' lang='lat' dir='ltr'><strong>innuit,</strong></span> <span class='ocrx_word' id='word_1_352' title='bbox 1277 4232 1331 4278; x_wconf 94' lang='lat' dir='ltr'><strong>ut</strong></span> <span class='ocrx_word' id='word_1_353' title='bbox 1358 4222 1663 4291; x_wconf 78' lang='lat' dir='ltr'><strong>Magistrum</strong></span> <span class='ocrx_word' id='word_1_354' title='bbox 1704 4228 2046 4288; x_wconf 87' lang='lat' dir='ltr'><strong>percontetur</strong></span> <span class='ocrx_word' id='word_1_355' title='bbox 2073 4219 2192 4288; x_wconf 87' lang='lat' dir='ltr'><strong>quis</strong></span> 
     </span>
    </p>
   </div>
   <div class='ocr_carea' id='block_1_44' title="bbox 614 4311 2196 4388">
    <p class='ocr_par' dir='ltr' id='par_1_44' title="bbox 614 4311 2196 4388">
     <span class='ocr_line' id='line_1_44' title="bbox 614 4311 2196 4388; baseline -0.007 -13"><span class='ocrx_word' id='word_1_356' title='bbox 614 4321 682 4375; x_wconf 87' lang='lat' dir='ltr'><strong>sit</strong></span> <span class='ocrx_word' id='word_1_357' title='bbox 709 4319 964 4388; x_wconf 89' lang='lat' dir='ltr'><strong>proditor.</strong></span> <span class='ocrx_word' id='word_1_358' title='bbox 993 4318 1106 4384; x_wconf 88' lang='lat' dir='ltr'><strong>Qua</strong></span> <span class='ocrx_word' id='word_1_359' title='bbox 1155 4331 1283 4384; x_wconf 83' lang='lat' dir='ltr'><strong>ergo</strong></span> <span class='ocrx_word' id='word_1_360' title='bbox 1326 4315 1394 4368; x_wconf 90' lang='lat' dir='ltr'><strong>de</strong></span> <span class='ocrx_word' id='word_1_361' title='bbox 1434 4313 1638 4367; x_wconf 82' lang='lat' dir='ltr'><strong>causa?</strong></span> <span class='ocrx_word' id='word_1_362' title='bbox 1668 4311 1910 4364; x_wconf 83' lang='lat' dir='ltr'><strong>Nondum</strong></span> <span class='ocrx_word' id='word_1_363' title='bbox 1956 4311 2196 4364; x_wconf 86' lang='lat' dir='ltr'><strong>audierat</strong></span> 
     </span>
    </p>
   </div>
   <div class='ocr_carea' id='block_1_45' title="bbox 617 4402 2191 4480">
    <p class='ocr_par' dir='ltr' id='par_1_45' title="bbox 617 4402 2191 4480">
     <span class='ocr_line' id='line_1_45' title="bbox 617 4402 2191 4480; baseline -0.008 -12"><span class='ocrx_word' id='word_1_364' title='bbox 617 4416 827 4477; x_wconf 75' lang='lat' dir='ltr'><strong>Petrus,</strong></span> <span class='ocrx_word' id='word_1_365' title='bbox 868 4410 1008 4463; x_wconf 85' lang='lat' dir='ltr'><strong>Vade</strong></span> <span class='ocrx_word' id='word_1_366' title='bbox 1051 4418 1161 4480; x_wconf 84' lang='lat' dir='ltr'><strong>post</strong></span> <span class='ocrx_word' id='word_1_367' title='bbox 1201 4424 1314 4471; x_wconf 86' lang='lat' dir='ltr'><strong>me,</strong></span> <span class='ocrx_word' id='word_1_368' title='bbox 1349 4416 1546 4459; x_wconf 85' lang='lat' dir='ltr'><strong>satana.</strong></span> <span class='ocrx_word' id='word_1_369' title='bbox 1600 4404 1723 4458; x_wconf 79' lang='lat' dir='ltr'><strong>ideo</strong></span> <span class='ocrx_word' id='word_1_370' title='bbox 1773 4418 1876 4456; x_wconf 91' lang='lat' dir='ltr'><strong>non</strong></span> <span class='ocrx_word' id='word_1_371' title='bbox 1927 4402 2191 4457; x_wconf 85' lang='lat' dir='ltr'><strong>timebat:</strong></span> 
     </span>
    </p>
   </div>
   <div class='ocr_carea' id='block_1_46' title="bbox 618 4495 2191 4576">
    <p class='ocr_par' dir='ltr' id='par_1_46' title="bbox 618 4495 2191 4576">
     <span class='ocr_line' id='line_1_46' title="bbox 618 4495 2191 4576; baseline -0.007 -16"><span class='ocrx_word' id='word_1_372' title='bbox 618 4517 896 4576; x_wconf 78' lang='lat' dir='ltr'><strong>postquam</strong></span> <span class='ocrx_word' id='word_1_373' title='bbox 923 4515 1098 4557; x_wconf 88' lang='lat' dir='ltr'><strong>autem</strong></span> <span class='ocrx_word' id='word_1_374' title='bbox 1128 4503 1429 4568; x_wconf 87' lang='lat' dir='ltr'><strong>increpatus</strong></span> <span class='ocrx_word' id='word_1_375' title='bbox 1454 4509 1554 4563; x_wconf 90' lang='lat' dir='ltr'><strong>est,</strong></span> <span class='ocrx_word' id='word_1_376' title='bbox 1586 4507 1640 4552; x_wconf 91' lang='lat' dir='ltr'><strong>et</strong></span> <span class='ocrx_word' id='word_1_377' title='bbox 1665 4497 1832 4550; x_wconf 89' lang='lat' dir='ltr'><strong>multo</strong></span> <span class='ocrx_word' id='word_1_378' title='bbox 1857 4511 1975 4550; x_wconf 90' lang='lat' dir='ltr'><strong>cum</strong></span> <span class='ocrx_word' id='word_1_379' title='bbox 2002 4495 2191 4549; x_wconf 81' lang='lat' dir='ltr'><strong>alfectu</strong></span> 
     </span>
    </p>
   </div>
   <div class='ocr_carea' id='block_1_47' title="bbox 617 4591 2191 4669">
    <p class='ocr_par' dir='ltr' id='par_1_47' title="bbox 617 4591 2191 4669">
     <span class='ocr_line' id='line_1_47' title="bbox 617 4591 2191 4669; baseline -0.006 -16"><span class='ocrx_word' id='word_1_380' title='bbox 617 4600 869 4669; x_wconf 90' lang='lat' dir='ltr'><strong>loquutus</strong></span> <span class='ocrx_word' id='word_1_381' title='bbox 894 4638 907 4659; x_wconf 91' lang='lat'><strong>,</strong></span> <span class='ocrx_word' id='word_1_382' title='bbox 939 4610 1042 4651; x_wconf 90' lang='lat' dir='ltr'><strong>non</strong></span> <span class='ocrx_word' id='word_1_383' title='bbox 1073 4594 1314 4648; x_wconf 88' lang='lat' dir='ltr'><strong>laudatus</strong></span> <span class='ocrx_word' id='word_1_384' title='bbox 1343 4603 1422 4647; x_wconf 90' lang='lat' dir='ltr'><strong>est</strong></span> <span class='ocrx_word' id='word_1_385' title='bbox 1450 4634 1464 4657; x_wconf 92' lang='lat'><strong>,</strong></span> <span class='ocrx_word' id='word_1_386' title='bbox 1495 4592 1591 4647; x_wconf 91' lang='lat' dir='ltr'><strong>sed</strong></span> <span class='ocrx_word' id='word_1_387' title='bbox 1632 4599 1684 4646; x_wconf 89' lang='lat' dir='ltr'><strong>et</strong></span> <span class='ocrx_word' id='word_1_388' title='bbox 1712 4603 1923 4644; x_wconf 83' lang='lat' dir='ltr'><strong>satanas</strong></span> <span class='ocrx_word' id='word_1_389' title='bbox 1947 4591 2148 4644; x_wconf 84' lang='lat' dir='ltr'><strong>audivit</strong></span> <span class='ocrx_word' id='word_1_390' title='bbox 2177 4608 2191 4658; x_wconf 89' lang='lat'><strong>;</strong></span> 
     </span>
    </p>
   </div>
   <div class='ocr_carea' id='block_1_48' title="bbox 620 4682 2198 4758">
    <p class='ocr_par' dir='ltr' id='par_1_48' title="bbox 620 4682 2198 4758">
     <span class='ocr_line' id='line_1_48' title="bbox 620 4682 2198 4758; baseline -0.006 -14"><span class='ocrx_word' id='word_1_391' title='bbox 620 4691 719 4744; x_wconf 87' lang='lat' dir='ltr'><strong>hac</strong></span> <span class='ocrx_word' id='word_1_392' title='bbox 749 4696 994 4758; x_wconf 86' lang='lat' dir='ltr'><strong>percepta</strong></span> <span class='ocrx_word' id='word_1_393' title='bbox 1022 4701 1174 4751; x_wconf 82' lang='lat' dir='ltr'><strong>voce,</strong></span> <span class='ocrx_word' id='word_1_394' title='bbox 1205 4685 1347 4739; x_wconf 88' lang='lat' dir='ltr'><strong>Unus</strong></span> <span class='ocrx_word' id='word_1_395' title='bbox 1385 4699 1446 4737; x_wconf 82' lang='lat' dir='ltr'><strong>ea:</strong></span> <span class='ocrx_word' id='word_1_396' title='bbox 1473 4683 1609 4737; x_wconf 80' lang='lat' dir='ltr'><strong>vobis</strong></span> <span class='ocrx_word' id='word_1_397' title='bbox 1651 4684 1812 4736; x_wconf 82' lang='lat' dir='ltr'><strong>tradet</strong></span> <span class='ocrx_word' id='word_1_398' title='bbox 1842 4699 1919 4734; x_wconf 86' lang='lat' dir='ltr'><strong>me</strong></span> <span class='ocrx_word' id='word_1_399' title='bbox 1942 4723 1955 4742; x_wconf 89' lang='lat'><strong>,</strong></span> <span class='ocrx_word' id='word_1_400' title='bbox 1984 4682 2104 4750; x_wconf 87' lang='lat' dir='ltr'><strong>jure</strong></span> <span class='ocrx_word' id='word_1_401' title='bbox 2133 4683 2198 4735; x_wconf 87' lang='lat' dir='ltr'><strong>ti-</strong></span> 
     </span>
    </p>
   </div>
   <div class='ocr_carea' id='block_1_49' title="bbox 620 4772 2197 4847">
    <p class='ocr_par' dir='ltr' id='par_1_49' title="bbox 620 4772 2197 4847">
     <span class='ocr_line' id='line_1_49' title="bbox 620 4772 2197 4847; baseline -0.005 -13"><span class='ocrx_word' id='word_1_402' title='bbox 620 4781 773 4834; x_wconf 89' lang='lat' dir='ltr'><strong>muit.</strong></span> <span class='ocrx_word' id='word_1_403' title='bbox 805 4779 1053 4847; x_wconf 80' lang='lat' dir='ltr'><strong>Alioquin</strong></span> <span class='ocrx_word' id='word_1_404' title='bbox 1075 4819 1089 4841; x_wconf 94' lang='lat'><strong>,</strong></span> <span class='ocrx_word' id='word_1_405' title='bbox 1124 4791 1226 4829; x_wconf 89' lang='lat' dir='ltr'><strong>non</strong></span> <span class='ocrx_word' id='word_1_406' title='bbox 1253 4774 1381 4828; x_wconf 87' lang='lat' dir='ltr'><strong>dicit</strong></span> <span class='ocrx_word' id='word_1_407' title='bbox 1408 4789 1548 4828; x_wconf 90' lang='lat' dir='ltr'><strong>nunc</strong></span> <span class='ocrx_word' id='word_1_408' title='bbox 1568 4814 1583 4837; x_wconf 89' lang='lat'><strong>,</strong></span> <span class='ocrx_word' id='word_1_409' title='bbox 1625 4772 1768 4827; x_wconf 86' lang='lat' dir='ltr'><strong>Unus</strong></span> <span class='ocrx_word' id='word_1_410' title='bbox 1793 4789 1853 4825; x_wconf 76' lang='lat' dir='ltr'><strong>ea‘</strong></span> <span class='ocrx_word' id='word_1_411' title='bbox 1873 4773 2008 4826; x_wconf 86' lang='lat' dir='ltr'><strong>vobis</strong></span> <span class='ocrx_word' id='word_1_412' title='bbox 2037 4775 2197 4826; x_wconf 81' lang='lat' dir='ltr'><strong>tradet</strong></span> 
     </span>
    </p>
   </div>
   <div class='ocr_carea' id='block_1_50' title="bbox 622 4863 2201 4936">
    <p class='ocr_par' dir='ltr' id='par_1_50' title="bbox 622 4863 2201 4936">
     <span class='ocr_line' id='line_1_50' title="bbox 622 4863 2201 4936; baseline -0.006 -10"><span class='ocrx_word' id='word_1_413' title='bbox 622 4889 734 4936; x_wconf 87' lang='lat' dir='ltr'><strong>me;</strong></span> <span class='ocrx_word' id='word_1_414' title='bbox 766 4869 881 4935; x_wconf 88' lang='lat' dir='ltr'><strong>sed,</strong></span> <span class='ocrx_word' id='word_1_415' title='bbox 916 4868 1057 4924; x_wconf 85' lang='lat' dir='ltr'><strong>Unus</strong></span> <span class='ocrx_word' id='word_1_416' title='bbox 1081 4885 1142 4921; x_wconf 81' lang='lat' dir='ltr'><strong>ea:</strong></span> <span class='ocrx_word' id='word_1_417' title='bbox 1167 4866 1302 4920; x_wconf 81' lang='lat' dir='ltr'><strong>vobis</strong></span> <span class='ocrx_word' id='word_1_418' title='bbox 1325 4875 1396 4919; x_wconf 86' lang='lat' dir='ltr'><strong>est</strong></span> <span class='ocrx_word' id='word_1_419' title='bbox 1424 4865 1673 4917; x_wconf 86' lang='lat' dir='ltr'><strong>diabolus.</strong></span> <span class='ocrx_word' id='word_1_420' title='bbox 1708 4863 1880 4929; x_wconf 89' lang='lat' dir='ltr'><strong>Quare</strong></span> <span class='ocrx_word' id='word_1_421' title='bbox 1907 4878 2010 4917; x_wconf 92' lang='lat' dir='ltr'><strong>non</strong></span> <span class='ocrx_word' id='word_1_422' title='bbox 2045 4864 2201 4917; x_wconf 87' lang='lat' dir='ltr'><strong>intel-</strong></span> 
     </span>
    </p>
   </div>
   <div class='ocr_carea' id='block_1_51' title="bbox 622 4956 2198 5033">
    <p class='ocr_par' dir='ltr' id='par_1_51' title="bbox 622 4956 2198 5033">
     <span class='ocr_line' id='line_1_51' title="bbox 622 4956 2198 5033; baseline -0.006 -15"><span class='ocrx_word' id='word_1_423' title='bbox 622 4964 856 5033; x_wconf 81' lang='lat' dir='ltr'><strong>ligehaut</strong></span> <span class='ocrx_word' id='word_1_424' title='bbox 879 4961 1001 5030; x_wconf 88' lang='lat' dir='ltr'><strong>quid</strong></span> <span class='ocrx_word' id='word_1_425' title='bbox 1028 4960 1281 5014; x_wconf 72' lang='lat' dir='ltr'><strong>diceretur</strong></span> <span class='ocrx_word' id='word_1_426' title='bbox 1317 4999 1330 5021; x_wconf 91' lang='lat'><strong>,</strong></span> <span class='ocrx_word' id='word_1_427' title='bbox 1359 4956 1453 5012; x_wconf 86' lang='lat' dir='ltr'><strong>sed</strong></span> <span class='ocrx_word' id='word_1_428' title='bbox 1482 4956 1732 5010; x_wconf 83' lang='lat' dir='ltr'><strong>malitiam</strong></span> <span class='ocrx_word' id='word_1_429' title='bbox 1779 4965 1980 5010; x_wconf 89' lang='lat' dir='ltr'><strong>tantum</strong></span> <span class='ocrx_word' id='word_1_430' title='bbox 2013 4970 2198 5024; x_wconf 88' lang='lat' dir='ltr'><strong>repre-</strong></span> 
     </span>
    </p>
   </div>
   <div class='ocr_carea' id='block_1_52' title="bbox 623 5047 2201 5123">
    <p class='ocr_par' dir='ltr' id='par_1_52' title="bbox 623 5047 2201 5123">
     <span class='ocr_line' id='line_1_52' title="bbox 623 5047 2201 5123; baseline -0.007 -13"><span class='ocrx_word' id='word_1_431' title='bbox 623 5055 781 5110; x_wconf 87' lang='lat' dir='ltr'><strong>hendi</strong></span> <span class='ocrx_word' id='word_1_432' title='bbox 812 5055 1082 5123; x_wconf 81' lang='lat' dir='ltr'><strong>putabant.</strong></span> <span class='ocrx_word' id='word_1_433' title='bbox 1111 5052 1219 5106; x_wconf 87' lang='lat' dir='ltr'><strong>Cttr</strong></span> <span class='ocrx_word' id='word_1_434' title='bbox 1248 5059 1423 5103; x_wconf 88' lang='lat' dir='ltr'><strong>autem</strong></span> <span class='ocrx_word' id='word_1_435' title='bbox 1450 5047 1610 5114; x_wconf 75' lang='lat' dir='ltr'><strong>dixit,</strong></span> <span class='ocrx_word' id='word_1_436' title='bbox 1643 5047 1825 5101; x_wconf 86' lang='lat' dir='ltr'><strong>Nonne</strong></span> <span class='ocrx_word' id='word_1_437' title='bbox 1853 5064 1942 5118; x_wconf 86' lang='lat' dir='ltr'><strong>ego</strong></span> <span class='ocrx_word' id='word_1_438' title='bbox 1967 5064 2052 5100; x_wconf 81' lang='lat' dir='ltr'><strong>ros</strong></span> <span class='ocrx_word' id='word_1_439' title='bbox 2075 5047 2201 5100; x_wconf 85' lang='lat' dir='ltr'><strong>duo-</strong></span> 
     </span>
    </p>
   </div>
   <div class='ocr_carea' id='block_1_53' title="bbox 623 5140 2198 5215">
    <p class='ocr_par' dir='ltr' id='par_1_53' title="bbox 623 5140 2198 5215">
     <span class='ocr_line' id='line_1_53' title="bbox 623 5140 2198 5215; baseline -0.004 -13"><span class='ocrx_word' id='word_1_440' title='bbox 623 5149 781 5202; x_wconf 85' lang='lat' dir='ltr'><strong>decim</strong></span> <span class='ocrx_word' id='word_1_441' title='bbox 807 5146 952 5215; x_wconf 84' lang='lat' dir='ltr'><strong>elegi,</strong></span> <span class='ocrx_word' id='word_1_442' title='bbox 987 5155 1031 5199; x_wconf 90' lang='lat' dir='ltr'><strong>et</strong></span> <span class='ocrx_word' id='word_1_443' title='bbox 1062 5161 1188 5198; x_wconf 86' lang='lat' dir='ltr'><strong>unus</strong></span> <span class='ocrx_word' id='word_1_444' title='bbox 1227 5158 1289 5196; x_wconf 81' lang='lat' dir='ltr'><strong>ea:</strong></span> <span class='ocrx_word' id='word_1_445' title='bbox 1313 5142 1448 5194; x_wconf 88' lang='lat' dir='ltr'><strong>vobis</strong></span> <span class='ocrx_word' id='word_1_446' title='bbox 1489 5140 1716 5194; x_wconf 77' lang='lat' dir='ltr'><strong>diabolus</strong></span> <span class='ocrx_word' id='word_1_447' title='bbox 1758 5141 1870 5193; x_wconf 81' lang='lat' dir='ltr'><strong>est?</strong></span> <span class='ocrx_word' id='word_1_448' title='bbox 1897 5141 2198 5194; x_wconf 83' lang='lat' dir='ltr'><strong>Doctrinam</strong></span> 
     </span>
    </p>
   </div>
   <div class='ocr_carea' id='block_1_54' title="bbox 624 5231 2198 5292">
    <p class='ocr_par' dir='ltr' id='par_1_54' title="bbox 624 5231 2198 5292">
     <span class='ocr_line' id='line_1_54' title="bbox 624 5231 2198 5292; baseline -0.004 0"><span class='ocrx_word' id='word_1_449' title='bbox 624 5254 772 5292; x_wconf 86' lang='lat' dir='ltr'><strong>suam</strong></span> <span class='ocrx_word' id='word_1_450' title='bbox 803 5237 947 5289; x_wconf 77' lang='lat' dir='ltr'><strong>onttii</strong></span> <span class='ocrx_word' id='word_1_451' title='bbox 993 5237 1294 5290; x_wconf 83' lang='lat' dir='ltr'><strong>adulatione</strong></span> <span class='ocrx_word' id='word_1_452' title='bbox 1339 5248 1556 5288; x_wconf 79' lang='lat' dir='ltr'><strong>vacuam</strong></span> <span class='ocrx_word' id='word_1_453' title='bbox 1605 5233 1860 5286; x_wconf 89' lang='lat' dir='ltr'><strong>indicans.</strong></span> <span class='ocrx_word' id='word_1_454' title='bbox 1892 5231 2025 5286; x_wconf 92' lang='lat' dir='ltr'><strong>Cum</strong></span> <span class='ocrx_word' id='word_1_455' title='bbox 2057 5235 2198 5286; x_wconf 86' lang='lat' dir='ltr'><strong>enim</strong></span> 
     </span>
    </p>
   </div>
   <div class='ocr_carea' id='block_1_55' title="bbox 625 5311 2199 5394">
    <p class='ocr_par' dir='ltr' id='par_1_55' title="bbox 625 5311 2199 5394">
     <span class='ocr_line' id='line_1_55' title="bbox 625 5311 2199 5394; baseline -0.004 -8"><span class='ocrx_word' id='word_1_456' title='bbox 625 5329 1028 5386; x_wconf 83' lang='lat' dir='ltr'><strong>abscedentibus</strong></span> <span class='ocrx_word' id='word_1_457' title='bbox 1049 5328 1330 5392; x_wconf 88' lang='lat' dir='ltr'><strong>omnilms,</strong></span> <span class='ocrx_word' id='word_1_458' title='bbox 1365 5327 1461 5394; x_wconf 86' lang='lat' dir='ltr'><strong>ipsi</strong></span> <span class='ocrx_word' id='word_1_459' title='bbox 1493 5311 1892 5379; x_wconf 75' lang='lat' dir='ltr'><strong>solimancrent</strong></span> <span class='ocrx_word' id='word_1_460' title='bbox 1915 5368 1931 5390; x_wconf 93' lang='lat'><strong>,</strong></span> <span class='ocrx_word' id='word_1_461' title='bbox 1960 5335 2016 5379; x_wconf 88' lang='lat' dir='ltr'><strong>et</strong></span> <span class='ocrx_word' id='word_1_462' title='bbox 2059 5325 2199 5379; x_wconf 81' lang='lat' dir='ltr'><strong>Petri</strong></span> 
     </span>
    </p>
   </div>
   <div class='ocr_carea' id='block_1_56' title="bbox 626 5416 2203 5485">
    <p class='ocr_par' dir='ltr' id='par_1_56' title="bbox 626 5416 2203 5485">
     <span class='ocr_line' id='line_1_56' title="bbox 626 5416 2203 5485; baseline -0.006 -8"><span class='ocrx_word' id='word_1_463' title='bbox 626 5439 718 5478; x_wconf 91' lang='lat' dir='ltr'><strong>ore</strong></span> <span class='ocrx_word' id='word_1_464' title='bbox 739 5422 1008 5477; x_wconf 86' lang='lat' dir='ltr'><strong>Christum</strong></span> <span class='ocrx_word' id='word_1_465' title='bbox 1044 5419 1460 5480; x_wconf 86' lang='lat' dir='ltr'><strong>confl&#39;ereutur;</strong></span> <span class='ocrx_word' id='word_1_466' title='bbox 1490 5432 1557 5471; x_wconf 89' lang='lat' dir='ltr'><strong>ne</strong></span> <span class='ocrx_word' id='word_1_467' title='bbox 1583 5424 1823 5485; x_wconf 87' lang='lat' dir='ltr'><strong>putarent</strong></span> <span class='ocrx_word' id='word_1_468' title='bbox 1846 5431 1904 5472; x_wconf 88' lang='lat' dir='ltr'><strong>se</strong></span> <span class='ocrx_word' id='word_1_469' title='bbox 1928 5416 2045 5470; x_wconf 86' lang='lat' dir='ltr'><strong>ideo</strong></span> <span class='ocrx_word' id='word_1_470' title='bbox 2076 5416 2203 5485; x_wconf 75' lang='lat' dir='ltr'><strong>ip.is</strong></span> 
     </span>
    </p>
   </div>
   <div class='ocr_carea' id='block_1_57' title="bbox 629 5509 2201 5576">
    <p class='ocr_par' dir='ltr' id='par_1_57' title="bbox 629 5509 2201 5576">
     <span class='ocr_line' id='line_1_57' title="bbox 629 5509 2201 5576; baseline -0.004 -9"><span class='ocrx_word' id='word_1_471' title='bbox 629 5514 964 5569; x_wconf 75' lang='lat' dir='ltr'><strong>adulatur-um</strong></span> <span class='ocrx_word' id='word_1_472' title='bbox 1014 5525 1133 5565; x_wconf 77' lang='lat' dir='ltr'><strong>esse</strong></span> <span class='ocrx_word' id='word_1_473' title='bbox 1159 5550 1174 5575; x_wconf 95' lang='lat'><strong>,</strong></span> <span class='ocrx_word' id='word_1_474' title='bbox 1209 5510 1343 5562; x_wconf 89' lang='lat' dir='ltr'><strong>hanc</strong></span> <span class='ocrx_word' id='word_1_475' title='bbox 1393 5516 1605 5562; x_wconf 81' lang='lat' dir='ltr'><strong>amovet</strong></span> <span class='ocrx_word' id='word_1_476' title='bbox 1652 5509 2041 5576; x_wconf 75' lang='lat' dir='ltr'><strong>suspicionem;</strong></span> <span class='ocrx_word' id='word_1_477' title='bbox 2071 5523 2132 5562; x_wconf 91' lang='lat' dir='ltr'><strong>ac</strong></span> <span class='ocrx_word' id='word_1_478' title='bbox 2161 5511 2201 5562; x_wconf 87' lang='lat' dir='ltr'><strong>si</strong></span> 
     </span>
    </p>
   </div>
   <div class='ocr_carea' id='block_1_58' title="bbox 629 5597 2199 5667">
    <p class='ocr_par' dir='ltr' id='par_1_58' title="bbox 629 5597 2199 5667">
     <span class='ocr_line' id='line_1_58' title="bbox 629 5597 2199 5667; baseline -0.006 -8"><span class='ocrx_word' id='word_1_479' title='bbox 629 5606 825 5660; x_wconf 75' lang='lat' dir='ltr'><strong>diceret</strong></span> <span class='ocrx_word' id='word_1_480' title='bbox 856 5601 1031 5657; x_wconf 74' lang='lat' dir='ltr'><strong>:Nihil</strong></span> <span class='ocrx_word' id='word_1_481' title='bbox 1062 5615 1147 5654; x_wconf 89' lang='lat' dir='ltr'><strong>me</strong></span> <span class='ocrx_word' id='word_1_482' title='bbox 1189 5597 1400 5653; x_wconf 89' lang='lat' dir='ltr'><strong>cohibet</strong></span> <span class='ocrx_word' id='word_1_483' title='bbox 1428 5599 1712 5667; x_wconf 86' lang='lat' dir='ltr'><strong>quominus</strong></span> <span class='ocrx_word' id='word_1_484' title='bbox 1742 5597 1909 5651; x_wconf 84' lang='lat' dir='ltr'><strong>malos</strong></span> <span class='ocrx_word' id='word_1_485' title='bbox 1940 5613 2154 5667; x_wconf 83' lang='lat' dir='ltr'><strong>arguam</strong></span> <span class='ocrx_word' id='word_1_486' title='bbox 2188 5616 2199 5650; x_wconf 91' lang='lat'>:</span> 
     </span>
    </p>
   </div>
   <div class='ocr_carea' id='block_1_59' title="bbox 632 5689 2201 5766">
    <p class='ocr_par' dir='ltr' id='par_1_59' title="bbox 632 5689 2201 5766">
     <span class='ocr_line' id='line_1_59' title="bbox 632 5689 2201 5766; baseline -0.004 -16"><span class='ocrx_word' id='word_1_487' title='bbox 632 5712 699 5751; x_wconf 86' lang='lat' dir='ltr'><strong>ne.</strong></span> <span class='ocrx_word' id='word_1_488' title='bbox 721 5696 910 5766; x_wconf 85' lang='lat' dir='ltr'><strong>putetis</strong></span> <span class='ocrx_word' id='word_1_489' title='bbox 938 5709 1024 5749; x_wconf 88' lang='lat' dir='ltr'><strong>me</strong></span> <span class='ocrx_word' id='word_1_490' title='bbox 1051 5692 1223 5758; x_wconf 88' lang='lat' dir='ltr'><strong>vobis,</strong></span> <span class='ocrx_word' id='word_1_491' title='bbox 1253 5692 1370 5761; x_wconf 87' lang='lat' dir='ltr'><strong>quia</strong></span> <span class='ocrx_word' id='word_1_492' title='bbox 1401 5691 1650 5752; x_wconf 89' lang='lat' dir='ltr'><strong>manetis,</strong></span> <span class='ocrx_word' id='word_1_493' title='bbox 1681 5689 2016 5744; x_wconf 69' lang='lat' dir='ltr'><strong>adulatorum</strong></span> <span class='ocrx_word' id='word_1_494' title='bbox 2044 5705 2162 5744; x_wconf 81' lang='lat' dir='ltr'><strong>esse</strong></span> <span class='ocrx_word' id='word_1_495' title='bbox 2187 5706 2201 5756; x_wconf 90' lang='lat'><strong>;</strong></span> 
     </span>
    </p>
   </div>
   <div class='ocr_carea' id='block_1_60' title="bbox 633 5782 2204 5860">
    <p class='ocr_par' dir='ltr' id='par_1_60' title="bbox 633 5782 2204 5860">
     <span class='ocr_line' id='line_1_60' title="bbox 633 5782 2204 5860; baseline -0.004 -15"><span class='ocrx_word' id='word_1_496' title='bbox 633 5800 718 5845; x_wconf 78' lang='lat' dir='ltr'><strong>aut</strong></span> <span class='ocrx_word' id='word_1_497' title='bbox 748 5790 866 5860; x_wconf 78' lang='lat' dir='ltr'><strong>quia</strong></span> <span class='ocrx_word' id='word_1_498' title='bbox 912 5806 995 5844; x_wconf 84' lang='lat' dir='ltr'><strong>me</strong></span> <span class='ocrx_word' id='word_1_499' title='bbox 1043 5787 1361 5860; x_wconf 83' lang='lat' dir='ltr'><strong>sequimini,</strong></span> <span class='ocrx_word' id='word_1_500' title='bbox 1389 5785 1658 5858; x_wconf 88' lang='lat' dir='ltr'><strong>improbos</strong></span> <span class='ocrx_word' id='word_1_501' title='bbox 1702 5799 1806 5840; x_wconf 92' lang='lat' dir='ltr'><strong>non</strong></span> <span class='ocrx_word' id='word_1_502' title='bbox 1845 5782 2204 5855; x_wconf 83' lang='lat' dir='ltr'><strong>reprehensu-</strong></span> 
     </span>
    </p>
   </div>
   <div class='ocr_carea' id='block_1_61' title="bbox 1329 336 3136 413">
    <p class='ocr_par' dir='ltr' id='par_1_61' title="bbox 1329 336 3136 413">
     <span class='ocr_line' id='line_1_61' title="bbox 1329 336 3136 413; baseline -0.009 0"><span class='ocrx_word' id='word_1_503' title='bbox 1329 357 1384 413; x_wconf 88' lang='lat' dir='ltr'><strong>S.</strong></span> <span class='ocrx_word' id='word_1_504' title='bbox 1426 351 1701 412; x_wconf 63' lang='lat' dir='ltr'><strong>JOANNIS</strong></span> <span class='ocrx_word' id='word_1_505' title='bbox 1727 336 2199 407; x_wconf 63' lang='lat' dir='ltr'><strong>CllllYSOSTOMI</strong></span> <span class='ocrx_word' id='word_1_506' title='bbox 2253 337 2564 397; x_wconf 77' lang='lat' dir='ltr'><strong>ARClllEP.</strong></span> <span class='ocrx_word' id='word_1_507' title='bbox 2605 340 3136 401; x_wconf 71' lang='lat' dir='ltr'><strong>CONSTANTINOP.</strong></span> 
     </span>
    </p>
   </div>
   <div class='ocr_carea' id='block_1_62' title="bbox 3765 349 3867 407">
    <p class='ocr_par' dir='ltr' id='par_1_62' title="bbox 3765 349 3867 407">
     <span class='ocr_line' id='line_1_62' title="bbox 3765 349 3867 407; baseline -0.039 0"><span class='ocrx_word' id='word_1_508' title='bbox 3765 349 3867 407; x_wconf 51' lang='lat' dir='ltr'><strong>N8</strong></span> 
     </span>
    </p>
   </div>
   <div class='ocr_carea' id='block_1_63' title="bbox 2281 459 3865 533">
    <p class='ocr_par' dir='ltr' id='par_1_63' title="bbox 2281 459 3865 533">
     <span class='ocr_line' id='line_1_63' title="bbox 2281 459 3865 533; baseline 0.007 -19"><span class='ocrx_word' id='word_1_509' title='bbox 2281 476 2419 514; x_wconf 88' lang='lat' dir='ltr'><strong>rum.</strong></span> <span class='ocrx_word' id='word_1_510' title='bbox 2448 459 2578 514; x_wconf 84' lang='lat' dir='ltr'><strong>Nam</strong></span> <span class='ocrx_word' id='word_1_511' title='bbox 2606 460 2747 530; x_wconf 89' lang='lat' dir='ltr'><strong>quod</strong></span> <span class='ocrx_word' id='word_1_512' title='bbox 2781 461 2947 532; x_wconf 86' lang='lat' dir='ltr'><strong>magis</strong></span> <span class='ocrx_word' id='word_1_513' title='bbox 2977 471 3156 529; x_wconf 91' lang='lat' dir='ltr'><strong>posset</strong></span> <span class='ocrx_word' id='word_1_514' title='bbox 3192 460 3503 532; x_wconf 75' lang='lat' dir='ltr'><strong>Magistrum</strong></span> <span class='ocrx_word' id='word_1_515' title='bbox 3530 465 3779 533; x_wconf 79' lang='lat' dir='ltr'><strong>flectere,</strong></span> <span class='ocrx_word' id='word_1_516' title='bbox 3815 469 3865 524; x_wconf 89' lang='lat' dir='ltr'><strong>id</strong></span> 
     </span>
    </p>
   </div>
   <div class='ocr_carea' id='block_1_64' title="bbox 2277 551 3862 617">
    <p class='ocr_par' dir='ltr' id='par_1_64' title="bbox 2277 551 3862 617">
     <span class='ocr_line' id='line_1_64' title="bbox 2277 551 3862 617; baseline 0.006 -12"><span class='ocrx_word' id='word_1_517' title='bbox 2277 568 2382 606; x_wconf 89' lang='lat' dir='ltr'><strong>non</strong></span> <span class='ocrx_word' id='word_1_518' title='bbox 2415 567 2500 606; x_wconf 90' lang='lat' dir='ltr'><strong>me</strong></span> <span class='ocrx_word' id='word_1_519' title='bbox 2529 553 2713 608; x_wconf 81' lang='lat' dir='ltr'><strong>ﬂectit.</strong></span> <span class='ocrx_word' id='word_1_520' title='bbox 2745 551 2843 617; x_wconf 87' lang='lat' dir='ltr'><strong>Qui</strong></span> <span class='ocrx_word' id='word_1_521' title='bbox 2875 561 3091 613; x_wconf 89' lang='lat' dir='ltr'><strong>manet.</strong></span> <span class='ocrx_word' id='word_1_522' title='bbox 3115 555 3313 609; x_wconf 87' lang='lat' dir='ltr'><strong>amoris</strong></span> <span class='ocrx_word' id='word_1_523' title='bbox 3347 553 3430 609; x_wconf 89' lang='lat' dir='ltr'><strong>sui</strong></span> <span class='ocrx_word' id='word_1_524' title='bbox 3460 555 3551 610; x_wconf 90' lang='lat' dir='ltr'><strong>dat</strong></span> <span class='ocrx_word' id='word_1_525' title='bbox 3583 559 3862 617; x_wconf 88' lang='lat' dir='ltr'><strong>indicium.</strong></span> 
     </span>
    </p>
   </div>
   <div class='ocr_carea' id='block_1_65' title="bbox 2277 643 3865 716">
    <p class='ocr_par' dir='ltr' id='par_1_65' title="bbox 2277 643 3865 716">
     <span class='ocr_line' id='line_1_65' title="bbox 2277 643 3865 716; baseline 0.006 -18"><span class='ocrx_word' id='word_1_526' title='bbox 2277 643 2376 712; x_wconf 88' lang='lat' dir='ltr'><strong>Qui</strong></span> <span class='ocrx_word' id='word_1_527' title='bbox 2405 645 2604 700; x_wconf 89' lang='lat' dir='ltr'><strong>electus</strong></span> <span class='ocrx_word' id='word_1_528' title='bbox 2641 654 2720 698; x_wconf 84' lang='lat' dir='ltr'><strong>est</strong></span> <span class='ocrx_word' id='word_1_529' title='bbox 2751 659 2780 698; x_wconf 90' lang='lat' dir='ltr'><strong>a</strong></span> <span class='ocrx_word' id='word_1_530' title='bbox 2807 644 3080 714; x_wconf 78' lang='lat' dir='ltr'><strong>Magistro,</strong></span> <span class='ocrx_word' id='word_1_531' title='bbox 3105 645 3173 700; x_wconf 90' lang='lat' dir='ltr'><strong>ab</strong></span> <span class='ocrx_word' id='word_1_532' title='bbox 3205 646 3600 716; x_wconf 77' lang='lat' dir='ltr'><strong>insipientibus,</strong></span> <span class='ocrx_word' id='word_1_533' title='bbox 3626 666 3690 705; x_wconf 92' lang='lat' dir='ltr'><strong>ac</strong></span> <span class='ocrx_word' id='word_1_534' title='bbox 3714 653 3758 706; x_wconf 87' lang='lat' dir='ltr'><strong>si</strong></span> <span class='ocrx_word' id='word_1_535' title='bbox 3788 654 3865 707; x_wconf 88' lang='lat' dir='ltr'><strong>in-</strong></span> 
     </span>
    </p>
   </div>
   <div class='ocr_carea' id='block_1_66' title="bbox 2276 737 3869 812">
    <p class='ocr_par' dir='ltr' id='par_1_66' title="bbox 2276 737 3869 812">
     <span class='ocr_line' id='line_1_66' title="bbox 2276 737 3869 812; baseline 0.004 -21"><span class='ocrx_word' id='word_1_536' title='bbox 2276 737 2448 791; x_wconf 89' lang='lat' dir='ltr'><strong>saniat</strong></span> <span class='ocrx_word' id='word_1_537' title='bbox 2472 777 2486 802; x_wconf 94' lang='lat'><strong>,</strong></span> <span class='ocrx_word' id='word_1_538' title='bbox 2519 737 2826 807; x_wconf 80' lang='lat' dir='ltr'><strong>repelletur.</strong></span> <span class='ocrx_word' id='word_1_539' title='bbox 2859 739 3105 791; x_wconf 81' lang='lat' dir='ltr'><strong>Attamen</strong></span> <span class='ocrx_word' id='word_1_540' title='bbox 3158 752 3329 808; x_wconf 89' lang='lat' dir='ltr'><strong>neque</strong></span> <span class='ocrx_word' id='word_1_541' title='bbox 3369 737 3471 795; x_wconf 85' lang='lat' dir='ltr'><strong>hoc</strong></span> <span class='ocrx_word' id='word_1_542' title='bbox 3511 755 3597 796; x_wconf 87' lang='lat' dir='ltr'><strong>me</strong></span> <span class='ocrx_word' id='word_1_543' title='bbox 3623 757 3652 793; x_wconf 89' lang='lat' dir='ltr'><strong>a</strong></span> <span class='ocrx_word' id='word_1_544' title='bbox 3681 758 3869 812; x_wconf 84' lang='lat' dir='ltr'><strong>repre-</strong></span> 
     </span>
    </p>
   </div>
   <div class='ocr_carea' id='block_1_67' title="bbox 2277 827 3870 902">
    <p class='ocr_par' dir='ltr' id='par_1_67' title="bbox 2277 827 3870 902">
     <span class='ocr_line' id='line_1_67' title="bbox 2277 827 3870 902; baseline 0.004 -20"><span class='ocrx_word' id='word_1_545' title='bbox 2277 827 2563 883; x_wconf 84' lang='lat' dir='ltr'><strong>hendendo</strong></span> <span class='ocrx_word' id='word_1_546' title='bbox 2613 827 2847 882; x_wconf 90' lang='lat' dir='ltr'><strong>abducit.</strong></span> <span class='ocrx_word' id='word_1_547' title='bbox 2879 827 2989 882; x_wconf 83' lang='lat' dir='ltr'><strong>Hac</strong></span> <span class='ocrx_word' id='word_1_548' title='bbox 3029 827 3099 884; x_wconf 90' lang='lat' dir='ltr'><strong>de</strong></span> <span class='ocrx_word' id='word_1_549' title='bbox 3146 844 3205 883; x_wconf 89' lang='lat' dir='ltr'><strong>re</strong></span> <span class='ocrx_word' id='word_1_550' title='bbox 3255 830 3414 884; x_wconf 85' lang='lat' dir='ltr'><strong>etiam</strong></span> <span class='ocrx_word' id='word_1_551' title='bbox 3456 847 3597 886; x_wconf 89' lang='lat' dir='ltr'><strong>nunc</strong></span> <span class='ocrx_word' id='word_1_552' title='bbox 3634 835 3870 902; x_wconf 86' lang='lat' dir='ltr'><strong>gentiles</strong></span> 
     </span>
    </p>
   </div>
   <div class='ocr_carea' id='block_1_68' title="bbox 2275 919 3870 992">
    <p class='ocr_par' dir='ltr' id='par_1_68' title="bbox 2275 919 3870 992">
     <span class='ocr_line' id='line_1_68' title="bbox 2275 919 3870 992; baseline 0.003 -17"><span class='ocrx_word' id='word_1_553' title='bbox 2275 919 2546 975; x_wconf 88' lang='lat' dir='ltr'><strong>Christum</strong></span> <span class='ocrx_word' id='word_1_554' title='bbox 2594 931 2845 974; x_wconf 73' lang='lat' dir='ltr'><strong>accusant</strong></span> <span class='ocrx_word' id='word_1_555' title='bbox 2866 960 2881 983; x_wconf 89' lang='lat'><strong>,</strong></span> <span class='ocrx_word' id='word_1_556' title='bbox 2911 919 3005 975; x_wconf 90' lang='lat' dir='ltr'><strong>sed</strong></span> <span class='ocrx_word' id='word_1_557' title='bbox 3050 919 3238 992; x_wconf 76' lang='lat' dir='ltr'><strong>frigide</strong></span> <span class='ocrx_word' id='word_1_558' title='bbox 3273 929 3329 976; x_wconf 85' lang='lat' dir='ltr'><strong>et</strong></span> <span class='ocrx_word' id='word_1_559' title='bbox 3365 924 3545 978; x_wconf 90' lang='lat' dir='ltr'><strong>stulte.</strong></span> <span class='ocrx_word' id='word_1_560' title='bbox 3576 923 3693 979; x_wconf 81' lang='lat' dir='ltr'><strong>Non</strong></span> <span class='ocrx_word' id='word_1_561' title='bbox 3722 927 3870 980; x_wconf 89' lang='lat' dir='ltr'><strong>enim</strong></span> 
     </span>
    </p>
   </div>
   <div class='ocr_carea' id='block_1_69' title="bbox 2277 1011 3872 1086">
    <p class='ocr_par' dir='ltr' id='par_1_69' title="bbox 2277 1011 3872 1086">
     <span class='ocr_line' id='line_1_69' title="bbox 2277 1011 3872 1086; baseline 0.006 -22"><span class='ocrx_word' id='word_1_562' title='bbox 2277 1011 2595 1067; x_wconf 87' lang='lat' dir='ltr'><strong>necessitate</strong></span> <span class='ocrx_word' id='word_1_563' title='bbox 2640 1021 2732 1064; x_wconf 90' lang='lat' dir='ltr'><strong>aut</strong></span> <span class='ocrx_word' id='word_1_564' title='bbox 2781 1012 2830 1065; x_wconf 80' lang='lat' dir='ltr'><strong>vi</strong></span> <span class='ocrx_word' id='word_1_565' title='bbox 2879 1012 3020 1066; x_wconf 88' lang='lat' dir='ltr'><strong>Deus</strong></span> <span class='ocrx_word' id='word_1_566' title='bbox 3066 1011 3235 1067; x_wconf 90' lang='lat' dir='ltr'><strong>bonos</strong></span> <span class='ocrx_word' id='word_1_567' title='bbox 3261 1014 3440 1069; x_wconf 90' lang='lat' dir='ltr'><strong>facere</strong></span> <span class='ocrx_word' id='word_1_568' title='bbox 3487 1016 3660 1082; x_wconf 85' lang='lat' dir='ltr'><strong>solet,</strong></span> <span class='ocrx_word' id='word_1_569' title='bbox 3692 1032 3872 1086; x_wconf 86' lang='lat' dir='ltr'><strong>neque</strong></span> 
     </span>
    </p>
   </div>
   <div class='ocr_carea' id='block_1_70' title="bbox 2276 1103 3869 1178">
    <p class='ocr_par' dir='ltr' id='par_1_70' title="bbox 2276 1103 3869 1178">
     <span class='ocr_line' id='line_1_70' title="bbox 2276 1103 3869 1178; baseline 0.004 -20"><span class='ocrx_word' id='word_1_570' title='bbox 2276 1105 2468 1160; x_wconf 91' lang='lat' dir='ltr'><strong>electio</strong></span> <span class='ocrx_word' id='word_1_571' title='bbox 2497 1103 2613 1173; x_wconf 82' lang='lat' dir='ltr'><strong>ejus</strong></span> <span class='ocrx_word' id='word_1_572' title='bbox 2641 1113 2724 1158; x_wconf 88' lang='lat' dir='ltr'><strong>est</strong></span> <span class='ocrx_word' id='word_1_573' title='bbox 2752 1104 2982 1160; x_wconf 80' lang='lat' dir='ltr'><strong>violenta</strong></span> <span class='ocrx_word' id='word_1_574' title='bbox 3007 1147 3022 1172; x_wconf 92' lang='lat'><strong>,</strong></span> <span class='ocrx_word' id='word_1_575' title='bbox 3065 1106 3158 1162; x_wconf 86' lang='lat' dir='ltr'><strong>sed</strong></span> <span class='ocrx_word' id='word_1_576' title='bbox 3199 1122 3230 1162; x_wconf 89' lang='lat' dir='ltr'><strong>a</strong></span> <span class='ocrx_word' id='word_1_577' title='bbox 3273 1106 3522 1164; x_wconf 87' lang='lat' dir='ltr'><strong>suasione</strong></span> <span class='ocrx_word' id='word_1_578' title='bbox 3570 1108 3869 1178; x_wconf 76' lang='lat' dir='ltr'><strong>perﬁcitur.</strong></span> 
     </span>
    </p>
   </div>
   <div class='ocr_carea' id='block_1_71' title="bbox 2279 1197 3872 1271">
    <p class='ocr_par' dir='ltr' id='par_1_71' title="bbox 2279 1197 3872 1271">
     <span class='ocr_line' id='line_1_71' title="bbox 2279 1197 3872 1271; baseline 0.003 -21"><span class='ocrx_word' id='word_1_579' title='bbox 2279 1197 2348 1250; x_wconf 88' lang='lat' dir='ltr'><strong>Ut</strong></span> <span class='ocrx_word' id='word_1_580' title='bbox 2391 1208 2568 1253; x_wconf 85' lang='lat' dir='ltr'><strong>autem</strong></span> <span class='ocrx_word' id='word_1_581' title='bbox 2622 1197 2797 1251; x_wconf 88' lang='lat' dir='ltr'><strong>discas</strong></span> <span class='ocrx_word' id='word_1_582' title='bbox 2827 1199 3161 1253; x_wconf 86' lang='lat' dir='ltr'><strong>vocationem</strong></span> <span class='ocrx_word' id='word_1_583' title='bbox 3198 1214 3304 1254; x_wconf 91' lang='lat' dir='ltr'><strong>non</strong></span> <span class='ocrx_word' id='word_1_584' title='bbox 3346 1199 3450 1254; x_wconf 84' lang='lat' dir='ltr'><strong>vim</strong></span> <span class='ocrx_word' id='word_1_585' title='bbox 3481 1201 3715 1269; x_wconf 88' lang='lat' dir='ltr'><strong>inferre,</strong></span> <span class='ocrx_word' id='word_1_586' title='bbox 3748 1217 3872 1271; x_wconf 84' lang='lat' dir='ltr'><strong>per-</strong></span> 
     </span>
    </p>
   </div>
   <div class='ocr_carea' id='block_1_72' title="bbox 2278 1288 3873 1362">
    <p class='ocr_par' dir='ltr' id='par_1_72' title="bbox 2278 1288 3873 1362">
     <span class='ocr_line' id='line_1_72' title="bbox 2278 1288 3873 1362; baseline 0.002 -19"><span class='ocrx_word' id='word_1_587' title='bbox 2278 1288 2452 1358; x_wconf 90' lang='lat' dir='ltr'><strong>pende</strong></span> <span class='ocrx_word' id='word_1_588' title='bbox 2496 1300 2625 1358; x_wconf 89' lang='lat' dir='ltr'><strong>quot</strong></span> <span class='ocrx_word' id='word_1_589' title='bbox 2655 1289 2825 1343; x_wconf 82' lang='lat' dir='ltr'><strong>vocati</strong></span> <span class='ocrx_word' id='word_1_590' title='bbox 2857 1290 3132 1358; x_wconf 88' lang='lat' dir='ltr'><strong>perierint.</strong></span> <span class='ocrx_word' id='word_1_591' title='bbox 3165 1290 3318 1347; x_wconf 89' lang='lat' dir='ltr'><strong>Unde</strong></span> <span class='ocrx_word' id='word_1_592' title='bbox 3348 1295 3521 1362; x_wconf 86' lang='lat' dir='ltr'><strong>palam</strong></span> <span class='ocrx_word' id='word_1_593' title='bbox 3546 1304 3651 1360; x_wconf 90' lang='lat' dir='ltr'><strong>est,</strong></span> <span class='ocrx_word' id='word_1_594' title='bbox 3684 1295 3737 1348; x_wconf 89' lang='lat' dir='ltr'><strong>in</strong></span> <span class='ocrx_word' id='word_1_595' title='bbox 3771 1311 3873 1346; x_wconf 81' lang='lat' dir='ltr'><strong>uo-</strong></span> 
     </span>
    </p>
   </div>
   <div class='ocr_carea' id='block_1_73' title="bbox 2276 1381 3871 1458">
    <p class='ocr_par' dir='ltr' id='par_1_73' title="bbox 2276 1381 3871 1458">
     <span class='ocr_line' id='line_1_73' title="bbox 2276 1381 3871 1458; baseline 0.006 -25"><span class='ocrx_word' id='word_1_596' title='bbox 2276 1390 2389 1434; x_wconf 89' lang='lat' dir='ltr'><strong>stro</strong></span> <span class='ocrx_word' id='word_1_597' title='bbox 2435 1381 2590 1434; x_wconf 85' lang='lat' dir='ltr'><strong>sitam</strong></span> <span class='ocrx_word' id='word_1_598' title='bbox 2635 1395 2753 1436; x_wconf 82' lang='lat' dir='ltr'><strong>esse</strong></span> <span class='ocrx_word' id='word_1_599' title='bbox 2787 1382 3010 1437; x_wconf 86' lang='lat' dir='ltr'><strong>arbitrio</strong></span> <span class='ocrx_word' id='word_1_600' title='bbox 3055 1381 3136 1438; x_wconf 89' lang='lat' dir='ltr'><strong>vel</strong></span> <span class='ocrx_word' id='word_1_601' title='bbox 3166 1384 3417 1451; x_wconf 87' lang='lat' dir='ltr'><strong>salutem,</strong></span> <span class='ocrx_word' id='word_1_602' title='bbox 3447 1385 3527 1440; x_wconf 83' lang='lat' dir='ltr'><strong>vel</strong></span> <span class='ocrx_word' id='word_1_603' title='bbox 3574 1389 3871 1458; x_wconf 83' lang='lat' dir='ltr'><strong>perniciem</strong></span> 
     </span>
    </p>
   </div>
   <div class='ocr_carea' id='block_1_74' title="bbox 2278 1479 2536 1524">
    <p class='ocr_par' dir='ltr' id='par_1_74' title="bbox 2278 1479 2536 1524">
     <span class='ocr_line' id='line_1_74' title="bbox 2278 1479 2536 1524; baseline 0 0"><span class='ocrx_word' id='word_1_604' title='bbox 2278 1479 2536 1524; x_wconf 86' lang='lat' dir='ltr'><strong>nostram.</strong></span> 
     </span>
    </p>
   </div>
   <div class='ocr_carea' id='block_1_75' title="bbox 2349 1563 3872 1633">
    <p class='ocr_par' dir='ltr' id='par_1_75' title="bbox 2349 1563 3872 1633">
     <span class='ocr_line' id='line_1_75' title="bbox 2349 1563 3872 1633; baseline 0.005 -14"><span class='ocrx_word' id='word_1_605' title='bbox 2349 1564 2400 1619; x_wconf 83' lang='lat'><strong>5.</strong></span> <span class='ocrx_word' id='word_1_606' title='bbox 2445 1563 2569 1618; x_wconf 67' lang='lat' dir='ltr'><strong>Haec</strong></span> <span class='ocrx_word' id='word_1_607' title='bbox 2613 1564 2790 1633; x_wconf 88' lang='lat' dir='ltr'><strong>itaque</strong></span> <span class='ocrx_word' id='word_1_608' title='bbox 2832 1565 3147 1631; x_wconf 86' lang='lat' dir='ltr'><strong>audientes.</strong></span> <span class='ocrx_word' id='word_1_609' title='bbox 3177 1567 3520 1624; x_wconf 88' lang='lat' dir='ltr'><strong>instituamur</strong></span> <span class='ocrx_word' id='word_1_610' title='bbox 3555 1569 3622 1623; x_wconf 82' lang='lat' dir='ltr'><strong>ad</strong></span> <span class='ocrx_word' id='word_1_611' title='bbox 3665 1587 3872 1626; x_wconf 82' lang='lat' dir='ltr'><strong>caven-</strong></span> 
     </span>
    </p>
   </div>
   <div class='ocr_carea' id='block_1_76' title="bbox 2277 1654 3873 1732">
    <p class='ocr_par' dir='ltr' id='par_1_76' title="bbox 2277 1654 3873 1732">
     <span class='ocr_line' id='line_1_76' title="bbox 2277 1654 3873 1732; baseline 0.005 -25"><span class='ocrx_word' id='word_1_612' title='bbox 2277 1654 2402 1708; x_wconf 83' lang='lat' dir='ltr'><strong>dum</strong></span> <span class='ocrx_word' id='word_1_613' title='bbox 2431 1656 2860 1725; x_wconf 82' lang='lat' dir='ltr'><strong>vigilandumqne</strong></span> <span class='ocrx_word' id='word_1_614' title='bbox 2887 1673 3118 1729; x_wconf 63' lang='lat' dir='ltr'><strong>semper.</strong></span> <span class='ocrx_word' id='word_1_615' title='bbox 3135 1658 3265 1713; x_wconf 86' lang='lat' dir='ltr'><strong>Nam</strong></span> <span class='ocrx_word' id='word_1_616' title='bbox 3297 1661 3340 1715; x_wconf 90' lang='lat' dir='ltr'><strong>si</strong></span> <span class='ocrx_word' id='word_1_617' title='bbox 3372 1660 3461 1715; x_wconf 89' lang='lat' dir='ltr'><strong>ille</strong></span> <span class='ocrx_word' id='word_1_618' title='bbox 3489 1663 3576 1732; x_wconf 91' lang='lat' dir='ltr'><strong>qui</strong></span> <span class='ocrx_word' id='word_1_619' title='bbox 3605 1663 3657 1716; x_wconf 93' lang='lat' dir='ltr'><strong>in</strong></span> <span class='ocrx_word' id='word_1_620' title='bbox 3681 1675 3873 1718; x_wconf 76' lang='lat' dir='ltr'><strong>sancto</strong></span> 
     </span>
    </p>
   </div>
   <div class='ocr_carea' id='block_1_77' title="bbox 2279 1747 3873 1823">
    <p class='ocr_par' dir='ltr' id='par_1_77' title="bbox 2279 1747 3873 1823">
     <span class='ocr_line' id='line_1_77' title="bbox 2279 1747 3873 1823; baseline 0.006 -22"><span class='ocrx_word' id='word_1_621' title='bbox 2279 1748 2369 1801; x_wconf 91' lang='lat' dir='ltr'><strong>illo</strong></span> <span class='ocrx_word' id='word_1_622' title='bbox 2398 1747 2564 1802; x_wconf 89' lang='lat' dir='ltr'><strong>choro</strong></span> <span class='ocrx_word' id='word_1_623' title='bbox 2593 1749 2913 1804; x_wconf 87' lang='lat' dir='ltr'><strong>censebatur</strong></span> <span class='ocrx_word' id='word_1_624' title='bbox 2934 1792 2948 1815; x_wconf 90' lang='lat'><strong>,</strong></span> <span class='ocrx_word' id='word_1_625' title='bbox 2981 1751 3068 1819; x_wconf 88' lang='lat' dir='ltr'><strong>qui</strong></span> <span class='ocrx_word' id='word_1_626' title='bbox 3121 1761 3323 1806; x_wconf 87' lang='lat' dir='ltr'><strong>tantum</strong></span> <span class='ocrx_word' id='word_1_627' title='bbox 3361 1766 3724 1823; x_wconf 89' lang='lat' dir='ltr'><strong>consequutus</strong></span> <span class='ocrx_word' id='word_1_628' title='bbox 3753 1768 3873 1811; x_wconf 85' lang='lat' dir='ltr'><strong>erat</strong></span> 
     </span>
    </p>
   </div>
   <div class='ocr_carea' id='block_1_78' title="bbox 2277 1837 3874 1911">
    <p class='ocr_par' dir='ltr' id='par_1_78' title="bbox 2277 1837 3874 1911">
     <span class='ocr_line' id='line_1_78' title="bbox 2277 1837 3874 1911; baseline 0.008 -19"><span class='ocrx_word' id='word_1_629' title='bbox 2277 1837 2498 1906; x_wconf 89' lang='lat' dir='ltr'><strong>donum,</strong></span> <span class='ocrx_word' id='word_1_630' title='bbox 2533 1840 2622 1910; x_wconf 91' lang='lat' dir='ltr'><strong>qui</strong></span> <span class='ocrx_word' id='word_1_631' title='bbox 2649 1841 2800 1911; x_wconf 86' lang='lat' dir='ltr'><strong>signa</strong></span> <span class='ocrx_word' id='word_1_632' title='bbox 2833 1841 3032 1896; x_wconf 87' lang='lat' dir='ltr'><strong>fecerat</strong></span> <span class='ocrx_word' id='word_1_633' title='bbox 3062 1843 3080 1911; x_wconf 95' lang='lat'>(</span> <span class='ocrx_word' id='word_1_634' title='bbox 3109 1845 3308 1898; x_wconf 85' lang='lat' dir='ltr'><strong>etenim</strong></span> <span class='ocrx_word' id='word_1_635' title='bbox 3358 1860 3478 1900; x_wconf 87' lang='lat' dir='ltr'><strong>cum</strong></span> <span class='ocrx_word' id='word_1_636' title='bbox 3517 1847 3635 1901; x_wconf 86' lang='lat' dir='ltr'><strong>aliis</strong></span> <span class='ocrx_word' id='word_1_637' title='bbox 3675 1849 3874 1904; x_wconf 86' lang='lat' dir='ltr'><strong>missus</strong></span> 
     </span>
    </p>
   </div>
   <div class='ocr_carea' id='block_1_79' title="bbox 2279 1931 3878 2008">
    <p class='ocr_par' dir='ltr' id='par_1_79' title="bbox 2279 1931 3878 2008">
     <span class='ocr_line' id='line_1_79' title="bbox 2279 1931 3878 2008; baseline 0.006 -22"><span class='ocrx_word' id='word_1_638' title='bbox 2279 1931 2450 1986; x_wconf 89' lang='lat' dir='ltr'><strong>fuerat</strong></span> <span class='ocrx_word' id='word_1_639' title='bbox 2485 1931 2552 1986; x_wconf 87' lang='lat' dir='ltr'><strong>ad</strong></span> <span class='ocrx_word' id='word_1_640' title='bbox 2593 1943 2835 1987; x_wconf 89' lang='lat' dir='ltr'><strong>mortuos</strong></span> <span class='ocrx_word' id='word_1_641' title='bbox 2863 1935 3201 1990; x_wconf 83' lang='lat' dir='ltr'><strong>suscitandos</strong></span> <span class='ocrx_word' id='word_1_642' title='bbox 3232 1936 3582 2008; x_wconf 84' lang='lat' dir='ltr'><strong>leprososqne</strong></span> <span class='ocrx_word' id='word_1_643' title='bbox 3607 1941 3845 1996; x_wconf 73' lang='lat' dir='ltr'><strong>mundun</strong></span> <span class='ocrx_word' id='word_1_644' title='bbox 3865 1973 3878 1984; x_wconf 75' lang='grc' dir='ltr'><strong><em>ο</em></strong></span> 
     </span>
    </p>
   </div>
   <div class='ocr_carea' id='block_1_80' title="bbox 2279 2021 3876 2099">
    <p class='ocr_par' dir='ltr' id='par_1_80' title="bbox 2279 2021 3876 2099">
     <span class='ocr_line' id='line_1_80' title="bbox 2279 2021 3876 2099; baseline 0.005 -24"><span class='ocrx_word' id='word_1_645' title='bbox 2279 2021 2422 2092; x_wconf 85' lang='lat' dir='ltr'><strong>dos),</strong></span> <span class='ocrx_word' id='word_1_646' title='bbox 2447 2022 2566 2091; x_wconf 89' lang='lat' dir='ltr'><strong>quia</strong></span> <span class='ocrx_word' id='word_1_647' title='bbox 2597 2023 2910 2090; x_wconf 83' lang='lat' dir='ltr'><strong>gravissimo</strong></span> <span class='ocrx_word' id='word_1_648' title='bbox 2938 2025 3174 2079; x_wconf 52' lang='lat' dir='ltr'><strong>avaritiae</strong></span> <span class='ocrx_word' id='word_1_649' title='bbox 3203 2026 3393 2082; x_wconf 89' lang='lat' dir='ltr'><strong>morbo</strong></span> <span class='ocrx_word' id='word_1_650' title='bbox 3421 2037 3606 2099; x_wconf 83' lang='lat' dir='ltr'><strong>captus</strong></span> <span class='ocrx_word' id='word_1_651' title='bbox 3629 2041 3734 2094; x_wconf 84' lang='lat' dir='ltr'><strong>est,</strong></span> <span class='ocrx_word' id='word_1_652' title='bbox 3764 2031 3876 2085; x_wconf 81' lang='lat' dir='ltr'><strong>Do-</strong></span> 
     </span>
    </p>
   </div>
   <div class='ocr_carea' id='block_1_81' title="bbox 2281 2113 3878 2189">
    <p class='ocr_par' dir='ltr' id='par_1_81' title="bbox 2281 2113 3878 2189">
     <span class='ocr_line' id='line_1_81' title="bbox 2281 2113 3878 2189; baseline 0.006 -22"><span class='ocrx_word' id='word_1_653' title='bbox 2281 2113 2482 2167; x_wconf 90' lang='lat' dir='ltr'><strong>minum</strong></span> <span class='ocrx_word' id='word_1_654' title='bbox 2527 2129 2681 2168; x_wconf 91' lang='lat' dir='ltr'><strong>suum</strong></span> <span class='ocrx_word' id='word_1_655' title='bbox 2729 2115 2980 2182; x_wconf 72' lang='lat' dir='ltr'><strong>prodidit,</strong></span> <span class='ocrx_word' id='word_1_656' title='bbox 3023 2117 3261 2187; x_wconf 86' lang='lat' dir='ltr'><strong>nihilque</strong></span> <span class='ocrx_word' id='word_1_657' title='bbox 3290 2118 3364 2174; x_wconf 91' lang='lat' dir='ltr'><strong>illi</strong></span> <span class='ocrx_word' id='word_1_658' title='bbox 3397 2121 3641 2189; x_wconf 89' lang='lat' dir='ltr'><strong>profuere</strong></span> <span class='ocrx_word' id='word_1_659' title='bbox 3667 2123 3878 2177; x_wconf 69' lang='lat' dir='ltr'><strong>bendi-</strong></span> 
     </span>
    </p>
   </div>
   <div class='ocr_carea' id='block_1_82' title="bbox 2279 2203 3875 2282">
    <p class='ocr_par' dir='ltr' id='par_1_82' title="bbox 2279 2203 3875 2282">
     <span class='ocr_line' id='line_1_82' title="bbox 2279 2203 3875 2282; baseline 0.008 -25"><span class='ocrx_word' id='word_1_660' title='bbox 2279 2203 2360 2258; x_wconf 87' lang='lat' dir='ltr'><strong>cia</strong></span> <span class='ocrx_word' id='word_1_661' title='bbox 2385 2245 2400 2269; x_wconf 90' lang='lat'><strong>,</strong></span> <span class='ocrx_word' id='word_1_662' title='bbox 2428 2204 2564 2258; x_wconf 90' lang='lat' dir='ltr'><strong>dona</strong></span> <span class='ocrx_word' id='word_1_663' title='bbox 2587 2246 2602 2270; x_wconf 92' lang='lat'><strong>,</strong></span> <span class='ocrx_word' id='word_1_664' title='bbox 2652 2220 2756 2259; x_wconf 89' lang='lat' dir='ltr'><strong>non</strong></span> <span class='ocrx_word' id='word_1_665' title='bbox 2805 2208 3168 2274; x_wconf 88' lang='lat' dir='ltr'><strong>consuetudo,</strong></span> <span class='ocrx_word' id='word_1_666' title='bbox 3197 2224 3302 2263; x_wconf 90' lang='lat' dir='ltr'><strong>non</strong></span> <span class='ocrx_word' id='word_1_667' title='bbox 3335 2211 3464 2265; x_wconf 91' lang='lat' dir='ltr'><strong>lotio</strong></span> <span class='ocrx_word' id='word_1_668' title='bbox 3489 2211 3684 2282; x_wconf 88' lang='lat' dir='ltr'><strong>pedum</strong></span> <span class='ocrx_word' id='word_1_669' title='bbox 3705 2254 3720 2280; x_wconf 92' lang='lat'><strong>,</strong></span> <span class='ocrx_word' id='word_1_670' title='bbox 3765 2231 3875 2269; x_wconf 88' lang='lat' dir='ltr'><strong>non</strong></span> 
     </span>
    </p>
   </div>
   <div class='ocr_carea' id='block_1_83' title="bbox 2281 2297 3879 2366">
    <p class='ocr_par' dir='ltr' id='par_1_83' title="bbox 2281 2297 3879 2366">
     <span class='ocr_line' id='line_1_83' title="bbox 2281 2297 3879 2366; baseline 0.006 -16"><span class='ocrx_word' id='word_1_671' title='bbox 2281 2312 2480 2351; x_wconf 74' lang='lat' dir='ltr'><strong>mensa.-</strong></span> <span class='ocrx_word' id='word_1_672' title='bbox 2511 2297 2761 2363; x_wconf 84' lang='lat' dir='ltr'><strong>societas,</strong></span> <span class='ocrx_word' id='word_1_673' title='bbox 2793 2314 2898 2353; x_wconf 91' lang='lat' dir='ltr'><strong>non</strong></span> <span class='ocrx_word' id='word_1_674' title='bbox 2927 2300 3220 2355; x_wconf 87' lang='lat' dir='ltr'><strong>loculorum</strong></span> <span class='ocrx_word' id='word_1_675' title='bbox 3266 2301 3508 2357; x_wconf 84' lang='lat' dir='ltr'><strong>custodia</strong></span> <span class='ocrx_word' id='word_1_676' title='bbox 3536 2319 3552 2366; x_wconf 88' lang='lat'><strong>;</strong></span> <span class='ocrx_word' id='word_1_677' title='bbox 3604 2303 3712 2359; x_wconf 90' lang='lat' dir='ltr'><strong>imo</strong></span> <span class='ocrx_word' id='word_1_678' title='bbox 3759 2307 3879 2360; x_wconf 60' lang='lat' dir='ltr'><strong>hac</strong></span> 
     </span>
    </p>
   </div>
   <div class='ocr_carea' id='block_1_84' title="bbox 2284 2388 3880 2462">
    <p class='ocr_par' dir='ltr' id='par_1_84' title="bbox 2284 2388 3880 2462">
     <span class='ocr_line' id='line_1_84' title="bbox 2284 2388 3880 2462; baseline 0.006 -21"><span class='ocrx_word' id='word_1_679' title='bbox 2284 2388 2356 2441; x_wconf 89' lang='lat' dir='ltr'><strong>illi</strong></span> <span class='ocrx_word' id='word_1_680' title='bbox 2385 2389 2560 2442; x_wconf 89' lang='lat' dir='ltr'><strong>aditus</strong></span> <span class='ocrx_word' id='word_1_681' title='bbox 2580 2389 2644 2443; x_wconf 88' lang='lat' dir='ltr'><strong>ad</strong></span> <span class='ocrx_word' id='word_1_682' title='bbox 2671 2391 2985 2460; x_wconf 90' lang='lat' dir='ltr'><strong>supplicium</strong></span> <span class='ocrx_word' id='word_1_683' title='bbox 3019 2390 3171 2446; x_wconf 89' lang='lat' dir='ltr'><strong>fuere</strong></span> <span class='ocrx_word' id='word_1_684' title='bbox 3198 2409 3212 2444; x_wconf 90' lang='lat'><strong>:</strong></span> <span class='ocrx_word' id='word_1_685' title='bbox 3247 2395 3528 2448; x_wconf 87' lang='lat' dir='ltr'><strong>timeamus</strong></span> <span class='ocrx_word' id='word_1_686' title='bbox 3556 2402 3612 2448; x_wconf 89' lang='lat' dir='ltr'><strong>et</strong></span> <span class='ocrx_word' id='word_1_687' title='bbox 3640 2410 3740 2449; x_wconf 90' lang='lat' dir='ltr'><strong>nos</strong></span> <span class='ocrx_word' id='word_1_688' title='bbox 3765 2436 3782 2462; x_wconf 92' lang='lat'><strong>,</strong></span> <span class='ocrx_word' id='word_1_689' title='bbox 3808 2413 3880 2451; x_wconf 77' lang='lat' dir='ltr'><strong>ne</strong></span> 
     </span>
    </p>
   </div>
   <div class='ocr_carea' id='block_1_85' title="bbox 2283 2481 3878 2553">
    <p class='ocr_par' dir='ltr' id='par_1_85' title="bbox 2283 2481 3878 2553">
     <span class='ocr_line' id='line_1_85' title="bbox 2283 2481 3878 2553; baseline 0.005 -19"><span class='ocrx_word' id='word_1_690' title='bbox 2283 2481 2497 2549; x_wconf 84' lang='lat' dir='ltr'><strong>quando</strong></span> <span class='ocrx_word' id='word_1_691' title='bbox 2517 2482 2703 2536; x_wconf 69' lang='lat' dir='ltr'><strong>ludam</strong></span> <span class='ocrx_word' id='word_1_692' title='bbox 2729 2497 2823 2553; x_wconf 91' lang='lat' dir='ltr'><strong>per</strong></span> <span class='ocrx_word' id='word_1_693' title='bbox 2849 2484 3128 2537; x_wconf 84' lang='lat' dir='ltr'><strong>avaritiam</strong></span> <span class='ocrx_word' id='word_1_694' title='bbox 3153 2483 3443 2539; x_wconf 83' lang='lat' dir='ltr'><strong>imitemur.</strong></span> <span class='ocrx_word' id='word_1_695' title='bbox 3471 2484 3742 2540; x_wconf 84' lang='lat' dir='ltr'><strong>Christum</strong></span> <span class='ocrx_word' id='word_1_696' title='bbox 3767 2502 3878 2541; x_wconf 86' lang='lat' dir='ltr'><strong>non</strong></span> 
     </span>
    </p>
   </div>
   <div class='ocr_carea' id='block_1_86' title="bbox 2288 2572 3885 2645">
    <p class='ocr_par' dir='ltr' id='par_1_86' title="bbox 2288 2572 3885 2645">
     <span class='ocr_line' id='line_1_86' title="bbox 2288 2572 3885 2645; baseline 0.005 -19"><span class='ocrx_word' id='word_1_697' title='bbox 2288 2573 2502 2641; x_wconf 82' lang='lat' dir='ltr'><strong>prodis?</strong></span> <span class='ocrx_word' id='word_1_698' title='bbox 2526 2572 2628 2629; x_wconf 89' lang='lat' dir='ltr'><strong>Sed</strong></span> <span class='ocrx_word' id='word_1_699' title='bbox 2656 2574 2868 2644; x_wconf 85' lang='lat' dir='ltr'><strong>quando</strong></span> <span class='ocrx_word' id='word_1_700' title='bbox 2900 2590 3182 2645; x_wconf 88' lang='lat' dir='ltr'><strong>pauperem</strong></span> <span class='ocrx_word' id='word_1_701' title='bbox 3206 2574 3345 2629; x_wconf 88' lang='lat' dir='ltr'><strong>fame</strong></span> <span class='ocrx_word' id='word_1_702' title='bbox 3368 2576 3754 2644; x_wconf 88' lang='lat' dir='ltr'><strong>tabescentem,</strong></span> <span class='ocrx_word' id='word_1_703' title='bbox 3788 2591 3885 2634; x_wconf 85' lang='lat' dir='ltr'><strong>aut</strong></span> 
     </span>
    </p>
   </div>
   <div class='ocr_carea' id='block_1_87' title="bbox 2287 2664 3884 2734">
    <p class='ocr_par' dir='ltr' id='par_1_87' title="bbox 2287 2664 3884 2734">
     <span class='ocr_line' id='line_1_87' title="bbox 2287 2664 3884 2734; baseline 0.004 -16"><span class='ocrx_word' id='word_1_704' title='bbox 2287 2664 2481 2734; x_wconf 88' lang='lat' dir='ltr'><strong>frigore</strong></span> <span class='ocrx_word' id='word_1_705' title='bbox 2532 2676 2779 2720; x_wconf 89' lang='lat' dir='ltr'><strong>enectum</strong></span> <span class='ocrx_word' id='word_1_706' title='bbox 2847 2668 3187 2733; x_wconf 85' lang='lat' dir='ltr'><strong>contemnis,</strong></span> <span class='ocrx_word' id='word_1_707' title='bbox 3245 2667 3422 2722; x_wconf 87' lang='lat' dir='ltr'><strong>eidem</strong></span> <span class='ocrx_word' id='word_1_708' title='bbox 3483 2668 3751 2723; x_wconf 78' lang='lat' dir='ltr'><strong>obnoxius</strong></span> <span class='ocrx_word' id='word_1_709' title='bbox 3819 2686 3884 2725; x_wconf 88' lang='lat' dir='ltr'><strong>es</strong></span> 
     </span>
    </p>
   </div>
   <div class='ocr_carea' id='block_1_88' title="bbox 2285 2755 3881 2830">
    <p class='ocr_par' dir='ltr' id='par_1_88' title="bbox 2285 2755 3881 2830">
     <span class='ocr_line' id='line_1_88' title="bbox 2285 2755 3881 2830; baseline 0.003 -20"><span class='ocrx_word' id='word_1_710' title='bbox 2285 2755 2634 2812; x_wconf 78' lang='lat' dir='ltr'><strong>damnationi.</strong></span> <span class='ocrx_word' id='word_1_711' title='bbox 2670 2757 2735 2812; x_wconf 86' lang='lat' dir='ltr'><strong>Et</strong></span> <span class='ocrx_word' id='word_1_712' title='bbox 2763 2772 2884 2812; x_wconf 90' lang='lat' dir='ltr'><strong>cum</strong></span> <span class='ocrx_word' id='word_1_713' title='bbox 2917 2757 3131 2827; x_wconf 83' lang='lat' dir='ltr'><strong>indigne</strong></span> <span class='ocrx_word' id='word_1_714' title='bbox 3175 2759 3427 2830; x_wconf 85' lang='lat' dir='ltr'><strong>mysteria</strong></span> <span class='ocrx_word' id='word_1_715' title='bbox 3455 2760 3840 2830; x_wconf 85' lang='lat' dir='ltr'><strong>participamus</strong></span> <span class='ocrx_word' id='word_1_716' title='bbox 3865 2803 3881 2828; x_wconf 94' lang='lat'><strong>,</strong></span> 
     </span>
    </p>
   </div>
   <div class='ocr_carea' id='block_1_89' title="bbox 2286 2848 3886 2923">
    <p class='ocr_par' dir='ltr' id='par_1_89' title="bbox 2286 2848 3886 2923">
     <span class='ocr_line' id='line_1_89' title="bbox 2286 2848 3886 2923; baseline 0.004 -21"><span class='ocrx_word' id='word_1_717' title='bbox 2286 2849 2526 2903; x_wconf 88' lang='lat' dir='ltr'><strong>eamdem</strong></span> <span class='ocrx_word' id='word_1_718' title='bbox 2557 2848 2608 2903; x_wconf 90' lang='lat' dir='ltr'><strong>iu</strong></span> <span class='ocrx_word' id='word_1_719' title='bbox 2633 2850 2922 2918; x_wconf 83' lang='lat' dir='ltr'><strong>perniciem</strong></span> <span class='ocrx_word' id='word_1_720' title='bbox 2953 2850 3112 2917; x_wconf 85' lang='lat' dir='ltr'><strong>imus,</strong></span> <span class='ocrx_word' id='word_1_721' title='bbox 3139 2867 3296 2922; x_wconf 90' lang='lat' dir='ltr'><strong>quam</strong></span> <span class='ocrx_word' id='word_1_722' title='bbox 3323 2853 3413 2923; x_wconf 91' lang='lat' dir='ltr'><strong>qui</strong></span> <span class='ocrx_word' id='word_1_723' title='bbox 3436 2851 3708 2908; x_wconf 88' lang='lat' dir='ltr'><strong>Christum</strong></span> <span class='ocrx_word' id='word_1_724' title='bbox 3736 2857 3886 2910; x_wconf 75' lang='lat' dir='ltr'><strong>occi-</strong></span> 
     </span>
    </p>
   </div>
   <div class='ocr_carea' id='block_1_90' title="bbox 2286 2940 3882 3015">
    <p class='ocr_par' dir='ltr' id='par_1_90' title="bbox 2286 2940 3882 3015">
     <span class='ocr_line' id='line_1_90' title="bbox 2286 2940 3882 3015; baseline 0.004 -20"><span class='ocrx_word' id='word_1_725' title='bbox 2286 2941 2503 2998; x_wconf 90' lang='lat' dir='ltr'><strong>deruut.</strong></span> <span class='ocrx_word' id='word_1_726' title='bbox 2535 2940 2666 2996; x_wconf 89' lang='lat' dir='ltr'><strong>Cum</strong></span> <span class='ocrx_word' id='word_1_727' title='bbox 2695 2944 2949 3014; x_wconf 78' lang='lat' dir='ltr'><strong>rupimus,</strong></span> <span class='ocrx_word' id='word_1_728' title='bbox 2981 2959 3103 2998; x_wconf 91' lang='lat' dir='ltr'><strong>cum</strong></span> <span class='ocrx_word' id='word_1_729' title='bbox 3132 2959 3329 3014; x_wconf 85' lang='lat' dir='ltr'><strong>egenos</strong></span> <span class='ocrx_word' id='word_1_730' title='bbox 3355 2945 3732 3015; x_wconf 82' lang='lat' dir='ltr'><strong>opprimimus,</strong></span> <span class='ocrx_word' id='word_1_731' title='bbox 3759 2964 3882 3001; x_wconf 84' lang='lat' dir='ltr'><strong>ma-</strong></span> 
     </span>
    </p>
   </div>
   <div class='ocr_carea' id='block_1_91' title="bbox 2288 3035 3881 3108">
    <p class='ocr_par' dir='ltr' id='par_1_91' title="bbox 2288 3035 3881 3108">
     <span class='ocr_line' id='line_1_91' title="bbox 2288 3035 3881 3108; baseline 0.004 -22"><span class='ocrx_word' id='word_1_732' title='bbox 2288 3035 2484 3087; x_wconf 82' lang='lat' dir='ltr'><strong>ximam</strong></span> <span class='ocrx_word' id='word_1_733' title='bbox 2536 3035 2686 3090; x_wconf 87' lang='lat' dir='ltr'><strong>nobis</strong></span> <span class='ocrx_word' id='word_1_734' title='bbox 2733 3036 2986 3090; x_wconf 90' lang='lat' dir='ltr'><strong>ultionem</strong></span> <span class='ocrx_word' id='word_1_735' title='bbox 3032 3036 3379 3103; x_wconf 88' lang='lat' dir='ltr'><strong>attrahimus;</strong></span> <span class='ocrx_word' id='word_1_736' title='bbox 3409 3051 3473 3093; x_wconf 84' lang='lat' dir='ltr'><strong>ac</strong></span> <span class='ocrx_word' id='word_1_737' title='bbox 3505 3037 3628 3108; x_wconf 86' lang='lat' dir='ltr'><strong>jure</strong></span> <span class='ocrx_word' id='word_1_738' title='bbox 3658 3041 3881 3094; x_wconf 84' lang='lat' dir='ltr'><strong>merito.</strong></span> 
     </span>
    </p>
   </div>
   <div class='ocr_carea' id='block_1_92' title="bbox 2291 3123 3889 3198">
    <p class='ocr_par' dir='ltr' id='par_1_92' title="bbox 2291 3123 3889 3198">
     <span class='ocr_line' id='line_1_92' title="bbox 2291 3123 3889 3198; baseline 0.006 -18"><span class='ocrx_word' id='word_1_739' title='bbox 2291 3123 2574 3196; x_wconf 90' lang='lat' dir='ltr'><strong>Usquequo</strong></span> <span class='ocrx_word' id='word_1_740' title='bbox 2600 3127 2741 3181; x_wconf 90' lang='lat' dir='ltr'><strong>enim</strong></span> <span class='ocrx_word' id='word_1_741' title='bbox 2769 3143 2945 3182; x_wconf 88' lang='lat' dir='ltr'><strong>rerum</strong></span> <span class='ocrx_word' id='word_1_742' title='bbox 2970 3130 3310 3198; x_wconf 69' lang='lat' dir='ltr'><strong>przrsentium</strong></span> <span class='ocrx_word' id='word_1_743' title='bbox 3338 3145 3516 3195; x_wconf 75' lang='lat' dir='ltr'><strong>amor,</strong></span> <span class='ocrx_word' id='word_1_744' title='bbox 3533 3132 3803 3187; x_wconf 87' lang='lat' dir='ltr'><strong>inutilium</strong></span> <span class='ocrx_word' id='word_1_745' title='bbox 3831 3144 3889 3189; x_wconf 75' lang='lat' dir='ltr'><strong>et</strong></span> 
     </span>
    </p>
   </div>
   <div class='ocr_carea' id='block_1_93' title="bbox 2287 3222 3888 3294">
    <p class='ocr_par' dir='ltr' id='par_1_93' title="bbox 2287 3222 3888 3294">
     <span class='ocr_line' id='line_1_93' title="bbox 2287 3222 3888 3294; baseline 0.005 -22"><span class='ocrx_word' id='word_1_746' title='bbox 2287 3233 2734 3288; x_wconf 81' lang='lat' dir='ltr'><strong>supervacuarum</strong></span> <span class='ocrx_word' id='word_1_747' title='bbox 2780 3235 2878 3274; x_wconf 91' lang='lat' dir='ltr'><strong>nos</strong></span> <span class='ocrx_word' id='word_1_748' title='bbox 2903 3222 3223 3291; x_wconf 80' lang='lat' dir='ltr'><strong>occupabit?</strong></span> <span class='ocrx_word' id='word_1_749' title='bbox 3251 3223 3453 3277; x_wconf 69' lang='lat' dir='ltr'><strong>Divitiae</strong></span> <span class='ocrx_word' id='word_1_750' title='bbox 3480 3237 3712 3294; x_wconf 84' lang='lat' dir='ltr'><strong>namque</strong></span> <span class='ocrx_word' id='word_1_751' title='bbox 3739 3225 3888 3281; x_wconf 92' lang='lat' dir='ltr'><strong>inter</strong></span> 
     </span>
    </p>
   </div>
   <div class='ocr_carea' id='block_1_94' title="bbox 2288 3310 3891 3386">
    <p class='ocr_par' dir='ltr' id='par_1_94' title="bbox 2288 3310 3891 3386">
     <span class='ocr_line' id='line_1_94' title="bbox 2288 3310 3891 3386; baseline 0.006 -22"><span class='ocrx_word' id='word_1_752' title='bbox 2288 3310 2553 3380; x_wconf 82' lang='lat' dir='ltr'><strong>superﬂua</strong></span> <span class='ocrx_word' id='word_1_753' title='bbox 2586 3321 2640 3366; x_wconf 88' lang='lat' dir='ltr'><strong>et</strong></span> <span class='ocrx_word' id='word_1_754' title='bbox 2684 3313 2886 3368; x_wconf 91' lang='lat' dir='ltr'><strong>inutilia</strong></span> <span class='ocrx_word' id='word_1_755' title='bbox 2917 3323 3282 3370; x_wconf 88' lang='lat' dir='ltr'><strong>numerantur.</strong></span> <span class='ocrx_word' id='word_1_756' title='bbox 3318 3314 3606 3386; x_wconf 84' lang='lat' dir='ltr'><strong>Usquequo</strong></span> <span class='ocrx_word' id='word_1_757' title='bbox 3631 3317 3891 3374; x_wconf 82' lang='lat' dir='ltr'><strong>inanibus</strong></span> 
     </span>
    </p>
   </div>
   <div class='ocr_carea' id='block_1_95' title="bbox 2287 3403 3887 3480">
    <p class='ocr_par' dir='ltr' id='par_1_95' title="bbox 2287 3403 3887 3480">
     <span class='ocr_line' id='line_1_95' title="bbox 2287 3403 3887 3480; baseline 0.008 -24"><span class='ocrx_word' id='word_1_758' title='bbox 2287 3403 2445 3457; x_wconf 73' lang='lat' dir='ltr'><strong>rebus</strong></span> <span class='ocrx_word' id='word_1_759' title='bbox 2473 3403 2616 3458; x_wconf 83' lang='lat' dir='ltr'><strong>afﬁxi</strong></span> <span class='ocrx_word' id='word_1_760' title='bbox 2657 3407 2894 3460; x_wconf 86' lang='lat' dir='ltr'><strong>erimus?</strong></span> <span class='ocrx_word' id='word_1_761' title='bbox 2924 3421 3201 3476; x_wconf 83' lang='lat' dir='ltr'><strong>usquequo</strong></span> <span class='ocrx_word' id='word_1_762' title='bbox 3246 3422 3351 3463; x_wconf 91' lang='lat' dir='ltr'><strong>non</strong></span> <span class='ocrx_word' id='word_1_763' title='bbox 3393 3410 3744 3480; x_wconf 87' lang='lat' dir='ltr'><strong>respiciemus</strong></span> <span class='ocrx_word' id='word_1_764' title='bbox 3770 3427 3887 3467; x_wconf 67' lang='lat'><strong>(:1:-</strong></span> 
     </span>
    </p>
   </div>
   <div class='ocr_carea' id='block_1_96' title="bbox 2289 3495 3890 3568">
    <p class='ocr_par' dir='ltr' id='par_1_96' title="bbox 2289 3495 3890 3568">
     <span class='ocr_line' id='line_1_96' title="bbox 2289 3495 3890 3568; baseline 0.007 -20"><span class='ocrx_word' id='word_1_765' title='bbox 2289 3495 2412 3549; x_wconf 88' lang='lat' dir='ltr'><strong>los?</strong></span> <span class='ocrx_word' id='word_1_766' title='bbox 2443 3512 2545 3551; x_wconf 91' lang='lat' dir='ltr'><strong>non</strong></span> <span class='ocrx_word' id='word_1_767' title='bbox 2575 3498 2930 3568; x_wconf 86' lang='lat' dir='ltr'><strong>vigilabimus,</strong></span> <span class='ocrx_word' id='word_1_768' title='bbox 2959 3514 3064 3554; x_wconf 90' lang='lat' dir='ltr'><strong>non</strong></span> <span class='ocrx_word' id='word_1_769' title='bbox 3097 3501 3147 3554; x_wconf 93' lang='lat' dir='ltr'><strong>in</strong></span> <span class='ocrx_word' id='word_1_770' title='bbox 3179 3500 3448 3555; x_wconf 89' lang='lat' dir='ltr'><strong>fastidium</strong></span> <span class='ocrx_word' id='word_1_771' title='bbox 3475 3501 3738 3557; x_wconf 80' lang='lat' dir='ltr'><strong>ﬂuxarum</strong></span> <span class='ocrx_word' id='word_1_772' title='bbox 3773 3514 3890 3559; x_wconf 85' lang='lat' dir='ltr'><strong>ter-</strong></span> 
     </span>
    </p>
   </div>
   <div class='ocr_carea' id='block_1_97' title="bbox 2289 3593 3888 3662">
    <p class='ocr_par' dir='ltr' id='par_1_97' title="bbox 2289 3593 3888 3662">
     <span class='ocr_line' id='line_1_97' title="bbox 2289 3593 3888 3662; baseline 0.004 -19"><span class='ocrx_word' id='word_1_773' title='bbox 2289 3605 2642 3661; x_wconf 88' lang='lat' dir='ltr'><strong>renarntnque</strong></span> <span class='ocrx_word' id='word_1_774' title='bbox 2689 3607 2866 3646; x_wconf 88' lang='lat' dir='ltr'><strong>rerum</strong></span> <span class='ocrx_word' id='word_1_775' title='bbox 2917 3593 3230 3647; x_wconf 80' lang='lat' dir='ltr'><strong>veniemus?</strong></span> <span class='ocrx_word' id='word_1_776' title='bbox 3280 3608 3458 3648; x_wconf 86' lang='lat' dir='ltr'><strong>annon</strong></span> <span class='ocrx_word' id='word_1_777' title='bbox 3508 3598 3888 3662; x_wconf 77' lang='lat' dir='ltr'><strong>esperimento</strong></span> 
     </span>
    </p>
   </div>
   <div class='ocr_carea' id='block_1_98' title="bbox 2291 3682 3892 3754">
    <p class='ocr_par' dir='ltr' id='par_1_98' title="bbox 2291 3682 3892 3754">
     <span class='ocr_line' id='line_1_98' title="bbox 2291 3682 3892 3754; baseline 0.005 -19"><span class='ocrx_word' id='word_1_778' title='bbox 2291 3682 2496 3736; x_wconf 84' lang='lat' dir='ltr'><strong>illarum</strong></span> <span class='ocrx_word' id='word_1_779' title='bbox 2524 3683 2781 3738; x_wconf 83' lang='lat' dir='ltr'><strong>vilitatem</strong></span> <span class='ocrx_word' id='word_1_780' title='bbox 2809 3683 3137 3738; x_wconf 85' lang='lat' dir='ltr'><strong>ediscimus?</strong></span> <span class='ocrx_word' id='word_1_781' title='bbox 3185 3683 3494 3754; x_wconf 89' lang='lat' dir='ltr'><strong>Cogitemus</strong></span> <span class='ocrx_word' id='word_1_782' title='bbox 3522 3684 3716 3740; x_wconf 70' lang='lat' dir='ltr'><strong>divites</strong></span> <span class='ocrx_word' id='word_1_783' title='bbox 3761 3687 3892 3743; x_wconf 90' lang='lat' dir='ltr'><strong>illus</strong></span> 
     </span>
    </p>
   </div>
   <div class='ocr_carea' id='block_1_99' title="bbox 2289 3775 3888 3844">
    <p class='ocr_par' dir='ltr' id='par_1_99' title="bbox 2289 3775 3888 3844">
     <span class='ocr_line' id='line_1_99' title="bbox 2289 3775 3888 3844; baseline 0.005 -17"><span class='ocrx_word' id='word_1_784' title='bbox 2289 3776 2377 3844; x_wconf 91' lang='lat' dir='ltr'><strong>qui</strong></span> <span class='ocrx_word' id='word_1_785' title='bbox 2409 3786 2535 3831; x_wconf 88' lang='lat' dir='ltr'><strong>ante</strong></span> <span class='ocrx_word' id='word_1_786' title='bbox 2580 3792 2676 3831; x_wconf 90' lang='lat' dir='ltr'><strong>nos</strong></span> <span class='ocrx_word' id='word_1_787' title='bbox 2722 3775 2958 3833; x_wconf 89' lang='lat' dir='ltr'><strong>fuerunt.</strong></span> <span class='ocrx_word' id='word_1_788' title='bbox 2993 3781 3182 3833; x_wconf 85' lang='lat' dir='ltr'><strong>Annon</strong></span> <span class='ocrx_word' id='word_1_789' title='bbox 3215 3778 3330 3834; x_wconf 76' lang='lat' dir='ltr'><strong>lucc</strong></span> <span class='ocrx_word' id='word_1_790' title='bbox 3374 3779 3554 3834; x_wconf 83' lang='lat' dir='ltr'><strong>omnia</strong></span> <span class='ocrx_word' id='word_1_791' title='bbox 3607 3781 3888 3836; x_wconf 88' lang='lat' dir='ltr'><strong>somnium</strong></span> 
     </span>
    </p>
   </div>
   <div class='ocr_carea' id='block_1_100' title="bbox 2291 3865 3890 3940">
    <p class='ocr_par' dir='ltr' id='par_1_100' title="bbox 2291 3865 3890 3940">
     <span class='ocr_line' id='line_1_100' title="bbox 2291 3865 3890 3940; baseline 0.007 -24"><span class='ocrx_word' id='word_1_792' title='bbox 2291 3865 2453 3918; x_wconf 88' lang='lat' dir='ltr'><strong>sunt?</strong></span> <span class='ocrx_word' id='word_1_793' title='bbox 2495 3881 2672 3920; x_wconf 88' lang='lat' dir='ltr'><strong>annon</strong></span> <span class='ocrx_word' id='word_1_794' title='bbox 2721 3869 2904 3922; x_wconf 88' lang='lat' dir='ltr'><strong>umbra</strong></span> <span class='ocrx_word' id='word_1_795' title='bbox 2955 3879 3008 3922; x_wconf 89' lang='lat' dir='ltr'><strong>et</strong></span> <span class='ocrx_word' id='word_1_796' title='bbox 3061 3868 3199 3924; x_wconf 83' lang='lat' dir='ltr'><strong>llos?</strong></span> <span class='ocrx_word' id='word_1_797' title='bbox 3237 3884 3416 3924; x_wconf 89' lang='lat' dir='ltr'><strong>annon</strong></span> <span class='ocrx_word' id='word_1_798' title='bbox 3466 3869 3604 3925; x_wconf 86' lang='lat' dir='ltr'><strong>unda</strong></span> <span class='ocrx_word' id='word_1_799' title='bbox 3653 3882 3890 3940; x_wconf 71' lang='lat' dir='ltr'><strong>praeter-</strong></span> 
     </span>
    </p>
   </div>
   <div class='ocr_carea' id='block_1_101' title="bbox 2293 3956 3888 4028">
    <p class='ocr_par' dir='ltr' id='par_1_101' title="bbox 2293 3956 3888 4028">
     <span class='ocr_line' id='line_1_101' title="bbox 2293 3956 3888 4028; baseline 0.006 -19"><span class='ocrx_word' id='word_1_800' title='bbox 2293 3956 2502 4010; x_wconf 80' lang='lat' dir='ltr'><strong>ﬂuens?</strong></span> <span class='ocrx_word' id='word_1_801' title='bbox 2529 3972 2706 4011; x_wconf 81' lang='lat' dir='ltr'><strong>annon</strong></span> <span class='ocrx_word' id='word_1_802' title='bbox 2740 3959 2897 4013; x_wconf 85' lang='lat' dir='ltr'><strong>verba</strong></span> <span class='ocrx_word' id='word_1_803' title='bbox 2945 3971 2998 4013; x_wconf 93' lang='lat' dir='ltr'><strong>ct</strong></span> <span class='ocrx_word' id='word_1_804' title='bbox 3042 3960 3275 4013; x_wconf 65' lang='lat' dir='ltr'><strong>fabulae?</strong></span> <span class='ocrx_word' id='word_1_805' title='bbox 3305 3959 3396 4015; x_wconf 91' lang='lat' dir='ltr'><strong>Ille</strong></span> <span class='ocrx_word' id='word_1_806' title='bbox 3423 3960 3574 4016; x_wconf 87' lang='lat' dir='ltr'><strong>dives</strong></span> <span class='ocrx_word' id='word_1_807' title='bbox 3615 3961 3750 4028; x_wconf 89' lang='lat' dir='ltr'><strong>fuit;</strong></span> <span class='ocrx_word' id='word_1_808' title='bbox 3785 3966 3888 4018; x_wconf 79' lang='lat' dir='ltr'><strong>soil</strong></span> 
     </span>
    </p>
   </div>
   <div class='ocr_carea' id='block_1_102' title="bbox 2292 4050 3889 4122">
    <p class='ocr_par' dir='ltr' id='par_1_102' title="bbox 2292 4050 3889 4122">
     <span class='ocr_line' id='line_1_102' title="bbox 2292 4050 3889 4122; baseline 0.003 -17"><span class='ocrx_word' id='word_1_809' title='bbox 2292 4065 2402 4118; x_wconf 92' lang='lat' dir='ltr'><strong>quo</strong></span> <span class='ocrx_word' id='word_1_810' title='bbox 2426 4050 2671 4105; x_wconf 87' lang='lat' dir='ltr'><strong>abierunt</strong></span> <span class='ocrx_word' id='word_1_811' title='bbox 2697 4051 2938 4107; x_wconf 66' lang='lat' dir='ltr'><strong>divitiae?</strong></span> <span class='ocrx_word' id='word_1_812' title='bbox 2967 4052 3266 4119; x_wconf 80' lang='lat' dir='ltr'><strong>Perierunt,</strong></span> <span class='ocrx_word' id='word_1_813' title='bbox 3296 4066 3563 4122; x_wconf 59' lang='lat' dir='ltr'><strong>corrupta</strong></span> <span class='ocrx_word' id='word_1_814' title='bbox 3589 4064 3712 4108; x_wconf 90' lang='lat' dir='ltr'><strong>sunt</strong></span> <span class='ocrx_word' id='word_1_815' title='bbox 3741 4072 3755 4119; x_wconf 86' lang='lat'><strong>;</strong></span> <span class='ocrx_word' id='word_1_816' title='bbox 3789 4059 3889 4110; x_wconf 64' lang='lat' dir='ltr'><strong>sed</strong></span> 
     </span>
    </p>
   </div>
   <div class='ocr_carea' id='block_1_103' title="bbox 2294 4142 3892 4214">
    <p class='ocr_par' dir='ltr' id='par_1_103' title="bbox 2294 4142 3892 4214">
     <span class='ocr_line' id='line_1_103' title="bbox 2294 4142 3892 4214; baseline 0.005 -21"><span class='ocrx_word' id='word_1_817' title='bbox 2294 4152 2505 4209; x_wconf 80' lang='lat' dir='ltr'><strong>peccata</strong></span> <span class='ocrx_word' id='word_1_818' title='bbox 2537 4157 2631 4210; x_wconf 89' lang='lat' dir='ltr'><strong>per</strong></span> <span class='ocrx_word' id='word_1_819' title='bbox 2655 4142 2865 4196; x_wconf 86' lang='lat' dir='ltr'><strong>divitias</strong></span> <span class='ocrx_word' id='word_1_820' title='bbox 2895 4154 3042 4212; x_wconf 87' lang='lat' dir='ltr'><strong>parta</strong></span> <span class='ocrx_word' id='word_1_821' title='bbox 3075 4152 3314 4210; x_wconf 82' lang='lat' dir='ltr'><strong>manent,</strong></span> <span class='ocrx_word' id='word_1_822' title='bbox 3347 4153 3400 4197; x_wconf 91' lang='lat' dir='ltr'><strong>et</strong></span> <span class='ocrx_word' id='word_1_823' title='bbox 3422 4153 3638 4214; x_wconf 77' lang='lat' dir='ltr'><strong>propter</strong></span> <span class='ocrx_word' id='word_1_824' title='bbox 3665 4158 3892 4213; x_wconf 82' lang='lat' dir='ltr'><strong>peccata</strong></span> 
     </span>
    </p>
   </div>
   <div class='ocr_carea' id='block_1_104' title="bbox 2295 4234 3896 4305">
    <p class='ocr_par' dir='ltr' id='par_1_104' title="bbox 2295 4234 3896 4305">
     <span class='ocr_line' id='line_1_104' title="bbox 2295 4234 3896 4305; baseline 0.005 -20"><span class='ocrx_word' id='word_1_825' title='bbox 2295 4234 2633 4302; x_wconf 83' lang='lat' dir='ltr'><strong>supplicium.</strong></span> <span class='ocrx_word' id='word_1_826' title='bbox 2669 4234 2780 4288; x_wconf 92' lang='lat' dir='ltr'><strong>lmo</strong></span> <span class='ocrx_word' id='word_1_827' title='bbox 2809 4251 2935 4288; x_wconf 76' lang='lat' dir='ltr'><strong>vero</strong></span> <span class='ocrx_word' id='word_1_828' title='bbox 2970 4235 3069 4289; x_wconf 91' lang='lat' dir='ltr'><strong>etsi</strong></span> <span class='ocrx_word' id='word_1_829' title='bbox 3103 4250 3201 4290; x_wconf 83' lang='lat' dir='ltr'><strong>nec</strong></span> <span class='ocrx_word' id='word_1_830' title='bbox 3227 4235 3543 4305; x_wconf 82' lang='lat' dir='ltr'><strong>supplicium</strong></span> <span class='ocrx_word' id='word_1_831' title='bbox 3575 4245 3736 4301; x_wconf 89' lang='lat' dir='ltr'><strong>esset,</strong></span> <span class='ocrx_word' id='word_1_832' title='bbox 3785 4252 3896 4293; x_wconf 85' lang='lat' dir='ltr'><strong>nec</strong></span> 
     </span>
    </p>
   </div>
   <div class='ocr_carea' id='block_1_105' title="bbox 2297 4327 3897 4397">
    <p class='ocr_par' dir='ltr' id='par_1_105' title="bbox 2297 4327 3897 4397">
     <span class='ocr_line' id='line_1_105' title="bbox 2297 4327 3897 4397; baseline 0.003 -18"><span class='ocrx_word' id='word_1_833' title='bbox 2297 4339 2539 4394; x_wconf 83' lang='lat' dir='ltr'><strong>regnum,</strong></span> <span class='ocrx_word' id='word_1_834' title='bbox 2573 4327 2923 4393; x_wconf 87' lang='lat' dir='ltr'><strong>contribules,</strong></span> <span class='ocrx_word' id='word_1_835' title='bbox 2951 4341 3278 4397; x_wconf 86' lang='lat' dir='ltr'><strong>congeneres</strong></span> <span class='ocrx_word' id='word_1_836' title='bbox 3321 4336 3377 4382; x_wconf 90' lang='lat' dir='ltr'><strong>et</strong></span> <span class='ocrx_word' id='word_1_837' title='bbox 3419 4336 3696 4382; x_wconf 87' lang='lat' dir='ltr'><strong>consortes</strong></span> <span class='ocrx_word' id='word_1_838' title='bbox 3725 4343 3897 4384; x_wconf 80' lang='lat' dir='ltr'><strong>reve-</strong></span> 
     </span>
    </p>
   </div>
   <div class='ocr_carea' id='block_1_106' title="bbox 2298 4419 3894 4488">
    <p class='ocr_par' dir='ltr' id='par_1_106' title="bbox 2298 4419 3894 4488">
     <span class='ocr_line' id='line_1_106' title="bbox 2298 4419 3894 4488; baseline 0.003 -16"><span class='ocrx_word' id='word_1_839' title='bbox 2298 4419 2400 4473; x_wconf 87' lang='lat' dir='ltr'><strong>reri</strong></span> <span class='ocrx_word' id='word_1_840' title='bbox 2432 4429 2725 4488; x_wconf 89' lang='lat' dir='ltr'><strong>oporteret.</strong></span> <span class='ocrx_word' id='word_1_841' title='bbox 2755 4421 2824 4474; x_wconf 81' lang='lat' dir='ltr'><strong>At</strong></span> <span class='ocrx_word' id='word_1_842' title='bbox 2873 4436 3013 4476; x_wconf 90' lang='lat' dir='ltr'><strong>nunc</strong></span> <span class='ocrx_word' id='word_1_843' title='bbox 3055 4435 3219 4476; x_wconf 88' lang='lat' dir='ltr'><strong>canes</strong></span> <span class='ocrx_word' id='word_1_844' title='bbox 3264 4421 3489 4484; x_wconf 86' lang='lat' dir='ltr'><strong>alimus;</strong></span> <span class='ocrx_word' id='word_1_845' title='bbox 3522 4421 3669 4475; x_wconf 91' lang='lat' dir='ltr'><strong>multi</strong></span> <span class='ocrx_word' id='word_1_846' title='bbox 3721 4422 3894 4476; x_wconf 88' lang='lat' dir='ltr'><strong>etiam</strong></span> 
     </span>
    </p>
   </div>
   <div class='ocr_carea' id='block_1_107' title="bbox 2297 4513 3896 4583">
    <p class='ocr_par' dir='ltr' id='par_1_107' title="bbox 2297 4513 3896 4583">
     <span class='ocr_line' id='line_1_107' title="bbox 2297 4513 3896 4583; baseline 0.003 -18"><span class='ocrx_word' id='word_1_847' title='bbox 2297 4528 2547 4582; x_wconf 84' lang='lat' dir='ltr'><strong>onagros,</strong></span> <span class='ocrx_word' id='word_1_848' title='bbox 2577 4528 2749 4577; x_wconf 87' lang='lat' dir='ltr'><strong>ursos,</strong></span> <span class='ocrx_word' id='word_1_849' title='bbox 2779 4515 3059 4581; x_wconf 82' lang='lat' dir='ltr'><strong>variasque</strong></span> <span class='ocrx_word' id='word_1_850' title='bbox 3091 4513 3233 4568; x_wconf 88' lang='lat' dir='ltr'><strong>feras</strong></span> <span class='ocrx_word' id='word_1_851' title='bbox 3261 4513 3337 4583; x_wconf 89' lang='lat' dir='ltr'><strong>(a)</strong></span> <span class='ocrx_word' id='word_1_852' title='bbox 3363 4529 3377 4566; x_wconf 90' lang='lat'><strong>:</strong></span> <span class='ocrx_word' id='word_1_853' title='bbox 3405 4513 3674 4568; x_wconf 87' lang='lat' dir='ltr'><strong>hominem</strong></span> <span class='ocrx_word' id='word_1_854' title='bbox 3704 4524 3896 4569; x_wconf 85' lang='lat' dir='ltr'><strong>autem</strong></span> 
     </span>
    </p>
   </div>
   <div class='ocr_carea' id='block_1_108' title="bbox 2300 4605 3897 4677">
    <p class='ocr_par' dir='ltr' id='par_1_108' title="bbox 2300 4605 3897 4677">
     <span class='ocr_line' id='line_1_108' title="bbox 2300 4605 3897 4677; baseline 0.002 -18"><span class='ocrx_word' id='word_1_855' title='bbox 2300 4608 2438 4660; x_wconf 85' lang='lat' dir='ltr'><strong>fame</strong></span> <span class='ocrx_word' id='word_1_856' title='bbox 2463 4607 2764 4661; x_wconf 83' lang='lat' dir='ltr'><strong>confectum</strong></span> <span class='ocrx_word' id='word_1_857' title='bbox 2808 4607 3144 4677; x_wconf 69' lang='lat' dir='ltr'><strong>negligimus,</strong></span> <span class='ocrx_word' id='word_1_858' title='bbox 3171 4621 3234 4661; x_wconf 86' lang='lat' dir='ltr'><strong>ac</strong></span> <span class='ocrx_word' id='word_1_859' title='bbox 3266 4605 3430 4675; x_wconf 88' lang='lat' dir='ltr'><strong>pluris</strong></span> <span class='ocrx_word' id='word_1_860' title='bbox 3475 4605 3699 4661; x_wconf 86' lang='lat' dir='ltr'><strong>facimus</strong></span> <span class='ocrx_word' id='word_1_861' title='bbox 3749 4606 3897 4662; x_wconf 83' lang='lat' dir='ltr'><strong>alie-</strong></span> 
     </span>
    </p>
   </div>
   <div class='ocr_carea' id='block_1_109' title="bbox 2301 4697 3893 4768">
    <p class='ocr_par' dir='ltr' id='par_1_109' title="bbox 2301 4697 3893 4768">
     <span class='ocr_line' id='line_1_109' title="bbox 2301 4697 3893 4768; baseline 0.001 -17"><span class='ocrx_word' id='word_1_862' title='bbox 2301 4714 2426 4751; x_wconf 91' lang='lat' dir='ltr'><strong>num</strong></span> <span class='ocrx_word' id='word_1_863' title='bbox 2454 4713 2622 4768; x_wconf 89' lang='lat' dir='ltr'><strong>genus</strong></span> <span class='ocrx_word' id='word_1_864' title='bbox 2646 4740 2660 4763; x_wconf 91' lang='lat'><strong>,</strong></span> <span class='ocrx_word' id='word_1_865' title='bbox 2689 4714 2847 4767; x_wconf 91' lang='lat' dir='ltr'><strong>quam</strong></span> <span class='ocrx_word' id='word_1_866' title='bbox 2876 4711 3137 4753; x_wconf 89' lang='lat' dir='ltr'><strong>nostrum.</strong></span> <span class='ocrx_word' id='word_1_867' title='bbox 3172 4700 3363 4752; x_wconf 87' lang='lat' dir='ltr'><strong>Annon</strong></span> <span class='ocrx_word' id='word_1_868' title='bbox 3391 4697 3612 4767; x_wconf 88' lang='lat' dir='ltr'><strong>pulchra</strong></span> <span class='ocrx_word' id='word_1_869' title='bbox 3643 4712 3729 4752; x_wconf 86' lang='lat' dir='ltr'><strong>res</strong></span> <span class='ocrx_word' id='word_1_870' title='bbox 3760 4707 3850 4753; x_wconf 83' lang='lat' dir='ltr'><strong>est</strong></span> <span class='ocrx_word' id='word_1_871' title='bbox 3877 4741 3893 4763; x_wconf 88' lang='lat'><strong>,</strong></span> 
     </span>
    </p>
   </div>
   <div class='ocr_carea' id='block_1_110' title="bbox 2301 4782 3894 4859">
    <p class='ocr_par' dir='ltr' id='par_1_110' title="bbox 2301 4782 3894 4859">
     <span class='ocr_line' id='line_1_110' title="bbox 2301 4782 3894 4859; baseline 0.001 -16"><span class='ocrx_word' id='word_1_872' title='bbox 2301 4791 2432 4854; x_wconf 74' lang='lat' dir='ltr'><strong>aies,</strong></span> <span class='ocrx_word' id='word_1_873' title='bbox 2461 4789 2768 4859; x_wconf 89' lang='lat' dir='ltr'><strong>splendidas</strong></span> <span class='ocrx_word' id='word_1_874' title='bbox 2797 4791 2940 4846; x_wconf 76' lang='lat' dir='ltr'><strong>aedes</strong></span> <span class='ocrx_word' id='word_1_875' title='bbox 2970 4799 3282 4845; x_wconf 88' lang='lat' dir='ltr'><strong>construere</strong></span> <span class='ocrx_word' id='word_1_876' title='bbox 3309 4831 3323 4852; x_wconf 91' lang='lat'><em>.</em></span> <span class='ocrx_word' id='word_1_877' title='bbox 3354 4782 3767 4844; x_wconf 57' lang='lat' dir='ltr'><strong>multos&#39;servos</strong></span> <span class='ocrx_word' id='word_1_878' title='bbox 3794 4788 3894 4844; x_wconf 87' lang='lat' dir='ltr'><strong>ba-</strong></span> 
     </span>
    </p>
   </div>
   <div class='ocr_carea' id='block_1_111' title="bbox 2303 4879 3900 4950">
    <p class='ocr_par' dir='ltr' id='par_1_111' title="bbox 2303 4879 3900 4950">
     <span class='ocr_line' id='line_1_111' title="bbox 2303 4879 3900 4950; baseline 0.002 -18"><span class='ocrx_word' id='word_1_879' title='bbox 2303 4879 2429 4936; x_wconf 90' lang='lat' dir='ltr'><strong>bere</strong></span> <span class='ocrx_word' id='word_1_880' title='bbox 2455 4922 2470 4946; x_wconf 91' lang='lat'><strong>,</strong></span> <span class='ocrx_word' id='word_1_881' title='bbox 2503 4896 2661 4936; x_wconf 88' lang='lat' dir='ltr'><strong>aurea</strong></span> <span class='ocrx_word' id='word_1_882' title='bbox 2709 4882 2972 4950; x_wconf 89' lang='lat' dir='ltr'><strong>laquearia</strong></span> <span class='ocrx_word' id='word_1_883' title='bbox 2999 4881 3241 4949; x_wconf 87' lang='lat' dir='ltr'><strong>jaceutes</strong></span> <span class='ocrx_word' id='word_1_884' title='bbox 3286 4879 3638 4948; x_wconf 83' lang='lat' dir='ltr'><strong>conspicere?</strong></span> <span class='ocrx_word' id='word_1_885' title='bbox 3667 4879 3777 4934; x_wconf 75' lang='lat' dir='ltr'><strong>Res</strong></span> <span class='ocrx_word' id='word_1_886' title='bbox 3811 4891 3900 4935; x_wconf 85' lang='lat' dir='ltr'><strong>cst</strong></span> 
     </span>
    </p>
   </div>
   <div class='ocr_carea' id='block_1_112' title="bbox 2303 4970 3900 5042">
    <p class='ocr_par' dir='ltr' id='par_1_112' title="bbox 2303 4970 3900 5042">
     <span class='ocr_line' id='line_1_112' title="bbox 2303 4970 3900 5042; baseline -0.003 -17"><span class='ocrx_word' id='word_1_887' title='bbox 2303 4987 2692 5042; x_wconf 83' lang='lat' dir='ltr'><strong>supervacanea</strong></span> <span class='ocrx_word' id='word_1_888' title='bbox 2719 4982 2772 5027; x_wconf 88' lang='lat' dir='ltr'><strong>et</strong></span> <span class='ocrx_word' id='word_1_889' title='bbox 2804 4973 3021 5028; x_wconf 90' lang='lat' dir='ltr'><strong>inutilis.</strong></span> <span class='ocrx_word' id='word_1_890' title='bbox 3051 4973 3183 5028; x_wconf 88' lang='lat' dir='ltr'><strong>Sunt</strong></span> <span class='ocrx_word' id='word_1_891' title='bbox 3211 4971 3311 5026; x_wconf 85' lang='lat' dir='ltr'><strong>alia</strong></span> <span class='ocrx_word' id='word_1_892' title='bbox 3342 4970 3563 5026; x_wconf 70' lang='lat' dir='ltr'><strong>aedilicia</strong></span> <span class='ocrx_word' id='word_1_893' title='bbox 3595 4971 3680 5024; x_wconf 88' lang='lat' dir='ltr'><strong>his</strong></span> <span class='ocrx_word' id='word_1_894' title='bbox 3719 4973 3900 5026; x_wconf 60' lang='lat' dir='ltr'><strong>multo</strong></span> 
     </span>
    </p>
   </div>
   <div class='ocr_carea' id='block_1_113' title="bbox 2305 5062 3905 5135">
    <p class='ocr_par' dir='ltr' id='par_1_113' title="bbox 2305 5062 3905 5135">
     <span class='ocr_line' id='line_1_113' title="bbox 2305 5062 3905 5135; baseline -0.003 -12"><span class='ocrx_word' id='word_1_895' title='bbox 2305 5069 2663 5135; x_wconf 84' lang='lat' dir='ltr'><strong>splendidiora</strong></span> <span class='ocrx_word' id='word_1_896' title='bbox 2717 5083 2771 5123; x_wconf 89' lang='lat' dir='ltr'><strong>et</strong></span> <span class='ocrx_word' id='word_1_897' title='bbox 2828 5065 3133 5122; x_wconf 89' lang='lat' dir='ltr'><strong>honestiora</strong></span> <span class='ocrx_word' id='word_1_898' title='bbox 3180 5083 3194 5121; x_wconf 92' lang='lat'><strong>:</strong></span> <span class='ocrx_word' id='word_1_899' title='bbox 3243 5064 3326 5119; x_wconf 86' lang='lat' dir='ltr'><strong>his</strong></span> <span class='ocrx_word' id='word_1_900' title='bbox 3383 5064 3572 5120; x_wconf 89' lang='lat' dir='ltr'><strong>oculos</strong></span> <span class='ocrx_word' id='word_1_901' title='bbox 3615 5062 3905 5118; x_wconf 89' lang='lat' dir='ltr'><strong>oblectare</strong></span> 
     </span>
    </p>
   </div>
   <div class='ocr_carea' id='block_1_114' title="bbox 2306 5154 3906 5236">
    <p class='ocr_par' dir='ltr' id='par_1_114' title="bbox 2306 5154 3906 5236">
     <span class='ocr_line' id='line_1_114' title="bbox 2306 5154 3906 5236; baseline -0.006 -18"><span class='ocrx_word' id='word_1_902' title='bbox 2306 5181 2480 5236; x_wconf 72' lang='lat' dir='ltr'><strong>opera:</strong></span> <span class='ocrx_word' id='word_1_903' title='bbox 2507 5164 2734 5232; x_wconf 86' lang='lat' dir='ltr'><strong>pretium</strong></span> <span class='ocrx_word' id='word_1_904' title='bbox 2764 5159 2920 5214; x_wconf 88' lang='lat' dir='ltr'><strong>fuerit</strong></span> <span class='ocrx_word' id='word_1_905' title='bbox 2953 5175 2965 5210; x_wconf 90' lang='lat'><strong>:</strong></span> <span class='ocrx_word' id='word_1_906' title='bbox 2998 5173 3061 5212; x_wconf 92' lang='lat' dir='ltr'><strong>ac</strong></span> <span class='ocrx_word' id='word_1_907' title='bbox 3087 5171 3246 5211; x_wconf 90' lang='lat' dir='ltr'><strong>nemo</strong></span> <span class='ocrx_word' id='word_1_908' title='bbox 3267 5156 3463 5225; x_wconf 87' lang='lat' dir='ltr'><strong>estqui</strong></span> <span class='ocrx_word' id='word_1_909' title='bbox 3494 5154 3768 5224; x_wconf 89' lang='lat' dir='ltr'><strong>impediat.</strong></span> <span class='ocrx_word' id='word_1_910' title='bbox 3807 5154 3906 5209; x_wconf 76' lang='lat' dir='ltr'><strong>Vis</strong></span> 
     </span>
    </p>
   </div>
   <div class='ocr_carea' id='block_1_115' title="bbox 2307 5251 3905 5326">
    <p class='ocr_par' dir='ltr' id='par_1_115' title="bbox 2307 5251 3905 5326">
     <span class='ocr_line' id='line_1_115' title="bbox 2307 5251 3905 5326; baseline -0.009 -12"><span class='ocrx_word' id='word_1_911' title='bbox 2307 5269 2501 5314; x_wconf 84' lang='lat' dir='ltr'><strong>tectum</strong></span> <span class='ocrx_word' id='word_1_912' title='bbox 2553 5255 2966 5326; x_wconf 89' lang='lat' dir='ltr'><strong>pulcherrimum</strong></span> <span class='ocrx_word' id='word_1_913' title='bbox 3016 5251 3250 5306; x_wconf 86' lang='lat' dir='ltr'><strong>intueri?</strong></span> <span class='ocrx_word' id='word_1_914' title='bbox 3303 5251 3604 5319; x_wconf 79' lang='lat' dir='ltr'><strong>Appeteute</strong></span> <span class='ocrx_word' id='word_1_915' title='bbox 3666 5261 3905 5316; x_wconf 83' lang='lat' dir='ltr'><strong>vespera</strong></span> 
     </span>
    </p>
   </div>
   <div class='ocr_carea' id='block_1_116' title="bbox 2306 5341 3904 5407">
    <p class='ocr_par' dir='ltr' id='par_1_116' title="bbox 2306 5341 3904 5407">
     <span class='ocr_line' id='line_1_116' title="bbox 2306 5341 3904 5407; baseline -0.009 -1"><span class='ocrx_word' id='word_1_916' title='bbox 2306 5353 2426 5407; x_wconf 82' lang='lat' dir='ltr'><strong>vide</strong></span> <span class='ocrx_word' id='word_1_917' title='bbox 2473 5352 2663 5405; x_wconf 71' lang='lat' dir='ltr'><strong>aulum</strong></span> <span class='ocrx_word' id='word_1_918' title='bbox 2714 5347 2882 5403; x_wconf 79' lang='lat' dir='ltr'><strong>stellis</strong></span> <span class='ocrx_word' id='word_1_919' title='bbox 2934 5354 3201 5399; x_wconf 90' lang='lat' dir='ltr'><strong>ornatum.</strong></span> <span class='ocrx_word' id='word_1_920' title='bbox 3251 5341 3357 5396; x_wconf 88' lang='lat' dir='ltr'><strong>Sed</strong></span> <span class='ocrx_word' id='word_1_921' title='bbox 3411 5356 3514 5394; x_wconf 92' lang='lat' dir='ltr'><strong>non</strong></span> <span class='ocrx_word' id='word_1_922' title='bbox 3562 5347 3644 5392; x_wconf 81' lang='lat' dir='ltr'><strong>est</strong></span> <span class='ocrx_word' id='word_1_923' title='bbox 3693 5347 3904 5392; x_wconf 86' lang='lat' dir='ltr'><strong>tectum</strong></span> 
     </span>
    </p>
   </div>
   <div class='ocr_carea' id='block_1_117' title="bbox 2307 5429 3900 5512">
    <p class='ocr_par' dir='ltr' id='par_1_117' title="bbox 2307 5429 3900 5512">
     <span class='ocr_line' id='line_1_117' title="bbox 2307 5429 3900 5512; baseline -0.01 -14"><span class='ocrx_word' id='word_1_924' title='bbox 2307 5460 2484 5498; x_wconf 86' lang='lat' dir='ltr'><strong>meum</strong></span> <span class='ocrx_word' id='word_1_925' title='bbox 2512 5485 2526 5508; x_wconf 89' lang='lat'><strong>,</strong></span> <span class='ocrx_word' id='word_1_926' title='bbox 2552 5442 2778 5512; x_wconf 85' lang='lat' dir='ltr'><strong>inquies.</strong></span> <span class='ocrx_word' id='word_1_927' title='bbox 2807 5440 2916 5493; x_wconf 92' lang='lat' dir='ltr'><strong>hno</strong></span> <span class='ocrx_word' id='word_1_928' title='bbox 2960 5435 3128 5505; x_wconf 87' lang='lat' dir='ltr'><strong>magis</strong></span> <span class='ocrx_word' id='word_1_929' title='bbox 3169 5444 3348 5496; x_wconf 90' lang='lat' dir='ltr'><strong>tuum,</strong></span> <span class='ocrx_word' id='word_1_930' title='bbox 3375 5445 3533 5502; x_wconf 71' lang='lat' dir='ltr'><strong>(piam</strong></span> <span class='ocrx_word' id='word_1_931' title='bbox 3564 5429 3690 5485; x_wconf 89' lang='lat' dir='ltr'><strong>illud</strong></span> <span class='ocrx_word' id='word_1_932' title='bbox 3723 5429 3900 5483; x_wconf 87' lang='lat' dir='ltr'><strong>aliud.</strong></span> 
     </span>
    </p>
   </div>
   <div class='ocr_carea' id='block_1_118' title="bbox 2308 5521 3905 5604">
    <p class='ocr_par' dir='ltr' id='par_1_118' title="bbox 2308 5521 3905 5604">
     <span class='ocr_line' id='line_1_118' title="bbox 2308 5521 3905 5604; baseline -0.009 -15"><span class='ocrx_word' id='word_1_933' title='bbox 2308 5536 2532 5601; x_wconf 62' lang='lat' dir='ltr'><strong>Propter</strong></span> <span class='ocrx_word' id='word_1_934' title='bbox 2559 5544 2609 5586; x_wconf 86' lang='lat' dir='ltr'><strong>te</strong></span> <span class='ocrx_word' id='word_1_935' title='bbox 2653 5545 2881 5604; x_wconf 70' lang='lat' dir='ltr'><strong>namque</strong></span> <span class='ocrx_word' id='word_1_936' title='bbox 2911 5531 3103 5581; x_wconf 87' lang='lat' dir='ltr'><strong>factum</strong></span> <span class='ocrx_word' id='word_1_937' title='bbox 3130 5533 3212 5579; x_wconf 85' lang='lat' dir='ltr'><strong>est</strong></span> <span class='ocrx_word' id='word_1_938' title='bbox 3236 5566 3251 5591; x_wconf 93' lang='lat'><strong>,</strong></span> <span class='ocrx_word' id='word_1_939' title='bbox 3281 5532 3334 5578; x_wconf 91' lang='lat' dir='ltr'><strong>et</strong></span> <span class='ocrx_word' id='word_1_940' title='bbox 3379 5537 3664 5577; x_wconf 88' lang='lat' dir='ltr'><strong>commune</strong></span> <span class='ocrx_word' id='word_1_941' title='bbox 3693 5521 3788 5576; x_wconf 90' lang='lat' dir='ltr'><strong>tibi</strong></span> <span class='ocrx_word' id='word_1_942' title='bbox 3819 5531 3905 5576; x_wconf 70' lang='lat' dir='ltr'><strong>est</strong></span> 
     </span>
    </p>
   </div>
   <div class='ocr_carea' id='block_1_119' title="bbox 2307 5615 3895 5681">
    <p class='ocr_par' dir='ltr' id='par_1_119' title="bbox 2307 5615 3895 5681">
     <span class='ocr_line' id='line_1_119' title="bbox 2307 5615 3895 5681; baseline -0.009 -1"><span class='ocrx_word' id='word_1_943' title='bbox 2307 5640 2428 5681; x_wconf 88' lang='lat' dir='ltr'><strong>cum</strong></span> <span class='ocrx_word' id='word_1_944' title='bbox 2470 5625 2719 5680; x_wconf 87' lang='lat' dir='ltr'><strong>fratribus</strong></span> <span class='ocrx_word' id='word_1_945' title='bbox 2746 5623 2870 5678; x_wconf 90' lang='lat' dir='ltr'><strong>tuis.</strong></span> <span class='ocrx_word' id='word_1_946' title='bbox 2900 5620 3014 5675; x_wconf 82' lang='lat' dir='ltr'><strong>Hoc</strong></span> <span class='ocrx_word' id='word_1_947' title='bbox 3043 5627 3220 5673; x_wconf 85' lang='lat' dir='ltr'><strong>autem</strong></span> <span class='ocrx_word' id='word_1_948' title='bbox 3249 5615 3390 5670; x_wconf 86' lang='lat' dir='ltr'><strong>aliud</strong></span> <span class='ocrx_word' id='word_1_949' title='bbox 3427 5629 3531 5670; x_wconf 84' lang='lat' dir='ltr'><strong>non</strong></span> <span class='ocrx_word' id='word_1_950' title='bbox 3570 5625 3720 5668; x_wconf 88' lang='lat' dir='ltr'><strong>tuum</strong></span> <span class='ocrx_word' id='word_1_951' title='bbox 3772 5624 3859 5668; x_wconf 87' lang='lat' dir='ltr'><strong>est</strong></span> <span class='ocrx_word' id='word_1_952' title='bbox 3880 5655 3895 5677; x_wconf 92' lang='lat'><strong>,</strong></span> 
     </span>
    </p>
   </div>
   <div class='ocr_carea' id='block_1_120' title="bbox 2377 5771 3837 5852">
    <p class='ocr_par' dir='ltr' id='par_1_120' title="bbox 2377 5771 3837 5852">
     <span class='ocr_line' id='line_1_120' title="bbox 2377 5771 3837 5852; baseline -0.015 -14"><span class='ocrx_word' id='word_1_953' title='bbox 2377 5775 2554 5852; x_wconf 30' lang='lat' dir='ltr'><strong>(aj‘ttic</strong></span> <span class='ocrx_word' id='word_1_954' title='bbox 2587 5783 2716 5835; x_wconf 73' lang='lat' dir='ltr'><strong>teras</strong></span> <span class='ocrx_word' id='word_1_955' title='bbox 2748 5781 2908 5833; x_wconf 82' lang='lat' dir='ltr'><strong>alendi</strong></span> <span class='ocrx_word' id='word_1_956' title='bbox 2931 5796 3036 5834; x_wconf 86' lang='lat' dir='ltr'><strong>mos</strong></span> <span class='ocrx_word' id='word_1_957' title='bbox 3076 5781 3396 5846; x_wconf 69' lang='lat' dir='ltr'><strong>chrysostonu</strong></span> <span class='ocrx_word' id='word_1_958' title='bbox 3421 5781 3564 5826; x_wconf 74' lang='lat' dir='ltr'><strong>astate</strong></span> <span class='ocrx_word' id='word_1_959' title='bbox 3615 5771 3837 5833; x_wconf 75' lang='lat' dir='ltr'><strong>vigebat.</strong></span> 
     </span>
    </p>
   </div>
  </div>
