4164 6324
208 359 307 415 ξω

209 472 301 528 sed
339 473 602 527 heredum
656 484 775 543 post
828 485 1055 530 mortem
1089 485 1254 530 tuam.
1288 478 1419 531 Illud
1452 478 1684 532 maxime
1713 476 1807 530 tibi

208 579 329 619 esse
353 566 489 619 utile
524 570 741 634 poterit,
770 582 893 623 cum
944 583 1010 622 ex
1054 568 1450 636 pulchritudine
1499 585 1593 621 sua
1644 578 1694 622 te
1747 566 1812 621 ad

208 656 523 712 Creatorem
549 658 814 724 advocet;
848 658 950 715 hoc
996 670 1176 715 autem
1205 660 1345 715 aliud
1382 660 1612 715 maxime
1656 674 1816 715 noce-

209 748 285 801 bit
307 790 323 815 ,
358 758 520 820 teque
571 753 804 821 graviter
842 751 896 806 in
922 752 1010 807 die
1030 753 1216 821 judicii
1261 754 1574 816 accusabit,
1599 751 1815 823 quando

210 839 385 907 ipsum
427 842 648 912 quidem
675 858 809 897 auro
832 842 1071 914 undique
1114 844 1374 915 fulgebit,
1407 844 1652 899 Christus
1684 860 1815 899 vero

208 947 273 985 ne
300 940 459 988 veste
488 934 705 1003 quidem
734 935 1034 990 necessaria
1066 944 1345 991 contectus
1371 936 1493 991 erit.
1524 935 1602 989 Ne
1632 937 1813 1004 itaque

209 1022 259 1074 in
312 1030 520 1078 tantam
567 1024 829 1079 insaniam
878 1025 1214 1089 incidamus;
1249 1041 1315 1082 ne
1359 1026 1706 1095 insequamur
1734 1024 1815 1079 fu-

206 1112 433 1180 gientia,
467 1129 537 1169 ne
570 1114 834 1184 fugiamus
854 1116 1145 1184 manentia,
1171 1132 1241 1172 ne
1270 1119 1557 1187 prodamus
1583 1116 1810 1171 salutem

209 1215 477 1272 nostram,
510 1206 604 1261 sed
662 1206 853 1262 futura:
902 1210 1019 1279 spei
1068 1210 1413 1265 barreamus:
1457 1225 1640 1275 senes,
1668 1208 1813 1279 quod

208 1296 447 1351 sciamus
496 1313 719 1368 parvum
750 1299 904 1355 nobis
931 1301 1055 1356 vita:
1082 1315 1299 1357 cursum
1354 1316 1675 1372 superesse;
1721 1302 1812 1370 ju-

1211 364 1277 419 IN
1314 364 1626 421 JOANNEM
1671 361 1898 418 ||0.\lli..
1933 361 2167 417 XLVIII.
2208 363 2278 417 al.
2323 362 2533 418 XLVII.

3428 364 3535 418 270

1924 490 2112 536 venes.
2133 475 2273 545 quod
2309 475 2550 544 persuasi
2583 474 2691 530 sint
2720 489 2825 531 non
2855 476 3085 531 multum
3115 474 3219 531 sibi
3248 491 3533 546 superesse

1924 568 2203 635 temporis.
2240 565 2306 621 Ut
2348 568 2482 620 enim
2505 571 2591 638 fur
2618 567 2671 621 in
2701 578 2848 623 nocte
2871 611 2885 633 ,
2918 570 2991 623 ita
3037 570 3146 623 dies
3187 569 3274 623 illc
3305 570 3533 624 adveniet

1922 658 1941 726 (
1973 658 2025 711 l.
2049 655 2229 711 Thess.
2260 659 2313 713 5.
2342 656 2378 711 2
2399 657 2440 727 ).
2472 656 2598 712 llmc
2624 658 2802 727 itaque
2824 674 2945 714 cum
2976 661 3230 724 sciamus,
3254 668 3309 715 et
3341 675 3534 715 uxores

1923 750 2067 804 viros
2097 749 2398 816 hortentur,
2432 759 2487 805 et
2529 748 2629 803 viri
2662 766 2864 806 uxores
2895 760 3172 817 moueant,
3204 751 3446 820 juniores
3474 767 3537 808 ac

1922 842 2156 912 virgines
2185 841 2494 907 doceamus,
2530 858 2737 913 nosque
2766 858 2955 897 omnes
2978 852 3163 896 mutuo
3191 842 3537 897 instituamus

1922 933 1988 987 ad
2017 936 2303 1003 praesentia
2333 935 2755 1002 contemnenda,
2788 944 2845 991 et
2876 934 3051 990 futura
3082 936 3534 1004 concupiscenda,

1924 1034 1983 1078 ut
2024 1025 2111 1078 illa
2153 1025 2409 1095 consequi
2452 1027 2739 1095 possimus,
2767 1026 2936 1096 gratia
2977 1036 3031 1082 et
3079 1026 3410 1097 benignitate
3435 1028 3538 1081 Dn-

1922 1114 2052 1168 mini
2082 1115 2249 1169 nostri
2277 1114 2405 1169 Jesu
2446 1115 2664 1183 Christi,
2693 1132 2787 1186 per
2827 1133 2987 1186 quem
3015 1127 3062 1169 et
3108 1132 3231 1172 cum
3260 1132 3367 1187 quo
3397 1119 3536 1193 Patri

1924 1208 2114 1277 gloria,
2142 1222 2353 1276 unaque
2380 1207 2602 1278 Spiritui
2640 1218 2848 1274 sancto,
2876 1223 3017 1264 nunc
3043 1221 3097 1264 et
3123 1222 3343 1279 semper
3366 1250 3381 1273 ,
3402 1219 3459 1265 et
3485 1212 3537 1265 in

1924 1298 2121 1353 srccula
2151 1296 2497 1354 saaculorum.
2529 1302 2724 1355 Amen.

1540 1508 1895 1571 HOMILIA
1936 1508 2227 1570 XLVII].

210 1647 342 1704 CAP.
407 1650 463 1704 7.
496 1665 550 1705 ν.
577 1652 628 1706 1.
661 1649 787 1705 Post
831 1652 939 1706 lucc
972 1661 1136 1707 autem
1164 1652 1454 1707 ambulabat
1469 1650 1621 1707 Iesus
1643 1651 1693 1705 in
1713 1650 1817 1706 Ga—

281 1740 423 1795 lilcea
445 1759 465 1795 :
496 1760 596 1796 non
624 1744 757 1797 enim
786 1744 986 1798 uolebat
1022 1745 1075 1798 in
1123 1742 1313 1798 Judtea
1366 1746 1653 1809 ambulare,
1693 1746 1816 1815 quia

279 1832 578 1899 quiarebaut
607 1833 1237 1902 cumJudtziintcr/icere.
1271 1833 1327 1888 2.
1374 1832 1504 1887 Erat
1554 1844 1721 1887 autem
1764 1836 1817 1887 in

281 1922 520 1989 proximo
568 1923 674 1976 dies
731 1927 886 1995 festus
909 1924 1231 1990 ludit-orum,
1264 1923 1602 1994 Scenopegia.

287 2014 334 2067 l.
369 2011 579 2068 Invidia
606 2025 849 2085 quantum
876 2016 1090 2069 malum.
1141 2043 1215 2057 —-
1253 2017 1393 2071 Nihil
1428 2018 1619 2082 livore,
1679 2017 1811 2073 nihil

214 2105 414 2160 invidia
448 2106 727 2172 deterius;
763 2123 857 2176 per
879 2123 997 2163 eam
1027 2124 1173 2165 mors
1203 2110 1254 2164 in
1281 2110 1540 2166 mundqu
1574 2111 1814 2165 intrarit.

212 2197 342 2262 Quia
366 2198 516 2253 enim
558 2200 692 2255 vidit
716 2199 965 2256 diabolus
989 2200 1261 2257 hominem
1295 2202 1345 2257 in
1373 2203 1578 2258 honore
1602 2202 1813 2269 haberi,

213 2291 330 2358 ejus
362 2290 676 2347 felicitatem
711 2308 814 2346 non
846 2293 1042 2358 ferens,
1102 2294 1231 2349 nihil
1274 2311 1380 2351 non
1429 2296 1538 2365 egit
1585 2304 1640 2351 ut.
1692 2309 1814 2349 eu.u

214 2381 470 2450 perderet
497 2382 516 2457 (
548 2383 678 2454 Sap.
711 2384 767 2440 2.
796 2384 867 2440 2t
896 2388 989 2456 ).A
1023 2388 1110 2441 tali
1137 2388 1316 2443 radice
1366 2388 1527 2444 talem
1582 2387 1813 2443 fructum

211 2489 503 2543 erumpere
532 2490 748 2544 semper
793 2476 1059 2533 videmus.
1103 2478 1208 2535 Per
1238 2480 1376 2534 hanc
1425 2479 1557 2535 Abel
1604 2481 1816 2535 occisus

212 2576 327 2629 est;
356 2580 456 2634 per
490 2564 627 2620 hanc
661 2567 825 2622 David
855 2570 907 2623 in
934 2571 1126 2625 mortis
1169 2571 1468 2641 periculum
1496 2572 1685 2637 venit;
1722 2589 1817 2643 per

214 2655 351 2710 hanc
374 2657 536 2712 multi
566 2657 655 2711 alii
680 2659 807 2728 justi
838 2662 981 2731 passi
1014 2672 1175 2728 stunt;
1227 2676 1324 2734 per
1345 2664 1483 2720 hanc
1536 2665 1810 2719 Christum

213 2746 381 2802 Juda-i
413 2749 826 2806 interfecerunt.
861 2753 973 2809 Hoc
991 2753 1277 2811 declarans
1306 2757 1632 2827 evangelista
1664 2758 1816 2815 dice-

214 2838 303 2894 bat
323 2858 337 2893 :
361 2840 621 2896 ‘l’osthcc
647 2843 942 2899 ambulabat
967 2844 1119 2900 Jcsus
1149 2848 1201 2900 in
1230 2845 1447 2902 Galiltza
1472 2864 1491 2902 :
1532 2866 1635 2903 non
1680 2852 1813 2903 enim

216 2938 409 2997 poterat
441 2933 519 3003 (a)
534 2935 584 2987 in
609 2934 795 2989 Judwa
815 2938 1095 3004 ambulare,
1123 2940 1242 3007 quia
1270 2941 1560 3011 qttwrtbant
1586 2942 1813 2997 suntla-

211 3022 305 3075 ιιιτὶ
323 3024 630 3093 interﬁcere.
662 3026 798 3094 Quid
815 3027 972 3093 dicis,
1002 3029 1157 3086 beate
1173 3030 1448 3088 Joannes?
1468 3033 1584 3089 Non
1607 3044 1814 3104 poterat

211 3114 297 3182 qui
332 3125 517 3184 potest
544 3121 720 3174 omnia
748 3135 868 3191 qua:
893 3121 1139 3192 vult?qui
1167 3123 1323 3191 dixit,
1355 3125 1516 3191 Quem
1562 3129 1807 3198 queritis,

209 3216 261 3259 et
288 3221 384 3261 eos
406 3216 557 3263 retro
585 3211 767 3280 pulsos
798 3215 1123 3281 prostravit?
1144 3216 1232 3286 qui
1262 3233 1497 3287 prmsens
1529 3236 1635 3274 non
1660 3221 1813 3277 vide-

212 3305 315 3365 tur,
364 3297 578 3356 hiccine
604 3312 926 3372 petestatem
954 3321 1059 3360 non
1094 3306 1317 3362 habuit?
1342 3309 1622 3377 Quomodo
1654 3324 1806 3382 post-

211 3402 268 3440 ea
298 3388 352 3442 in
376 3388 559 3445 medio
592 3406 803 3459 eorum,
838 3394 890 3448 in
922 3396 1146 3465 templo,
1170 3398 1220 3452 in
1271 3398 1609 3457 solemnitate
1630 3444 1644 3467 ,
1676 3404 1809 3473 ipsis

209 3482 581 3550 congregatis,
629 3484 987 3551 praesentibus
1020 3488 1341 3556 homicidis,
1377 3506 1438 3546 ea
1491 3492 1811 3563 loquebatur

208 3589 324 3638 qum
352 3576 529 3646 magis
560 3576 679 3632 illos
728 3583 1157 3649 exasperarenti
1202 3583 1313 3639 Hoc
1362 3584 1437 3639 illi
1476 3587 1809 3643 mirabantur

208 3660 476 3729 dicentes,
508 3664 696 3720 Nonne
722 3668 804 3722 hic
829 3680 904 3724 est
932 3688 1080 3740 quem
1115 3684 1350 3743 quarunt
1377 3676 1663 3745 interﬁcere
1684 3680 1711 3733 .’
1740 3678 1809 3733 Et

207 3771 314 3810 (rce
330 3758 509 3823 palam
539 3759 781 3830 loquitur,
811 3772 857 3816 et
885 3764 1015 3818 nihil
1038 3766 1119 3819 illi
1135 3767 1328 3820 dicunt.
1362 3768 1490 3835 Qua:
1523 3781 1649 3824 sunt
1692 3772 1808 3828 Ita'c

207 3850 493 3919 a'uigtnaln
516 3851 540 3904 ἲ
566 3854 746 3923 Apage
772 3871 786 3907 :
820 3870 926 3911 non
954 3857 1097 3913 enim
1123 3859 1237 3913 haec
1262 3860 1418 3929 dixit,
1448 3871 1505 3915 ut
1524 3862 1807 3932 muigmata

207 3954 324 3996 esse
354 3946 834 4009 putarentur;sed
881 3957 941 4002 ut
962 3946 1263 4006 declararet
1312 3961 1368 4006 et
1412 3952 1709 4009 divinitatis
1753 3964 1808 4011 et

210 4028 562 4087 humanitatis
592 4049 754 4104 opera
790 4036 1027 4093 exhibita
1063 4040 1247 4096 fuisse.
1280 4041 1413 4098 Cum
1453 4046 1599 4101 enim
1625 4046 1803 4113 dixit,

211 4118 525 4176 l’otestatcm
544 4140 645 4178 non
673 4126 926 4193 habebat,
977 4132 1128 4200 quasi
1161 4132 1229 4186 de
1256 4134 1475 4189 homine
1531 4137 1768 4208 loquitur
1788 4184 1804 4215 ρ

204 4211 366 4265 miilta
398 4211 639 4270 immane
662 4230 814 4272 more
840 4232 1065 4290 agente:
1090 4238 1211 4278 cum
1228 4240 1359 4280 vero
1383 4225 1512 4281 dicit
1546 4229 1716 4298 ipsum
1751 4211 1802 4286 in

206 4301 382 4367 medio
414 4318 605 4360 ea-rtnn
635 4309 872 4375 stetisse,
905 4327 1005 4367 nec
1020 4316 1420 4383 apprehensum
1454 4318 1636 4381 fuisse,
1669 4322 1805 4376 divi-

205 4392 384 4481 nitatis
415 4395 600 4463 utique
648 4408 969 4467 potestatem
1014 4405 1234 4461 indicat.
1280 4408 1413 4463 Nam
1466 4410 1703 4481 fugiebat
1747 4424 1803 4469 ut

205 4479 388 4549 boum,
423 4489 715 4557 apparebat
741 4500 800 4546 ut
824 4492 1001 4559 Deus;
1037 4505 1323 4569 utrumque
1342 4516 1467 4556 vere
1497 4479 1800 4571 repraesen-

205 4579 339 4625 laus.
370 4574 514 4630 Cum
540 4578 682 4633 enim
720 4580 774 4635 in
814 4583 1007 4639 mediis
1045 4586 1447 4645 insidiatoribus
1477 4607 1583 4646 non
1614 4595 1798 4665 capie-

204 4662 377 4730 batur,
428 4667 683 4725 invictam
714 4681 1037 4741 potestatem
1062 4691 1215 4731 suam
1244 4680 1619 4749 significabat;
1674 4662 1796 4738 eum

202 4766 324 4808 vero
349 4758 657 4829 secederet,
714 4764 1070 4825 incarnatioui
1103 4768 1260 4825 fidem
1292 4774 1518 4829 faciebat
1548 4794 1561 4844 ;
1606 4786 1663 4831 ut
1697 4794 1797 4834 nec

202 4845 397 4904 l’aulns
450 4850 854 4920 Samosatenus.
885 4874 985 4915 nec
1013 4860 1248 4918 Marcion
1278 4905 1293 4930 ,
1340 4882 1440 4921 nec
1467 4869 1557 4938 qui
1602 4869 1794 4925 eodem

200 4941 387 4997 morbo
414 4942 693 5013 laborant,‘
711 4950 1082 5008 contradicere
1100 4966 1339 5025 possent.
1370 4956 1461 5013 llis
1483 4960 1644 5031 igitur
1675 4962 1796 5016 illo-

196 5044 311 5085 rum
337 5035 584 5099 antistium
609 5038 625 5071 ί
649 5053 711 5094 os
727 5040 977 5097 obstruit.
1015 5042 1137 5099 Post
1155 5048 1265 5101 ἠως
1280 5058 1388 5102 erat
1404 5054 1561 5121 [estus
1580 5051 1795 5107 Iuda-o-

197 5138 325 5189 rum,
344 5124 685 5201 Sccnopegia.
700 5131 824 5187 llaec
834 5136 1116 5205 particula,
1139 5136 1263 5199 Post
1279 5142 1410 5208 lucc,
1430 5142 1555 5196 nihil
1569 5144 1713 5199 aliud
1728 5148 1793 5199 si-

195 5216 435 5284 gnificat,
458 5234 615 5290 quam
648 5224 875 5281 multum
902 5236 1090 5301 postea
1120 5234 1375 5301 temporis
1397 5235 1786 5296 intercessisse.

256 5348 271 5423 ξ
424 5350 905 5423 legunt,_utriusque,
930 5373 1032 5417 pro.
1059 5360 1253 5423 illorum
1274 5367 1505 5419 οιηιιὶκηι.

255 5411 327 5473 (a)
344 5411 433 5487 in.
446 5411 589 5487 titulo
601 5411 818 5487 legitur:
836 5411 1149 5487 adnectebat,
1184 5411 1658 5485 lectionewa'librsrlo
1675 5448 1784 5487 mu-

193 5462 1658 5558 εεςρλςγιρεξαέᾳξτῖ;ῑιςᾴάξῐῑίεῗαῑᾗδυῗξῖῐῧτῖέῑᾶῖίτςζ
1675 5462 1783 5550 ἵᾶῑ

193 5534 402 5607 talem,
429 5534 502 5587 uti
542 5534 709 5592 visum'
736 5534 816 5594 ω’
832 5554 1031 5597 Erasmo
1050 5534 1778 5627 ei'Bi-‘usia,$r'b'4;5}}2lhzz

192 5598 285 5642 δοιι
333 5597 608 5647 Volebam.
647 5611 879 5647 Mulnlum
902 5614 1063 5647 mitam
1084 5623 1134 5647 πη
1160 5619 1256 5647 Nnn
1285 5613 1472 5647 unlnhm
1502 5622 1778 5647 nnnl‘mnnl

411 5602 1064 5682 9??£~.-;-..£{Wc‘em.¢uem
1084 5609 1136 5659 in
1160 5619 1257 5682 κρυ
1285 5602 1783 5682 ηὸίειψριᾊάειξίιτῖάιεξ

192 5660 417 5731 Erimus
439 5669 485 5711 ct
503 5664 695 5714 Grotius
711 5703 723 5726 ,
752 5678 783 5714 a
806 5669 1032 5719 delicatis
1048 5707 1060 5730 ,
1089 5660 1227 5731 mtasi
1244 5660 1780 5731 'chnﬁi‘bééﬁiﬁiii

191 5710 254 5799 ﬁ
384 5710 586 5799 faceret.
596 5798 599 5799 ν
612 5710 782 5799 ἔιᾷίξ
790 5710 1441 5799 autem

190 5784 245 5828 stt
267 5786 537 5845 potentiam
550 5798 645 5833 non
671 5787 873 5839 latere.

510 5861 783 5927 Ρηιιοι.
833 5869 950 5930 (in.
999 5871 1161 5941 LIX.

1923 1651 2053 1707 lude
2080 1665 2207 1706 vero
2234 1648 2424 1721 liquet,
2453 1650 2596 1721 quod
2616 1664 2738 1705 cum
2772 1650 2823 1703 in
2855 1658 3041 1704 monte
3066 1648 3307 1714 sederet,
3338 1646 3532 1703 festum

1921 1740 2344 1806 essetPascbae;
2403 1741 2489 1796 hic
2532 1750 2710 1796 autem
2764 1740 3114 1811 Scenopegiae
3163 1741 3444 1802 tueminit,
3478 1750 3534 1794 et

1922 1832 2159 1903 quinque
2184 1832 2451 1888 mensium
2476 1833 2652 1903 spatio
2671 1831 2805 1887 nihil
2839 1832 2981 1886 aliud
3017 1832 3257 1886 narravit
3309 1833 3393 1886 vel
3419 1832 3522 1886 do-

1923 1924 2056 1989 cuit,
2085 1940 2245 1995 quam
2273 1940 2470 1995 panum
2503 1924 2822 1980 miraculum
2852 1963 2869 1987 .
2920 1932 2975 1979 et
3008 1925 3326 1979 concionem
3368 1923 3527 1978 habi-

1926 2025 2033 2070 tam
2058 2015 2123 2070 iis
2148 2016 2239 2087 qui
2271 2015 2657 2071 cumederant:
2699 2015 2911 2071 etiamsi
2952 2015 3041 2070 ille
3072 2030 3180 2070 non
3226 2016 3525 2071 cessaverit

1923 2109 2074 2179 signa
2103 2107 2281 2164 facere
2307 2117 2362 2164 et
2385 2108 2720 2170 concionari.
2755 2124 2863 2162 non
2910 2108 3000 2165 die
3024 2117 3229 2163 tantum
3256 2117 3311 2164 et
3346 2125 3532 2178 vespe-

1924 2216 2005 2265 ra,
2033 2200 2129 2255 sed
2150 2202 2312 2257 etiam
2341 2214 2487 2271 saepe
2515 2211 2695 2256 nocte.
2726 2200 2808 2255 Ad
2835 2200 3137 2271 discipulos
3153 2201 3303 2255 enim
3336 2200 3413 2255 sic
3436 2202 3532 2253 ad.

1923 2292 2089 2358 venit,
2119 2300 2178 2346 ut
2202 2306 2394 2348 omnes
2422 2294 2766 2363 evangelista:
2809 2302 3052 2349 narrant.
3095 2292 3204 2348 Cur
3227 2310 3355 2364 ergo
3402 2294 3532 2348 illud

1922 2382 2416 2451 omiserunt?Qnia
2446 2399 2554 2439 non
2580 2392 2828 2454 poterant
2845 2385 3025 2440 omnia
3045 2399 3357 2441 recensere.
3388 2384 3530 2440 Alio-

1923 2473 2053 2543 qniu
2086 2473 2172 2528 illa
2197 2475 2381 2532 dicere
2437 2476 2787 2544 studuerunt,
2820 2492 2887 2532 ex
2918 2477 3116 2547 quibus
3154 2479 3401 2547 qua-dam
3446 2496 3532 2532 re-

1925 2564 2216 2634 prehensio
2248 2567 2333 2623 vel
2364 2568 2725 2623 contradictio
2780 2585 2847 2624 ex
2894 2567 3096 2624 Jndmis
3126 2580 3530 2640 consequutura

1924 2666 2061 2713 erat.
2098 2658 2261 2713 Multa
2285 2660 2430 2715 enim
2464 2660 2580 2715 istis
2603 2661 2799 2716 similia
2813 2672 2987 2717 erant.
3012 2661 3165 2730 Quod
3193 2664 3337 2717 enim
3360 2678 3530 2734 aegros

1928 2758 2172 2817 curaret,
2205 2762 2453 2807 mortuos
2479 2754 2787 2820 suscitaret,
2815 2753 2958 2823 quod
2986 2754 3333 2809 admirationi
3361 2767 3528 2819 esset,

1921 2856 2068 2911 sa-pe
2088 2841 2425 2912 scripserunt
2450 2861 2463 2897 :
2495 2844 2584 2899 ubi
2609 2854 2789 2900 autem
2820 2845 3021 2917 aliquid
3047 2846 3285 2902 insolens
3307 2862 3529 2901 narras:-

1920 2932 2048 2987 dum
2076 2934 2348 3004 suppetit,
2406 2935 2491 2991 vel
2548 2936 2837 3006 quamdam
2892 2937 3372 3007 reprehensionem
3428 2939 3528 3007 ipsi

1920 3026 2157 3081 oblatam
2186 3028 2523 3084 referendam
2552 3029 2771 3093 habent,
2803 3030 2917 3085 lucc
2947 3038 3225 3101 apponunt
3254 3047 3269 3095 ;
3298 3040 3356 3085 ut
3383 3046 3527 3085 nunc

1920 3128 2166 3184 narrant,
2198 3119 2394 3176 fratres
2442 3121 2563 3191 ejus
2591 3136 2699 3178 non
2730 3122 2829 3193 ipsi
2881 3122 3181 3179 credidisse
3213 3140 3228 3178 :
3270 3139 3392 3194 quas
3438 3141 3527 3179 res

1900 3212 2171 3281 odiosum
2195 3212 2470 3284 quidpiam
2496 3228 2609 3285 pra:
2630 3229 2691 3269 se
2721 3213 2866 3270 ferre
2895 3215 3131 3271 videtur.
3189 3216 3259 3271 Et
3285 3227 3370 3272 est
3391 3230 3523 3271 sano

1922 3318 2009 3359 res
2042 3304 2327 3371 mirabilis,
2359 3320 2519 3376 quam
2569 3320 2791 3362 veraces
2842 3307 2944 3377 ipsi
2974 3306 3212 3371 fuerint;
3244 3309 3520 3379 quomodo

1916 3411 1976 3449 ea
2011 3412 2115 3451 non
2140 3405 2425 3459 vereantur
2465 3398 2690 3465 referre,
2720 3415 2840 3470 qua)
2874 3401 3127 3471 Magistro
3153 3416 3254 3457 suo
3282 3406 3516 3473 ignomi-

1916 3490 2067 3543 uiosa
2092 3504 2215 3545 esse
2237 3488 2517 3552 videntur;
2571 3491 2681 3546 imo
2710 3490 2827 3547 haec
2856 3494 3037 3563 potius
3064 3503 3257 3548 curent
3302 3511 3523 3550 enarra-

1916 3597 1992 3645 re,
2022 3597 2182 3653 quam
2214 3592 2434 3638 cmtcra.
2491 3583 2558 3639 Et
2611 3600 2757 3640 nunc
2796 3584 2980 3654 itaque
3030 3585 3287 3651 Joannes,
3340 3588 3523 3645 multis

1918 3676 2296 3743 prmterniissis
2322 3676 2516 3747 signis,
2552 3678 2837 3747 prodigiis,
2871 3680 3250 3745 conciouibus,
3291 3681 3521 3736 adhunc

1916 3783 2028 3822 rem
2057 3769 2384 3827 narrandam
2435 3772 2691 3826 accurrit.
2753 3772 2805 3827 3.
2869 3770 3146 3836 Dixerunt.
3197 3774 3520 3845 iuquit,_ad

1912 3874 2028 3911 eum
2044 3858 2230 3927 fratres
2259 3862 2372 3931 ejus
2398 3877 2414 3915 :
2444 3859 2630 3917 Transi
2654 3863 2771 3916 hinc
2786 3869 2839 3917 in
2869 3861 3147 3931 Iudaeam,
3180 3874 3235 3918 ut
3284 3878 3330 3919 et
3368 3869 3521 3921 disci-

1914 3949 2023 4016 puli
2053 3951 2130 4004 tui
2155 3950 2358 4005 videant
2387 3967 2544 4014 onera
2566 3969 2680 4024 qua:
2706 3954 2856 4025 facis.
2905 3954 2959 4009 ὁ.
3018 3953 3189 4011 Nemo
3227 3956 3419 4027 quippe
3469 3960 3521 4013 in

1912 4040 2110 4094 occulto
2132 4041 2332 4109 aliquid
2356 4042 2502 4113 facit,
2525 4053 2573 4097 et
2594 4044 2778 4115 quierit
2804 4045 2915 4115 ipse
2968 4047 3143 4117 palum
3181 4062 3311 4102 esse.
3344 4047 3519 4103 Mani-

1913 4132 2037 4199 festa
2058 4132 2275 4202 teipsum
2304 4137 2517 4189 mundo.
2547 4136 2603 4193 5.
2630 4134 2813 4209 Neque
2841 4138 2973 4193 enim
2995 4139 3183 4208 fratres
3211 4141 3322 4209 ejus
3343 4142 3518 4195 crede-

1909 4222 2029 4277 bant
2055 4224 2109 4277 in
2136 4240 2273 4278 eum.
2302 4225 2503 4297 Ecqua,
2539 4227 2772 4297 inquies,
2807 4228 2937 4285 hinc
2984 4231 3357 4304 incredulitas,
3384 4233 3513 4288 dum

1911 4323 2103 4383 rogant
2131 4329 2257 4369 eum
2282 4325 2341 4371 ut
2383 4318 2535 4387 signa
2566 4318 2745 4374 edat?
2792 4319 2976 4389 Magna
3022 4322 3226 4393 utique.
3282 4323 3412 4379 Nam
3462 4338 3517 4380 ct

1909 4404 2094 4471 verba,
2125 4414 2183 4459 et
2200 4407 2449 4471 audacia,
2481 4416 2537 4462 et
2559 4409 2935 4479 intempestiva
2954 4411 3199 4481 libertas,
3226 4414 3514 4470 increduli-

1909 4503 2071 4550 tatem
2103 4497 2388 4555 denotant.
2415 4498 2845 4559 Putabantenim
2864 4518 2924 4559 se
2952 4506 3291 4574 cognationis
3339 4522 3503 4564 causa

1907 4587 2140 4644 lideuter
2168 4591 2312 4663 loqui
2332 4608 2512 4663 posse.
2541 4594 2610 4649 Et
2655 4595 2873 4652 videtur
2898 4598 3117 4667 quidem
3164 4603 3515 4673 compellatio

1903 4682 2205 4738 amicorum
2243 4698 2400 4752 esse;
2449 4684 2548 4741 sed
2578 4687 2721 4742 dicta
2775 4690 3075 4745 acerbitate
3121 4701 3250 4747 sunt
3308 4695 3501 4764 plena:

1902 4774 2102 4829 etenim
2136 4775 2237 4845 ipsi
2268 4786 2322 4831 et
2353 4778 2692 4836 timiditatem
2720 4790 2774 4835 et
2815 4796 3008 4837 vanam
3034 4784 3259 4855 gloriam
3306 4802 3504 4859 expro-

1904 4864 2080 4921 brant.
2108 4865 2244 4923 Cum
2276 4869 2421 4924 enim
2448 4871 2638 4927 dicunt
2661 4913 2677 4939 ,
2706 4871 2875 4930 Nemo
2896 4877 2949 4930 in
2972 4878 3175 4933 occulto
3218 4881 3414 4951 aliquid
3438 4890 3510 4938 ru-

1900 4960 1989 5025 cit,
2019 4963 2392 5018 accusantium
2414 4973 2596 5034 partes
2621 4975 2809 5038 agunt,
2842 4970 2949 5040 -qui
2986 4972 3330 5031 timiditatem
3363 4977 3507 5049 obji-

1899 5051 2044 5105 ciant
2073 5061 2126 5107 et
2151 5063 2302 5122 gesta
2357 5054 2478 5124 ejus
2521 5068 2775 5128 suspecta
2829 5060 3064 5117 habeant
3100 5081 3115 5117 :
3153 5080 3277 5121 cum
3321 5081 3502 5125 autem

1898 5141 2138 5210 addunt,
2192 5144 2391 5210 Quam't
2416 5149 2590 5219 palam
2616 5165 2725 5207 esse
2750 5193 2767 5219 ,
2816 5168 3011 5209 vanam
3054 5155 3283 5227 gloriam
3324 5164 3507 5231 suspi-

1897 5244 2108 5290 cantur.

1963 5328 2020 5384 2.
2048 5330 2127 5385 Tu
2156 5346 2286 5386 vero
2312 5331 2513 5391 Christi
2534 5336 2784 5392 virtutem
2806 5340 3111 5399 considera.
3137 5345 3217 5403 Ex
3243 5345 3329 5403 his
3352 5350 3496 5405 enim

1892 5422 1982 5493 qui
2028 5422 2151 5477 talia
2188 5425 2437 5483 dicebant
2478 5430 2683 5498 primus
2733 5432 2830 5487 fuit
2878 5433 3338 5511 Jerosolymorum
3380 5445 3498 5513 epi-

1892 5528 2105 5584 scopus,
2129 5514 2317 5571 beatus
2337 5518 2572 5575 Jacohus
2590 5522 2685 5591 (a),
2706 5522 2775 5579 de
2794 5540 2901 5594 quo
2920 5526 3115 5588 Paulus
3134 5531 3266 5587 dicit
3289 5552 3300 5587 :
3328 5535 3498 5589 Alium

1890 5618 2059 5661 autent
2084 5613 2433 5678 apostolorum
2460 5614 2565 5667 ridi
2592 5619 2842 5672 neminem
2869 5623 2968 5677 nisi
2995 5623 3249 5681 Iacobum
3285 5628 3495 5696 fratrm:

1891 5697 2099 5754 Domini
2126 5700 2269 5769 (Gal.
2300 5704 2350 5758 1.
2384 5703 2499 5775 19).
2526 5706 2727 5762 Dicitur
2754 5719 2808 5765 et
2830 5710 2995 5768 Judas
3024 5717 3285 5771 mirabilis
3309 5720 3489 5778 fuisse.

1950 5811 2023 5872 (a)
2047 5800 2248 5863 Iacobus
2274 5813 2421 5865 frater
2440 5814 2633 5869 Domini
2670 5822 3077 5887 Jerosolymarum
3106 5830 3385 5891 episcopus.-

3039 5918 3099 5971 l7
