4164 6324
689 369 782 421 !‘il
1419 363 1474 414 S.
1507 358 1780 415 JOANNIS
1818 351 2286 412 CllilYSUS'l'U)"
2331 351 2644 407 AllClllEP.
2675 354 3209 414 CONSTANTINOP.

689 489 844 557 Atqui
879 488 928 539 in
955 481 1091 537 Caurt
1115 481 1353 544 aderant,
1383 495 1500 531 cum
1533 494 1720 546 aquam
1751 478 1802 530 itt
1841 474 2018 528 vinum
2042 488 2268 528 conver.

688 582 785 640 tit;
818 577 908 632 sed
942 575 1067 627 nihil
1095 573 1264 626 adhuc
1286 571 1405 623 inde
1428 570 1614 624 lucrati
1641 578 1785 622 sunt.
1816 566 1968 621 Unde
1999 582 2125 635 ergo
2165 567 2267 619 illis

691 677 830 723 tanta
883 665 1258 720 incredulitas?
1305 665 1377 716 Ex
1429 662 1562 715 mala
1609 661 1877 714 voluntate
1925 668 1978 712 et
2025 673 2088 713 ex
2136 656 2268 710 invi-

688 763 772 814 dia
800 758 872 827 (a)
900 775 912 810 :
938 773 1058 811 nam
1082 760 1319 827 COgnalis
1338 755 1424 824 qui
1451 751 1723 821 conspicui
1749 759 1891 814 sunt,
1916 751 2086 804 solent
2106 748 2263 802 etiam

687 853 889 923 cognati
923 869 1024 905 non
1059 852 1124 904 ita
1155 849 1421 917 conspicui
1461 847 1713 900 invidere.
1743 843 2012 910 Quosnam
2050 841 2133 894 hic
2158 839 2267 892 dis-

687 944 890 1012 cipulos
940 943 1153 997 dicunt?
1191 940 1423 996 Turbam
1454 945 1790 1007 sequentem,
1841 949 1945 987 non
1983 930 2260 986 duodecim

687 1038 824 1091 illos.
855 1034 990 1103 Quid
1016 1050 1141 1102 ergo
1169 1029 1446 1085 Christus?
1488 1028 1621 1082 Vide
1664 1040 1822 1096 quam
1868 1031 2142 1124 mansuete
2174 1036 2260 1074 re-

685 1129 961 1199 spondeat.
1001 1125 1180 1193 Neque
1219 1124 1358 1177 enim
1398 1121 1572 1174 dixit:
1604 1118 1702 1186 Qui
1732 1119 1860 1172 estis
1895 1130 2007 1181 vos,
2048 1118 2134 1183 qui
2177 1127 2260 1166 me

687 1218 1021 1273 hectoris-ilio
1048 1213 1288 1269 docetis?
1312 1211 1404 1266 sed
1429 1210 1594 1280 quid?
1623 1210 1676 1264 6.
1704 1206 1924 1277 Tempus
1948 1221 2110 1258 meum
2133 1219 2263 1256 non-

685 1313 803 1364 dum
832 1311 1046 1363 advenit.
1079 1309 1174 1362 llic
1201 1306 1326 1361 tnihi
1366 1304 1505 1360 aliud
1535 1303 1804 1373 quidpiam
1832 1297 2151 1354 subindicari
2179 1296 2258 1350 vi-

683 1406 854 1457 detur.
888 1401 1042 1455 Forte
1077 1402 1215 1454 enim
1247 1398 1440 1452 invidia
1480 1395 1608 1450 moti
1645 1395 1791 1449 illum
1821 1391 2016 1447 Iudaeis
2051 1387 2259 1442 tradere

683 1494 1108 1553 meditabantur;
1152 1492 1376 1559 ideoque
1421 1489 1473 1543 id
1515 1487 1795 1542 declarans
1839 1483 1988 1548 dicit,
2039 1479 2259 1550 Tempus

684 1603 844 1639 meum
881 1585 1102 1638 nondum
1129 1583 1345 1647 adrenit,
1388 1582 1438 1635 id
1466 1591 1563 1645 est,
1602 1591 1809 1648 tempus
1833 1576 2005 1630 crucis
2029 1583 2082 1629 et
2117 1587 2258 1628 mor-

683 1679 770 1731 tis.
801 1677 907 1731 Cur
936 1692 1019 1730 me
1050 1687 1172 1730 ante
1217 1685 1422 1742 tempus
1460 1671 1702 1726 occidere
1747 1665 2079 1738 properatis?
2112 1663 2257 1718 Tem-

683 1784 774 1836 pus
799 1778 961 1819 autem
985 1778 1200 1819 vestrum
1225 1779 1419 1833 semper
1448 1772 1681 1832 paratum
1708 1770 1798 1813 est.
1839 1759 1949 1813 Hoc
1985 1766 2067 1812 est
2100 1773 2112 1809 :
2151 1755 2257 1809 Vos

679 1857 868 1922 Judmi,
914 1857 1011 1911 etsi
1049 1871 1261 1924 semper
1298 1871 1422 1909 eum
1474 1854 1578 1909 illis
1619 1849 1925 1916 versemini,
1967 1861 2253 1916 numquam

678 1949 941 2012 occident,
985 1956 1163 2013 utpote
1198 1947 1384 2001 eadem
1424 1945 1744 2007 sentientes;
1786 1956 1871 1995 me
1910 1954 2036 1993 vero
2075 1939 2252 1992 statim

678 2038 921 2092 occidere
963 2038 1256 2090 tctttabtmt.
1302 2036 1481 2104 Itaque
1528 2035 1678 2088 vobis
1716 2047 1930 2100 semper
1973 2031 2096 2085 licet
2132 2044 2252 2082 cum

680 2132 784 2186 illis
811 2145 929 2185 esse
954 2131 1069 2183 sine
1099 2129 1330 2198 periculo
1360 2146 1374 2180 :
1403 2126 1528 2180 mihi
1573 2139 1701 2180 vero
1740 2135 1863 2177 tunc
1891 2134 2098 2189 tempus
2128 2121 2249 2183 erit,

677 2237 796 2274 cum
824 2218 1054 2289 crucifigi
1087 2231 1140 2273 et
1167 2219 1298 2272 tnori
1325 2215 1605 2286 oportebit.
1639 2214 1771 2269 Nam
1799 2213 1940 2283 quod
1965 2211 2064 2266 hoc
2091 2210 2251 2265 intel-

677 2314 804 2380 ligat
828 2327 889 2365 es
936 2310 1278 2372 sequentibus
1329 2309 1530 2376 liquet:
1563 2306 1617 2359 7.
1668 2303 1788 2358 Non
1831 2310 1990 2374 potest
2035 2301 2250 2354 mundus

676 2407 841 2457 odisse
872 2418 977 2456 vos.
1017 2401 1295 2466 Quomodo
1324 2400 1486 2461 enim,
1536 2398 1578 2452 si
1617 2397 1801 2452 eadem
1843 2394 2020 2459 vultis,
2060 2393 2248 2448 eadem

677 2493 1093 2564 persequitttitti?
1124 2491 1207 2546 Me
1245 2501 1408 2544 autem
1439 2491 1564 2553 odit,
1610 2489 1729 2556 quia
1773 2486 2084 2557 reprehendo
2114 2501 2247 2546 eunt,

674 2585 809 2652 quod
834 2586 968 2637 mala
991 2586 1089 2637 sint
1132 2598 1285 2651 opera
1328 2586 1475 2649 eius;
1505 2583 1603 2634 huc
1634 2588 1734 2642 est,
1767 2578 1898 2646 Quia
1929 2578 2245 2646 perstringo,

677 2678 794 2743 quia
831 2690 1014 2745 atguo,
1048 2673 1166 2728 ideo
1191 2673 1406 2727 odiosus
1435 2687 1570 2726 sum.
1598 2671 1729 2724 Hinc
1757 2670 2074 2732 ediscamus,
2104 2667 2252 2721 culti-

676 2764 901 2820 bendatn
931 2780 1049 2819 esse
1087 2765 1216 2818 iram
1246 2774 1300 2818 et
1337 2763 1771 2833 indignationem,
1805 2761 2010 2816 etiamsi
2052 2760 2247 2828 altjecti

670 2858 778 2911 sint
804 2859 890 2926 qui
921 2856 1045 2910 dant
1071 2856 1371 2910 consilium.
1403 2854 1529 2908 Nam
1553 2855 1596 2907 si
1623 2869 1726 2907 non
1754 2853 2083 2907 credentium
2116 2868 2245 2905 cott-

670 2948 844 3002 silium
873 2946 1117 3002 Christus
1151 2945 1421 3000 moderate
1453 2946 1588 3010 tttlit,
1630 2945 1836 2999 etiamsi
1875 2945 1960 2998 illa
1993 2944 2244 2999 consulc-

671 3049 809 3104 t'eut,
842 3055 956 3109 qua:
993 3055 1095 3094 non
1124 3037 1403 3101 decebant,
1442 3038 1601 3105 idque
1625 3051 1729 3091 neu
1761 3053 1824 3091 ex
1857 3037 1995 3090 bono
2025 3037 2242 3101 animo;

669 3148 830 3200 quant
855 3147 950 3186 nos
975 3145 1360 3200 consequemur
1395 3131 1625 3195 veniant,
1667 3132 1754 3201 qui
1790 3145 1975 3185 smnus
2015 3139 2151 3184 terra
2193 3140 2247 3184 et

667 3224 823 3286 ciuis,
861 3232 910 3276 et
941 3222 1277 3277 consulentes
1326 3221 1504 3290 iniquo
1530 3222 1708 3275 animo
1751 3221 1988 3284 ierimus,
2036 3221 2244 3275 etiamsi

665 3313 856 3380 abjecti
883 3323 936 3367 et
974 3313 1105 3366 viles
1135 3312 1347 3382 quidam
1389 3312 1494 3365 sint
1523 3313 1617 3378 illi,
1661 3326 1771 3366 rem
1820 3311 2084 3382 indignam
2126 3327 2244 3367 esse

666 3411 910 3470 putantes
931 3403 954 3443 ν
997 3402 1372 3456 Animadverte
1400 3417 1527 3471 ergo
1555 3417 1674 3457 eum
1702 3412 1894 3473 quanta
1941 3413 2244 3458 mansuetu-

664 3493 788 3548 dine
834 3491 1258 3546 criminationem
1304 3492 1596 3561 propulset.
1652 3493 1782 3546 Nam
1834 3509 1953 3546 cum
2004 3493 2244 3548 dicerent

665 3587 760 3650 illi,
794 3585 1066 3652 Manifesta
1095 3586 1305 3656 teipsum
1327 3585 1516 3639 mundo
1533 3602 1553 3649 ;
1582 3586 1868 3654 respondet
1897 3605 1909 3639 :
1941 3585 2061 3639 Non
2084 3598 2244 3654 potest

664 3680 880 3733 mundus
907 3679 1067 3731 odisse
1091 3694 1195 3741 vos,
1225 3695 1302 3731 me
1343 3687 1505 3731 autem
1552 3680 1701 3740 odit;
1743 3694 1926 3733 eorum
1967 3679 2244 3748 dcpellens

662 3772 1075 3826 accusationem.
1110 3770 1334 3824 Tantum
1365 3771 1534 3836 abest,
1569 3772 1756 3840 inquit,
1795 3782 1850 3825 ut
1878 3789 2109 3841 quaeram
2140 3773 2239 3827 lio-

662 3865 861 3917 tninum
912 3863 1153 3932 gloriam,
1208 3873 1264 3916 ut
1313 3852 1417 3917 lion
1474 3862 1629 3918 linem
1681 3864 1868 3919 faciam
1917 3868 2237 3936 coargucudi

660 3954 820 4019 illos;
849 3954 1054 4008 etiamsi
1097 3954 1333 4009 noverim
1364 3955 1491 4008 mihi
1525 3955 1644 4009 hinc
1674 3965 1726 4010 et
1763 3957 1940 4011 odium
1963 3968 2016 4011 et
2051 3975 2236 4014 necem

659 4047 920 4115 apparari.
955 4046 1019 4100 Et
1057 4047 1162 4112 ubi,
1207 4047 1430 4118 inquies,
1478 4051 1714 4119 coarguit
1747 4052 1877 4104 eos?
1917 4051 2026 4107 lmo
2069 4070 2236 4122 quan-

659 4137 850 4190 donam
900 4136 999 4191 hoc
1043 4136 1216 4193 facere
1249 4139 1519 4193 cessavit?
1568 4156 1747 4196 nonne
1787 4142 2016 4209 dicebat,
2062 4144 2237 4200 Nolite

659 4238 838 4296 putare
864 4229 980 4298 quia
1006 4245 1090 4283 vos
1116 4241 1444 4285 accusaturus
1471 4247 1580 4285 sum
1599 4234 1739 4302 apud
1769 4232 1974 4289 Patrem
2004 4253 2020 4289 :
2049 4248 2120 4290 est
2151 4240 2236 4307 qui

657 4331 859 4375 accusat
881 4339 964 4375 vos
995 4321 1228 4393 Moyses;
1256 4333 1328 4389 et,
1358 4324 1465 4394 Ego
1494 4327 1702 4394 cognovi
1729 4341 1835 4387 vos,
1859 4329 1976 4395 quia
2005 4330 2235 4383 dilectio-

659 4433 771 4467 nem
801 4414 890 4467 Dei
921 4431 1020 4467 non
1063 4416 1287 4477 habetis;
1324 4425 1396 4480 et,
1449 4415 1715 4481 Quomodo
1757 4420 1962 4487 potestis
2008 4423 2231 4488 credere,

658 4508 740 4574 qui
785 4507 996 4574 glorimn
1023 4507 1085 4558 ab
1110 4507 1391 4561 hominibus
1438 4509 1682 4577 accipitis,
1715 4520 1760 4563 et
1793 4511 2026 4580 gloriam,
2067 4531 2179 4582 qua:
2201 4532 2233 4569 α

656 4595 763 4649 solo
791 4593 898 4647 Deo
926 4604 1018 4656 est,
1049 4612 1146 4648 non
1176 4597 1438 4667 quaeritis?
1475 4597 1661 4652 Vidcn’
1691 4601 1958 4669 quomodo
1989 4618 2083 4672 per
2118 4619 2232 4658 om-

657 4689 740 4739 nia
770 4685 1082 4748 ostenderit,
1129 4687 1308 4740 odium
1350 4688 1631 4742 adversum
1662 4705 1720 4744 se
1759 4705 2062 4763 susceptum
2109 4696 2232 4750 inde

655 4785 830 4830 ortum
861 4791 1000 4837 esse,
1031 4776 1172 4844 quod
1205 4778 1344 4844 ipsos
1375 4778 1538 4833 libere
1561 4779 1923 4849 redargueret,
1957 4799 2064 4838 non
2087 4788 2230 4855 quod

655 4867 930 4922 sabbatum
958 4866 1232 4920 solveret?
1256 4866 1363 4922 Cur
1399 4880 1574 4924 autem
1607 4869 1722 4924 illus
1752 4872 1815 4925 ad
1850 4872 2038 4927 festum
2071 4877 2232 4931 tnittit

653 4959 838 5012 dicens
868 4957 966 5011 :8.
1028 4956 1122 5011 l’os
1168 4958 1418 5012 ascendite
1468 4960 1536 5012 ad
1579 4960 1709 5014 diem
1761 4965 1957 5026 festum,
1995 4982 2086 5034 egc
2131 4984 2230 5022 non

654 5049 920 5102 ascendam
946 5049 1161 5102 adhuc?
1193 5049 1258 5104 Ut
1290 5051 1531 5105 ostendat
1560 5066 1617 5108 se
1649 5068 1751 5108 non
1791 5056 1878 5108 illa
1916 5056 2137 5121 dixisse,
2169 5076 2230 5113 se

654 5139 936 5192 excusandi
970 5139 1050 5193 vel
1080 5139 1327 5193 adulandi
1353 5155 1532 5205 causa,
1569 5142 1661 5197 sed
1689 5154 1743 5197 ut
1775 5147 2105 5214 permitteret
2133 5148 2230 5203 Ju-

653 5229 834 5282 daicos
864 5244 1077 5285 servare
1105 5231 1254 5286 ritus.
1277 5230 1385 5286 Cttr
1405 5247 1532 5304 ergo
1552 5235 1808 5299 ascendit,
1834 5252 1953 5292 cum
1982 5240 2222 5307 dixisset,

655 5319 776 5372 Non
803 5321 1066 5372 ascendam
1084 5321 1108 5375 2
1128 5318 1242 5376 Νοη
1268 5322 1400 5376 dixit
1421 5323 1758 5394 simpliciter,
1778 5326 1892 5381 Non
1911 5332 2224 5398 ascendam;

652 5410 743 5463 sed
762 5409 925 5467 addit.
953 5407 1007 5462 Ν
1012 5427 1128 5474 unc,
1158 5411 1205 5463 id
1231 5421 1330 5474 est,
1354 5415 1656 5480 vobiscum;
1689 5416 1822 5483 Quia
1853 5429 2046 5490 tempus
2062 5440 2226 5477 meum

655 5499 872 5552 nondum
899 5500 1157 5569 impletum
1183 5511 1276 5555 est.
1307 5504 1463 5571 Atqui
1492 5506 1541 5557 in
1565 5508 1812 5574 proximo
1834 5508 2090 5566 Paschatc
2112 5529 2226 5568 cru-

649 5589 941 5659 ciﬁgeudus
963 5602 1098 5647 erat.
1129 5592 1234 5648 Cur
1263 5609 1390 5664 ergo
1415 5611 1519 5650 non
1551 5598 1662 5668 ipse
1695 5601 1974 5655 ascendit?
2001 5604 2055 5658 Si
2081 5608 2220 5662 enim

706 5699 788 5763 tu)
815 5701 944 5767 Quod
961 5715 1077 5767 vero
1098 5705 1298 5767 taeobtts
1327 5702 1477 5754 frater
1501 5709 1685 5757 Domini
1711 5723 1772 5758 ex
1795 5724 1999 5762 numero
2023 5711 2220 5767 fratrum

649 5775 746 5815 non
776 5762 1083 5813 dedentium
1105 5765 1265 5826 tuerit,
1294 5769 1460 5818 nescio
1477 5783 1538 5818 an
1559 5770 1680 5821 alius
1698 5774 1934 5836 quispiam
1957 5762 2154 5828 dixerit.

3849 373 3952 430 ετξ

2381 487 2485 524 non
2518 472 2937 542 ascendit,qttod
2967 477 3199 530 nondum
3229 486 3433 545 tempus
3464 493 3624 545 esset,
3664 501 3766 541 non
3798 506 3954 557 opor.

2378 563 2518 614 tehat
2545 564 2763 619 omnino
2787 566 3100 619 ascendere.
3125 566 3318 620 \‘erutn
3359 584 3460 622 non
3493 573 3608 626 ideo
3639 579 3875 632 ascendit
3903 591 3954 634 ut

2379 664 2664 718 pateretur.
2694 655 2788 710 sed
2829 667 2884 710 ttt
2924 659 3044 712 illos
3080 660 3332 716 erndiret.
3375 663 3482 716 Cur
3508 666 3645 720 clam
3685 673 3954 726 ascendit!

2373 741 2502 796 Nam
2531 754 2737 813 poterat
2765 747 2935 815 palam
2960 749 3250 804 ascendere
3276 760 3328 804 et
3357 751 3407 804 in
3433 755 3608 808 medio
3638 758 3953 822 consistere,

2372 837 2766 908 violentutnque
2806 840 3012 894 illorum
3067 844 3321 911 intpetum
3370 860 3658 913 coercere,
3719 859 3777 904 ttt
3816 869 3956 922 sape

2373 929 2514 982 fecit.
2539 930 2641 984 Sed
2665 931 2876 985 nolebat
2902 933 2950 986 id
2976 933 3301 1003 frequentius
3329 935 3525 992 facere.
3557 939 3686 994 Nam
3710 943 3755 996 si
3786 945 3955 1012 palam

2369 1020 2714 1084 ascendisset,
2747 1037 3038 1091 rursustpte
3065 1025 3184 1078 illos
3209 1029 3358 1095 quasi
3386 1043 3559 1083 caecos
3579 1033 3953 1100 continuisset,

2368 1110 2695 1166 divinitatem
2728 1127 2879 1167 suam
2909 1116 3105 1169 elatius
3134 1117 3467 1173 exhibuisset
3495 1131 3617 1176 ante
3641 1133 3871 1194 tempus,
3901 1138 3951 1181 ct

2369 1204 2536 1273 magis
2576 1204 2698 1258 inde
2729 1207 3017 1260 revelasset
3062 1223 3202 1264 cam.
3250 1209 3379 1265 Cum
3413 1228 3541 1266 vero
3591 1227 3839 1285 putarent
3882 1222 3951 1274 illi

2367 1290 2539 1359 ipsum
2571 1305 2713 1346 metu
2744 1294 2988 1357 detineri.
3036 1310 3220 1352 contra
3271 1302 3505 1356 ostendit
3545 1319 3604 1359 se
3642 1316 3696 1360 et
3730 1307 3948 1365 tidcutct

2363 1395 2418 1435 et
2448 1384 2737 1451 prudenter
2758 1401 2936 1455 agerc,
2967 1397 3020 1442 et
3041 1403 3260 1458 gnarum
3291 1393 3545 1460 temporis
3566 1411 3672 1465 quo
3701 1413 3952 1466 passurus

2364 1485 2546 1539 esset;
2577 1477 2667 1530 illo
2695 1478 3029 1545 adveniente,
3060 1496 3119 1535 se
3148 1483 3286 1536 ultro
3308 1483 3694 1557 Jcrosolymam
3728 1505 3950 1547 conces-

2363 1580 2544 1621 surutn
2578 1584 2718 1623 esse.
2756 1571 2877 1624 Mihi
2909 1589 3068 1641 porro
3107 1575 3315 1630 videtur
3344 1577 3498 1646 illud,
3539 1579 3640 1635 Vos
3670 1587 3947 1651 ascendite,

2364 1656 2466 1712 hoc
2493 1659 2592 1713 sibi
2640 1661 2774 1715 velle
2803 1683 2815 1716 :
2842 1661 2920 1718 Ne
2955 1665 3149 1732 putetis
3175 1681 3262 1722 me
3292 1683 3386 1723 vos
3415 1685 3609 1740 cogere
3654 1685 3708 1728 ut
3743 1693 3950 1732 meeum

2362 1746 2508 1801 inviti
2541 1745 2802 1805 maneatis
2833 1770 2848 1808 :
2876 1764 3190 1810 eumatttetn
3214 1757 3379 1823 addit,
3413 1758 3658 1816 Nondum
3683 1766 3951 1835 impletum

2360 1847 2429 1891 est
2457 1848 2650 1909 tempus
2681 1859 2865 1909 meutn,
2897 1844 2996 1898 hoc
3023 1847 3341 1914 significare,
3373 1851 3513 1920 quod
3553 1855 3761 1911 scilicet
3787 1873 3950 1928 Opor-

2361 1937 2465 1982 tcat
2497 1931 2644 1999 signa
2672 1927 2803 1998 fieri,
2839 1944 2893 1989 et
2912 1939 3198 1992 conciones
3228 1937 3434 2008 haberi,
3470 1944 3537 1998 ita
3569 1955 3625 1999 ut
3653 1963 3715 2001 ex
3753 1927 3952 2020 populo

2361 2020 2528 2073 multo
2553 2023 2728 2089 plures
2748 2027 3051 2094 crederent,
3076 2039 3130 2084 et
3154 2028 3398 2100 discipuli
3422 2034 3666 2092 videntes
3687 2052 3947 2096 constan-

2360 2110 2486 2164 tiam
2517 2113 2869 2185 liduciamque
2897 2119 3126 2188 Magistri
3156 2124 3259 2186 sui,
3289 2134 3448 2194 atque
3474 2141 3566 2182 eos
3588 2145 3722 2198 quos
3754 2149 3945 2199 passus

2356 2211 2435 2255 est
2461 2205 2747 2270 cruciatus,
2774 2208 3038 2266 ﬁrmiores
3068 2214 3377 2273 evaderent.

2426 2294 2480 2348 '5.
2525 2295 2818 2368 Benignitas
2861 2302 3051 2357 Christi
3094 2306 3360 2362 imitanda.
3385 2311 3542 2365 —Ex
3587 2327 3746 2382 supra
3789 2316 3948 2370 dictis

2357 2402 2518 2456 porro
2561 2392 2676 2458 ejus
2724 2391 3100 2464 benignitatem
3141 2408 3194 2451 et
3224 2403 3685 2459 mansuetudinem
3731 2409 3946 2463 edisca-

2356 2495 2474 2533 mus
2508 2498 2520 2534 :
2556 2481 2741 2537 Discite
2778 2503 2808 2538 α
2859 2505 2955 2555 me,
2988 2492 3108 2559 quia
3148 2493 3283 2546 mitis
3313 2510 3425 2548 sum
3468 2506 3516 2550 et
3553 2497 3763 2553 humilis
3794 2503 3948 2556 corde

2356 2570 2581 2640 (Matth.
2619 2575 2705 2629 il.
2737 2576 2844 2648 29)
2871 2595 2884 2632 :
2916 2594 3238 2650 omnemque
3269 2586 3610 2642 acerbitatem
3653 2595 3938 2647 exscinda-

2354 2677 2492 2716 mus.
2526 2663 2580 2718 Si
2621 2666 2741 2735 quis
2770 2670 2924 2724 nobis
2960 2671 3312 2741 insultaverit,
3365 2692 3462 2731 nos
3509 2679 3783 2737 humiliter
3819 2701 3941 2754 aga-

2353 2768 2504 2819 mus;
2538 2756 2580 2808 si
2620 2759 2740 2826 quis
2781 2759 3032 2817 ferociter
3069 2767 3255 2835 egerit,
3309 2769 3478 2836 ipsum
3518 2773 3868 2844 mitigemus;
3897 2782 3942 2834 si

2351 2847 2720 2917 momorderit,
2755 2853 3046 2910 traduxerit
3086 2867 3139 2912 et
3178 2859 3446 2929 deriserit,
3495 2880 3561 2918 ne
3598 2868 3940 2940 dcjiciatnnr,

2352 2953 2486 2994 neve
2515 2942 2683 2996 vicem
2713 2947 3009 3014 rependere
3029 2953 3286 3020 aggressi,
3330 2971 3427 3008 nos
3459 2959 3600 3026 ipsos
3629 2963 3942 3029 perdamus.

2350 3028 2486 3084 Ferat
2517 3033 2713 3102 quippe
2752 3045 2834 3090 est
2875 3038 2971 3104 ira,
3008 3039 3116 3095 l'era
3144 3045 3433 3099 vehemens
3457 3060 3509 3102 et
3533 3028 3753 3106 ardens.
3799 3057 3946 3112 Can-

2354 3130 2524 3176 temus
2569 3124 2747 3194 itaque
2799 3129 2952 3185 nobis
2994 3131 3186 3188 divinae
3233 3134 3522 3207 Scriptura:
3569 3146 3830 3211 carmina,
3888 3163 3940 3205 et

2349 3210 2588 3267 dicantus
2621 3231 2634 3267 :
2663 3216 2824 3293 Tgrra
2846 3228 2900 3273 et
2928 3222 3062 3276 cinis
3083 3239 3140 3277 es
3167 3225 3316 3295 (Gen.
3350 3231 3400 3283 5.
3437 3232 3550 3305 19),
3584 3234 3723 3301 Quid
3757 3256 3940 3308 super-

2349 3303 2420 3355 bit
2448 3315 2580 3358 terra
2603 3316 2649 3360 et
2687 3309 2815 3362 cinis
2842 3309 2948 3376 (Ib.
2980 3314 3065 3368 i8.
3095 3314 3186 3368 27.
3216 3316 3374 3372 Eccli.
3415 3303 3513 3376 l0.»
3532 3324 3587 3393 9)
3609 3327 3632 3378 τ
3657 3335 3731 3393 et,
3766 3303 3940 3396 ltitpe~

2348 3404 2427 3447 tus
2459 3396 2567 3461 irai,
2595 3398 2742 3450 ruina
2777 3410 2847 3453 est
2877 3401 2955 3454 illi
2983 3403 3170 3472 (Eccli.
3199 3407 3250 3461 1.
3290 3408 3380 3463 28.
3425 3410 3554 3476 22);
3589 3424 3664 3479 et,
3721 3417 3812 3471 Vir
3839 3423 3939 3474 imo

2347 3486 2562 3550 candus,
2599 3506 2695 3542 non
2727 3494 2978 3548 modestus
3007 3506 3080 3549 est
3119 3496 3297 3569 (Prov.
3329 3502 3415 3556 ll.
3459 3503 3572 3574 25).
3619 3507 3760 3564 Nihil
3793 3514 3940 3567 enim

2350 3580 2555 3648 turpius
2574 3582 3103 3656 furibundoaspecttt,
3125 3591 3252 3645 nihil
3273 3593 3703 3666 ingratius.Quod
3720 3604 3764 3656 si
3784 3619 3940 3675 aspc~

2346 3679 2454 3735 ctu,
2497 3673 2663 3728 multo
2688 3678 2856 3746 magis
2889 3678 3086 3735 animo.
3117 3684 3573 3749 Quemadmodum
3613 3694 3757 3748 enim
3791 3673 3939 3752 coin-

2344 3772 2488 3818 moto
2515 3781 2670 3821 caeno
2696 3767 2854 3824 lictor
2882 3771 3170 3828 cllunditur
3207 3794 3220 3830 :
3255 3778 3332 3833 sic
3354 3781 3536 3837 animo
3561 3783 3635 3839 ira
3666 3799 3934 3858 permoto,

2343 3858 2506 3911 multa
2536 3861 2741 3916 orietur
2771 3865 3041 3934 turpitudo
3065 3875 3118 3922 et
3145 3869 3409 3926 molestia.
3439 3874 3527 3940 At,
3563 3876 3791 3946 inquies,
3827 3899 3936 3938 non

2343 3946 2456 4002 fero
2498 3953 2880 4008 contumeliam
2906 3956 2974 4010 ab
3002 3958 3230 4014 inimicis
3273 3961 3496 4017 illatam.
3544 3965 3696 4021 Cur?
3724 3986 3934 4041 qua-so.

2341 4039 2472 4096 Nam
2505 4044 2549 4097 si
2579 4059 2704 4099 vere
2730 4045 2878 4110 dicit,
2909 4049 3068 4103 etiam
3096 4065 3277 4108 coram
3324 4054 3415 4109 illo
3444 4039 3934 4134 compungiopor-

2344 4140 2499 4197 teret,
2542 4143 2594 4188 et
2620 4136 2842 4204 gratiam
2876 4140 2975 4207 ipsi
3005 4141 3236 4209 habere;
3281 4145 3362 4198 sin
3395 4161 3522 4201 vero
3565 4153 3844 4220 mentitur,
3881 4156 3932 4210 id

2341 4234 2644 4281 contemne.
2697 4228 2991 4297 Paupcrem
3046 4234 3239 4287 vocat?
3287 4235 3442 4291 Ride.
3500 4240 3792 4309 ignobilem
3847 4249 3932 4303 vel

2341 4315 2560 4369 stultum
2591 4319 2857 4388 appellat?
2899 4321 3190 4390 lngetnisce
3217 4341 3311 4395 pro
3337 4327 3447 4383 illo.
3479 4329 3632 4398 Nam,
3677 4335 3780 4401 Qui
3806 4339 3932 4393 dicit

2340 4407 2489 4474 fratri
2530 4423 2644 4474 suo,
2691 4409 2878 4478 Fatue,
2910 4430 3022 4467 reus
3065 4417 3158 4469 erit
3196 4419 3437 4488 geltennte
3459 4423 3592 4493 ignis
3622 4426 3841 4496 (Matth.
3873 4433 3928 4488 5.

2339 4495 2452 4564 22).
2486 4498 2543 4552 Si
2571 4503 2948 4558 contumeliam
2981 4505 3195 4574 inierat,
3227 4513 3401 4581 cogita
3430 4495 3753 4585 supplicium
3784 4521 3930 4592 quod

2337 4586 2510 4658 ipsum
2555 4601 2754 4657 manet,
2791 4609 2889 4648 nec
2935 4597 3099 4653 modo
3137 4599 3271 4654 iram
3299 4602 3596 4673 cohibebis,
3636 4611 3730 4666 sed
3762 4586 3928 4670 eiiam

2337 4679 2599 4750 lacrymas
2644 4683 2906 4739 ell‘undes.
2952 4686 3137 4760 Neque
3181 4693 3322 4747 enim
3366 4696 3605 4753 irritatur
3657 4704 3928 4777 quispiam

2338 4783 2520 4827 contra
2557 4775 2975 4848 febricitantem,
3007 4792 3097 4836 aut
3117 4795 3271 4840 acuto
3294 4789 3481 4844 morbo
3511 4775 3923 4861 inﬂammatum.

2338 4863 2428 4916 sed
2458 4866 2658 4921 similes
2704 4869 2849 4924 viros
2877 4872 3161 4930 miseratur
3192 4885 3248 4934 et
3292 4877 3554 4958 deplqrat.
3609 4885 3927 4956 llujustnodi

2337 4966 2416 5009 est
2443 4956 2560 5010 irati
2588 4961 2816 5015 animus.
2833 4962 2937 5018 Sed
2959 4965 3002 5019 si
3031 4967 3109 5021 vis
3133 4977 3183 5024 te
3201 4971 3401 5036 ulcisci,
3424 4956 3563 5044 tace,
3589 4989 3642 5033 et
3659 4996 3928 5052 apportuo

2336 5061 2455 5100 nam
2479 5049 2576 5118 ipsi
2600 5051 2809 5121 plagam
2830 5055 3056 5127 iulliges.
3081 5059 3172 5114 Sin
3199 5070 3575 5124 contumeliam
3598 5049 3927 5136 contumelia

2334 5137 2590 5206 depellas,
2622 5142 2794 5211 ignem
2820 5150 3162 5204 succendisti.
3186 5153 3274 5220 At,
3304 5157 3529 5227 inquies,
3557 5163 3601 5216 si
3627 5176 3925 5240 taceamus,

2335 5229 2507 5296 pusilli
2539 5233 2700 5287 animi
2737 5250 3043 5306 arguemur.
3068 5241 3185 5297 Non
3215 5253 3265 5298 te
3296 5249 3470 5316 pusilli
3511 5255 3670 5310 animi
3700 5229 3926 5317 accusa:

2333 5318 2481 5384 bunt,
2510 5323 2603 5377 sed
2635 5327 3023 5399 pltilosomtiam
3055 5343 3198 5389 tuam
3227 5339 3576 5399 mirabuntur.
3607 5347 3662 5401 Si
3695 5365 3827 5407 vero
3857 5370 3924 5409 es

2332 5416 2645 5469 contumelia
2695 5419 3062 5489 intlammeris,
3115 5426 3290 5482 locum
3331 5431 3484 5488 dabis
3532 5441 3751 5505 putandi
3795 5459 3927 5500 vcta

2330 5520 2448 5557 05:0
2472 5522 2591 5577 qua:
2620 5510 2963 5580 objiciuntur.
2991 5517 3118 5580 Cur.
3150 5534 3353 5589 quzcso,
3385 5525 3524 5581 ridet
3553 5528 3710 5588 dives
3746 5538 3838 5605 qui
3866 5554 3927 5593 se

2333 5612 2617 5664 pauperem
2645 5607 2896 5672 appellari
2922 5609 3068 5663 audit
3087 5612 3110 5664 ?
3129 5627 3304 5669 annon
3328 5617 3448 5688 quia
3476 5620 3589 5689 ipse
3616 5627 3715 5680 scit
3734 5643 3793 5683 se
3815 5646 3923 5685 non

2329 5702 2446 5743 esse
2475 5697 2796 5760 pauperem?
2824 5698 2894 5753 lla
2924 5710 2976 5754 et
3001 5716 3098 5756 nos
3120 5704 3164 5758 si
3186 5704 3252 5759 de
3271 5713 3608 5766 contumeliis
3627 5715 3918 5784 rideamus,

2331 5779 2430 5835 hoc
2471 5798 2838 5857 argumentum
2882 5793 2982 5848 crit
3018 5795 3333 5867 maximum,
3377 5815 3475 5857 nos
3513 5804 3633 5860 talis
3669 5808 3748 5862 rei
3793 5827 3920 5865 con-
