4164 6324
218 342 323 397 εῒΊ

225 457 364 511 scius
390 450 553 505 nobis
582 461 688 502 non
712 456 848 498 esse.
884 436 963 491 Ad
990 434 1105 488 hinc
1130 441 1407 500 quousque
1437 424 1710 479 hominum
1736 436 1830 474 ac-

226 545 537 602 cusationes
577 530 914 593 metuemus?
958 535 1237 598 quousque
1265 530 1605 574 communem
1649 510 1832 567 Domi-

228 653 351 693 num
378 632 767 702 despiciemus,
798 631 853 678 et
872 618 1020 676 carni
1053 610 1369 684 afligemur?
1399 608 1527 664 Cum
1547 606 1681 660 enim
1704 605 1833 657 inter

229 743 309 781 ros
336 727 402 780 sit
432 720 691 777 contentio
730 725 777 770 et
805 710 1065 767 wntulutio
1090 716 1136 761 ct
1165 702 1459 763 seditiones,
1508 712 1675 752 nonne
1714 710 1830 749 car-

229 819 367 871 nales
396 814 517 868 estis
576 811 654 883 (1.
703 806 819 863 Cor.
868 804 924 857 3.
966 800 1057 869 δη
1098 796 1279 852 Simus
1326 806 1456 862 ergo
1492 786 1830 883 spirituales,

228 910 366 963 hanc
396 874 751 961 deterrimam
791 895 959 950 feram
992 889 1283 945 fronemus.
1320 884 1459 937 Iram
1490 880 1629 934 inter
1654 884 1711 932 et
1748 874 1831 928 fu-

231 1014 411 1055 rorem
458 996 664 1051 nullum
710 987 1037 1047 discrimen;
1084 979 1178 1034 sed
1220 974 1573 1045 temporarius
1615 967 1829 1039 quidam

229 1096 446 1148 diunon
477 1100 590 1152 est;
620 1088 729 1140 imo
766 1077 1097 1136 dmmoniaoo
1136 1070 1306 1143 pejor.
1332 1067 1465 1122 Nam
1501 1062 1833 1119 dmmoniaco

226 1186 376 1241 venia
406 1182 592 1243 datur;
625 1172 913 1230 iracundus
948 1176 1128 1222 autem
1157 1162 1305 1219 mille
1332 1156 1607 1228 suppliciis
1641 1153 1831 1223 dignus

222 1280 345 1337 erit,
376 1272 471 1343 qui
509 1242 800 1336 sesponte
843 1262 895 1316 in
940 1255 1192 1329 perniciei
1246 1248 1495 1306 barathro
1529 1242 1821 1343 deiicit,'et

224 1332 351 1420 ante
375 1332 609 1418 futuram
631 1332 932 1427 gehennam
965 1348 1051 1402 hic
1088 1345 1197 1413 jam
1229 1354 1426 1412 panos
1444 1338 1575 1392 dare
1605 1332 1829 1401 incipit:

1195 316 1262 374 IN
1300 311 1611 371 JOANNEN
1650 306 1880 364 HOMIL.
1923 307 2107 363 XLIX.
2149 306 2220 363 al.
2264 307 2491 365 XLVIII".

3438 304 3544 362 271

1946 423 2071 480 dum
2101 420 2347 481 tumultu
2366 434 2623 497 perpetuo
2654 431 2707 480 ct
2733 432 2867 479 mstu
2912 420 3234 478 intolerabili
3265 420 3546 489 cogitatio-

1943 534 2069 573 num
2116 528 2271 573 nocte
2298 518 2490 587 dieque
2532 516 2852 586 csagitatur.
2886 513 2956 571 Ut
2996 514 3174 583 itaque
3204 522 3258 567 et
3288 513 3541 583 praesenti

1941 612 2201 682 supplicio
2230 620 2284 666 et
2313 612 2485 665 futura
2521 609 2752 663 vindicta
2782 622 2882 662 nos
2907 606 3223 669 liberemus,
3256 602 3360 659 hoc
3386 602 3543 673 pulso

1942 705 2103 760 animi
2154 702 2362 767 morbo,
2401 716 2617 757 onmem
2659 699 3007 755 exhibeamus
3046 694 3539 757 mansuetudinem,

1944 805 2001 851 ut
2027 796 2263 866 requiem
2300 791 2583 847 animabus
2612 790 2811 846 nostris
2837 787 3170 843 inveniamus
3198 793 3255 840 et
3291 784 3378 839 hic
3407 792 3461 839 et
3488 783 3539 837 in

1941 902 2106 958 regno
2144 886 2431 949 calorum;
2486 882 2628 953 quod
2679 882 2886 937 utinam
2924 893 3115 935 omnes
3164 888 3535 946 assequamur,

1940 980 2105 1051 gratia
2151 988 2207 1033 et
2261 975 2588 1046 benignitate
2635 971 2846 1028 Domini
2902 970 3071 1025 nostri
3114 967 3244 1023 Jesu
3297 965 3532 1028 Christi,

1942 1088 2036 1143 per
2064 1086 2221 1142 quem
2276 1078 2332 1124 et
2380 1083 2501 1124 cum
2546 1080 2653 1137 quo
2695 1064 2840 1120 Patri
2888 1062 3056 1133 gloria
3107 1058 3374 1128 simulque
3422 1055 3540 1123 Spi.

1941 1164 2063 1217 ritui
2096 1168 2301 1226 sancto,
2343 1174 2486 1214 nunc
2532 1166 2587 1212 et
2632 1170 2868 1225 semper,
2910 1163 2973 1209 et
3010 1153 3061 1206 in
3091 1148 3287 1205 smeula
3314 1145 3542 1204 saculo-

1946 1275 2083 1315 rum.
2116 1260 2306 1313 Amen.

1606 1494 1953 1560 HOMILIA
1999 1489 2228 1551 XLIX.

219 1654 351 1711 Cui.
383 1653 439 1707 7.
471 1666 524 1704 ν.
548 1648 601 1703 9.
634 1644 761 1700 Hac
786 1656 901 1694 cum
933 1636 1153 1691 dixisset
1172 1631 1274 1685 illis
1298 1628 1526 1696 ,mansit
1574 1624 1628 1677 in
1676 1619 1822 1674 Gali-

296 1750 417 1799 Itea.
445 1743 534 1796 10.
581 1737 650 1795 ω
678 1745 846 1789 autem
874 1728 1205 1783 ascenderunt
1242 1725 1424 1794 fratres
1466 1720 1595 1781 eius,
1630 1725 1748 1767 tunc
1776 1723 1823 1765 et

294 1837 406 1905 ipse
448 1830 669 1886 ascendit
720 1825 791 1879 ad
830 1824 962 1877 diem
1003 1821 1208 1889 festum,
1253 1828 1354 1867 non
1400 1806 1684 1876 manifeste,
1734 1803 1823 1857 sed

293 1925 445 1996 quasi
465 1925 517 1977 in
550 1919 768 1976 occulto.

294 1989 348 2073 1.
374 2016 605 2073 Christus
635 2012 857 2065 humano
899 2019 1038 2059 more
1065 2003 1233 2055 virens
1273 1995 1500 2052 homines
1534 1992 1713 2046 docere
1742 1989 1822 2043 in-

221 2110 403 2165 tendit.
437 2107 539 2161 Cur
563 2102 794 2161 Christus
814 2099 899 2166 qui
923 2095 1096 2168 palam
1120 2106 1314 2162 semper
1342 2084 1655 2155 loquebatur,
1687 2096 1823 2134 nunc

215 2205 270 2256 in
316 2200 517 2255 occulto
548 2188 1023 2263 loquitur.—Qu:c
1063 2186 1298 2237 humano
1338 2192 1489 2233 more
1534 2192 1563 2229 a
1607 2172 1821 2228 Christo

219 2296 625 2363 dispensautur,
658 2302 764 2341 non
798 2284 918 2338 ideo
967 2288 1170 2334 tantum
1214 2276 1347 2328 limit
1394 2282 1450 2325 ut
1499 2267 1822 2325 incarnatio-

224 2357 347 2444 nem
377 2385 722 2442 confirment,
756 2375 849 2431 sed
881 2372 1041 2429 etiam
1070 2378 1129 2423 ut
1158 2382 1256 2422 nos
1285 2365 1351 2418 ad
1380 2364 1630 2417 virtutem
1665 2357 1821 2413 insti-

220 2489 393 2535 tuant.
440 2476 503 2532 Si
528 2474 670 2531 enim
696 2470 880 2525 omnia
907 2474 1178 2533 tamquam
1224 2460 1362 2513 Deus
1408 2455 1641 2518 fecisset,
1690 2464 1826 2520 quo-

219 2571 387 2626 modo
436 2576 716 2638 possemus
760 2574 878 2623 nos,
930 2570 1051 2610 cum
1103 2553 1309 2621 ingrata
1362 2546 1644 2606 accidunt,
1695 2540 1822 2612 quid

220 2635 529 2719 facit-udum
558 2657 627 2711 sit
657 2649 937 2710 ediSCere?
964 2656 1022 2701 ut
1057 2643 1205 2699 verbi
1255 2640 1421 2712 gratia
1464 2638 1566 2692 hoc
1593 2638 1645 2690 in
1677 2635 1820 2699 loco,

217 2756 261 2807 si
292 2750 499 2805 Judu'is
527 2760 712 2801 necem
752 2738 1097 2812 spirantibus,
1149 2734 1201 2787 in
1244 2730 1478 2786 medium
1525 2724 1823 2798 procedens

218 2846 404 2901 statim
450 2854 638 2895 eorum
687 2837 942 2904 impetum
995 2828 1344 2884 coercuisset.
1389 2822 1443 2877 Si
1498 2822 1676 2891 itaque
1721 2817 1822 2872 hoc

218 2935 443 2991 assidue
475 2931 709 2991 fecisset,
740 2914 841 2980 nos
887 2924 939 2977 in
969 2919 1159 2975 eadem
1208 2915 1528 2977 inridentes,
1557 2928 1677 2966 cum
1713 2924 1818 2965 non

219 3039 506 3099 ptissemus
552 3021 695 3076 idem
743 3012 1021 3088 pnestare,
1067 3008 1338 3082 quomodo
1382 3006 1642 3062 sciremus
1693 3002 1818 3074 quid

215 3094 485 3191 agendum
513 3112 695 3169 esset?
723 3122 900 3166 utrum
926 3105 1062 3177 mori
1085 3108 1375 3174 Oporteret,
1405 3114 1473 3153 an
1498 3095 1641 3151 aliud
1667 3094 1819 3165 quid-

216 3186 359 3283 piam
394 3205 698 3279 providere,
746 3213 801 3255 ut
844 3211 1024 3253 sermo
1078 3190 1429 3263 procederet?
1477 3188 1609 3255 Quia
1661 3186 1819 3257 igitur

214 3277 338 3369 nos,
372 3277 465 3371 qui
496 3300 607 3369 pari
654 3301 919 3365 potestate
966 3286 1173 3371 prarditi
1214 3299 1319 3338 non
1364 3294 1571 3340 sumus,
1602 3277 1730 3349 quid
1763 3281 1815 3332 in

213 3368 457 3451 medium
486 3368 741 3460 ingressis
770 3368 1068 3438 faciendum
1101 3384 1247 3431 esset
1272 3390 1375 3427 non
1402 3370 1813 3431 didicissemus;

212 3487 331 3542 lucc
362 3484 487 3539 ideo
507 3480 576 3534 ab
603 3479 693 3533 illo
724 3476 998 3530 docemur.
1029 3468 1161 3523 Nun
1188 3467 1286 3531 ait,
1324 3463 1448 3519 ch
1468 3479 1579 3515 cum
1610 3460 1814 3514 dixisset

210 3579 387 3642 Iesus,
418 3572 604 3628 mansit
631 3572 685 3624 in
725 3566 958 3621 Galiltea.
1014 3561 1081 3616 Ut
1124 3567 1291 3612 autem
1335 3553 1667 3609 ascenderunt
1707 3554 1851 3639 [να-ἱ

210 3680 313 3725 tres
357 3640 493 3739 ejus,
544 3672 662 3716 tunc
712 3669 756 3713 et
787 3658 895 3727 ipse
934 3650 1179 3713 ascendit,
1240 3664 1341 3701 non
1386 3645 1674 3715 manifeste,
1722 3640 1811 3695 sed

210 3759 359 3831 quasi
380 3731 441 3811 in
462 3753 679 3809 occulto.
721 3749 862 3812 limo,
900 3742 1247 3798 Ascenderunt
1279 3743 1462 3808 fratres
1492 3737 1622 3805 ejus,
1649 3731 1814 3831 signi-

210 3821 375 3907 ficant
425 3847 601 3917 ipsum
646 3840 878 3895 noluisse
904 3851 1027 3891 cum
1060 3834 1161 3887 illis
1188 3828 1501 3884 ascendere.
1543 3821 1814 3893 Quamob-

209 3958 341 3999 rem.
362 3940 435 3996 ibi
451 3914 682 4000 Vmanet,
711 3944 884 3999 neque
930 3942 1051 3981 sese
1087 3922 1371 3977 manifeste
1401 3916 1661 3980 ostendit,
1692 3914 1816 3967 licet

208 4034 262 4089 id
292 4033 369 4087 illi
408 4029 719 4084 suaderent.
744 4023 997 4077 Cur-vero
1035 4018 1125 4088 qui
1169 4015 1340 4085 palam
1383 4025 1595 4078 semper
1624 4009 1811 4075 loque-

208 4126 393 4189 batur,
450 4135 591 4177 nunc
629 4116 779 4188 quasi
827 4115 880 4168 in
910 4112 1122 4167 occulto
1174 4108 1224 4162 id
1278 4106 1442 4161 facit?
1485 4103 1601 4158 Non
1654 4100 1808 4163 dixit,

207 4218 459 4279 occulte,
488 4212 605 4277 sed,
639 4209 799 4277 Quasi
824 4208 877 4260 in
920 4204 1140 4259 occulto.
1184 4200 1273 4255 Sic
1323 4198 1464 4253 enim
1505 4194 1808 4265 Oportebat,

207 4304 670 4379 quemadmodum
702 4299 834 4364 disi,
869 4308 926 4352 nt
950 4310 1047 4351 nos
1072 4295 1291 4349 doceret
1328 4291 1441 4345 hau:
1470 4292 1680 4359 negotia
1719 4303 1810 4357 ge-

208 4417 357 4458 rere.
390 4397 600 4467 Alioqui
634 4408 738 4448 non
772 4408 864 4462 par
893 4398 1009 4444 erat
1038 4388 1145 4443 illis
1188 4385 1337 4439 iratis
1366 4393 1421 4438 et
1463 4382 1813 4437 frementibus

209 4506 345 4549 tunc
388 4505 725 4559 comparere,
765 4487 858 4542 sed
899 4492 1017 4554 post
1060 4482 1203 4537 diem
1250 4479 1463 4535 festum.
1511 4478 1598 4531 11.
1639 4474 1811 4529 Judwi

207 4604 339 4658 ergo
360 4586 648 4653 qum-ebant
670 4599 802 4643 eum,
831 4589 876 4633 et
898 4578 1147 4641 dicebant,
1178 4574 1277 4629 Ubi
1298 4583 1370 4627 est
1397 4573 1524 4626 ille?
1550 4571 1810 4625 Praeclara

206 4688 362 4733 certe
395 4678 449 4729 in
489 4674 576 4727 die
629 4671 764 4727 festo
804 4669 1005 4739 opera!
1042 4666 1106 4721 ad
1154 4664 1356 4719 caulem
1404 4668 1714 4734 prepcrant,
1757 4659 1810 4713 in

207 4770 356 4825 festo
381 4766 688 4822 consultant
716 4761 983 4832 quomodo
1011 4759 1220 4827 capiant
1270 4758 1437 4810 illum.
1487 4756 1577 4809 Sic
1608 4762 1662 4807 et
1685 4752 1811 4806 alibi

205 4862 404 4914 dicunt
436 4873 451 4909 :
481 4855 617 4920 Quid
645 4854 850 4922 putatis,
889 4852 1008 4921 quia
1051 4866 1152 4902 non
1202 4848 1334 4902 venit
1357 4847 1425 4898 ad
1452 4846 1584 4898 diem
1624 4843 1811 4911 festum

205 4948 401 5020 (Joan.
456 4946 542 5001 11.
586 4943 721 5014 56)?
760 4942 827 4997 Et
870 4942 957 4995 hic
994 4940 1265 5003 dicebant,
1322 4936 1419 4991 Ubi
1462 4945 1531 4989 est
1575 4934 1705 4988 ille?
1733 4933 1815 4987 Ex

204 5040 391 5095 nimio
427 5036 551 5090 odio
597 5049 664 5089 ne
708 5033 984 5087 nominare
1029 5029 1245 5099 quidem
1276 5028 1583 5098 dignantur.
1624 5024 1810 5093 Magna

203 5138 365 5185 certe
388 5127 507 5183 festi
539 5125 859 5189 reverentia,
891 5126 1076 5193 ingens
1116 5121 1318 5190 pietas!
1350 5118 1435 5173 die
1473 5116 1607 5171 festo
1639 5117 1811 5185 ipsum

203 5236 416 5293 capere
446 5220 715 5273 volebant.
741 5216 825 5270 12.
858 5214 923 5269 Ει
951 5230 1182 5267 murmur
1218 5212 1433 5266 multant
1462 5219 1569 5264 erat
1595 5211 1656 5263 de
1676 5226 1735 5263 eo
1762 5210 1814 5263 in

206 5312 390 5368 turba.
422 5310 562 5365 Puto
581 5319 756 5362 autem
794 5308 912 5361 illos
951 5308 1001 5360 in
1037 5305 1269 5360 furorem
1303 5313 1455 5357 actos
1479 5317 1508 5355 a
1547 5302 1684 5365 loco,
1726 5300 1813 5354 ubi

206 5407 432 5473 signum
466 5402 667 5455 factum
696 5398 885 5463 fuerat,
914 5410 1074 5467 atque
1108 5406 1474 5465 exasperatos,
1507 5410 1614 5448 non
1650 5396 1718 5447 ita
1748 5395 1815 5448 de

210 5510 272 5549 re
298 5498 461 5563 gesta
503 5491 804 5560 indignatos
832 5503 972 5553 esse,
998 5497 1055 5541 ut
1087 5488 1344 5542 timebant
1391 5500 1459 5539 ne
1487 5485 1612 5555 quid
1643 5483 1817 5539 simile

216 5588 419 5643 iterum
453 5585 669 5639 faceret.
718 5583 1053 5637 Contrarium
1082 5595 1243 5650 porro
1284 5578 1497 5641 accidit,
1542 5578 1624 5631 vel
1668 5576 1815 5631 inviti

212 5681 428 5736 clarum
468 5678 640 5748 ipsum
683 5674 1050 5731 reddiderunt.
1108 5673 1331 5737 Quidam
1378 5672 1646 5735 dicebant,
1699 5670 1818 5741 quia

214 5770 383 5826 bonus
408 5778 499 5840 est,
530 5767 643 5836 alii,
692 5764 833 5834 Non,
878 5764 963 5819 sed
1008 5764 1200 5819 seducit
1247 5762 1438 5817 turbas.
1494 5762 1638 5817 Illam
1691 5770 1818 5832 puto

1934 1613 2098 1669 fuisse
2127 1611 2485 1667 multitudinis
2513 1610 2855 1682 opinionem;
2884 1610 3044 1664 aliam
3080 1624 3209 1664 vero
3238 1608 3547 1679 principum

1931 1715 1987 1759 ct
2011 1703 2350 1758 sacerdotum
2382 1719 2395 1755 :
2431 1716 2553 1755 nam
2584 1700 2900 1756 calumniari
2930 1699 2996 1754 ad
3029 1699 3242 1754 illorum
3278 1699 3537 1753 invidiam

1930 1806 1985 1851 et
2030 1796 2322 1867 nequitiam
2363 1794 2689 1866 pertinebat.
2734 1792 2945 1849 Seducit
2992 1770 3224 1856 turbam,
3269 1792 3539 1864 inquiunt.

1930 1888 2232 1956 Quomodo,
2259 1888 2483 1959 quaeso?
2506 1886 2779 1957 Numquia
2805 1887 2953 1956 signa
2979 1886 3217 1953 simulat,
3238 1901 3343 1940 non
3377 1885 3539 1941 facit?

1930 1981 2444 2053 Atquicontrarium
2474 1980 2807 2050 experientia
2832 1979 3009 2035 docet.
3045 1978 3132 2035 15.
3166 1976 3335 2033 Nemo
3366 1987 3546 2032 tamen

1930 2078 2102 2145 palam
2141 2073 2443 2147 loquebatur
2490 2075 2552 2127 de
2590 2073 2681 2127 illo
2730 2082 2936 2143 prapter
2976 2082 3163 2125 metunt
3207 2070 3532 2125 Judceornm.

1933 2169 2093 2224 Vides
2125 2168 2323 2239 ubique
2348 2168 2634 2237 optimates
2657 2175 2967 2235 corruptos,
2993 2164 3201 2233 plebem
3236 2178 3364 2217 vero
3385 2172 3533 2218 recte

1928 2259 2272 2322 sentientem,
2305 2257 2398 2312 sed
2440 2270 2547 2312 non
2594 2254 2872 2325 prteditam
2925 2268 2988 2309 ea
3024 2253 3347 2308 fortitudine.
3371 2268 3534 2322 quam

1928 2351 2244 2423 oportebat?
2274 2351 2360 2405 14.
2390 2347 2513 2403 Jam
2541 2357 2713 2402 autem
2742 2347 2824 2401 die
2844 2348 2973 2418 festo
3000 2345 3275 2411 mediante,
3304 2343 3533 2398 ascendit

1927 2444 2095 2505 Jesus.
2142 2453 2189 2497 et
2232 2442 2458 2497 docebat.
2513 2439 2858 2509 Exspectatio
2906 2437 3221 2491 attentiores
3275 2434 3529 2490 reddidit;

1928 2535 2061 2591 Nam
2086 2536 2175 2607 qui
2222 2534 2489 2605 prioribus
2514 2532 2705 2587 diebus
2745 2530 3058 2601 quaerebant
3100 2545 3221 2584 cum
3266 2527 3525 2591 dicentes,

1932 2628 2033 2683 Ubi
2081 2636 2153 2681 est
2193 2626 2319 2681 ille?
2377 2632 2599 2695 repente
2644 2622 2793 2677 illum
2843 2621 3108 2685 videntes,
3158 2619 3531 2674 animadverto

1928 2718 2200 2791 quomodo
2226 2718 2461 2782 adstant,
2516 2724 2572 2771 et
2611 2716 2916 2785 loquentem
2962 2711 3273 2775 observent,
3312 2718 3420 2764 tam
3451 2709 3527 2764 illi

1928 2815 2014 2885 qui
2045 2815 2263 2877 bonum,
2293 2825 2451 2883 quam
2480 2808 2568 2863 alii
2594 2808 2687 2879 qui
2715 2807 2909 2863 malutn
2935 2804 3082 2861 illum
3114 2804 3366 2859 dicebant
3395 2804 3526 2859 :sed

1929 2907 2003 2961 illi
2054 2915 2110 2960 ut
2158 2905 2431 2975 quidpiam
2478 2903 2607 2957 lucri
2662 2909 3033 2971 reportarem,
3092 2900 3526 2969 mirarenturque

1928 2999 2136 3067 ipsum;
2166 2996 2254 3051 alii
2301 3004 2358 3050 ut
2396 2992 2917 3063 comprehenderent
2961 3001 3018 3047 et
3061 3000 3338 3061 caperent.
3389 2990 3544 3044 Illud.

1925 3100 2125 3153 autem,
2157 3088 2367 3145 Seducit
2405 3090 2625 3152 turbant,
2673 3100 2769 3157 per
2793 3085 3090 3141 doctrinam
3142 3084 3368 3143 scilicet.
3416 3099 3539 3139 non.

1926 3182 2286 3249 intelligentes
2310 3179 2436 3248 quid
2460 3177 2667 3233 diceret
2699 3195 2713 3231 :
2742 3178 2869 3232 illud
2898 3192 3047 3243 vero,
3078 3176 3274 3243 Bonus,
3303 3191 3333 3231 a
3357 3176 3525 3246 signis

1922 3272 2222 3328 dicebatur.
2248 3270 2445 3325 Sedato
2495 3270 2674 3338 itaque
2705 3269 2915 3326 Illorum
2960 3267 3141 3323 furore
3190 3269 3263 3323 ita
3309 3268 3520 3332 institit,

1925 3373 1982 3419 ut
2006 3364 2166 3419 verba
2197 3376 2292 3417 sua
2322 3361 2607 3431 diligenter
2633 3361 2902 3427 audirent,
2947 3374 3120 3430 neque
3157 3360 3392 3429 amplius
3436 3361 3521 3414 in-

1920 3453 2120 3534 mti
2150 3466 2310 3508 aures
2335 3451 2700 3507 obstruerent.
2733 3449 2871 3518 Quid
2900 3450 3164 3515 docuerit,
3194 3466 3298 3505 non
3341 3462 3524 3505 narrat

1920 3470 1971 3510 Ui
2049 3470 2120 3507 all
2150 3470 2310 3508 aures
2335 3470 2700 3507 ODSll'llel'ClII.
2733 3470 2871 3518 υιιια
2900 3470 3164 3515 (1001161⁸11,
3194 3470 3298 3505 11011
3341 3470 3520 3505 ιιλπαι

1920 3470 2279 3697 *Iista;
2326 3545 2377 3600 id
2423 3544 2597 3600 solum
2645 3544 2773 3599 dicit
2812 3543 2955 3615 quod
2998 3542 3317 3599 mirabiliter
3343 3544 3412 3598 sit
3439 3544 3520 3599 lo-

1920 3658 2023 3697 uutt
2056 3658 2136 3697 us.
2168 3643 2310 3697 uitod
2341 3644 2486 3697 insos
2510 3640 2847 3697 dcmulserit.
2882 3647 2938 3693 et
2968 3640 3226 3694 mutarit:
3260 3647 3404 3693 tanta
3433 3637 3518 3692 di-

1919 3637 2136 3714 quiilus,
2168 3643 2310 3713 quod
2341 3644 2486 3712 ipsos
2510 3640 2847 3705 dcmulserit,
2882 3647 2938 3693 et
2968 3640 3226 3694 mutarit:
3260 3647 3404 3693 tanta
3433 3637 3518 3692 di—

1918 3746 2127 3792 ctornm
2155 3737 2323 3789 virtus
2339 3743 2476 3788 erat.
2495 3732 2597 3801 Qui
2627 3747 2755 3787 vero
2770 3729 3041 3798 dicebant,
3064 3729 3276 3785 Seducit
3297 3730 3519 3796 turbam,

1918 3827 2105 3882 mutati
2127 3822 2238 3895 jam
2266 3824 2689 3888 admirabantur,
2734 3822 2962 3893 ideoque
3004 3822 3083 3877 sic
3120 3822 3515 3897 loquebantur:

1920 3921 2005 3974 I5.
2043 3916 2309 3984 Quomodo
2338 3917 2431 3969 scit
2460 3916 2652 3979 literas,
2684 3914 2769 3984 qui
2800 3930 2900 3967 non
2926 3913 3146 3967 didicit?
3173 3911 3363 3967 Viden‘
3384 3927 3521 3981 quo-

1918 4008 2079 4064 modo
2104 4007 2512 4062 admirationem
2558 4020 2743 4061 eorum
2785 4004 3018 4072 nequitia
3051 4003 3265 4073 plenam
3293 4002 3518 4057 demon-

1917 4099 2093 4155 stret?
2122 4098 2237 4153 Non
2283 4101 2426 4151 enim
2458 4096 2587 4152 dicit
2618 4096 2763 4165 ipsos
2790 4093 3089 4150 doctrinam
3122 4096 3344 4149 miratos
3373 4110 3515 4157 esse.

1920 4194 2004 4247 vel
2035 4192 2175 4246 dicta
2207 4190 2489 4245 admisisse
2522 4209 2534 4243 :
2566 4188 2661 4244 sed
2692 4199 2916 4252 tantum,
2947 4186 3305 4251 Mirabantur;
3338 4185 3387 4240 id
3412 4196 3515 4249 est,

1919 4284 1975 4338 in
2001 4297 2272 4353 suipocem
2302 4281 2613 4337 deciderant
2639 4280 2901 4344 dicentes,
2933 4278 3087 4334 Unde
3109 4278 3183 4333 illi
3216 4278 3514 4334 hasc?cum

1918 4392 1983 4431 ex
2015 4374 2349 4430 dubitatione
2381 4374 2477 4428 tali.
2523 4374 2829 4443 perspicere
2863 4370 3179 4427 debuissent
3222 4370 3350 4426 nihil
3399 4376 3518 4442 puri

1920 4469 2152 4523 hominis
2183 4468 2234 4522 in
2280 4467 2373 4522 illo
2421 4467 2604 4521 fuisse.
2640 4466 2838 4520 Verum
2870 4465 2992 4535 quia
3022 4465 3124 4519 hoc
3156 4465 3229 4519 illi
3273 4464 3517 4520 confiteri

1919 4560 2194 4628 nolebant,
2221 4560 2314 4615 sed
2348 4560 2680 4615 mirabantur
2708 4557 3050 4623 solum,audi
3072 4557 3199 4627 quid
3230 4557 3319 4612 ille
3339 4557 3515 4612 dicat:

1924 4655 2010 4709 I6.
2052 4651 2173 4706 Mea
2214 4651 2445 4705 doctrina
2471 4666 2573 4703 non
2608 4659 2681 4703 est
2725 4665 2855 4703 mea.
2888 4648 3094 4703 Rursus
3123 4663 3311 4703 eorum
3340 4651 3518 4719 suspi-

1918 4744 2061 4800 cioni
2087 4740 2399 4813 respondet,
2426 4740 2493 4794 ad
2524 4741 2737 4795 Patrem
2786 4740 2907 4795 illos
2949 4739 3243 4805 abducens,
3288 4748 3347 4795 ut
3394 4740 3520 4795 inde

1920 4840 2025 4896 illis
2050 4842 2321 4897 silentium
2354 4844 2594 4912 imponat
2621 4859 2634 4896 :
2669 4842 2759 4896 17.
2803 4840 2867 4896 Si
2893 4840 3006 4909 quis
3038 4840 3251 4893 voluerit
3280 4840 3521 4893 uolunta-

1919 4946 2019 4989 tent
2042 4936 2165 5005 ejus
2184 4938 2371 5007 facere,
2412 4944 2676 5007 cognoscet
2721 4936 2785 4988 de
2814 4934 3074 4999 doctrina,
3106 4944 3279 4988 utrum
3317 4951 3381 4989 ea:
3415 4933 3520 4989 Deo

1920 5028 2001 5090 sit,
2028 5042 2095 5079 an
2117 5042 2208 5096 ego
2232 5043 2266 5080 a
2291 5028 2484 5097 meipso
2513 5027 2713 5095 loquar.
2744 5013 2859 5080 Hoc
2879 5034 2982 5090 est,
3009 5024 3333 5093 Nequitiam,
3360 5024 3516 5087 iram,

1922 5115 2173 5170 invidiam
2200 5116 2407 5186 ejicite;
2437 5131 2643 5171 necnon
2672 5116 2852 5171 odium
2881 5114 3021 5184 quod
3061 5124 3248 5169 contra
3285 5130 3373 5169 me
3402 5115 3522 5169 sine

1922 5220 2080 5261 causa
2106 5207 2442 5276 suscepistis,
2469 5214 2526 5261 et
2552 5205 2684 5261 nihil
2725 5205 2979 5274 impediet
3005 5205 3132 5275 quin
3182 5208 3521 5275 cognoscatis

1926 5297 2088 5351 verba
2118 5311 2235 5352 mea
2260 5312 2388 5353 vere
2424 5298 2514 5354 Dei
2546 5313 2686 5352 esse.
2722 5296 2871 5351 Nunc
2901 5297 3015 5351 lucc
3044 5312 3138 5350 vos
3171 5297 3406 5351 tenebris
3437 5298 3521 5351 of-

1925 5387 2173 5449 fundunt,
2196 5399 2249 5443 et
2276 5400 2482 5443 rectum
2513 5389 2652 5458 apud
2690 5404 2786 5443 vos
2806 5388 3065 5458 judicium
3096 5397 3444 5457 pervertunt;
3478 5391 3521 5441 si

1926 5482 2040 5536 lucc
2065 5483 2370 5545 climinetis,
2406 5498 2512 5536 non
2545 5481 2673 5535 illud
2718 5480 3013 5552 patiemini.
3046 5481 3150 5536 Sed
3178 5497 3286 5536 non
3333 5482 3401 5534 ita
3444 5480 3522 5537 lu-

1925 5582 2121 5643 quutus
2151 5582 2250 5638 est,
2280 5588 2347 5628 ne
2389 5574 2546 5627 nimis
2588 5573 2707 5628 illos
2738 5571 3160 5643 perstringeret;
3191 5588 3376 5628 verum
3405 5570 3527 5628 haec

1928 5667 2105 5722 omnia
2134 5666 2510 5731 subindieavit,
2537 5681 2658 5722 cum
2681 5666 2905 5731 diceret,
2933 5666 3034 5735 Qui
3064 5668 3185 5737 facit
3215 5668 3521 5723 uoluntatem

1928 5762 2059 5837 ejus,
2090 5770 2350 5828 cognoscet
2392 5759 2453 5812 de
2481 5759 2732 5824 doctrina,
2774 5769 2938 5811 utrum
2970 5774 3034 5811 ca:
3061 5756 3169 5814 Deo
3198 5760 3283 5825 sit,
3326 5774 3393 5813 an
3428 5776 3522 5827 eqs
