4164 6324
720 355 773 388 lt)

671 473 699 505 η
731 452 916 515 ,μείρεο
945 445 1158 513 loquar;
1188 439 1234 492 id
1267 448 1365 500 est,
1403 436 1534 490 Nutu
1580 435 1810 486 alit-nunt
1848 430 1993 498 quid,
2023 438 2106 480 aut
2143 440 2233 477 noa

672 560 814 604 \‘Itttl,
838 550 927 593 aut
953 536 1274 589 contrarium
1306 529 1593 597 proferam.
1623 526 1750 579 Nam
1784 524 1929 581 illud,
1958 523 1994 572 Α
2028 521 2234 587 mcipsn,

672 645 879 698 ςιιιιιριιι·
907 626 973 680 ad
1018 626 1118 681 hoc
1162 623 1405 685 refertur,
1433 619 1571 688 quod
1614 617 1737 670 ttiltil
1769 622 1948 682 pratet
1988 611 2235 680 placitum

664 724 778 786 eius
812 723 1033 784 loquar;
1064 716 1157 769 sed
1200 714 1376 767 omnia
1416 718 1532 780 qua:
1564 710 1720 763 Pater
1749 706 1875 768 vult,
1920 703 2031 756 lzzee
2060 712 2112 754 et
2140 714 2238 769 ego

668 812 804 864 \ulu.
840 808 901 864 Si
934 809 1045 878 quis
1074 806 1374 860 voluntatem
1417 803 1524 873 ejus
1553 800 1720 870 faciat,
1769 804 2027 865 regnasset
2055 794 2115 846 de
2154 794 2238 844 (lo-

665 903 845 955 rtrina.
879 900 1013 968 Quid
1044 900 1144 953 sibi
1192 897 1302 949 vult
1349 893 1492 955 illttd,
1544 891 1605 945 Si
1652 890 1762 954 quis
1798 888 2097 941 voluntatem
2129 885 2238 951 ejus

665 996 817 1060 [ηιτίαι
840 992 935 1047 Pltl
954 1002 1052 1054 est,
1079 990 1133 1044 Si
1158 989 1273 1057 quis
1291 983 1497 1038 virtutis
1521 983 1588 1035 sit
1604 989 1828 1041 amator,
1847 978 2109 1032 dictorum
2132 974 2237 1028 vim

662 1068 979 1153 cognoscet;
1012 1083 1053 1135 si
1101 1080 1219 1149 quis
1260 1077 1386 1132 velit
1433 1072 1725 1144 prophetiis
1766 1069 2061 1132 attendere,
2108 1082 2235 1120 num

664 1174 955 1229 secundum
983 1186 1073 1226 eas
1099 1174 1302 1239 loquar,
1327 1181 1513 1223 necne.

733 1267 789 1323 9..
824 1262 1085 1331 Quomodo
1116 1262 1278 1315 dicere
1302 1259 1513 1330 potuerit
1537 1254 1765 1310 Christus
1793 1252 2015 1307 eamdem
2044 1250 2236 1305 doctri-

662 1374 777 1409 nnm
804 1373 908 1409 csse
934 1365 978 1408 et
1008 1370 1105 1407 non
1135 1368 1240 1406 esse
1266 1368 1428 1405 suam.
1462 1348 1761 1417 llypostasis
1786 1346 1888 1398 alia
1915 1343 2104 1407 Patris,
2134 1344 2239 1397 alia

666 1448 806 1500 Filii.
831 1477 900 1487 —-
920 1444 1197 1511 Quomodo
1217 1458 1308 1497 sua
1332 1456 1449 1495 esse
1476 1448 1664 1509 petest,
1691 1448 1744 1490 et
1770 1452 1871 1489 non
1901 1448 1993 1487 sua
2011 1433 2034 1485 ?
2054 1433 2237 1501 Neque

663 1542 805 1593 enim
828 1539 979 1599 dixit,
1007 1536 1251 1589 Doctrina
1282 1534 1395 1585 iure
1424 1547 1528 1584 non
1554 1538 1634 1584 est
1657 1544 1770 1582 mea
1795 1544 1808 1592 ;
1834 1526 1925 1583 sed
1946 1542 2066 1581 cum
2092 1526 2238 1594 prius

663 1647 833 1685 meam
866 1631 1104 1691 dixisset,
1126 1636 1179 1680 et
1207 1625 1303 1679 sibi
1336 1622 1601 1693 propriam
1632 1621 1864 1685 fecisset,
1891 1630 2013 1675 tunc
2041 1619 2235 1680 intulit,

588 1714 591 1717 ’
663 1722 785 1776 Non
815 1732 885 1775 est
916 1736 1044 1773 mea.
1079 1716 1355 1783 Quomodo
1388 1724 1558 1784 potest
1592 1714 1818 1780 idipsum
1847 1727 1967 1766 esse
2004 1726 2155 1764 suum
2183 1720 2237 1764 et

661 1830 766 1868 non
806 1812 992 1867 suum?
1030 1809 1133 1866 Sua
1157 1851 1171 1874 ,
1203 1808 1321 1878 quia
1367 1824 1470 1859 non
1508 1806 1557 1860 id
1596 1806 1814 1859 edoctus
1851 1803 2097 1869 dicebat;
2131 1820 2234 1859 non

660 1923 751 1962 sua
777 1950 790 1972 ,
821 1907 940 1975 quia
972 1904 1209 1960 doetrina
1243 1902 1415 1955 Patris
1441 1910 1575 1954 erat.
1607 1898 1885 1967 Quomodo
1913 1911 2043 1967 ergo
2070 1896 2232 1960 dicit,

665 1999 846 2051 Omnia
875 2012 986 2064 qua!
1010 2005 1125 2048 sunt
1155 1994 1326 2047 Putris
1354 2009 1462 2045 mea
1490 2000 1605 2044 sunt
1623 2033 1638 2054 ,
1671 2000 1717 2043 et
1748 2005 1861 2059 qua:
1890 2006 2033 2053 mea,
2068 1987 2237 2041 Patris

662 2089 837 2156 (Joun.
874 2089 957 2141 Π.
990 2085 1117 2155 10)?
1146 2085 1198 2139 Si
1224 2085 1365 2137 enim
1396 2082 1514 2151 quia
1544 2081 1714 2135 Patris
1739 2088 1852 2143 est,
1884 2079 2002 2132 ideo
2029 2094 2132 2132 non
2156 2087 2237 2131 est

664 2192 747 2234 tua
769 2221 783 2243 ,
818 2180 1006 2233 falsum
1048 2185 1129 2233 est
1174 2175 1337 2237 illud;
1380 2175 1497 2228 ideo
1538 2189 1763 2242 namque
1792 2182 1876 2225 tua
1908 2185 2028 2226 esse
2054 2171 2231 2225 debet.

658 2274 762 2328 Sed
796 2272 961 2335 illud,
997 2270 1117 2324 Non
1156 2282 1227 2323 est
1266 2286 1408 2331 mea,
1440 2282 1587 2321 suam
1615 2274 1669 2320 et
1700 2264 1871 2329 Patris
1912 2264 2232 2317 voluntatem

661 2380 816 2416 unam
840 2378 958 2417 esse
984 2361 1237 2430 majorem
1263 2361 1314 2414 in
1333 2359 1544 2412 modum
1567 2357 1800 2411 declarat
1822 2371 1836 2418 ;
1860 2370 1921 2410 ac
1943 2355 1985 2409 si
2008 2354 2231 2419 diceret,

658 2454 796 2509 Nihil
838 2454 993 2507 habet
1033 2453 1330 2515 diversum,
1361 2449 1511 2519 quasi
1555 2448 1774 2502 alterius
1812 2457 1971 2501 esset.
2014 2445 2233 2499 Etiamsi

660 2550 800 2602 enim
834 2547 1134 2616 hypustasis
1170 2546 1239 2597 sit
1272 2542 1392 2607 alia,
1423 2543 1499 2596 sic
1528 2541 1734 2610 loquor,
1763 2540 1840 2593 sic
1869 2554 1987 2606 ago.
2023 2554 2089 2591 ne
2117 2538 2230 2591 exi-

659 2641 903 2693 stimetur
930 2637 1071 2690 aliud
1112 2651 1139 2688 a
1180 2635 1369 2696 Patre,
1403 2632 1495 2686 sed
1537 2632 1675 2685 idem
1712 2631 1883 2698 ipsum
1912 2629 2050 2697 quod
2083 2629 2236 2682 Pater

660 2731 813 2795 facit,
844 2738 898 2783 et
934 2729 1015 2797 agi
1052 2736 1105 2781 ct
1138 2727 1260 2779 diei.
1307 2723 1705 2778 Deindealium
1754 2721 1965 2774 adducit
2016 2719 2230 2788 syllogi-

657 2816 827 2878 smum
853 2864 869 2886 ,
901 2820 984 2874 cui
1014 2819 1304 2873 contradici
1354 2826 1601 2885 nequeat.
1637 2816 1867 2868 humano
1896 2822 1949 2866 et
1976 2821 2233 2865 consueto

658 2914 902 2982 exemplo
950 2914 1151 2965 nixum.
1190 2910 1465 2975 Quodnam
1516 2908 1640 2961 illud
1672 2905 1791 2961 est?
1827 2905 1912 2960 18.
1950 2905 2047 2972 Qui
2085 2921 2116 2957 a
2152 2920 2233 2957 se-

658 3008 768 3071 ipso
795 3003 1039 3071 loquitur,
1065 3002 1319 3069 propriam
1347 2999 1559 3068 gloriam
1587 2999 1783 3065 quaerit.
1810 2998 1862 3050 Id
1885 3005 1985 3058 est,
2013 2996 2101 3064 qui
2124 2995 2235 3048 vtth

659 3096 756 3150 sibi
793 3095 1057 3164 propriam
1087 3100 1323 3148 statuere
1358 3090 1651 3144 doctrinam
1674 3130 1687 3150 ,
1719 3088 1845 3141 nihil
1876 3088 2015 3140 aliud
2047 3094 2231 3155 optat,

659 3205 815 3259 quam
848 3199 903 3241 ut
932 3188 1030 3242 sibi
1059 3187 1281 3256 gloriam
1308 3184 1428 3236 hinc
1454 3184 1623 3252 pariat
1646 3183 1682 3233 ι.
1711 3181 1765 3236 Si
1787 3193 1963 3235 autem
1987 3196 2085 3249 ego
2112 3182 2241 3233 nolu-

661 3282 785 3334 utilti
814 3280 1034 3348 gloriam
1077 3291 1262 3345 parere
1287 3317 1301 3340 ,
1338 3290 1433 3328 cur
1477 3272 1743 3343 propriam
1788 3272 2086 3325 doctrinam
2120 3282 2233 3325 sta-

659 3386 806 3425 tuere
834 3371 1028 3439 cupio?
1059 3368 1160 3436 Qui
1188 3385 1218 3420 α
1244 3366 1505 3434 sentrtipso
1534 3365 1782 3432 loquitur;
1816 3362 1863 3415 id
1892 3372 1993 3423 est,
2020 3360 2120 3428 Qui
2150 3361 2232 3414 di-

648 3460 862 3519 (versum
895 3463 1160 3531 quidpiam
1191 3472 1243 3516 et
1274 3460 1372 3513 sibi
1410 3458 1674 3528 proprium
1711 3456 1881 3519 :tll'ert,
1917 3456 2035 3509 ideo
2067 3455 2236 3523 loqui—

659 3568 741 3609 tur
763 3567 817 3608 ιιι
838 3556 1053 3623 gloriam
1077 3553 1173 3606 sibi
1209 3561 1371 3620 paret.
1400 3550 1452 3605 Si
1476 3560 1651 3603 autem
1679 3563 1776 3617 ego
1805 3563 1985 3617 qumru
2010 3547 2231 3616 gloriam

659 3648 770 3712 ejus
790 3646 877 3714 qui
902 3645 1044 3698 misit
1070 3658 1175 3708 me,
1200 3658 1293 3696 cur
1319 3642 1418 3694 alia
1443 3640 1634 3693 docere
1656 3640 1851 3692 velim?
1874 3638 2059 3692 Viden‘
2086 3639 2231 3691 illum

657 3737 881 3803 quadam
922 3735 989 3789 de
1031 3749 1189 3788 causa
1235 3734 1411 3787 dicere
1452 3747 1511 3785 se
1560 3731 1687 3783 nihil
1733 3746 1760 3783 a
1801 3732 1978 3799 seipse
2023 3730 2234 3785 facere?

656 3830 908 3894 Quantam
942 3826 1028 3880 illa
1059 3840 1217 3880 causa
1252 3825 1374 3879 est?
1401 3824 1464 3879 Ut
1492 3822 1773 3877 crederent
1800 3838 1857 3877 se
1882 3839 1984 3876 non
2010 3822 2234 3892 gloriam

657 3920 791 3988 apud
820 3921 1031 3988 vulgum
1061 3927 1295 3987 captare.
1320 3918 1655 3985 Quapmpter
1676 3929 1795 3968 cum
1827 3914 2041 3968 humilia
2068 3916 2236 3982 loqui-

658 4023 760 4075 tur,
791 4010 897 4081 Ego
926 4011 1091 4063 Patris
1117 4011 1328 4081 gloriam
1348 4024 1535 4078 qurere,
1566 4007 1753 4076 inquit,
1783 4016 1835 4061 ut
1864 4006 2107 4061 ostendat
2134 4007 2236 4061 illis

658 4102 871 4171 ultique,
904 4115 962 4155 se
992 4115 1095 4154 non
1127 4114 1368 4169 qnaarere
1401 4098 1642 4166 gloriam.
1674 4098 1783 4152 Cur
1810 4107 1986 4151 autem
2018 4097 2233 4151 humilia

658 4198 918 4265 loquatur,
953 4194 1134 4247 multa:
1160 4201 1277 4247 sunt
1314 4207 1487 4246 causa'
1513 4209 1527 4257 ;
1562 4201 1682 4261 puta
1703 4232 1719 4257 ,
1749 4206 1814 4245 ne
1845 4191 2108 4260 ingenitus
2137 4207 2235 4259 pu—

658 4297 795 4341 tetur
821 4303 939 4341 esse
963 4328 976 4350 ,
1018 4303 1083 4340 ne
1130 4286 1236 4340 Deo
1272 4285 1640 4343 adversarius.
1676 4292 1729 4335 ιιι
1754 4298 1968 4336 carnem
2002 4282 2237 4336 induisse

656 4382 923 4445 credatur,
953 4392 1004 4435 ιιι
1036 4378 1325 4433 inﬁrmitati
1359 4378 1658 4433 auditorum
1687 4376 1947 4440 COllSJllal,
1973 4384 2029 4428 ut
2057 4374 2237 4429 mode-

657 4473 812 4525 stiam
852 4472 1043 4524 Sectari
1089 4479 1141 4525 et
1182 4470 1488 4538 jactantiam
1519 4468 1699 4537 fugere
1727 4468 1934 4522 doceat.
1979 4466 2235 4522 Sublimia

657 4580 781 4620 vero
811 4563 1053 4632 loquendi
1084 4578 1182 4614 ttua
1211 4562 1380 4616 solum
1409 4560 1702 4629 reperiatur
1724 4574 1904 4621 causa.
1934 4573 2122 4626 nempe
2145 4573 2239 4611 na¢

660 4671 790 4709 turze
822 4657 1145 4725 prmstantia.
1174 4654 1276 4709 Sed
1309 4655 1353 4708 si
1382 4655 1501 4717 quia
1532 4654 1692 4718 dixit,
1728 4668 1787 4707 se
1815 4661 1939 4707 ante
1969 4651 2235 4706 Abraham

657 4751 840 4813 fuisse,
865 4746 1049 4801 oﬂ‘ensi
1074 4756 1214 4812 sunt,
1242 4763 1345 4813 quo
1373 4762 1476 4799 non
1506 4745 1894 4816 prorupissent,
1923 4745 1964 4797 si
1993 4742 2237 4799 sublimia

657 4855 871 4909 semper
906 4839 1223 4892 audissent?
1252 4838 1337 4892 19.
1383 4838 1565 4891 Nonne
1611 4837 1810 4907 Moyses
1840 4837 1976 4890 dedit
2003 4837 2137 4889 vobis
2168 4837 2239 4889 le-

656 4950 764 5002 gem
786 4974 799 4997 ,
836 4943 881 4984 ct
917 4947 1059 4983 nemo
1094 4946 1157 4983 ea:
1191 4930 1326 4983 vobis
1365 4932 1487 5002 facit
1524 4932 1720 5000 legem?
1749 4928 1885 4995 Quid
1911 4946 1988 4982 me
2018 4930 2240 4999 quaeritis

656 5024 978 5091 interficere?
1003 5023 1171 5089 Quam
1198 5022 1652 5090 consequentiam,
1681 5021 1805 5091 quid
1834 5035 2117 5075 commune
2147 5020 2243 5073 ha-

662 5116 786 5169 bent
818 5114 931 5167 hzre
959 5131 1078 5169 enm
1114 5112 1537 5183 prtreedentihus
1566 5112 1777 5165 verbis?

731 5204 960 5258 Christus
994 5222 1046 5258 se
1086 5209 1327 5279 a'qualem
1369 5203 1473 5257 Deo
1504 5212 1549 5255 ct
1579 5200 1723 5256 Patri
1753 5202 1891 5256 dicit.
1923 5234 1993 5243 —
2021 5204 2136 5256 Duo
2166 5204 2238 5257 illi

659 5299 882 5352 crimina
914 5298 1277 5357 intentabant;
1309 5296 1473 5360 aliud,
1498 5296 1638 5365 qttod
1665 5296 1943 5349 sabbatum
1976 5297 2238 5362 solveret;

662 5393 820 5453 aliud,
855 5391 993 5461 quod
1031 5393 1193 5445 Deum
1227 5391 1433 5445 l‘attetn
1469 5390 1692 5455 diceret,
1722 5405 1885 5460 seque
1928 5389 2035 5443 Deo
2061 5406 2239 5457 acqua-

668 5484 767 5535 lem
814 5483 1027 5537 faceret.
1060 5482 1207 5549 Quod
1249 5484 1388 5534 enim
1430 5496 1532 5536 non
1565 5499 1628 5535 ex
1662 5482 1873 5535 illorum
1905 5481 2237 5550 suspicione,

669 5575 755 5629 sed
782 5591 845 5630 ex
890 5576 1095 5645 propria
1126 5577 1384 5629 sententia
1413 5577 1489 5630 sic
1515 5578 1859 5647 loqueretur:
1892 5585 1941 5629 al
1978 5592 2078 5629 non
2108 5577 2243 5631 sicut

732 5711 745 5738 ¹
781 5708 845 5778 in
864 5707 1024 5758 Morel.
1052 5707 1247 5778 legitur.
1266 5708 1346 5778 qui
1371 5708 1464 5757 ruit
1487 5722 1516 5757 α
1540 5708 1788 5777 semetipso
1816 5710 1941 5773 loqtri
1965 5709 2084 5759 trtliil
2106 5709 2172 5759 ali
2192 5711 2240 5758 :tl

670 5774 863 5822 ituctuttt
890 5784 1029 5833 quam
1054 5771 1166 5822 inde
1187 5771 1390 5834 gloriam
1414 5772 1652 5835 consequi.

1445 322 1498 373 S.
1542 317 1817 373 Jl).\NNlS
1855 307 2320 369 CllliYSOS'l'UMI
2366 304 2676 358 Alitlllll‘ll’.
2718 304 3256 357 (IUNS'IILVI'iNOl’.
3838 303 3906 356 ‘27

2349 422 2435 474 alii
2468 422 2635 483 tttulti,
2669 420 2759 472 sed
2790 419 2939 485 quasi
2975 418 3245 484 propriuttt
3276 416 3374 468 sibi
3405 425 3451 467 et
3485 415 3744 468 eximium
3777 414 3825 467 id
3857 414 3939 467 di-

2347 523 2512 574 ceret,
2539 511 2658 564 hinc
2680 510 2852 578 palam
2877 516 2977 563 est.
3008 508 3150 559 Multi
3176 522 3318 575 saepe
3346 516 3551 571 patrem
3573 522 3731 558 suum
3758 507 3941 559 dixere

2350 604 2513 658 Deum
2550 622 2563 656 :
2592 602 2815 670 exempli
2847 614 3026 664 causa,
3055 599 3189 652 Deus
3210 616 3338 652 unus
3368 600 3552 651 crearit
3581 615 3697 662 nos,
3727 611 3779 651 et
3804 612 3947 665 pater

2346 712 2477 749 unus
2498 704 2569 746 νει
2593 696 2813 748 omnium
2843 703 3069 746 nostrum
3092 692 3244 760 (Mal.
3278 692 3331 745 2.
3366 692 3489 759 Ιθ);
3524 708 3623 753 nec
3655 704 3942 760 propterea

2348 787 2573 855 populus
2602 786 2817 853 :cqualis
2856 784 2964 837 Deo
3004 793 3137 837 erat.
3168 786 3508 852 Quapropter
3546 800 3652 837 non
3691 784 3943 837 oﬂ'ende-

2345 872 2539 930 bttiunr
2557 891 2676 930 eum
2705 876 2818 945 inec
2837 875 3101 929 audirent.
3129 874 3194 930 Ut
3212 889 3337 942 ergo
3358 888 3479 928 eum
3497 875 3609 931 dice
3621 886 3745 929 rent
3768 877 3941 945 ipsum

2344 984 2407 1021 ex
2443 968 2548 1021 Deo
2579 981 2681 1019 non
2714 981 2863 1028 esse,
2901 965 3044 1033 ipsos
3073 980 3215 1034 sape
3241 967 3476 1019 correxit
3499 1006 3514 1029 ,
3547 976 3603 1021 et
3629 966 3699 1021 de
3731 968 3940 1022 sabbati

2345 1058 2606 1112 solutione
2644 1071 2763 1111 sese
2802 1055 3040 1111 defetnlit
3069 1074 3082 1111 :
3115 1057 3184 1110 ita
3216 1057 3258 1110 si
3290 1072 3352 1111 ex
3398 1057 3609 1112 illorum
3647 1058 3937 1126 opinione.

2346 1165 2451 1202 non
2482 1164 2545 1203 ex
2575 1164 2667 1202 sua
2700 1150 2961 1203 sententia
2992 1147 3093 1203 hoc
3122 1149 3320 1201 dictum
3350 1148 3556 1212 luisset,
3586 1149 3937 1217 corripuisset

2348 1240 2482 1292 haud
2506 1240 2665 1293 dubie
2688 1240 2823 1303 illos,
2844 1238 3190 1308 dixissetque,
3216 1238 3321 1292 Cur
3343 1255 3427 1294 me
3450 1240 3648 1308 putatis
3670 1242 3936 1309 tequalem

2343 1347 2462 1385 esse
2494 1331 2645 1385 Deo?
2675 1330 2788 1385 Non
2821 1345 2935 1384 smn
2968 1330 3208 1399 aequalis.
3247 1330 3439 1384 Verum
3472 1332 3598 1384 uiltil
3627 1331 3936 1401 huiusmodi

2342 1422 2506 1486 dixit,
2538 1406 2645 1475 imo
2684 1422 2920 1475 ostendit
2957 1422 3009 1475 in
3050 1422 3396 1490 sequentibus
3422 1438 3482 1477 se
3514 1439 3638 1478 vere
3673 1424 3938 1492 aequalem

2346 1513 2442 1565 insi
2473 1528 2609 1567 esse.
2644 1512 2774 1566 Illud
2806 1513 2947 1567 enim
2974 1553 2987 1574 ,
3023 1512 3170 1566 Sicut
3209 1510 3365 1566 Pater
3400 1514 3607 1566 suscitat
3635 1527 3867 1567 mortuos
3897 1526 3939 1567 et

2344 1606 2592 1671 ririﬁcat,
2628 1605 2700 1658 sic
2740 1613 2785 1656 ct
2831 1603 3035 1667 Filius;
3062 1614 3113 1658 et
3134 1645 3149 1668 ,
3183 1603 3249 1657 Ut
3278 1622 3446 1657 omnes
3473 1607 3818 1672 honori/irent
3848 1607 3937 1659 Fi-

2345 1696 2487 1762 lium,
2511 1706 2565 1748 ut
2591 1698 2924 1763 honoriﬁcmtt
2952 1696 3159 1750 Putrem
3183 1715 3201 1763 ;
3230 1707 3303 1761 et,
3335 1698 3505 1765 Opem
3528 1716 3640 1767 σπη’
3661 1701 3775 1767 ipse
3799 1701 3936 1762 facit,

2343 1788 2448 1841 Italo
2477 1799 2520 1841 et
2550 1786 2717 1840 Filius
2755 1789 2985 1841 similiter
3022 1790 3145 1855 facit
3174 1805 3192 1840 :
3222 1790 3336 1843 haec
3364 1790 3539 1841 omnia
3574 1792 3937 1857 a-qttalitatetzt

2340 1880 2678 1932 conlirtttanl.
2706 1880 2779 1932 De
2803 1880 2917 1948 lege
2938 1896 3145 1949 quoque
3166 1881 3261 1939 ait.
3292 1879 3465 1933 Nolite
3486 1892 3665 1949 putare
3685 1886 3812 1948 quia
3836 1887 3938 1937 rem"

2341 1970 2533 2023 solvere
2558 1970 2717 2039 legem
2756 1982 2842 2021 aut
2883 1972 3151 2040 proli/tetas
3184 1971 3395 2041 (Matth.
3429 1974 3483 2026 5.
3528 1974 3639 2043 l7).
3683 1974 3775 2029 Sic
3808 1979 3940 2030 solet

2342 2061 2509 2113 malas
2552 2062 2889 2130 suspiciones
2938 2078 3002 2115 ex
3045 2064 3313 2117 tuentibus
3340 2064 3592 2119 evellere.
3629 2066 3728 2120 llic
3759 2080 3940 2122 autem

2339 2154 2695 2223 mqttalitztteot
2718 2170 2837 2209 cum
2869 2155 3025 2209 Patre
3053 2173 3156 2208 non
3185 2157 3342 2210 modo
3369 2172 3471 2212 non
3506 2159 3662 2224 tollit,
3688 2160 3787 2213 sed
3815 2177 3941 2215 cuu-

2342 2246 2538 2299 llrmat.
2586 2247 2763 2314 Quare
2805 2247 2929 2300 alibi
2981 2248 3281 2302 dicentibus
3332 2250 3467 2315 illis,
3521 2249 3674 2305 Facis
3720 2253 3939 2319 tcipsum

2340 2337 2526 2397 Deum,
2557 2340 2918 2408 5tt5pit-ionem
2950 2357 3054 2393 non
3084 2341 3310 2408 depulit,
3345 2342 3451 2394 itno
3485 2358 3660 2396 verant
3692 2345 3942 2411 probavit

2342 2429 2423 2482 Itis
2452 2429 2629 2482 verbis
2659 2447 2671 2482 :
2707 2428 2772 2483 Ut
2798 2440 2967 2483 autent
2997 2432 3166 2484 sciatis
3194 2433 3312 2501 quin
3343 2442 3634 2501 potestatem
3664 2434 3817 2485 liabet
3852 2434 3940 2487 Fi-

2341 2521 2439 2573 lius
2457 2521 2672 2573 hominis
2688 2522 2973 2574 dimittendi
2994 2534 3197 2591 peccata
3218 2523 3268 2575 in
3292 2533 3444 2587 terra,
3470 2526 3589 2578 dicit
3612 2529 3900 2597 paralytiro
3922 2545 3940 2582 :

2343 2612 2487 2667 Tolle
2519 2613 2816 2689 grabltatum
2845 2626 3019 2678 tuum,
3054 2625 3100 2668 et
3125 2616 3329 2669 ambula
3358 2617 3570 2687 (Matth.
3602 2620 3654 2671 9.
3689 2621 3769 2690 6).
3805 2620 3939 2673 Illud

2341 2706 2500 2773 igitur
2529 2706 2668 2772 qttod
2704 2707 2849 2775 prius
2876 2708 3075 2759 dietttnt
3103 2719 3204 2771 ρει,
3233 2710 3535 2771 Conﬁrmat.
3564 2713 3705 2781 quod
3740 2729 3941 2779 nempe

2338 2799 2596 2867 mqualetn
2628 2815 2686 2854 se
2716 2801 2872 2853 iaciat
2903 2801 3013 2853 Deo
3040 2819 3053 2864 ;
3088 2803 3428 2871 ostenditque
3453 2820 3511 2858 se
3539 2821 3641 2857 non
3672 2821 3795 2860 esse
3828 2807 3943 2859 Deo

2338 2890 2724 2958 adversarium,
2748 2892 2840 2945 sed
2866 2893 3074 2958 eadem,
3099 2911 3216 2961 quze
3242 2886 3328 2947 ille
3350 2895 3496 2958 dicit,
3520 2896 3719 2959 dicere,
3744 2898 3941 2951 eadem

2338 2982 2571 3047 docere;
2617 2983 2830 3038 demum
2878 2984 2945 3037 de
2990 2985 3194 3038 sabbati
3241 2986 3503 3040 solutione
3546 2989 3656 3056 agit
3698 2989 3937 3043 dit-ens:

2342 3072 2529 3127 Nonne
2553 3074 2757 3145 Moyses
2787 3076 2924 3128 dedit
2953 3078 3087 3129 vobis
3114 3075 3290 3146 legem,
3322 3088 3368 3130 et
3398 3095 3541 3131 nemo
3571 3095 3633 3131 ea:
3658 3080 3796 3133 vobis
3823 3098 3941 3134 ser-

2339 3176 2419 3218 vat
2439 3166 2631 3235 legem?
2653 3170 2726 3221 Ac
2747 3169 2791 3221 si
2809 3168 3013 3222 diceret
3038 3185 3050 3219 :
3078 3168 3182 3222 Lex
3206 3172 3413 3235 statuit,
3437 3170 3549 3223 Non
3574 3172 3818 3233 occides;
3842 3189 3943 3227 vos

2339 3266 2514 3311 autem
2538 3258 2800 3324 occiditis,
2825 3268 2984 3313 etme
3013 3268 3067 3311 ιιι
3090 3258 3222 3330 legis
3246 3270 3696 3330 tt-ansgt-essoretn
3715 3280 3943 3318 accusa-

2343 3347 2452 3401 tis?
2477 3348 2584 3401 Cur
2610 3360 2784 3402 autem
2816 3350 2965 3413 dixit,
3002 3348 3205 3403 Nemo?
3235 3352 3367 3417 Quia
3410 3367 3595 3406 omnes
3622 3357 3943 3421 quznrebattt

2341 3454 2462 3493 eum
2494 3439 2816 3494 interﬁcere.
2852 3441 2998 3509 Ego,
3030 3442 3199 3510 inquit
3223 3483 3236 3504 ,
3266 3444 3310 3496 si
3343 3444 3513 3509 legem
3546 3446 3715 3505 solvi,
3751 3446 3801 3499 id
3833 3448 3872 3499 [ι
3894 3448 3944 3503 ei

2339 3541 2397 3583 ιιι
2426 3531 2695 3586 hominem
2722 3549 2995 3587 servarent
3024 3551 3036 3595 ;
3064 3548 3156 3586 vos
3178 3545 3353 3587 autem
3381 3536 3445 3587 ad
3474 3539 3669 3590 tnafutn
3698 3539 3944 3593 inferen-

2326 3626 2466 3679 ‘dum
2490 3627 2694 3680 solvitis
2723 3626 2886 3679 illum.
2924 3626 3142 3679 Etiamsi
3174 3629 3590 3695 transgrederrr,
3622 3631 3671 3683 id
3699 3633 3766 3685 ad
3797 3636 3945 3686 salu-

2343 3729 2448 3773 tem
2477 3719 2632 3785 facio,
2658 3735 2830 3787 neque
2850 3730 3124 3789 oporteret
3145 3736 3228 3774 me
3251 3737 3280 3773 a
3304 3722 3473 3784 vobis,
3497 3724 3584 3791 qui
3610 3725 3661 3777 in
3687 3726 3945 3793 gravibus

2342 3811 2484 3864 illam
2514 3811 2968 3877 transgredimiui,
2996 3811 3247 3866 incusari.
3281 3812 3413 3866 Nam
3444 3816 3585 3883 quod
3616 3830 3710 3867 νινε
3742 3818 3941 3879 facitis,

2343 3902 2472 3970 legis
2502 3906 2713 3956 eversio
2743 3918 2961 3972 prorsus
2993 3913 3091 3959 est.
3130 3904 3330 3960 Deinde
3358 3907 3518 3959 etiam
3546 3906 3809 3969 decertat,
3842 3909 3947 3962 etsi

2344 3995 2490 4063 plura
2516 3997 2642 4048 olim
2666 3996 3041 4075 disseruisset;
3071 3997 3162 4051 sed
3190 4006 3313 4051 tunc
3336 3999 3636 4059 sublimius.
3666 4010 3721 4054 et
3746 4014 3946 4056 secun-

2342 4086 2467 4140 dum
2492 4087 2807 4158 dignitatem
2837 4104 2987 4143 suam
3010 4106 3027 4155 ;
3054 4106 3192 4144 nunc
3216 4101 3394 4144 autem
3426 4092 3696 4144 humilius.
3722 4092 3950 4160 Quare?

2341 4182 2475 4248 Quia
2507 4184 2721 4237 nolebat
2752 4192 2859 4235 tam
2900 4182 3208 4252 frequenter
3247 4184 3366 4238 illos
3404 4199 3765 4253 exasperare:
3800 4203 3945 4244 nunc

2338 4289 2473 4327 vero
2512 4275 2591 4329 ira
2631 4274 3070 4338 ineemlebantnr,
3108 4285 3160 4329 et
3194 4275 3246 4329 itt
3284 4275 3483 4330 caulem
3527 4278 3945 4345 processissent.

2343 4366 2678 4435 Quapmpter
2717 4368 2914 4421 insistit
2939 4376 2996 4421 ιιι
3031 4382 3215 4421 eorum
3246 4368 3459 4422 sedaret
3484 4370 3759 4435 animum,
3797 4373 3949 4426 ltiseo

2343 4460 2551 4513 duobus
2578 4470 2732 4514 utens
2763 4461 2957 4524 modis,
2988 4470 3041 4513 et
3073 4460 3276 4514 facinus
3300 4476 3597 4530 coarguens
3628 4463 3709 4515 bis
3740 4464 3942 4526 verbis,

2345 4553 2481 4619 Quid
2512 4568 2589 4605 me
2615 4555 2838 4622 qmcritis
2863 4554 3179 4618 interﬁcere?
3203 4561 3257 4607 et
3284 4554 3526 4609 modeste
3555 4555 3761 4610 addens
3782 4597 3797 4618 ,
3838 4556 3949 4610 llo-

2345 4646 2548 4711 minem,
2578 4646 2662 4714 qui
2693 4647 2948 4699 reritatem
2974 4647 3207 4717 loquutus
3234 4663 3367 4713 sum,
3393 4656 3447 4700 et
3474 4647 3769 4702 ostendens
3800 4650 3944 4714 illos,

2345 4755 2465 4793 cum
2496 4738 2695 4792 eatdem
2728 4739 3089 4811 Spirent,‘non
3112 4738 3307 4792 debere
3333 4737 3401 4791 de
3427 4737 3544 4790 aliis
3567 4723 3838 4805 iudieare.
3866 4740 3948 4797 'l'u

2344 4845 2472 4883 vero
2503 4829 2630 4883 tnihi
2662 4829 2973 4883 consideres
3004 4828 3183 4892 velim,
3212 4844 3371 4897 quam
3401 4829 3470 4881 sit
3498 4828 3714 4884 humilis
3743 4830 3945 4885 Christi

2347 4922 2710 4991 interrogatio,
2739 4935 2897 4988 quant
2930 4920 3224 4973 truculenta
3258 4921 3468 4974 illorum
3503 4923 3824 4988 responsio:
3856 4923 3946 4976 Ἠ).

2347 5011 2667 5066 Dannouinnt
2708 5010 2860 5067 [iubes
2888 5029 2906 5066 :
2932 5014 3043 5081 quis
3072 5021 3119 5065 te
3144 5012 3323 5081 quierit
3352 5013 3674 5082 inter/icere?
3706 5013 3946 5069 Verbum

2350 5108 2439 5161 ira:
2470 5116 2524 5162 et
2555 5107 2747 5160 luroris
2768 5148 2782 5170 ,
2813 5107 3081 5174 animique
3122 5106 3175 5159 itt
3220 5106 3597 5174 impudentiam
3627 5108 3772 5172 acti,
3803 5110 3947 5177 quod

2351 5200 2711 5268 inexspectato
2756 5199 2916 5254 modo
2962 5198 3442 5268 rcdarguerentur,
3476 5208 3529 5251 et
3568 5214 3626 5253 se
3661 5200 3951 5255 lacessitos

2348 5304 2613 5363 putarent.
2646 5292 2713 5347 lit
2738 5293 2879 5347 enim
2913 5292 3145 5345 latrones
3175 5292 3224 5345 in
3253 5292 3455 5345 insidiis
3476 5299 3716 5357 cautanl,
3746 5291 3949 5347 deinde

2302 5409 2305 5411 ί
2348 5395 2409 5441 ιιι
2437 5387 2752 5456 imparatum
2784 5385 3195 5454 aggrediantur,
3231 5384 3441 5437 silentio
3482 5398 3592 5437 rem
3636 5392 3903 5453 peragunt
3934 5402 3946 5437 :

2350 5481 2417 5534 ita
2449 5488 2503 5533 et
2539 5479 2728 5533 Judtei.
2774 5477 2891 5547 ipse
2938 5491 3099 5540 vero,
3139 5476 3336 5529 omissa
3383 5491 3503 5543 repr
3541 5474 3838 5539 ltensione,
3884 5489 3949 5526 ne

2352 5573 2770 5644 impudentiores
2802 5569 3081 5629 redderet,
3109 5567 3177 5621 de
3206 5567 3411 5621 sabbati
3438 5582 3646 5620 rursum
3674 5565 3954 5620 solutione

2352 5682 2469 5721 sese
2500 5673 2706 5734 purgat,
2739 5680 2801 5719 ex
2836 5664 2947 5731 lege
2978 5676 3097 5715 cmn
3130 5660 3232 5713 illis
3257 5660 3555 5726 disputans.

2427 5761 2475 5814 5.
2513 5760 2573 5813 lit
2608 5758 2723 5811 vide
2760 5772 2915 5828 quam
2966 5753 3271 5825 prudenter.
3304 5752 3441 5807 Nihil
3473 5752 3665 5806 mirum
3688 5790 3703 5816 ,
3738 5750 3948 5821 inquit,
