4164 6324
254 349 355 403 277

256 490 300 541 si
334 488 464 541 mihi
497 505 605 545 non
637 506 841 546 morem
870 492 1071 563 geritis,
1101 493 1315 561 quando
1345 508 1412 549 ne
1442 494 1613 563 legem
1645 494 1864 564 quidem

256 578 483 645 auditis,
514 591 570 637 et
595 596 756 653 quam
780 597 808 635 a
832 582 1012 654 Moyse
1038 581 1217 638 datam
1243 584 1462 653 putatis,
1485 599 1600 639 eam
1628 585 1860 641 violatis.

257 667 402 726 Nihil
430 688 563 743 ergo
591 690 811 740 novum,
835 676 878 729 si
908 674 1084 730 verbis
1110 676 1243 730 meis
1270 691 1375 730 non
1403 677 1698 731 attenditis.
1729 677 1862 745 Quia

258 762 403 816 enim
432 763 714 829 dixeram,
750 764 921 835 Moysi
957 765 1193 835 loquutus
1219 776 1292 821 est
1325 765 1494 830 Deus,
1525 767 1659 821 hunc
1696 780 1863 822 autem

257 856 512 909 nescimus
540 856 677 910 unde
702 859 768 911 sit
790 856 969 927 (Joau.
1004 858 1057 913 9.
1085 859 1200 930 29),
1227 860 1459 915 ostendit
1485 862 1614 930 ipse,
1642 862 1860 932 Moysen

254 950 324 1004 ab
353 951 458 1007 illis
485 953 872 1008 contumeliose
905 954 1179 1009 habitum:
1206 969 1327 1009 cum
1360 954 1451 1010 ille
1480 956 1651 1025 legem
1684 957 1862 1011 dedis-

254 1054 337 1098 set
364 1088 379 1108 ,
410 1060 570 1113 quam
604 1045 704 1113 ipsi
732 1061 837 1099 non
872 1045 1143 1101 audirent.
1169 1046 1260 1101 2|.
1295 1045 1467 1102 Unum
1500 1064 1628 1116 Opus
1655 1050 1785 1119 feci,
1815 1059 1862 1102 et

251 1152 430 1191 omnes
456 1138 736 1191 miramini.
762 1138 1145 1194 Animadverte
1174 1139 1446 1209 quomodo
1468 1139 1556 1195 ubi
1588 1155 1708 1195 sese
1732 1156 1860 1209 pur-

251 1243 383 1293 gare
406 1238 700 1297 oporteret,
730 1240 785 1283 et
810 1228 1049 1283 oblatum
1073 1230 1274 1284 crimen
1299 1232 1599 1296 confutare,
1636 1232 1722 1284 ille
1752 1246 1857 1285 non

253 1318 474 1373 Patrem
515 1332 937 1385 commemoret,
971 1320 1065 1375 scd
1105 1337 1387 1391 personam
1427 1338 1577 1377 suam
1622 1323 1855 1377 inducat.

256 1410 435 1465 Unum
463 1430 593 1482 opus
617 1414 734 1483 feci.
762 1413 887 1469 Vult
917 1416 1222 1479 ostendere,
1256 1419 1299 1471 si
1328 1433 1433 1471 non
1464 1419 1694 1484 fecisset,
1731 1429 1858 1473 tunc

252 1502 431 1569 legem
461 1505 689 1560 solutam
719 1506 822 1560 dici
855 1509 1110 1576 potuisse,
1141 1519 1194 1563 et
1224 1510 1387 1564 multa
1418 1524 1539 1566 esse
1567 1511 1855 1565 obscrvatu

248 1597 497 1665 digniora
524 1638 539 1662 ,
584 1613 742 1667 quam
794 1599 965 1669 legem
1006 1616 1019 1653 :
1057 1600 1404 1672 Moysemque
1450 1613 1633 1658 contra
1686 1604 1854 1674 legem

247 1686 565 1741 mandatum
586 1690 882 1757 accepisse,
906 1690 1047 1759 quod
1073 1690 1189 1762 lege
1210 1691 1423 1762 dignius
1447 1702 1609 1748 esset.
1640 1694 1857 1764 Dignior

244 1780 449 1848 quippe
493 1780 718 1835 sabbato
755 1783 1095 1838 circumcisio
1130 1794 1279 1845 erat.
1313 1789 1556 1856 quamvis
1586 1803 1648 1841 ea
1686 1804 1792 1841 non
1823 1804 1852 1841 a

244 1871 402 1942 lege,
436 1886 531 1928 seu
562 1890 592 1929 a
625 1875 864 1946 patribus
904 1877 1115 1933 inducta
1153 1878 1360 1933 fuisset.
1409 1879 1539 1951 Ego.
1566 1897 1696 1937 vero
1740 1898 1852 1937 rem

243 1964 550 2035 digniorem
595 1968 979 2038 melioremque
1021 1969 1119 2025 feci
1146 2013 1159 2033 ,
1193 1986 1352 2040 quam
1392 1971 1463 2025 sit
1492 1973 1851 2028 circumcisio.

249 2055 422 2112 Porro
447 2073 553 2113 non
582 2060 824 2114 meminit
855 2061 1039 2131 legalis
1067 2062 1302 2117 mandati
1327 2079 1341 2127 ;
1375 2080 1570 2134 nempe
1598 2066 1740 2135 quod
1768 2080 1854 2120 sa-

243 2152 500 2206 cerdotes
522 2153 802 2209 sabbatum
828 2156 1306 2226 transgrediantnr,
1329 2168 1383 2212 ut
1403 2158 1512 2228 jam
1535 2171 1659 2215 ante
1680 2161 1849 2215 dixit:

242 2242 343 2298 sed
383 2258 508 2298 cum
555 2245 743 2314 majori
787 2250 1107 2303 auctoritate
1156 2250 1409 2319 loquitur.
1458 2251 1587 2306 Illud
1634 2262 1848 2320 autem,

247 2329 538 2398 Miramini,
569 2335 619 2389 id
645 2346 747 2404 est,
784 2339 1087 2395 turbamini.
1116 2340 1249 2395 Nam
1273 2342 1317 2395 si
1345 2342 1516 2412 legem
1547 2345 1615 2399 ita
1643 2344 1849 2399 firmam

243 2437 368 2478 esse
397 2426 749 2492 oportuisset,
779 2429 1117 2486 circumcisio
1144 2449 1249 2486 non
1282 2434 1368 2487 illa
1403 2437 1745 2504 prmstantior
1765 2451 1846 2492 es-

241 2524 363 2581 set;
395 2532 569 2587 neque
595 2518 835 2585 dixisset,
865 2536 925 2577 se
950 2524 1123 2593 majus
1149 2525 1419 2594 quidpiam
1451 2527 1662 2594 fecisse,
1689 2545 1849 2598 quam

241 2610 711 2667 circumcisionem
737 2629 752 2679 ;
782 2613 876 2669 sed
905 2630 968 2671 ex
1001 2617 1321 2673 auctoritate
1352 2619 1593 2674 confutat
1628 2637 1723 2676 eos
1763 2622 1849 2676 di-

242 2715 374 2756 ciuis
400 2718 413 2753 :
440 2701 533 2758 23.
564 2702 627 2758 Si
646 2705 1079 2763 circumcisione»:
1108 2710 1290 2779 accipit
1316 2712 1486 2765 homo.
1516 2712 1703 2769 Viden"
1726 2726 1851 2773 tunc

244 2793 484 2849 maxime
512 2805 656 2851 stare
700 2796 908 2867 legem,
939 2814 1062 2854 cum
1100 2801 1269 2871 ipsam
1302 2804 1494 2858 solvit?
1519 2805 1694 2860 viden'
1721 2806 1849 2862 sab-

246 2883 353 2938 bati
396 2886 724 2943 solutionem
770 2904 890 2944 esse
938 2890 1066 2960 legis
1108 2894 1577 2962 observationem;
1612 2898 1683 2952 ita
1717 2909 1775 2953 ut
1802 2900 1847 2953 si

244 2992 351 3030 non
385 2976 575 3033 fuisset
602 2980 834 3035 solutum
876 2982 1159 3038 sabbatum
1184 3025 1199 3049 ,
1242 2985 1411 3055 legem
1453 2988 1586 3043 solvi
1626 3005 1849 3047 necesse

244 3069 441 3125 fuerit?
475 3072 655 3142 itaque
682 3073 854 3143 legem
881 3090 981 3146 ego
1010 3079 1236 3133 llrmavi.
1263 3080 1379 3135 Non
1406 3083 1561 3147 dixit,
1591 3084 1716 3139 Mihi
1744 3086 1848 3140 ira.

241 3163 455 3217 scimini
480 3204 495 3227 ,
528 3166 670 3235 quod
704 3182 814 3223 rem
843 3168 1252 3228 circumcisione
1283 3173 1541 3244 majorem
1573 3176 1797 3235 fecerim
1832 3199 1845 3235 :

241 3254 337 3308 sed
377 3271 495 3312 rem
525 3266 727 3313 tantum
758 3275 1069 3329 exponens,
1096 3263 1357 3333 judicium
1398 3269 1527 3337 ipsis
1562 3274 1807 3341 permisit
1828 3314 1845 3339 ,

243 3364 373 3403 num
423 3351 594 3419 magis
639 3353 937 3409 necessaria
983 3355 1051 3415 sit
1092 3356 1293 3427 integra
1330 3360 1559 3414 hominis
1597 3364 1844 3432 curatio,

244 3455 406 3509 quatit
433 3442 794 3499 circumcisio.
832 3444 900 3501 Ut
925 3447 1135 3517 signum
1165 3452 1391 3519 accipiat
1427 3452 1590 3529 homo
1619 3454 1747 3510 nihil
1779 3458 1846 3513 ad

242 3534 609 3590 valetudinem
634 3538 949 3605 conferens,
983 3542 1067 3596 lex
1095 3544 1338 3611 solvitur,
1377 3548 1584 3616 inquit;
1618 3558 1675 3603 nt
1702 3560 1848 3607 tanto

241 3629 434 3685 morbo
460 3631 738 3699 liberetur,
769 3633 1156 3699 indignamini?
1184 3637 1274 3692 24.
1306 3637 1482 3693 Nolite
1495 3642 1738 3710 judicare
1762 3660 1842 3697 se-

242 3720 468 3774 cundum
505 3723 707 3791 faciem.
740 3724 876 3791 Quid
905 3734 1021 3792 est,
1050 3727 1341 3782 Secundum
1368 3731 1553 3799 faciem
1573 3733 1601 3787 7
1619 3732 1695 3788 Ne
1721 3734 1841 3803 quia

242 3813 455 3884 Moyses
484 3814 535 3867 in
567 3816 771 3884 majore
798 3819 939 3886 apud
972 3834 1064 3873 vos
1094 3821 1491 3879 existimatione
1517 3836 1597 3879 est
1616 3867 1631 3892 ,
1662 3841 1690 3879 a
1724 3842 1845 3897 per-

240 3920 499 3961 sonarum
545 3908 801 3978 dignitate
853 3912 1116 3967 calculum
1170 3913 1395 3982 feratis;
1449 3917 1542 3973 sed
1587 3933 1615 3972 a
1663 3934 1841 3974 rerum

242 4008 431 4053 natura
460 4014 476 4053 :
512 3999 641 4053 illud
679 4017 911 4072 namque
954 4014 1035 4059 cst
1072 4004 1216 4075 juste
1249 4006 1512 4075 judicare.
1543 4008 1654 4064 Cur
1682 4026 1843 4065 nemo

240 4089 464 4161 Moysen
495 4092 788 4149 incusavit?
807 4112 904 4151 cur
928 4113 1086 4153 nemo
1108 4099 1314 4155 obstitit
1330 4101 1538 4170 jubenti
1563 4104 1695 4159 solvi
1718 4106 1843 4160 sab-

242 4181 424 4235 iratum
454 4199 551 4251 pro
594 4197 861 4256 pra-cepto
890 4190 1225 4247 extrinsecus
1256 4191 1358 4262 legi
1388 4194 1613 4249 addito?
1642 4194 1839 4252 Verum

240 4271 332 4326 ille
361 4274 563 4342 patitur
603 4287 924 4348 praceptum
964 4279 1093 4336 illud
1140 4282 1256 4352 lege
1293 4298 1387 4338 sua
1427 4285 1639 4355 dignius
1676 4303 1835 4352 esse;

249 4402 1645 4433 Μ

1375 350 1440 407 ΙΝ
1478 348 1791 409 JOANNEM
1833 348 2066 413 IIOMIL.
2114 351 2175 407 L.
2217 355 2287 411 al.
2332 356 2515 414 XLIX.
2579 372 2585 377 ‘

1664 4427 1916 4436 ——__...-..

3474 372 3579 428 278

1974 484 2325 542 praeceptum,
2359 475 2597 547 inquam,
2626 494 2656 533 a
2689 480 2805 549 lege
2834 498 2937 535 non
2969 483 3156 548 latum,
3193 485 3287 541 sed
3314 490 3581 546 extrinse-

1970 580 2067 621 CIIS
2105 568 2362 634 allatum;
2388 572 2529 642 quod
2560 582 2642 627 est
2674 574 2859 642 utique
2888 576 3083 629 mirum
3116 595 3127 629 :
3159 592 3253 630 vos
3278 590 3455 635 autem
3489 584 3579 652 qui

1971 673 2077 712 non
2104 661 2234 714 estis
2265 660 2620 731 legislatores,
2651 662 2791 719 ultra
2824 664 3040 719 modum
3069 667 3241 737 legem
3270 670 3577 727 vindicatis.

1972 753 2167 809 Verum
2194 755 2301 811 ﬁde
2325 756 2537 827 dignior
2563 758 2713 812 vobis
2742 769 2825 813 est
2863 759 3095 831 Moyses,
3122 763 3211 829 qui
3242 763 3413 834 legem
3442 766 3579 821 solvi

1969 847 2212 915 prieeipit
2255 847 2326 901 ob
2372 858 2698 918 praeceptum
2748 867 2854 905 non
2896 852 3084 921 legale.
3118 854 3251 908 Cum
3291 873 3419 927 ergo
3448 858 3578 915 dicit

1970 944 2139 991 totum
2190 936 2504 1004 hominem,
2555 940 2794 996 declarat
2844 942 3312 1000 circumcisionem
3369 960 3574 1017 partem

1969 1040 2175 1084 tantum
2207 1031 2525 1087 valetudinis
2556 1047 2697 1088 esse.
2741 1032 2806 1087 Et
2838 1051 2957 1104 qua:
2994 1044 3077 1091 est
3107 1039 3309 1092 Sanitas
3337 1040 3575 1095 circum-

1966 1123 2185 1177 cisionis
2206 1123 2229 1177 ?
2254 1124 2461 1191 Anima,
2491 1127 2681 1195 inquit,
2707 1126 2883 1180 omnis
2906 1144 3022 1195 qua:
3046 1144 3144 1182 non
3172 1131 3572 1200 circumciditur,

1966 1216 2379 1269 exterminabitur
2410 1216 2573 1286 (Cen.
2610 1218 2695 1272 ΓΙ.
2733 1218 2855 1289 Μ).
2898 1218 3013 1289 Ego
3054 1235 3182 1275 vero
3228 1237 3331 1275 non
3378 1224 3571 1292 partim

1963 1322 2164 1378 trgrum
2196 1309 2375 1375 modo,
2412 1312 2505 1364 sed
2541 1321 2706 1365 totum
2737 1324 3049 1382 corruptum
3086 1315 3360 1369 suscitavi.
3397 1314 3579 1371 Nolite

1963 1418 2083 1471 ergo
2107 1402 2348 1473 judicare
2375 1404 2654 1458 secundum
2686 1407 2889 1476 faciem.
2919 1408 3030 1463 Hoc
3059 1419 3305 1478 putemus
3334 1427 3439 1465 non
3471 1412 3573 1466 illis

1965 1503 2169 1548 tantum
2198 1495 2398 1549 dictum
2430 1498 2612 1559 fuisse.
2645 1497 2739 1554 sed
2772 1499 2923 1554 nobis
2949 1516 3183 1570 quoque,
3215 1518 3281 1555 ne
3308 1503 3411 1556 ulla
3438 1504 3487 1557 in
3514 1520 3572 1559 re

1958 1586 2219 1655 justitiam
2250 1603 2679 1659 eoi-rumpamus,
2711 1591 2803 1646 sed
2840 1608 2935 1660 pro
2978 1594 3064 1646 illa
3097 1596 3275 1649 omnia
3308 1611 3529 1665 agamus
3552 1615 3569 1661 ;

1964 1695 2031 1733 ne
2058 1681 2400 1737 attendamus
2430 1700 2495 1737 an
2524 1698 2725 1753 pauper
2750 1703 2816 1738 an
2846 1685 3003 1741 dives
3033 1688 3150 1757 quis
3176 1689 3278 1753 sit,
3312 1704 3410 1743 nec
3444 1706 3571 1759 per~

1961 1785 2121 1826 sonas
2142 1812 2157 1836 ,
2191 1773 2283 1826 sed
2314 1788 2401 1829 res
2430 1775 2794 1843 exploremus.
2828 1776 2951 1830 Non
2982 1779 3292 1832 misereberis
3312 1822 3327 1846 ,
3363 1780 3531 1849 inquit
3554 1822 3567 1838 .

1960 1864 2198 1933 pauperis
2225 1864 2276 1918 in
2300 1864 2499 1934 judicio
2521 1865 2716 1936 (Exod.
2746 1868 2838 1922 25.
2869 1870 2948 1937 3).
2974 1869 3109 1937 Quid
3139 1870 3239 1924 sibi
3270 1872 3379 1925 vult
3402 1871 3569 1925 illud?

1960 1955 2037 2009 Ne
2068 1954 2351 2026 frangaris,
2386 1959 2576 2027 inquit,
2610 1975 2677 2015 ne
2705 1960 2955 2026 nectaris,
2991 1962 3037 2016 si
3079 1979 3280 2032 pauper
3305 1966 3371 2019 sit
3404 1964 3451 2020 is
3477 1966 3566 2035 qni

1958 2047 2113 2103 lmsit.
2156 2050 2308 2114 Quod
2342 2051 2385 2104 si
2418 2054 2634 2121 pauperi
2670 2070 2774 2108 non
2808 2056 3191 2127 ignoscendum
3219 2101 3234 2125 ,
3268 2059 3438 2115 multo
3464 2061 3566 2114 mi-

1960 2156 2059 2196 nus
2084 2141 2255 2196 diviti.
2285 2143 2409 2199 llgec
2439 2160 2602 2214 porro
2626 2147 2748 2201 dico
2775 2164 2881 2202 non
2918 2148 3187 2217 judicibus
3217 2160 3441 2216 tantum,
3472 2153 3565 2208 sed

1957 2241 2012 2287 et
2036 2234 2306 2298 omnibus,
2333 2252 2398 2290 nc
2422 2253 2671 2308 umquam
2691 2239 2779 2309 jus
2808 2240 3057 2307 violetur,
3081 2244 3174 2296 sed
3199 2242 3566 2315 incorruptum

1958 2339 2174 2395 semper
2202 2338 2467 2383 servetur.
2510 2329 2724 2400 Diliyit,
2759 2332 2963 2403 inquit,
3000 2333 3257 2403 justitiam
3291 2333 3564 2389 Dominus.

1960 2416 2062 2483 Qui
2088 2428 2254 2473 autem
2279 2420 2443 2490 diligit
2472 2422 2808 2492 iniquitatem,
2840 2426 2943 2478 odit
2965 2426 3190 2479 animam
3216 2443 3360 2480 suam
3389 2426 3563 2494 (Psnl.

1958 2512 2044 2568 to.
2076 2512 2155 2580 6).
2189 2513 2267 2568 Ne
2291 2556 2306 2579 ,
2337 2530 2557 2586 quaeso,
2589 2518 2796 2572 animas
2826 2527 3038 2573 nostras
3076 2518 3202 2574 odio
3234 2518 3526 2575 liabcanms
3549 2564 3561 2580 .

1956 2620 2057 2659 ncc
2081 2606 2415 2676 iniquitatem
2442 2608 2747 2680 diligamus.
2776 2611 2911 2665 Hinc
2935 2621 3079 2667 certe
3104 2627 3291 2682 parum
3322 2617 3402 2668 vel
3431 2615 3563 2669 nihil

1958 2695 2089 2752 lucri
2122 2714 2261 2753 nunc
2292 2700 2652 2770 percipimus;
2688 2701 2781 2757 scd
2815 2704 2867 2757 in
2898 2703 3075 2758 futuro
3112 2721 3362 2775 magnum
3392 2706 3566 2760 aderit

1955 2787 2209 2843 damnum
2236 2792 2273 2844 ¹.
2314 2790 2423 2845 Iino
2455 2808 2522 2848 ne
2553 2793 2636 2847 hic
2663 2810 2875 2865 quoque
2906 2796 3185 2865 iniquitate
3214 2806 3395 2851 nostra
3424 2800 3566 2851 frue-

1956 2894 2095 2932 mur.
2127 2879 2355 2946 Quando
2384 2883 2528 2937 enim
2562 2900 2684 2939 cum
2727 2887 2865 2940 mala
2909 2889 3237 2943 conscientia
3273 2888 3323 2941 in
3355 2888 3563 2944 deliciis

1956 2985 2269 3039 versamur,
2302 2990 2481 3029 annon
2530 2977 2631 3032 hoc
2674 2978 2944 3032 cruciatus
2984 2988 3038 3032 ct
3083 2978 3403 3049 supplicium
3442 2981 3565 3034 est?

1957 3062 2249 3133 Diligzimus
2287 3084 2414 3136 ergo
2447 3070 2710 3138 juStitiam
2759 3082 2812 3125 et
2860 3088 3149 3143 numquam
3202 3073 3338 3129 hanc
3384 3074 3556 3143 legent

1957 3156 2239 3212 violemus.
2268 3158 2403 3227 Quid
2436 3163 2581 3217 enim
2614 3162 2817 3218 fructus
2838 3180 2904 3219 ex
2935 3162 3034 3219 hac
3062 3164 3167 3218 vita
3189 3166 3443 3235 consequi
3469 3182 3563 3235 po-

1956 3249 2212 3315 terimus,
2251 3254 2353 3306 nisi
2394 3253 2519 3309 hinc
2545 3269 2667 3308 cum
2714 3257 2908 3311 virtute
2952 3257 3402 3325 migraverimus?
3433 3262 3559 3328 quid

1956 3341 2063 3395 i'lic
2094 3342 2249 3396 nobis
2283 3345 2745 3411 patrocinabitur?
2775 3362 2842 3400 an
2873 3349 3141 3411 amicitia,
3172 3365 3238 3403 an
3271 3354 3519 3420 cognatio
3544 3394 3559 3416 ,

1953 3448 2021 3486 an
2066 3434 2279 3503 gratia?
2310 3435 2525 3505 Ecquid
2568 3439 2794 3507 gratiam
2836 3439 3122 3509 cujuslibet
3152 3439 3317 3495 dico?
3355 3442 3409 3497 Si
3449 3442 3563 3499 Noe

1956 3540 2159 3594 patrem
2193 3525 2484 3582 habeamus
2508 3569 2524 3593 ,
2556 3529 2600 3582 si
2640 3528 2832 3585 Jobum
2860 3572 2874 3595 ,
2906 3532 2951 3586 si
2999 3532 3269 3586 Danielem
3292 3575 3307 3597 ,
3346 3534 3395 3587 id
3429 3536 3559 3593 nihil

1958 3617 2112 3671 nobis
2140 3617 2407 3685 proderit,
2439 3619 2485 3673 si
2514 3631 2691 3674 nostra
2722 3635 2821 3675 nos
2846 3636 3009 3691 opera
3040 3622 3287 3689 prodant.
3320 3624 3425 3680 Sed
3455 3639 3559 3681 una

1956 3721 2091 3777 opus
2134 3708 2394 3765 habemus
2424 3710 2659 3776 virtute;
2694 3711 2808 3767 hmc
2855 3728 2953 3768 nos
2991 3728 3209 3770 scrvare
3247 3717 3443 3785 poterit
3506 3728 3561 3775 et

1956 3800 2023 3853 ah
2052 3809 2255 3855 a‘tcrno
2301 3802 2420 3871 igne
2463 3803 2714 3860 liberare.
2757 3805 2884 3860 llzec
2924 3821 3023 3861 nos
3049 3807 3220 3863 mittet
3250 3810 3301 3863 in
3334 3826 3555 3881 regnum
3579 3819 3595 3835 '

1955 3892 2247 3959 eiulatum;
2277 3895 2419 3965 quod
2449 3898 2650 3951 utinam
2693 3914 2883 3953 omnes
2927 3915 3322 3971 consequamur
3342 3945 3357 3970 ,
3387 3907 3553 3971 gratia

1954 3992 2007 4036 et
2039 3983 2363 4054 benignitate
2395 3987 2602 4041 Domini
2643 3989 2809 4043 nostri
2850 3989 2977 4045 Jesu
3005 3991 3239 4058 Christi,
3273 4010 3366 4061 per
3394 4010 3554 4065 quem

1952 4084 2007 4127 ct
2032 4091 2152 4130 cum
2184 4091 2290 4146 quo
2316 4076 2457 4132 Patri
2486 4079 2677 4149 gloria,
2707 4096 2921 4151 unaque
2941 4092 3127 4137 sancto
3148 4082 3389 4153 Spiritui,
3413 4101 3557 4142 nunc

1953 4177 2001 4223 et
2035 4184 2266 4237 semper.
2293 4181 2342 4223 et
2374 4173 2424 4224 in
2457 4173 2650 4227 sarcula
2680 4175 3021 4229 saeculorum.
3048 4176 3242 4229 Anien.

2018 4260 2117 4372 ﬁt];
2143 4260 2249 4311 aliis
2274 4262 2536 4325 legitur....
2565 4262 2695 4315 lucri
2710 4278 2838 4316 nunc
2862 4265 3176 4328 percipimus,
3202 4269 3291 4318 sed
3316 4269 3367 4319 in
3388 4270 3553 4331 ραυνο

2018 4336 2052 4372 η
2107 4336 2227 4372 mus.

1948 4334 2227 4384 penmnnis.

1668 4477 2012 4544 HOMILIA
2074 4482 2146 4542 L.

236 4581 371 4639 Car.
404 4582 454 4636 7.
482 4600 531 4637 ν.
555 4584 645 4640 '25.
679 4584 927 4640 Dicebant
980 4606 1099 4660 ergo
1126 4594 1333 4661 quidam
1377 4611 1441 4648 ex
1461 4593 1797 4668 Ierosolgntis
1823 4616 1842 4654 :

317 4674 505 4729 Nonne
533 4677 614 4729 hic
637 4688 711 4732 est
737 4695 885 4749 quem
906 4694 1139 4751 quierunt
1171 4685 1492 4753 inter/icere?
1516 4687 1605 4742 26.
1633 4686 1697 4742 Et
1728 4707 1842 4745 ecce

315 4769 489 4836 palam
512 4768 734 4838 loquitur
754 4812 769 4835 ,
801 4780 847 4825 el
877 4773 1009 4825 nihil
1027 4775 1073 4826 ei
1100 4776 1293 4829 dicunt.
1328 4777 1593 4847 Numquid
1618 4796 1729 4835 uere
1753 4798 1842 4836 co-

313 4874 593 4932 gnourunl
624 4864 898 4931 principes,
940 4868 1060 4936 quia
1099 4868 1180 4921 hic
1206 4882 1278 4924 est
1309 4887 1419 4925 uere
1438 4871 1713 4929 Christus?
1747 4875 1837 4929 27.

316 4954 425 5009 Sed
447 4956 580 5009 hunc
603 4957 787 5012 scimus
809 4958 942 5012 unde
968 4961 1052 5015 sit.

316 5094 369 5148 l.
402 5091 467 5146 In
492 5094 677 5172 divipis
699 5094 982 5165 Scripturis
1012 5099 1141 5153 nihil
1168 5109 1351 5157 temere
1370 5105 1592 5173 positum
1636 5137 1705 5148 —
1738 5106 1833 5162 Ni—

244 5186 316 5239 hil
344 5187 395 5239 in
425 5186 622 5243 divinis
665 5188 959 5260 Scripturis
1012 5202 1215 5249 temere
1257 5198 1490 5266 positum
1544 5210 1666 5265 est;
1719 5212 1842 5257 sunt

174 5294 181 5301 ε
242 5278 389 5331 enim
418 5277 650 5347 Spiritus
670 5282 840 5335 sancti
868 5282 1033 5337 dicta.
1077 5284 1439 5353 Quamobrem
1474 5292 1651 5345 omnia
1685 5307 1843 5347 accuc

243 5380 360 5424 rate
383 5370 766 5440 disquiramus.
795 5374 878 5429 Ab
906 5391 1008 5429 una
1038 5380 1235 5447 quippe
1272 5379 1505 5436 dictione
1535 5392 1703 5438 totum
1735 5402 1840 5439 szc-

246 5478 313 5531 pe
340 5476 557 5517 sensum
589 5464 868 5530 discimus,
901 5476 958 5521 ut
985 5470 1145 5523 etiam
1185 5486 1328 5525 nunc
1371 5475 1656 5545 contingit.
1688 5476 1841 5530 Multi

245 5557 376 5609 enim
406 5571 469 5608 ea:
496 5556 945 5628 Jerosolymitanis
971 5563 1243 5617 dicebant:
1286 5564 1405 5619 Non
1452 5569 1533 5622 hic
1574 5579 1647 5624 est
1692 5587 1841 5638 quem

246 5658 476 5717 qmt’ruut
501 5650 787 5718 inter/icere
813 5652 839 5705 7
869 5652 933 5705 Et
956 5671 1068 5708 ecce
1093 5656 1264 5727 palam
1298 5660 1540 5728 loquitur,
1562 5672 1611 5714 et
1637 5662 1766 5716 nihil
1795 5667 1841 5718 ei

244 5738 440 5790 dicunt.
484 5739 593 5794 Cur
643 5740 1082 5814 Jerosolymitani
1139 5754 1545 5806 memorantur?
1596 5752 1841 5810 Ostendit

245 5831 570 5901 crangclisla
592 5847 687 5889 cos
713 5834 968 5904 niaxime,
990 5837 1077 5908 qni
1105 5847 1179 5894 tot
1200 5840 1363 5911 signis
1378 5842 1577 5913 dignati
1608 5844 1835 5912 fuerant,

1956 4582 2195 4635 omnium
2224 4584 2561 4638 miserrimos
2590 4600 2711 4640 esse
2734 4624 2751 4650 ,
2791 4588 2880 4657 qui
2912 4604 3033 4643 cum
3065 4590 3359 4649 divinitatis
3388 4596 3554 4665 ipsius

1951 4673 2161 4742 signum
2223 4675 2516 4729 maximum
2580 4677 2878 4746 vidissent,
2946 4690 3113 4735 totum
3173 4695 3552 4753 corrupturum

1952 4765 2253 4835 principum
2278 4765 2485 4835 judicio
2508 4770 2876 4825 remittebant.
2903 4773 3096 4827 Annon
3133 4777 3426 4832 maximum
3478 4782 3552 4835 si-

1951 4872 2115 4925 gnum
2138 4868 2272 4921 erat,
2305 4860 2445 4929 quod
2478 4860 2736 4927 furentes,
2766 4864 2971 4919 caedem
2997 4867 3286 4934 spirantes,
3319 4872 3555 4925 circnm-

1952 4961 2253 5017 cursantes,
2278 4962 2438 5021 atque
2465 4955 2771 5012 interﬁcere
2797 4970 3106 5027 quaerentes
3128 5002 3143 5025 ,
3200 4978 3323 5018 cum
3381 4966 3555 5035 ipsum

1956 5058 2066 5111 pra:
2095 5046 2341 5099 manibus
2372 5056 2660 5113 tenerent,
2694 5048 2875 5105 statim
2899 5054 3281 5121 quiescerent?
3306 5059 3426 5128 quis
3451 5059 3554 5115 hbc

1953 5132 2209 5189 fecisset?
2232 5137 2351 5206 quis
2383 5147 2589 5193 tantum
2621 5140 2860 5196 furorem
2889 5145 2966 5198 sic
2996 5146 3554 5206 exstinxissenmta‘

1952 5239 2073 5278 men
2101 5235 2222 5295 post
2253 5237 2328 5281 tot
2358 5228 2528 5297 signa,
2563 5230 2684 5285 vide
2706 5233 2985 5287 stultitiam
3010 5244 3063 5288 et
3086 5237 3341 5293 furorem.
3370 5238 3557 5296 Nonne

1952 5318 2032 5370 hic
2048 5331 2118 5373 est
2136 5336 2278 5387 quem
2304 5334 2537 5388 quierunt
2553 5324 2871 5390 interﬁcere?
2895 5326 3025 5382 Vide
3041 5331 3310 5398 quomodo
3330 5348 3388 5386 se
3414 5334 3558 5402 ipsUs

1952 5411 2331 5465 comleinnent.
2356 5412 2517 5477 Quem
2540 5427 2772 5483 quaerunt
2799 5418 3103 5487 inter/icere,
3126 5422 3391 5492 inquiunt,
3410 5436 3459 5477 et
3474 5427 3555 5477 ni-

1952 5502 2026 5555 hil
2044 5503 2089 5554 ei
2110 5502 2306 5557 dicunt.
2339 5506 2447 5560 Nec
2469 5509 2774 5563 modnnihil
2793 5512 2997 5578 dicunt,
3018 5514 3110 5567 sed
3127 5531 3299 5584 neque
3315 5518 3486 5585 palam
3504 5526 3547 5572 et

1951 5594 2117 5650 libere
2146 5597 2451 5666 loquentem
2486 5600 2737 5672 ipsosque
2782 5616 3191 5673 cxasperantem
3232 5610 3546 5677 reprimunt.

1949 5683 2222 5757 Numquid
2243 5705 2355 5743 vere
2370 5703 2731 5761 cognoverunt,
2763 5696 2883 5764 quia
2911 5698 2993 5749 hic
3018 5707 3091 5750 est
3114 5696 3361 5752 Christus.
3391 5699 3555 5756 Vobis

1950 5790 2129 5834 autem
2163 5782 2292 5850 quid
2323 5784 2583 5841 videtur?
2610 5804 2772 5858 quam
2796 5788 2863 5845 de
2884 5789 2976 5843 illo
3010 5789 3163 5857 fertis
3190 5794 3553 5848 sententiam?

1951 5869 2321 5944 Contrarium,
2358 5878 2622 5950 inquiunt.
2650 5882 2775 5940 ldco
2806 5882 3060 5939 dicebant
3094 5902 3101 5933 :
3144 5884 3250 5940 Sed
3280 5886 3411 5939 hunc
3446 5889 3546 5940 sci-
