4164 6324
701 325 801 380 27‘)

701 461 807 494 ntus
828 440 956 494 unde
983 437 1064 491 sit.
1089 435 1134 490 Ο
1160 432 1446 503 nequitiam
1477 432 1490 484 ‘.
1524 446 1555 481 ο
1583 425 2058 481 contradictionem
2088 423 2102 475 !
2158 419 2272 475 Non

701 547 818 586 cum
851 529 1167 600 principibus
1207 523 1470 579 calculum
1526 520 1734 583 ferunt,
1764 515 1858 570 sed
1905 514 2064 569 aliam
2093 527 2281 566 corru-

702 635 839 691 ptam
863 618 1084 673 efferunt
1107 614 1424 670 sententiam
1451 611 1669 664 stultitia
1692 622 1786 660 sua
1801 606 2035 675 dignam.
2054 602 2274 664 Scimus,

702 711 960 782 inquiunt,
987 708 1117 761 unde
1141 707 1200 759 sit
1224 720 1242 760 :
1285 703 1511 758 Christus
1540 711 1705 753 autem
1733 713 1845 750 cum
1875 695 2059 748 venerit
2085 734 2099 756 ,
2134 707 2276 744 nemo

700 805 816 856 sciet
843 801 978 854 unde
997 801 1080 854 sit.
1117 796 1274 867 Atqui
1305 795 1572 864 principes
1599 789 1760 844 veSIri
1792 784 2100 854 interrogati
2123 783 2274 836 dice-

701 894 826 946 bant
849 935 862 957 ,
898 894 950 946 in
977 890 1289 944 Bcthlehem
1323 884 1668 938 nasciturum.
1700 880 1765 933 Et
1790 892 1999 932 rursum
2030 875 2140 939 alii,
2162 872 2273 926 Nos

697 989 881 1040 scimus
900 986 1017 1056 quia
1047 982 1210 1051 Moysi
1231 982 1462 1045 loquutus
1489 984 1560 1028 est
1606 973 1744 1026 Deus
1767 988 1784 1036 ;
1815 971 1947 1023 hunc
1975 976 2140 1020 autem
2186 981 2273 1019 nc-

697 1080 881 1132 scimus
907 1055 1040 1129 unde
1059 1075 1120 1127 sit
1145 1072 1164 1145 (
1180 1071 1333 1124 Joan.
1357 1070 1412 1123 9.
1434 1067 1503 1122 29
1522 1069 1560 1132 ).
1594 1064 1875 1119 Eliriorum
1903 1059 2060 1115 verba
2089 1055 2271 1111 consi-

697 1169 824 1223 dera
844 1169 882 1220 ¹.
934 1167 1295 1233 Rursumque,
1321 1159 1540 1214 Numea:
1567 1156 1782 1210 Galiitza
1811 1154 1939 1208 venit
1985 1150 2213 1205 Christus
2243 1147 2267 1199 ?

697 1277 864 1312 annon
892 1276 952 1311 ea:
980 1256 1267 1310 Bel/delum
1293 1254 1400 1305 uico
1423 1251 1447 1304 Ρ
1475 1249 1658 1304 Videu'
1685 1248 1956 1304 ebriorum
1985 1239 2273 1297 calculum?

698 1351 926 1414 Scimus,
953 1348 1260 1405 nescimus;
1312 1359 1376 1399 ex
1439 1339 1748 1395 Bethleltem
1782 1336 1928 1390 venit
1981 1331 2269 1391 Christus;

697 1439 924 1492 Christus
953 1446 1117 1488 autem
1142 1450 1256 1487 cum
1284 1432 1490 1495 venerit,
1520 1444 1663 1482 nemo
1687 1427 1807 1479 sciet
1838 1424 1968 1477 unde
2011 1423 2095 1475 sit.
2134 1418 2271 1486 Quid

701 1532 797 1583 bac
828 1529 1086 1583 dictorum
1109 1540 1279 1593 pugna
1311 1520 1646 1575 manifestius
1673 1517 1696 1569 ἲ
1749 1516 1802 1569 Id
1831 1529 1989 1567 unum
2017 1511 2274 1578 respicie-

699 1624 843 1683 bant,
875 1630 928 1672 ιιι
953 1634 1019 1672 nc
1047 1617 1346 1671 crederent.
1396 1611 1532 1678 Quid
1565 1625 1691 1678 ergo
1736 1607 1800 1662 ad
1833 1606 1948 1660 hinc
1977 1604 2220 1659 Christus
2249 1604 2272 1656 ?

694 1713 783 1766 ι28.
829 1710 891 1763 Et
922 1727 998 1764 me
1019 1710 1193 1772 nostis,
1235 1717 1280 1759 et
1311 1707 1442 1758 unde
1471 1705 1565 1757 sint
1595 1702 1769 1755 scitis:
1801 1710 1846 1753 et
1877 1715 1908 1751 a
1930 1698 2120 1767 meipso
2171 1712 2270 1748 non

695 1801 823 1866 reui,
843 1800 930 1853 sed
951 1810 1019 1852 est
1042 1815 1182 1851 verus
1201 1797 1284 1865 qui
1313 1795 1445 1848 misit
1484 1810 1579 1856 me,
1635 1807 1777 1860 quem
1816 1806 1902 1843 vos
1943 1788 2157 1840 nescitis.
2205 1785 2272 1840 Et

696 1907 926 1955 rursum,
960 1889 1020 1943 Si
1047 1905 1121 1941 me
1136 1887 1349 1948 sciretis,
1378 1895 1422 1938 et
1455 1883 1663 1936 Patrem
1690 1897 1855 1933 meum
1881 1879 2094 1932 sciretis.
2123 1877 2269 1944 Quo-

695 1983 854 2036 modo
885 1996 1011 2049 ergo
1038 1980 1164 2034 dicit
1196 1992 1287 2032 eos
1315 1985 1368 2031 et
1389 1977 1583 2043 ipsum,
1607 1983 1658 2025 et
1691 1971 1832 2024 unde
1859 1971 1928 2023 sit
1959 1979 2119 2022 nosse
2150 1984 2164 2032 ;
2215 1976 2269 2022 et

693 2072 816 2125 alibi
843 2113 856 2136 ,
887 2085 983 2123 nec
1008 2070 1178 2139 ipsum
1207 2081 1383 2129 nosse,
1418 2079 1515 2117 nec
1534 2064 1745 2116 Patrem
1768 2059 1921 2114 ?Non
1952 2073 2134 2112 secum
2165 2073 2265 2126 pu-

692 2172 847 2226 gnat,
879 2159 1055 2222 absit;
1108 2157 1200 2211 sed
1231 2155 1386 2209 valde
1412 2154 1510 2208 sibi
1540 2159 1769 2205 constat.
1800 2150 1874 2204 De
1894 2149 1998 2202 alia
2035 2149 2269 2217 loquitur

690 2249 990 2319 cognitione
1018 2289 1033 2313 ,
1075 2262 1195 2301 cum
1229 2246 1378 2310 dicit,
1405 2244 1519 2319 Non
1572 2241 1773 2305 nostis,
1820 2238 2265 2308 quemadmodum

691 2317 809 2394 cum
840 2340 966 2394 dicit
995 2353 1009 2393 :
1041 2337 1164 2390 Filii
1196 2335 1315 2390 Heli
1343 2377 1356 2400 ,
1391 2335 1485 2403 ﬁlii
1497 2317 1788 2404 pestilentes
1812 2373 1826 2395 ,
1859 2331 2126 2384 nescientes
2153 2329 2266 2383 Do-

690 2435 879 2485 minum
927 2432 1004 2500 (1.
1030 2431 1155 2499 Reg.
1178 2430 1232 2482 2.
1262 2428 1371 2499 12);
1395 2443 1456 2481 ac
1502 2441 1712 2480 rursum
1740 2465 1754 2488 ,
1791 2423 1956 2478 Israel
1982 2434 2148 2476 autem
2190 2440 2268 2477 me

689 2542 786 2577 non
807 2523 1034 2592 cognovit
1054 2521 1207 2589 (lsai.
1234 2521 1286 2573 1.
1312 2520 1386 2588 5).
1424 2518 1486 2572 Ut
1514 2528 1566 2570 et
1596 2515 1791 2569 Paulus
1816 2513 1890 2567 ait
1914 2529 1925 2566 :
1957 2513 2268 2581 Conﬁtentur

687 2633 739 2668 se
765 2631 907 2668 nosse
927 2612 1120 2674 Deum,
1148 2611 1294 2682 factis
1315 2619 1481 2662 autem
1512 2616 1695 2677 negant
1714 2604 1841 2672 (Tit.
1874 2605 1923 2659 1.
1947 2605 2055 2672 16).
2084 2604 2268 2658 Potest

687 2723 812 2775 ergo
833 2705 919 2774 qui
955 2705 1073 2766 scit,
1107 2705 1333 2757 nescire.
1371 2701 1480 2754 Hoc
1508 2701 1683 2767 itaque
1700 2696 1859 2749 dicit:
1891 2695 1942 2750 Si
1975 2711 2060 2750 me
2088 2710 2266 2750 nosse.

687 2798 773 2859 tis,
808 2795 1015 2850 sciretis
1045 2810 1128 2847 me
1150 2808 1269 2846 esse
1288 2791 1479 2845 Filium
1515 2788 1624 2843 Dei.
1677 2785 1811 2840 lllud
1850 2794 2027 2839 autem
2055 2827 2069 2850 ,
2118 2784 2266 2838 Unde

687 2888 799 2948 sint,
826 2901 927 2938 non
953 2885 1125 2938 locum
1159 2883 1244 2936 hic
1268 2881 1509 2936 denotat.
1529 2888 1585 2932 ut
1607 2878 1775 2946 liquet
1804 2891 1866 2930 ex
1890 2874 2259 2944 sequentibus:

689 2976 753 3028 Et
781 2994 810 3026 α
837 2977 1023 3042 meipso
1046 2991 1144 3026 non
1164 2975 1296 3037 veni,
1327 2973 1413 3026 sed
1436 2986 1579 3023 verus
1595 2979 1664 3023 est
1687 2969 1770 3037 qui
1796 2967 1927 3020 misit
1955 2981 2032 3018 me
2061 3006 2075 3029 ,
2116 2982 2263 3035 quem

688 3085 770 3119 vos
810 3067 1026 3119 nescitis.
1055 3066 1149 3118 llic
1170 3064 1402 3133 loquitur
1427 3064 1493 3117 de
1520 3060 1811 3130 ignorantia
1842 3059 2090 3126 operibus
2112 3073 2261 3112 eom-

689 3162 905 3226 probata
933 3198 946 3222 ,
994 3158 1061 3211 de
1110 3171 1213 3224 qua
1257 3155 1452 3209 Paulus
1494 3154 1654 3206 dicit:
1704 3151 2020 3217 Conﬁtentur
2047 3167 2100 3203 se
2119 3166 2264 3204 nosse

688 3252 890 3314 Deum,
924 3249 1071 3320 factis
1090 3258 1253 3301 autent
1276 3255 1476 3316 negant.
1520 3244 1702 3312 Neque
1747 3245 1888 3297 enim
1934 3243 2250 3312 ignorantia:

689 3354 959 3414 peccatum
993 3351 1127 3403 erat,
1157 3339 1250 3394 sed
1300 3338 1548 3407 nequitia:
1574 3347 1628 3391 et
1658 3336 1808 3388 mala:
1837 3336 2143 3389 voluntatis.
2193 3335 2261 3388 Et

688 3451 806 3488 cum
852 3433 952 3486 hoc
981 3433 1215 3492 scirent,
1273 3430 1515 3497 ignorare
1567 3425 1834 3479 volebant.
1875 3424 1979 3478 Sed
2017 3439 2258 3493 quamam

690 3526 800 3577 lucc
817 3521 1236 3592 consequentia?
1262 3518 1528 3588 quomodo
1556 3526 1611 3570 ttt
1641 3516 1760 3569 illos
1788 3515 2046 3577 confutet,
2072 3515 2259 3568 eadem

688 3631 806 3681 qua:
837 3613 933 3681 ipsi
967 3611 1198 3679 loquitur
1225 3609 1248 3661 1
1275 3609 1404 3662 Nam
1435 3622 1556 3661 cum
1591 3606 1665 3658 illi
1695 3605 1952 3667 dicerent,
1988 3603 2140 3656 Hunc
2169 3621 2263 3656 au-

691 3718 786 3757 tent
805 3704 991 3755 scimus
1015 3701 1146 3753 unde
1166 3700 1258 3764 sit,
1289 3697 1545 3762 subdidit,
1577 3695 1642 3749 Et
1672 3712 1748 3749 me
1769 3696 1924 3749 scitis.
1953 3695 2086 3763 Quid
2119 3697 2259 3749 enim

587 3791 606 3808 ⁸
688 3793 935 3848 dicebant
963 3792 1033 3844 illi
1057 3791 1078 3844 ?
1105 3806 1170 3843 an
1199 3789 1337 3859 quod
1363 3787 1670 3843 nescirent?
1703 3787 1811 3840 lmo
1838 3802 1964 3840 vero
1988 3787 2082 3854 ipsi
2113 3787 2263 3841 diee-

689 3885 838 3949 bant,
891 3885 1110 3938 Scimus.
1147 3881 1340 3934 Verum
1372 3895 1492 3934 cum
1540 3880 1782 3934 dicereut
1827 3893 1885 3933 se
1933 3881 2073 3935 scire
2121 3880 2261 3935 unde

690 3987 853 4039 esset,
874 3975 1003 4029 nihil
1033 3975 1172 4028 aliud
1205 3973 1595 4043 significabant,
1619 3988 1776 4041 quam
1807 3972 1954 4025 illum
1987 3972 2057 4026 de
2119 3982 2259 4026 terra

687 4083 807 4122 esse
837 4077 891 4121 et
933 4067 1061 4119 fabri
1090 4067 1274 4119 lilium.
1319 4064 1411 4118 Ille
1453 4079 1583 4116 vero
1623 4062 1673 4115 in
1702 4063 1863 4117 cados
1888 4062 2128 4130 erigebat
2169 4078 2262 4118 eos

685 4158 890 4219 dicens,
917 4157 1073 4211 Scitis
1095 4155 1234 4208 unde
1252 4155 1371 4214 sint;
1406 4153 1456 4208 id
1484 4163 1584 4217 est,
1628 4153 1741 4206 Non
1773 4152 1912 4206 unde
1952 4153 2265 4221 suspicami-

688 4251 740 4303 ni
765 4249 911 4314 veni,
941 4247 1032 4302 sed
1062 4251 1200 4301 unde
1229 4248 1271 4299 is
1298 4246 1385 4314 qui
1419 4245 1566 4298 misit
1594 4259 1698 4298 me.
1729 4242 1860 4297 Cum
1886 4243 2194 4305 dicitenim,
2220 4244 2263 4294 Α

688 4343 880 4410 meipso
911 4357 1012 4393 non
1030 4340 1159 4404 veni,
1195 4339 1295 4392 hoc
1321 4336 1639 4399 subindicat,
1679 4337 1822 4404 ipsos
1851 4351 2040 4404 nempe
2075 4336 2213 4389 scire
2247 4376 2261 4401 ,

692 4433 832 4502 quod
862 4448 890 4484 a
915 4432 1072 4485 Patre
1100 4431 1295 4483 missus
1321 4428 1485 4494 esset,
1519 4429 1618 4481 etsi
1645 4429 1694 4480 id
1728 4443 1830 4481 non
1859 4428 2260 4482 confiterentur.

695 4520 897 4589 Duplici
921 4535 1047 4589 ergo
1079 4519 1236 4572 modo
1277 4519 1393 4572 illos
1419 4517 1678 4574 confutat.
1713 4517 1891 4570 Primo
1916 4532 1976 4570 ea
2020 4534 2137 4586 qua:
2179 4532 2263 4570 se-

691 4624 840 4668 creto
871 4612 1243 4681 loquebantur,
1275 4611 1326 4664 in
1355 4611 1586 4663 medium
1632 4620 1685 4664 et
1711 4625 1829 4662 eum
1858 4609 2091 4664 clamore
2141 4625 2266 4679 pro-

687 4707 809 4767 fert,
845 4712 901 4756 ut
931 4703 1049 4756 illos
1072 4701 1404 4770 pudefaciat;
1433 4701 1623 4754 deinde
1649 4709 1880 4754 mentem
1909 4701 2116 4752 illorum
2139 4716 2265 4768 ape~

690 4797 775 4857 rit,
807 4811 868 4848 ac
890 4795 932 4847 si
956 4794 1155 4848 diceret
1179 4812 1192 4844 :
1217 4792 1330 4846 Non
1359 4792 1600 4857 abiectus
1627 4807 1741 4845 sunt
1766 4833 1780 4854 .
1821 4808 1924 4844 non
1956 4794 2068 4846 sine
2106 4807 2264 4846 causa

689 4886 846 4947 veni;
880 4884 986 4938 Sed
1019 4898 1163 4936 verus
1185 4893 1257 4935 est
1286 4883 1373 4952 qui
1416 4883 1547 4936 misit
1595 4898 1704 4942 me,
1741 4899 1885 4951 quem
1915 4899 2002 4934 vos
2041 4884 2261 4938 nescitis.

691 4976 824 5040 Quid
856 4975 1118 5045 significat
1145 4974 1271 5028 illud
1297 5015 1310 5037 ,
1350 4972 1510 5027 Verus
1531 4983 1601 5026 est
1619 4974 1703 5041 qui
1721 4974 1850 5026 misit
1875 4974 1992 5026 me?
2019 4973 2072 5025 Si
2107 4989 2266 5029 vt-rus

691 5079 769 5122 est
793 5106 809 5132 ,
853 5069 903 5120 in
947 5069 1174 5122 veritate
1198 5083 1280 5119 me
1305 5066 1445 5119 misit
1474 5083 1485 5118 :
1515 5067 1557 5118 si
1589 5082 1744 5119 verus
1769 5077 1869 5130 est,
1900 5067 2140 5135 sequitur
2171 5081 2264 5120 vc-

691 5174 806 5212 rum
843 5158 990 5210 illum
1017 5173 1134 5211 esse
1164 5158 1250 5225 qui
1283 5159 1476 5210 missus
1498 5158 1612 5211 fuit.

761 5249 816 5301 2.
848 5248 965 5300 Alio
987 5263 1196 5316 quoque
1220 5248 1378 5301 modo
1412 5249 1459 5300 id
1492 5252 1698 5316 probat,
1734 5251 1964 5317 propriis
1999 5251 2114 5302 illos
2136 5267 2259 5302 ver—

690 5341 770 5394 bis
796 5340 1030 5409 capiens.
1065 5339 1196 5406 Quia
1229 5341 1654 5403 cnimdicebant,
1688 5339 1915 5394 Christus
1938 5359 2051 5393 cum
2082 5344 2262 5407 veniet,

689 5452 832 5487 nemo
853 5435 969 5486 sciet
997 5435 1129 5486 unde
1145 5435 1206 5486 sit
1232 5475 1244 5496 ,
1298 5433 1419 5486 hinc
1451 5434 1680 5486 ostendit
1724 5449 1780 5488 se
1803 5435 2073 5487 Christum
2117 5450 2255 5489 esse.

691 5527 819 5580 Nam
844 5527 940 5594 ipsi
976 5526 1124 5589 illud,
1183 5524 1346 5578 Nemo
1377 5527 1517 5591 sciet,
1572 5527 1860 5579 secundum
1911 5526 2261 5580 dilTerentiam

758 5619 773 5647 ⁸
811 5615 1048 5684 ttic_locus
1068 5616 1137 5664 sic
1164 5614 1367 5684 effertur
1389 5617 1511 5684 apud
1538 5615 1714 5663 Savil...
1749 5635 1769 5660 ct
1789 5615 1911 5683 hunc
1932 5625 2091 5684 autem
2115 5616 2263 5665 nesci-

691 5690 806 5744 mus
821 5681 944 5726 unde
963 5678 1019 5726 sit
1039 5695 1063 5744 r_
1077 5717 1084 5724 .
1114 5696 1135 5722 ι
1159 5678 1340 5744 scimus
1365 5681 1489 5728 unde
1513 5683 1601 5739 est,
1620 5684 1663 5728 et
1687 5679 1919 5729 nescimus
1940 5678 2068 5728 unde
2092 5687 2158 5728 est
2193 5697 2213 5724 ν
2248 5692 2259 5725 :

695 5739 944 5789 th'ict'um
969 5740 1105 5788 verba
1129 5739 1400 5789 considera.

1436 318 1490 371 S.
1531 311 1804 369 JOANNiS
1841 302 2309 362 CllltYSOSTOMI
2360 305 2670 362 ARCHIEP.
2694 307 3226 362 CONSTANTINOP.

3867 303 3972 355 980

2391 421 2628 476 locorum
2656 422 3007 492 loquebanznr
3032 437 3045 484 ;
3093 431 3147 475 et
3177 421 3298 473 hinc
3340 420 3431 472 ille
3465 419 3700 472 ostendit
3729 434 3787 473 se
3815 416 3968 469 Chn-

2384 525 2523 567 stmn
2555 530 2694 579 esse,
2735 515 2855 582 quia
2884 528 2910 565 a
2937 514 3093 567 Patre
3123 512 3328 566 venerit
3353 529 3367 575 ;
3412 521 3465 565 et
3495 510 3690 579 ubique
3714 511 3963 564 testiﬁca-

2385 617 2469 660 tur
2494 607 2661 660 Patris
2690 607 3048 676 cognitionetn
3080 604 3178 658 sibi
3208 603 3309 657 soli
3353 612 3691 671 competere,
3743 602 3929 654 dicens
3948 642 3964 664 ,

2386 696 2508 751 Non
2536 698 2672 766 quod
2697 697 2902 750 Patrem
2930 698 3043 767 quis
3071 696 3221 759 vidit,
3244 696 3343 748 nisi
3361 695 3446 762 qui
3470 703 3542 747 est
3571 710 3603 745 a
3637 691 3810 745 Patre.
3836 692 3964 757 Qni—

2384 788 2483 841 bus
2500 788 2678 842 verbis
2704 787 2754 840 in
2785 788 2916 840 iram
2943 786 3370 841 concitabantur.
3407 783 3539 838 Nam
3568 798 3690 837 cum
3732 783 3963 848 diceret,

2383 878 2503 933 Non
2527 882 2682 933 nostis
2707 896 2840 942 eum,
2867 887 3060 932 etcum
3087 879 3376 936 evinceret.
3402 877 3546 945 ipsos
3563 876 3702 929 scire
3719 874 3961 943 quidem,

2379 971 2472 1025 sed
2500 971 2849 1041 ignorantiam
2879 971 3132 1024 simulare
3154 1012 3167 1035 ,
3190 970 3309 1038 jure
3337 969 3480 1037 ipsos
3508 968 3786 1021 mordebat
3814 977 3872 1020 et
3892 968 3963 1019 ir-

2380 1062 2594 1116 ritabat.
2615 1063 2702 1117 50.
2732 1061 3034 1129 Quaerebam
3051 1078 3170 1132 ergo
3187 1077 3297 1113 enm
3324 1058 3721 1128 apprehendere,
3752 1068 3800 1111 et
3823 1075 3965 1111 nemo

2379 1153 2511 1205 misit
2535 1153 2586 1205 in
2613 1151 2756 1206 illum
2777 1169 2984 1205 manum
3003 1193 3016 1216 ,
3040 1153 3158 1221 quia
3191 1151 3418 1204 nondum
3446 1160 3648 1204 venerat
3675 1150 3805 1202 hom
3836 1151 3962 1217 ejus.

2381 1244 2566 1298 Videu'
2590 1245 2709 1299 illos
2735 1245 3076 1298 invisibiliter
3092 1242 3379 1305 cohibitus,
3413 1251 3469 1295 et
3494 1241 3706 1296 illorum
3752 1242 3965 1294 ccerci-

2379 1344 2488 1387 tum
2509 1336 2784 1389 furorem?
2809 1332 2918 1389 Cur
2950 1349 3078 1389 vero
3103 1350 3212 1388 non
3242 1334 3413 1397 dixit,
3445 1333 3586 1402 quod
3620 1332 3966 1385 invisibiliter

2377 1439 2470 1478 eos
2491 1425 2799 1485 detinuerit,
2831 1425 2947 1489 sed,
2983 1424 3132 1490 Quod
3176 1424 3399 1476 nondum
3441 1421 3650 1475 venisset
3675 1421 3805 1475 hora
3831 1423 3962 1491 ejus.

2381 1516 2602 1570 Volebat
2628 1517 2951 1585 evangelista
2982 1515 3216 1570 humano
3273 1515 3662 1582 humilioreque
3689 1513 3853 1567 modo
3885 1515 3965 1565 loc

2376 1607 2483 1672 qui,
2517 1615 2572 1658 ut
2606 1605 2766 1658 homo
2792 1606 2949 1658 etiam
2977 1620 3097 1659 esse
3123 1615 3419 1672 putaretur.
3438 1603 3569 1670 Quia
3593 1604 3735 1658 enim
3769 1602 3966 1672 ubique

2376 1695 2626 1748 sublimia
2649 1696 2800 1760 dicit,
2831 1696 3082 1750 ideohaec
3111 1696 3233 1749 hinc
3259 1696 3381 1749 inde
3401 1695 3602 1749 inserit.
3629 1695 3964 1749 Cumautem

2375 1785 2521 1852 dicit,
2554 1787 2625 1840 Ab
2655 1789 2766 1857 ipso
2791 1804 2924 1850 sunt,
2949 1803 3053 1841 non
3089 1787 3326 1856 loquitur
3353 1798 3405 1840 ut
3437 1789 3716 1856 propheta,
3747 1787 3838 1855 qui
3865 1787 3965 1840 hoc

2376 1878 2662 1946 acceperit,
2687 1878 2778 1932 sed
2797 1878 2938 1947 quod
2968 1878 3117 1933 illum
3138 1879 3335 1944 videat,
3369 1894 3429 1931 ac
3459 1893 3578 1931 cum
3603 1879 3717 1946 ipsi»
3748 1881 3834 1931 sit.
3868 1878 3962 1936 ‘29.

2380 1968 2513 2022 Novi
2549 1970 2692 2021 illum
2721 2011 2736 2032 ,
2785 1971 3000 2040 inquit,
3055 1972 3172 2041 quia
3211 1971 3273 2023 ab
3301 1972 3411 2038 ipso
3442 1987 3571 2023 sum.
3622 1970 3806 2024 Viden‘
3859 1989 3966 2039 quo

2375 2069 2528 2128 pacto
2551 2061 2652 2116 ltoe
2701 2063 2894 2131 ubique
2935 2061 3141 2129 probet,
3176 2062 3214 2114 Α
3242 2064 3430 2128 meipso
3458 2079 3557 2115 non
3592 2062 3721 2124 veni,
3753 2071 3827 2123 et,
3866 2063 3967 2128 Qui

2374 2155 2507 2208 misit
2529 2171 2606 2207 nte
2635 2171 2779 2207 verus
2803 2166 2874 2209 est
2903 2155 2928 2208 ?
2955 2156 3003 2208 id
3026 2155 3378 2218 etintendcns,
3421 2171 3488 2208 ne
3507 2171 3535 2208 τι
3589 2155 3698 2209 Deo
3754 2156 3969 2209 alit-nus

2371 2255 2605 2311 putatur.
2662 2246 2726 2300 Et
2753 2246 3151 2322 animadverte,
3187 2257 3384 2314 quanta
3434 2247 3504 2299 sit
3563 2246 3614 2298 in
3668 2246 3968 2300 humilibus

2372 2337 2548 2390 verbis
2577 2338 2795 2391 utilitas.
2830 2337 2955 2392 Post
2991 2336 3124 2401 lucc,
3158 2338 3350 2406 inquit,
3380 2335 3530 2390 multi
3555 2335 3840 2388 dicebant:
3870 2336 3962 2388 5|.

2373 2427 2603 2483 Christus
2653 2446 2769 2482 cum
2815 2431 3037 2494 venerit,
3107 2427 3352 2498 numquid
3402 2428 3549 2497 plura
3593 2428 3738 2495 signa
3787 2427 3963 2496 faciet,

2370 2536 2520 2589 quam
2548 2537 2661 2590 quin
2686 2521 2767 2572 hic
2806 2521 2973 2589 facit?
3009 2520 3137 2586 Quae
3185 2520 3390 2589 signa?
3440 2519 3598 2588 Atqui
3654 2521 3753 2572 tria
3807 2529 3967 2572 erant

2370 2612 2542 2680 signa,
2572 2613 2701 2677 vini,
2735 2612 3031 2681 paralytici,
3065 2619 3120 2665 et
3149 2611 3242 2664 filii
3273 2610 3442 2680 reguli
3475 2627 3487 2661 :
3539 2610 3782 2679 nihilque
3821 2612 3962 2662 ultra

2370 2705 2605 2759 narravit
2631 2705 2974 2772 evangelista.
3002 2703 3155 2760 Unde
3179 2703 3366 2772 liquet,
3391 2713 3444 2755 ut
3468 2718 3611 2770 smpe
3633 2703 3742 2754 dixi
3767 2743 3781 2765 ,
3817 2703 3965 2769 ipsos

2369 2799 2531 2852 multa
2561 2798 2903 2868 prannittere.
2937 2797 3063 2850 dum
3107 2813 3166 2850 ea
3221 2805 3502 2849 recensent
3554 2811 3672 2864 qua:
3727 2797 3964 2862 maligne

2370 2891 2638 2961 principes
2669 2889 3129 2943 machinabantur.
3159 2888 3484 2954 Qumrcbant
3507 2902 3634 2954 ergo
3679 2887 3830 2939 illum
3864 2903 3960 2953 ap-

2370 2980 2709 3050 prehendere
2754 2991 2805 3034 et
2848 2977 3614 3045 interficere.-Quinam?Non
3643 2977 3961 3041 multitudo,

2367 3089 2486 3142 qua:
2513 3073 2866 3142 principatum
2895 3087 2998 3124 non
3023 3069 3327 3134 allectabat,
3359 3084 3456 3123 nec.
3479 3068 3673 3121 invidia
3701 3067 3965 3137 corripie-

2367 3164 2556 3230 batur;
2587 3164 2680 3218 sed
2709 3163 3035 3219 sacerdotes.
3091 3161 3266 3215 Turba
3299 3162 3440 3215 enim
3475 3160 3654 3229 populi
3696 3159 3956 3212 dicebat:

2367 3256 2594 3309 Christus
2623 3272 2737 3308 cum
2756 3256 2959 3319 venerit,
2993 3253 3236 3319 numquid
3268 3254 3415 3322 plura
3444 3252 3589 3321 signa
3620 3251 3770 3320 faciet
3803 3252 3829 3302 Ρ
3857 3252 3959 3303 At-

2369 3356 2542 3402 tamen
2571 3349 2683 3401 hasc
2706 3346 2838 3401 ﬁdes
2866 3362 2994 3401 sana
3024 3362 3128 3399 non
3151 3354 3268 3399 erat
3287 3386 3300 3406 ,
3346 3342 3440 3397 sed
3486 3352 3541 3396 ιιι
3572 3342 3711 3396 solet
3757 3343 3960 3396 intimae

2366 3438 2533 3506 plebis
2561 3451 2701 3492 esse.
2729 3437 2859 3490 Illud
2888 3437 3049 3499 enim,
3085 3435 3211 3489 Cum
3240 3435 3463 3497 venerit,
3511 3450 3612 3486 non
3651 3441 3769 3486 erat
3824 3448 3951 3486 cre-

2367 3531 2608 3584 dentium
2635 3532 2778 3583 ltunc
2797 3543 2916 3583 esse
2961 3529 3254 3582 Christum.
3290 3528 3394 3579 Aut
3423 3528 3488 3578 ita
3523 3524 3810 3578 dicendum
3841 3534 3957 3587 est;

2368 3632 2460 3675 aut
2491 3621 2626 3675 forte
2649 3621 2699 3674 in
2723 3634 2986 3674 concursu
3015 3617 3213 3688 populi,
3237 3633 3356 3671 cmn
3381 3617 3647 3684 principes
3683 3633 3779 3684 pro
3813 3617 3955 3670 virili

2367 3713 2652 3766 ostendere
2682 3713 2980 3766 niterentur
3005 3711 3177 3780 ipsum
3204 3725 3308 3763 non
3334 3724 3454 3762 esse
3481 3708 3779 3774 Christum,
3802 3710 3960 3763 dixe-

2368 3807 2434 3858 rit
2469 3804 2620 3856 tnrba
2651 3821 2662 3856 :
2698 3804 2962 3856 Ponamus
2991 3817 3096 3854 non
3124 3817 3248 3854 esse
3271 3800 3562 3863 Christum,
3609 3816 3735 3852 nmn
3761 3801 3958 3855 melior

2372 3897 2476 3948 erit
2501 3894 2783 3947 Christus?
2810 3893 2879 3947 Ut
2907 3907 3119 3960 semper
3151 3890 3281 3955 dixi,
3311 3889 3548 3944 infimum
3584 3891 3774 3959 volgus
3799 3932 3813 3954 ,
3846 3907 3956 3947 non

2369 4003 2396 4039 a
2441 3987 2704 4050 doctrina,
2727 4002 2832 4039 non
2863 4001 2890 4039 s
2918 3984 3291 4046 coneionibus,
3323 3984 3414 4036 sed
3440 4001 3466 4035 a
3499 3985 3667 4052 signis
3693 3985 3952 4041 allicitur.

2367 4081 2456 4136 5‘2.
2482 4081 2762 4133 Audierant
2787 4078 3037 4132 Phariswi
3061 4080 3255 4131 turbant
3279 4087 3698 4141 murmurantem,
3724 4088 3770 4129 et
3803 4080 3956 4132 misc-

2367 4176 2488 4224 runt
2505 4172 2776 4231 ministros,
2808 4181 2860 4222 ut
2893 4169 3325 4238 opprehenderent
3362 4183 3496 4220 eum.
3533 4167 3721 4221 Viden’
3744 4171 3954 4224 sabbati

2370 4263 2686 4317 solutionem
2709 4263 2983 4316 obtentmn
3015 4261 3173 4315 fuisse
3197 4260 3221 4313 ?
3246 4259 3396 4327 Quod
3427 4270 3602 4313 autem
3631 4260 3751 4315 illos
3779 4263 3957 4315 acrius

2369 4355 2686 4415 mordebat,
2745 4354 2844 4408 hoc
2917 4362 3051 4406 erat.
3118 4351 3213 4404 llic
3261 4351 3402 4404 enim
3466 4365 3587 4404 cum
3633 4351 3762 4405 nihil
3809 4353 3956 4422 quod

2369 4446 2778 4500 criminarentur
2802 4444 3080 4507 haberent,
3112 4442 3224 4495 sive
3251 4440 3502 4506 indictis,
3534 4441 3646 4495 sive
3676 4442 3728 4494 in
3755 4444 3950 4511 gestis,

2370 4547 2587 4607 prepter
2613 4537 2821 4590 turbam
2866 4536 3115 4589 volebant
3162 4534 3308 4587 illum
3364 4533 3791 4603 apprehendere.
3849 4535 3959 4591 Nec

2370 4629 2636 4683 audebant
2687 4628 2979 4698 periculum
3009 4626 3366 4694 suspicantes,
3397 4626 3488 4677 sed
3520 4626 3800 4679 ministros
3850 4627 3956 4679 tui-

2371 4728 2554 4774 serunt
2609 4719 2697 4788 qtti
2763 4725 3048 4771 tentarent.
3112 4715 3155 4770 Ο
3204 4715 3510 4768 violentiam
3548 4714 3560 4765 t
3606 4731 3639 4769 ο
3668 4715 3955 4772 furorem!

2369 4815 2483 4867 sive
2536 4813 2712 4880 pctius
2742 4853 2755 4872 ,
2795 4826 2827 4864 ο
2869 4809 3171 4863 insaniam!
3229 4808 3358 4863 Cum
3412 4807 3460 4860 id
3507 4807 3604 4876 ipsi
3648 4823 3792 4876 sa‘pe
3841 4819 3958 4862 ten-

2374 4913 2616 4965 tassent,
2674 4918 2772 4956 nec
2825 4902 3160 4970 potuissent,
3220 4899 3482 4954 ministris
3536 4915 3648 4952 rem
3702 4905 3956 4954 commit-

2373 5006 2489 5049 tunt
2519 5034 2534 5060 ,
2585 4994 2747 5047 furori
2803 4994 3088 5060 animoque
3114 5006 3212 5044 suo
3237 5001 3437 5042 temere
3469 4988 3826 5057 indulgentes.
3861 4991 3958 5042 Al.-

2372 5090 2459 5155 qui
2517 5087 2682 5139 multa
2730 5086 2877 5150 juxta
2937 5084 3192 5151 piscinam
3256 5082 3509 5150 loquutus
3563 5089 3688 5142 est,
3754 5089 3810 5134 ct
3876 5081 3955 5133 ni-

2374 5179 2441 5231 hil
2499 5178 2601 5230 tale
2656 5175 2823 5228 moliti
2873 5182 3035 5237 sunt;
3091 5171 3184 5226 sed
3231 5171 3556 5239 qmesieruut
3596 5211 3610 5233 ,
3669 5185 3777 5223 non
3839 5182 3956 5224 ten-

2374 5276 2568 5320 tarunt.
2602 5267 2695 5322 llic
2727 5280 2855 5319 vero
2897 5281 3007 5319 rem
3043 5265 3183 5318 ferre
3224 5279 3330 5316 non
3363 5273 3628 5332 pOSsttttl:
3662 5277 3784 5316 cum
3819 5263 3960 5316 futu-

2373 5376 2485 5412 rum
2538 5369 2681 5413 esset
2731 5368 2784 5410 ut
2839 5357 2989 5409 turba
3067 5366 3391 5409 accurrcrtt.
3437 5354 3572 5419 Quid
3626 5369 3753 5423 ergo
3793 5355 3954 5409 (λιιι-ἰ-

2371 5453 2519 5508 stus?
2550 5453 2636 5506 55.
2671 5450 2848 5502 Adhuc
2875 5449 3124 5501 modicum
3149 5458 3340 5515 tempm
3372 5446 3621 5498 vobiscum
3649 5463 3784 5498 sum.
3817 5446 3953 5499 Cum

2375 5554 2551 5615 posset
2583 5543 2853 5596 auditores
2890 5550 2944 5595 et
2988 5541 3201 5593 flectere
3229 5548 3278 5590 et
3309 5546 3536 5596 terre-re,
3567 5537 3726 5589 verba
3760 5539 3958 5604 profert

2377 5639 2670 5691 humilitate
2713 5635 2861 5703 plena
2888 5675 2897 5694 ,
2930 5649 2988 5686 ac
3018 5634 3059 5686 si
3090 5631 3289 5683 diceret
3321 5646 3332 5680 :
3363 5628 3468 5681 Cur
3507 5645 3588 5682 me
3622 5629 3958 5692 interfici-rc,

2377 5748 2470 5785 cur
2515 5727 2756 5798 persequi
2790 5724 3063 5796 qua-ritis?
3093 5722 3352 5775 Modicum
3391 5728 3726 5790 exspectate,
3761 5730 3816 5775 et
3845 5720 3960 5774 sine
