4164 6324
231 415 322 472 281

235 541 378 587 tanto
410 533 596 583 vestro
626 530 823 580 conatu
862 534 949 574 me
988 513 1303 586 capiendum
1348 508 1590 564 ofl‘eram.
1632 499 1836 558 Deinde

232 639 299 679 ne
326 621 447 692 quis
475 628 821 675 communem
850 609 953 665 dici
982 616 1209 663 mortem
1234 604 1586 658 arbitraretur
1611 596 1693 652 his
1718 610 1838 649 ver-

232 715 317 770 bis
335 686 361 779 ,-
392 712 576 767 Adhuc
611 707 870 762 modicum
909 714 1106 773 tempus
1129 698 1381 754 vobiscum
1410 709 1521 749 sum
1543 691 1562 760 (
1584 705 1704 745 nam
1734 686 1837 741 hoc

234 803 561 877 putabant);
592 801 733 854 banc
761 797 1065 866 opinionem
1098 800 1157 846 ut
1182 796 1481 850 amoveret,
1515 784 1686 852 ipsum
1717 786 1837 849 post

231 869 462 952 mortem
500 869 631 948 ttiilil
660 897 1002 960 Operaturnm
1041 897 1196 947 esse,
1225 876 1460 934 subdidit
1493 892 1507 929 ε
1536 874 1623 929 st.
1659 870 1722 925 Et
1749 869 1836 923 ubi

231 1005 346 1042 sum
375 1001 470 1058 ego
492 1026 507 1050 ,
541 999 629 1038 sos
658 998 760 1037 non
792 978 994 1049 potestis
1022 973 1208 1029 venire.
1248 970 1303 1024 Si
1344 978 1524 1022 autem
1568 965 1622 1020 in
1662 969 1836 1017 morte

229 1093 521 1134 mansurus
551 1083 695 1136 erat.
728 1073 804 1127 ire
833 1085 964 1124 sane
995 1065 1293 1137 potuissent
1321 1076 1335 1117 :
1364 1073 1432 1115 eo
1463 1070 1690 1125 namque
1714 1067 1833 1105 om-

231 1186 327 1225 nes
356 1170 669 1239 ntigratnus.
700 1161 1007 1231 Simplicior
1029 1158 1207 1226 itaque
1232 1148 1517 1208 multitudo
1544 1146 1626 1200 his
1657 1142 1836 1239 verbis

230 1236 583 1320 ﬂectebatur;
620 1254 851 1311 ferocior
886 1249 1140 1314 timebat;
1172 1243 1464 1301 studiosior
1502 1239 1569 1296 ad
1608 1236 1834 1291 audien-

226 1351 357 1405 dum
403 1348 723 1419 properabat
745 1388 759 1409 ,
790 1343 931 1415 quod
976 1356 1161 1412 parum
1198 1343 1507 1407 superesset
1538 1328 1793 1400 temporis
1816 1369 1831 1395 ,

228 1458 329 1498 nec
373 1454 591 1509 semper
635 1447 856 1507 possent
898 1434 987 1488 tali
1033 1430 1135 1485 frui
1174 1429 1438 1483 doctrina.
1481 1423 1589 1480 Nec
1628 1430 1832 1476 tantmn

225 1533 385 1595 dixit,
418 1532 515 1586 llic
536 1545 675 1592 sum,
700 1527 817 1593 sed,
854 1524 1121 1579 Vobiscum
1142 1538 1253 1575 sum
1276 1535 1296 1583 ;
1322 1518 1371 1573 id
1400 1526 1501 1581 est,
1525 1514 1624 1571 etsi
1654 1527 1835 1582 perse-

226 1623 492 1695 quamini.
518 1623 617 1678 etsi
648 1619 949 1690 exagitetis,
982 1630 1047 1669 ne
1074 1611 1337 1668 tantillum
1368 1607 1584 1679 quidem
1610 1602 1834 1659 cessabo

227 1716 382 1771 vobis
411 1713 744 1786 prospicere,
766 1719 820 1763 et
843 1722 963 1777 qua!
985 1706 1050 1760 ad
1080 1704 1307 1781 salutem
1332 1709 1565 1756 vestram
1591 1701 1835 1766 spectant

226 1808 544 1879 prmdicare.
578 1803 645 1858 Et
670 1802 801 1858 vado
826 1802 892 1853 ad
930 1815 1046 1854 eum
1069 1797 1155 1868 qui
1182 1795 1318 1850 misit
1345 1810 1442 1848 me.
1475 1792 1601 1846 ilzec
1630 1800 1835 1844 terrere

225 1910 477 1970 poterant
507 1907 562 1954 et
589 1911 807 1967 angere.
840 1893 973 1948 Nam
1012 1891 1126 1947 fore
1156 1898 1213 1943 ut
1250 1888 1369 1958 ejus
1412 1900 1517 1956 ope
1560 1883 1835 1953 indigeant

227 1991 492 2063 pmdicit.
527 1988 775 2069 Quagreu's
801 2002 914 2052 me,
946 1982 1155 2053 inquit;
1189 1996 1295 2036 non
1335 1978 1508 2034 solum
1549 1990 1655 2030 non
1692 1972 1830 2027 obli-

223 2081 507 2138 viscamini
533 2120 550 2146 ,
579 2064 673 2134 sed
703 2077 863 2134 etiam
895 2074 1142 2141 Queretis
1172 2088 1251 2126 nte
1275 2112 1288 2133 ,
1322 2079 1367 2125 et
1409 2084 1511 2123 nou
1548 2064 1830 2121 invenietis.

224 2176 290 2230 Et
337 2172 558 2226 ubinam
606 2169 937 2241 quaesierunt
981 2180 1104 2223 eum
1149 2162 1356 2220 Judmi?
1412 2161 1606 2216 Narrat
1661 2158 1833 2213 Lucas

223 2264 380 2335 (Cap.
402 2263 496 2319 23.
525 2263 645 2329 49),
670 2260 921 2316 mulieres
948 2259 1095 2314 illum
1125 2256 1435 2328 planxisse;
1467 2261 1521 2309 et
1551 2261 1610 2307 ut
1640 2250 1832 2306 verisi-

220 2356 355 2412 miie
378 2366 484 2419 est,
510 2355 663 2409 multi
692 2354 793 2407 alii
811 2353 1063 2407 luxerunt
1091 2364 1239 2413 eum,
1269 2362 1333 2403 ac
1364 2353 1486 2417 post
1514 2345 1661 2399 urbis
1688 2342 1834 2398 exci-

220 2448 414 2513 dium,
455 2446 573 2517 ejus
621 2444 960 2515 praesentiant
1002 2449 1287 2511 optarunt,
1330 2437 1593 2494 recordati
1639 2450 1834 2504 nempe

217 2539 425 2596 Christi
452 2549 507 2596 et
539 2537 915 2594 miraculorum
946 2534 1082 2606 eius.
1108 2534 1235 2590 [huc
1259 2541 1438 2587 autem
1462 2528 1642 2585 omnia
1667 2527 1829 2591 dixit,

222 2642 283 2689 ιιι
308 2646 408 2689 eoo
432 2630 696 2685 alliceret.
728 2626 861 2684 Nam
890 2626 1033 2697 quod
1064 2640 1251 2696 parum
1292 2630 1599 2692 superesset
1628 2629 1834 2687 tempo'

220 2726 323 2792 ris,
350 2722 497 2797 quod
523 2722 953 2794 postdisccssum
974 2718 1225 2789 optabilis
1243 2715 1397 2780 foret,
1428 2729 1548 2768 cum
1571 2726 1674 2767 non
1696 2711 1832 2765 ultra

223 2828 419 2891 posset
444 2816 691 2881 inveniri;
718 2815 853 2880 hare,
872 2815 1109 2884 inquam,
1132 2812 1332 2877 omnia,
1364 2819 1420 2863 nt
1443 2810 1541 2879 ipsi
1569 2807 1836 2862 ltzcrerent

224 2912 460 2969 suadere
476 2909 879 2982 poterant.Nam
891 2908 937 2964 si
954 2909 1186 2963 initurum
1206 2923 1310 2960 non
1327 2912 1465 2971 erat,
1489 2910 1546 2957 ut
1561 2901 1678 2972 ejus
1691 2915 1833 2970 prm-

225 3006 401 3063 scutia
420 3005 674 3075 optabilis
704 2998 877 3067 esset,
902 3000 1031 3055 nihil
1057 3000 1185 3070 ipsis
1202 3013 1450 3069 magnum
1479 2995 1661 3050 dicere
1683 2992 1831 3049 vide-

228 3102 405 3155 batur.
433 3098 690 3163 Rursum,
715 3097 757 3151 si
781 3094 1028 3163 optabilis
1052 3092 1223 3147 futura
1240 3092 1355 3161 ejus
1381 3088 1662 3159 prmsentia
1689 3096 1831 3152 erat,

225 3193 301 3248 ita
324 3203 380 3246 ut
400 3200 580 3245 tamen
599 3188 822 3243 inveniri
843 3196 1044 3256 posset,
1065 3184 1115 3239 id
1135 3201 1239 3239 non
1264 3183 1332 3237 ita
1352 3182 1474 3236 illos
1492 3180 1831 3236 turbavisset.

298 3289 356 3345 3.
402 3285 602 3342 iterum
649 3285 695 3339 si
744 3284 914 3337 multo
962 3293 1209 3353 tempore
1258 3296 1498 3352 praesens
1547 3293 1835 3334 mansurus

226 3382 444 3447 fuisset,
476 3378 651 3448 supini
686 3376 911 3433 fortasse
940 3376 1259 3432 evasissent.
1288 3372 1439 3427 Nunc
1468 3381 1648 3425 autem
1681 3369 1836 3424 tituli-

230 3488 336 3542 qtte
367 3472 492 3526 illos
518 3469 752 3538 exagitat
787 3476 843 3521 et
868 3473 1055 3523 terret.
1081 3464 1216 3519 Illud
1244 3478 1371 3518 vero
1390 3504 1405 3528 ,
1448 3459 1593 3515 Vada
1618 3462 1687 3514 ad
1723 3476 1835 3513 eunt

231 3565 316 3633 qui
337 3563 476 3616 misit
505 3577 604 3624 me,
633 3559 873 3615 declarat
901 3557 1029 3612 nihil
1059 3557 1238 3612 datnni
1268 3554 1503 3610 fntnrnm
1532 3570 1598 3609 ex
1630 3552 1838 3608 insidiis

234 3668 425 3709 eorum
446 3694 463 3718 ,
495 3659 551 3707 et
591 3666 651 3706 se
678 3650 980 3705 voluntarie
1025 3663 1326 3718 passurum.
1358 3648 1472 3701 Duo
1511 3648 1671 3716 igitur
1702 3661 1839 3714 pra:-

232 3748 388 3811 dixit,
432 3756 489 3801 et
513 3758 575 3799 se
610 3744 770 3815 paulo
800 3753 919 3813 post
961 3742 1231 3797 abiturum
1258 3782 1273 3805 ,
1301 3749 1356 3795 ct
1400 3740 1518 3795 illos
1547 3738 1613 3795 ad
1643 3754 1701 3794 se
1730 3754 1837 3793 non

238 3849 495 3895 venturos
519 3850 641 3891 esse
671 3853 685 3889 :
715 3833 856 3905 quod
886 3842 1033 3888 certe
1062 3848 1166 3887 non
1197 3830 1297 3886 fttit
1328 3831 1575 3886 humana:
1603 3832 1798 3885 mentis
1820 3871 1836 3897 ,

236 3941 293 3987 ut
316 3939 552 3987 mortem
578 3944 730 3984 suam
760 3926 1100 3998 praediceret.
1130 3924 1262 3980 Vide
1293 3939 1522 3995 namque
1541 3924 1667 3994 quid
1697 3923 1842 3978 tlirat

239 4022 407 4078 David
435 4039 451 4077 :
481 4019 679 4075 Notum
713 4018 797 4089 {ac
824 4018 970 4083 mihi,
1001 4016 1239 4082 Domine,
1269 4018 1424 4085 finem
1445 4032 1636 4081 meum,
1663 4025 1708 4069 et
1744 4033 1841 4070 nu-

236 4129 436 4168 merum
472 4127 725 4165 annorum
754 4126 981 4163 meorum
1015 4109 1126 4179 quis
1154 4117 1264 4174 est,
1296 4117 1352 4162 ut
1377 4110 1534 4162 sciant
1561 4108 1683 4179 quid
1714 4107 1841 4162 desit
1884 4106 1885 4109 “

232 4204 407 4278 milti(
442 4203 587 4259 Psai.
613 4203 703 4259 38.
736 4202 831 4273 5).
870 4200 925 4256 Id
972 4200 1210 4272 profecto
1233 4215 1391 4256 nemo
1430 4200 1597 4255 novit.
1631 4200 1706 4254 Ex
1736 4214 1842 4254 uno

238 4306 418 4352 autem
450 4293 685 4349 alterum
711 4291 1084 4348 confirmatur.
1114 4290 1227 4361 Ego
1255 4306 1384 4346 vero
1410 4299 1538 4361 puto
1567 4291 1618 4345 id
1648 4299 1703 4346 et
1740 4289 1841 4345 mi-

245 4390 437 4445 nistris
477 4386 815 4459 scnigmatice
839 4385 942 4441 dici
968 4427 984 4452 ,
1013 4394 1069 4440 et
1096 4385 1369 4440 ministros
1412 4392 1691 4454 spectare,
1738 4398 1845 4453 quo

242 4478 481 4535 maxime
506 4478 628 4534 illos
667 4478 941 4543 alliceret;
970 4476 1264 4531 ostendens
1292 4491 1351 4529 se
1379 4476 1519 4531 scire
1544 4490 1642 4531 cur
1665 4475 1844 4529 venis-

241 4582 399 4636 sent;
438 4585 505 4626 ac
542 4570 587 4625 si
616 4569 852 4634 diceret,
880 4569 1195 4639 Exspectate
1226 4568 1497 4638 paulisper
1518 4609 1536 4636 ,
1566 4576 1621 4623 et
1658 4566 1840 4621 abibo.

242 4665 333 4721 55.
381 4660 632 4718 Dicebant
677 4675 798 4732 ergo
824 4658 995 4715 Judtei
1047 4661 1177 4714 inter
1218 4676 1319 4717 se:
1352 4658 1465 4728 Quo
1512 4659 1679 4714 iturus
1726 4659 1848 4714 est?

244 4755 489 4813 Tametsi
517 4754 593 4810 illi
620 4755 712 4825 qui
737 4753 1114 4809 desiderabant
1138 4762 1195 4808 ut
1219 4752 1428 4818 abiret,
1458 4752 1698 4823 nihilque
1739 4768 1845 4807 non

245 4848 523 4919 agebant,
567 4856 720 4901 utne
760 4845 897 4901 ultra
936 4844 1181 4899 viderent
1218 4859 1371 4909 eum,
1401 4860 1506 4897 non
1536 4845 1850 4899 debuissent

248 4941 352 4996 hoc
377 4954 663 5010 qumrere;
691 4937 785 4993 sed
813 4938 991 4993 dicere
1012 4979 1026 5001 ,
1058 4937 1362 4993 Gaudemus
1387 4937 1529 5004 quod
1567 4936 1727 4992 abeas
1756 4954 1769 4988 :
1797 4947 1853 4991 et

248 5032 466 5105 quando
492 5030 598 5087 hoc
621 5030 762 5087 erit?
789 5030 893 5086 Sed
917 5030 1001 5085 his
1028 5030 1203 5085 verbis
1226 5029 1597 5095 movebantur,
1624 5040 1679 5084 et
1704 5030 1770 5083 ah
1790 5046 1851 5085 se

251 5135 438 5179 mutuo
462 5137 528 5178 ac
554 5123 719 5177 stulte
745 5131 1017 5193 quaerunt,
1047 5138 1156 5192 qtto
1185 5123 1358 5178 iturus
1387 5134 1551 5178 esset.
1590 5121 1853 5193 Numquid

248 5218 304 5269 in
348 5216 718 5287 dispersionem
758 5216 983 5285 gentium
1006 5215 1032 5269 1
1055 5214 1191 5281 Quid
1224 5224 1307 5269 est
1331 5256 1346 5281 ,
1380 5213 1443 5269 In
1487 5215 1853 5286 disperstouem

251 5309 485 5380 gentiam
504 5308 532 5361 .’
561 5306 653 5362 Sic
679 5317 869 5378 gentes
893 5308 1156 5361 vocabant
1178 5308 1371 5373 Judaei,
1399 5308 1520 5379 quia
1550 5309 1747 5379 ubique
1773 5309 1855 5363 di-

256 5415 459 5469 spersa:
483 5407 657 5462 erant.
680 5408 736 5453 et
756 5398 924 5455 libere
944 5400 1448 5456 comntiscebantur.
1477 5402 1624 5456 lianc
1644 5416 1856 5473 quoque

256 5502 315 5547 et
334 5491 409 5548 illi
432 5498 618 5561 postea
647 5489 996 5561 ignominiam
1018 5492 1158 5561 passi
1188 5501 1314 5547 sunt
1340 5510 1354 5545 :
1382 5507 1503 5548 nam
1526 5494 1623 5564 ipsi
1646 5510 1856 5565 quoque

257 5583 524 5653 dispersio
554 5583 790 5639 inerunt.
822 5582 961 5639 Olim
998 5594 1107 5639 tota
1137 5600 1269 5656 gens
1299 5586 1456 5643 simul
1488 5599 1674 5643 ceneta
1697 5599 1854 5656 erat,

263 5692 363 5733 nec
405 5676 535 5731 alibi
560 5677 803 5747 reperire
828 5687 944 5732 erat
981 5676 1223 5734 Judaeum
1244 5721 1261 5747 ,
1302 5696 1461 5751 quam
1494 5682 1547 5736 in
1576 5682 1858 5739 Palmstina

264 5778 492 5823 tantum.
524 5767 647 5823 ideo
691 5767 864 5823 Judaei
909 5777 1093 5840 gentes
1126 5772 1387 5826 vocabant
1428 5772 1816 5845 dispersionent
1842 5817 1855 5838 ,

266 5861 653 5934 exprobrantes
693 5860 803 5916 illis
827 5901 844 5929 ,
890 5877 953 5918 ac
994 5862 1063 5919 de
1100 5876 1161 5919 se
1198 5865 1480 5936 magnitice
1541 5870 1852 5925 sentientes.

1265 395 1333 453 ΙΝ
1371 385 1687 451 ΠΜΝΝΕΜ
1730 382 1957 439 llOlllL.
1994 382 2055 437 [λ.
2091 386 2162 437 al.
2205 374 2393 434 XLIX.

3442 374 3550 431 232

1945 516 2084 589 Quid
2123 534 2252 588 ergo
2279 515 2379 571 sibi
2411 514 2522 570 vult
2555 511 2684 568 illud
2706 556 2719 574 .
2758 512 2872 580 Quo
2900 527 2991 583 ego
3030 511 3158 565 arido
3178 553 3192 574 ,
3222 526 3305 565 ros
3329 527 3431 565 nou
3454 530 3549 578 po-

1946 612 2084 665 testis
2111 611 2280 665 renire
2301 650 2313 672 ,
2344 607 2470 662 dum
2502 621 2625 661 cntn
2666 605 2773 659 illis
2798 602 2968 659 Judaei
3000 603 3196 673 ubique
3242 618 3336 672 per
3363 600 3549 656 orbem

1946 712 2211 757 terrarum
2238 697 2763 755 comtniscerentur?
2790 696 2844 751 Si
2876 711 3005 765 ergo
3032 705 3221 764 gentes
3246 693 3551 763 significare

1944 795 2221 856 voluisset,
2254 807 2360 846 non
2392 791 2636 854 dixisset,
2674 789 2788 855 Quo
2814 805 2916 841 non
2948 788 3155 857 potestis
3191 787 3377 840 venire.
3412 786 3551 841 Cum

1942 897 2121 941 autem
2148 888 2397 940 dixerunt
2424 925 2439 950 ,
2476 881 2618 937 Nunt
2645 882 2699 935 in
2741 880 3107 950 dispersionem
3136 880 3357 949 gentium
3387 881 3554 933 iturus

1941 979 2055 1034 est?
2077 993 2180 1032 non
2203 977 2544 1038 addiderunt,
2573 974 2638 1028 Et
2663 972 2967 1043 perditurus
2993 986 3107 1038 eas,
3126 970 3244 1034 sed,
3278 969 3548 1025 Docturus.

1943 1070 2035 1125 Sic
2082 1072 2265 1125 sedata
2316 1078 2398 1124 est
2447 1068 2659 1121 illorum
2715 1067 2833 1129 ira,
2879 1074 2933 1117 et
2963 1062 3121 1117 dictis
3164 1062 3537 1116 crediderunt.

1942 1161 2075 1217 Nam
2099 1162 2141 1215 si
2167 1176 2273 1215 non
2293 1158 2669 1223 credidissent,
2701 1171 2806 1210 non
2839 1153 3114 1225 quaesituri
3147 1156 3286 1207 inter
3310 1168 3370 1207 se
3393 1161 3549 1208 erant

1956 1253 2069 1323 ptid
2094 1252 2317 1318 diceret.
2349 1251 2545 1306 Verum
2573 1250 2688 1303 hrec
2712 1249 2816 1302 illis
2844 1247 2984 1301 dicta
3005 1256 3185 1302 sunto.
3219 1245 3323 1301 Sed
3355 1244 3547 1300 timen-

1942 1346 2068 1399 dum
2090 1386 2105 1411 ,
2146 1359 2213 1398 ne
2240 1343 2392 1398 nobis
2422 1357 2638 1413 quoque
2678 1340 2764 1394 illa
2793 1346 3142 1407 competant,
3173 1336 3316 1408 quod
3347 1338 3433 1392 ubi
3464 1338 3554 1392 ille

1941 1447 2043 1502 est,
2076 1452 2142 1491 eo
2167 1450 2266 1491 nos
2294 1450 2397 1491 neu
2428 1435 2696 1503 pos~imus
2724 1432 2893 1496 abire,
2918 1431 3060 1500 quod
3092 1431 3192 1483 \ita
3219 1438 3397 1484 nostra
3424 1445 3554 1500 pec-

1940 1535 2074 1587 catis
2100 1534 2168 1588 sit
2202 1533 2377 1603 plena.
2412 1531 2488 1585 De
2534 1528 2813 1598 discipulis
2852 1528 2995 1582 enim
3039 1526 3112 1579 ait
3140 1569 3153 1588 .
3210 1523 3336 1578 Volo
3372 1534 3426 1576 nt
3468 1524 3555 1577 ubi

1940 1643 2052 1681 sum
2083 1642 2175 1701 ego
2207 1667 2221 1691 ,
2253 1636 2302 1679 et
2335 1625 2412 1677 illi
2441 1624 2544 1676 sint
2570 1637 2765 1675 mecum
2792 1622 2809 1688 (
2835 1618 2991 1671 Joan.
3026 1618 3111 1701 i7.
3145 1615 3257 1676 24).
3294 1615 3369 1669 De
3400 1616 3555 1669 nobis

1941 1735 2069 1773 vero
2093 1699 2257 1774 timeo
2282 1733 2349 1772 Ite
2378 1716 2712 1771 contrarium
2746 1712 2957 1766 dicatur
2980 1753 2994 1777 ,
3026 1699 3122 1764 Ubi
3152 1726 3244 1781 ego
3284 1725 3417 1766 sum.
3453 1724 3554 1762 non

1941 1813 2147 1883 potestis
2191 1812 2379 1865 venire.
2431 1809 2566 1863 Cum
2613 1806 2756 1863 enim
2802 1813 2990 1860 contra
3043 1804 3202 1874 qna'tn
3248 1801 3556 1872 priet-ipitnr

1940 1920 2160 1977 agamus
2180 1946 2193 1965 .
2228 1902 2499 1975 quomodo
2542 1900 2839 1971 poterimus
2868 1899 2957 1953 illo
2996 1897 3185 1951 abire?
3214 1895 3343 1950 Nam
3374 1895 3424 1949 in
3453 1894 3555 1948 hoc

1941 2000 2161 2063 smeulo,
2198 1999 2244 2052 si
2281 1998 2403 2067 quis
2434 1995 2591 2050 miles
2618 2010 2678 2049 ea
2708 2002 2827 2064 agat
2862 2008 2982 2063 (ιιιω
3006 2000 3191 2045 contra
3221 1990 3358 2055 regis
3384 1988 3557 2058 digni«

1943 2100 2105 2145 tatem
2134 2091 2261 2152 sint,
2289 2106 2394 2143 non
2424 2087 2621 2159 poterit
2647 2102 2828 2156 regem
2861 2084 3070 2151 videre,
3106 2083 3198 2138 sed
3229 2094 3553 2136 exauctora-

1942 2190 2028 2238 tns
2056 2192 2359 2238 extremum
2386 2184 2496 2235 luet
2520 2178 2866 2249 supplicium.

2014 2276 2243 2330 Avaritia
2267 2316 2281 2340 ,
2310 2273 2495 2345 rapina
2517 2271 2868 2340 injustitiaqne
2901 2267 3180 2340 fugiendos.
3214 2264 3554 2336 Eleemosyna

1937 2366 2344 2423 commendatur.
2373 2393 2446 2406 —
2472 2363 2528 2419 Si
2558 2377 2689 2433 ergo
2721 2362 3013 2432 rapiamus,
3047 2357 3288 2413 avaritia:
3328 2357 3547 2411 studea-

1942 2475 2085 2526 mns,
2117 2459 2312 2528 injuste
2339 2471 2582 2529 agamus.
2616 2455 2997 2525 percutiamus,
3020 2451 3419 2523 eleemosynam
3448 2465 3555 2504 non

1938 2566 2242 2624 erogemus,
2274 2568 2381 2606 non
2411 2550 2712 2619 poterimus
2740 2548 2833 2603 illo
2859 2546 3041 2608 abire;
3073 2544 3169 2601 sed
3200 2542 3252 2599 id
3284 2544 3553 2615 patiemur

1940 2645 2083 2717 quod
2115 2644 2413 2715 virginibus
2456 2642 2651 2698 accidit
2680 2659 2692 2694 :
2719 2655 2841 2711 qua)
2886 2639 2950 2693 ad
3003 2638 3151 2693 illum
3198 2636 3404 2706 ingredi
3448 2652 3554 2689 non

1942 2744 2233 2808 potuerunt
2254 2775 2271 2801 ,
2311 2734 2405 2790 sed
2436 2742 2782 2789 recesserunt
2806 2772 2821 2796 ,
2859 2728 3144 2785 exstinctis
3171 2728 3507 2796 lampadibus
3533 2769 3551 2793 ,

1943 2829 2046 2883 hoc
2076 2837 2159 2883 est
2184 2868 2198 2893 ,
2230 2827 2402 2899 gratia
2430 2825 2739 2880 deficiente.
2789 2822 3089 2877 Flammam
3119 2821 3321 2890 quippe
3366 2820 3509 2874 illam
3538 2861 3553 2885 ,

1941 2936 2099 2989 quam
2128 2936 2155 2973 :t
2186 2918 2417 2988 Spiritus
2445 2918 2618 2986 gratia
2657 2916 2839 2969 statim
2865 2913 3185 2983 accipimus,
3226 2912 3269 2965 si
3304 2911 3553 2973 velimus,

1941 3011 2306 3066 ardentiorent
2330 3009 2630 3073 efficimus;
2657 3008 2741 3061 sin
2771 3005 3025 3069 nolimus,
3054 3004 3234 3057 statim
3260 3003 3403 3056 illam
3439 3018 3560 3071 pur-

1941 3105 2149 3160 demus.
2183 3102 2275 3158 llia
2300 3111 2476 3156 autem
2499 3100 2783 3159 exstincta,
2810 3098 2942 3151 nihil
2971 3096 3115 3151 aliud
3136 3112 3297 3165 quatn
3324 3096 3556 3150 tenebrat

1943 3197 1996 3251 in
2026 3195 2224 3251 nostris
2255 3193 2509 3249 insidebit
2532 3192 2744 3246 animis.
2769 3190 2919 3246 Sient
2945 3189 3089 3243 enim
3118 3187 3346 3243 ardente
3368 3187 3551 3241 lucer-

1943 3304 2008 3343 na
2032 3329 2047 3354 ,
2077 3287 2243 3342 multa
2274 3286 2360 3340 lux
2390 3282 2640 3353 splendet
2674 3298 2689 3336 :
2720 3281 2798 3336 sic
2829 3280 2917 3334 illa
2948 3280 3201 3334 restincta
3230 3319 3245 3343 ,
3294 3277 3424 3331 nihil
3454 3278 3555 3331 nisi

1945 3379 2199 3433 tenebrat.
2226 3377 2350 3431 Ideo
2367 3376 2440 3430 ait
2462 3392 2476 3429 :
2503 3373 2679 3429 Nolite
2698 3372 2935 3443 spiritum
2957 3372 3276 3441 exstinguere
3292 3370 3340 3442 (i
3356 3368 3554 3423 .7'Itess.

1944 3474 1997 3528 5.
2039 3473 2165 3541 I9).
2200 3470 2569 3541 Exstingnitur
2595 3475 2805 3531 autem,
2834 3480 2957 3521 cum
2984 3464 3163 3519 oleum
3211 3478 3318 3518 non
3354 3462 3555 3525 habet;

1944 3566 2159 3638 quando
2206 3573 2367 3620 vento
2414 3562 2788 3618 vehementior
2836 3558 3081 3630 quaedam
3134 3558 3219 3612 vis
3267 3555 3555 3621 insufﬂat;

1945 3656 2161 3728 quando
2200 3655 2576 3727 comprimitur
2602 3662 2657 3709 et
2691 3661 3016 3707 coarctatnr.
3049 3649 3138 3705 Sic
3167 3650 3314 3704 enim
3342 3649 3547 3703 exstin-

1944 3750 2124 3821 guitur
2168 3749 2324 3819 ignis.
2355 3745 2745 3817 Compritnitnr
2789 3753 2968 3798 autem
3017 3758 3047 3797 a
3094 3741 3549 3797 sollicitudinilnts

1946 3840 2325 3902 saecularibus,
2360 3847 2415 3892 et
2443 3835 2809 3907 exstinguitur
2833 3849 2863 3888 a
2909 3835 3049 3888 mala
3094 3830 3557 3902 concupiscentia.

1948 3932 2027 3988 Ad
2061 3934 2176 3987 inec
2218 3931 2351 3987 nihil
2399 3931 2543 3986 illam
2575 3930 2644 3985 ita
2690 3928 2985 3999 exstinguit
3009 3967 3026 3990 .
3073 3938 3125 3982 ut
3161 3926 3519 3981 inhumanitas
3545 3965 3559 3987 ,

1947 4024 2259 4085 crudelitas.
2281 4022 2466 4094 rapina
2511 4021 2644 4077 Cum
2670 4029 2874 4085 autem,
2898 4019 3020 4074 oleo
3039 4017 3346 4083 deficiente,
3370 4031 3561 4085 aquam

1948 4118 2109 4172 etiam
2140 4115 2384 4186 frigidam
2413 4113 2744 4168 inl‘nndimus
2770 4153 2785 4177 ,
2818 4112 2920 4167 hoc
2963 4121 3047 4167 est
3072 4108 3352 4166 avaritiam
3379 4149 3395 4175 ,
3438 4123 3561 4177 qua:

1952 4224 2050 4279 per
2080 4208 2329 4263 licsorum
2357 4205 2670 4262 mdis-titiam
2702 4205 2911 4258 animas
2948 4203 3259 4273 exstinguit,
3293 4199 3437 4255 unde
3467 4215 3563 4269 po-

1952 4308 2132 4355 terunt
2178 4298 2374 4353 iterum
2405 4295 2673 4351 accendi?
2718 4294 3067 4365 Migrabimns
3109 4307 3238 4363 ergo
3286 4292 3564 4361 pulverem

1950 4392 2295 4459 cineremque
2322 4389 2548 4443 multum
2572 4388 2848 4444 nobiscum
2878 4384 3113 4442 ferentes
3136 4386 3443 4453 fumumque
3466 4398 3567 4437 nos

1952 4493 2320 4546 accusantem,
2350 4480 2492 4552 quod
2524 4480 2799 4551 lampadas
2828 4479 3268 4534 cxstinxerimus.
3294 4475 3394 4532 Ubi
3422 4478 3565 4530 enint

1955 4576 2133 4631 fumus
2161 4583 2246 4631 est
2268 4616 2283 4640 ,
2317 4573 2389 4628 ibi
2422 4587 2645 4631 necesse
2674 4582 2756 4628 est
2786 4572 3109 4627 exstinctum
3158 4571 3336 4641 ignem
3379 4568 3564 4623 fuisse.

1960 4667 2155 4722 Verum
2181 4666 2321 4721 absit
2351 4680 2419 4720 ne
2449 4664 2712 4735 quispiam
2747 4665 2884 4719 banc
2914 4678 3101 4719 vocem
3140 4662 3343 4725 audiat,
3375 4660 3568 4714 Nescio

1955 4775 2067 4814 eos.
2082 4757 2435 4827 Quandonam
2456 4765 2632 4812 autem
2654 4756 2767 4811 haec
2788 4770 2892 4812 vos
2915 4755 3181 4822 audietur,
3205 4753 3309 4809 ιιίμί
3331 4753 3419 4809 ubi
3443 4767 3569 4806 cum

1960 4864 2248 4923 pauperem
2276 4848 2543 4917 videmus,
2572 4848 2800 4920 perinde
2828 4848 3003 4904 affecti
3033 4864 3222 4904 smnus
3242 4889 3260 4914 ,
3287 4862 3353 4904 ac
3381 4848 3425 4902 si
3453 4863 3561 4901 non

1959 4948 2265 5003 videremus
2282 4947 2306 5000 Ἰ
2325 4944 2553 5014 Quando
2582 4961 2681 4999 nos
2704 4942 2975 4999 Christum
3004 4944 3329 4999 esurientem
3354 4943 3572 5012 ignora-

1961 5040 2162 5105 bimns,
2196 5038 2461 5107 ignorabit
2488 5046 2543 5092 et
2565 5038 2651 5091 ille
2678 5051 2776 5091 nos
2802 5035 2923 5091 oleo
2945 5049 3168 5106 egentes
3192 5052 3205 5089 :
3231 5043 3283 5088 et
3313 5032 3434 5103 iure
3455 5050 3575 5102 qut-

1960 5133 2102 5187 dem.
2138 5131 2272 5185 Nam
2306 5131 2395 5200 qui
2431 5131 2690 5185 miserum
2719 5130 2972 5199 despicit,
3006 5144 3107 5183 nec
3133 5130 3285 5197 juvat
3318 5143 3382 5181 ex
3419 5127 3579 5180 bonis

1965 5228 2101 5289 suis.
2126 5223 2401 5297 quomodo
2425 5233 2631 5295 qttzeret
2674 5225 2921 5292 accipere
2950 5237 3014 5277 ex
3046 5237 3153 5277 non
3182 5220 3335 5276 suis?
3365 5218 3569 5287 Quam-

1964 5318 2153 5373 obrem
2180 5358 2193 5383 ,
2230 5331 2360 5386 rogo
2382 5358 2398 5383 ,
2430 5318 2611 5371 omnia
2639 5314 2901 5371 faciamus
2925 5354 2940 5378 ,
2967 5316 3147 5368 omnia
3178 5329 3489 5368 moveamus
3522 5321 3580 5367 ut

1966 5410 2143 5464 oleum
2175 5409 2330 5464 nobis
2356 5424 2462 5464 non
2488 5408 2703 5464 deﬁciat
2729 5426 2744 5474 ;
2778 5407 2873 5463 sed
2904 5421 3159 5463 ornemus
3187 5405 3461 5475 lampades
3485 5446 3498 5460 .
3527 5414 3580 5457 et

1965 5519 2086 5558 cum
2110 5515 2310 5572 SpttnSO
2328 5501 2381 5555 in
2405 5500 2697 5555 thalamum
2726 5498 3089 5569 ingrediamnr
3122 5518 3132 5552 :
3159 5512 3318 5566 quem
3340 5511 3437 5549 nos
3458 5511 3577 5547 om-

1968 5611 2065 5650 nes
2094 5594 2308 5665 assequi
2339 5595 2617 5664 contingat
2642 5635 2657 5660 ,
2690 5594 2857 5663 gratia
2902 5602 2957 5647 et
3002 5592 3336 5662 hcttignitate
3368 5587 3579 5643 Domini

1966 5688 2137 5742 nostri
2155 5685 2280 5741 Jcsu
2297 5683 2520 5751 Christi,
2553 5701 2646 5755 per
2667 5701 2826 5757 quem
2858 5694 2912 5741 et
2939 5700 3059 5739 cum
3092 5696 3197 5753 quo
3220 5681 3364 5737 Patri
3386 5681 3579 5751 gloria,

1968 5779 2236 5848 simulque
2259 5777 2478 5847 Spiritui
2511 5786 2702 5832 sancto
2727 5820 2741 5845 ,
2775 5792 2919 5833 nunc
2945 5786 3000 5831 et
3028 5790 3246 5846 semper
3270 5816 3286 5841 ,
3318 5784 3374 5829 et
3403 5774 3453 5827 itt
3482 5789 3584 5828 sa:-

1973 5872 2092 5925 cnla
2116 5870 2455 5925 swenlorum.
2490 5869 2681 5923 Amen.
