4164 6324
645 400 749 453 ξεττ.

1177 529 1420 538 ..ρ-..ρ-

653 538 894 548 ’ν’-...-
902 533 1174 544 -ο--ι--ι-

1354 393 1406 442 ς.
1450 387 1723 444 Jl).\.\'.\'iS
1747 381 2215 438 ClillYSOSTUMl
2257 378 2572 433 AllClllEP.
2614 377 3143 432 CONSTANTINOP.

2068 591 2398 651 llOMlLlA
2449 590 2546 649 LI.

645 764 771 814 εἶμ’.
815 758 866 808 7.
909 771 958 808 v.
1004 755 1088 808 57.
1130 751 1189 804 In
1243 749 1510 803 novissimo
1554 755 1721 797 autem
1753 744 1832 794 die
1879 755 2062 809 magno
2091 737 2224 806 festi-

719 851 899 908 ritatis,
928 847 1087 899 stabnt
1109 844 1283 908 Jcsus,
1316 853 1362 894 ct
1387 840 1634 894 clamabat
1655 838 1860 889 dicens:
1887 834 1947 887 Si
1973 834 2083 901 quis
2104 832 2227 894 sitit,

717 944 880 994 veniat
911 941 978 991 ad
1004 956 1080 992 mc
1107 951 1150 992 et
1177 937 1327 990 bibat.
1359 934 1431 1006 (a)
1462 933 1548 987 58.
1577 932 1676 994 Qui
1697 929 1858 981 credit
1893 929 1943 979 in
1975 942 2071 988 me,
2101 925 2230 977 sicut

715 1034 836 1086 dicit
870 1033 1174 1101 Scriptura,
1210 1029 1423 1098 ﬂumina
1456 1027 1517 1078 de
1546 1035 1712 1078 ventre
1757 1021 1867 1091 ejus
1903 1021 2061 1088 ﬂuent
2088 1032 2233 1086 aqua:

719 1128 864 1180 triste.

727 1221 778 1274 1.
812 1217 1075 1272 Auditor-cs
1097 1214 1252 1267 divini
1280 1213 1413 1267 verbi
1440 1213 1660 1267 sitientes
1682 1231 1787 1267 esse
1823 1220 2112 1283 Oportet.—-
2133 1207 2230 1270 Qtti

649 1313 713 1365 ad
736 1310 966 1365 divinam
987 1307 1246 1362 accedunt
1268 1305 1717 1373 prmdicationem,
1741 1317 1790 1360 et
1815 1307 1970 1359 tidem
1993 1310 2226 1362 servant,

651 1419 744 1460 ets
770 1403 1058 1458 sitientium
1085 1399 1406 1454 desiderium
1437 1414 1544 1467 prae
1571 1414 1631 1452 se
1659 1397 1797 1452 ferre
1818 1405 2044 1467 Oportet,
2076 1402 2234 1463 atque

657 1503 855 1546 tantam
903 1494 954 1545 in
1009 1491 1202 1559 seipsis
1248 1490 1533 1544 incendere
1581 1486 2084 1556 concupiscentiam.
2144 1486 2235 1538 Sic

653 1586 794 1637 enim
821 1573 1064 1652 poterunt
1085 1581 1220 1635 dicta
1250 1582 1454 1634 cautius
1481 1582 1729 1634 retinere.
1757 1580 1887 1634 Nam
1913 1579 1997 1648 qui
2028 1578 2231 1642 sitiunt,

655 1685 928 1744 acceptum
961 1675 1204 1743 poculum
1237 1673 1581 1739 cupidissime
1612 1672 1880 1734 hauriunt,
1909 1683 1961 1725 et
1988 1672 2056 1724 ita
2089 1671 2232 1723 sitim

656 1768 860 1822 srdant.
901 1767 988 1820 Sic
1015 1767 1189 1834 itaque
1217 1766 1302 1834 qui
1334 1765 1541 1818 divinos
1574 1766 1821 1817 hauriunt
1850 1778 2124 1818 sermones
2146 1804 2159 1826 ,
2190 1762 2234 1816 si

655 1859 894 1912 sitientes
924 1859 1192 1922 set-beant,
1223 1872 1506 1926 numquam
1532 1857 1815 1911 cessabunt
1839 1856 2010 1910 donec
2035 1853 2234 1909 exhau-

654 1951 838 2003 serint.
877 1949 1025 2015 Quod
1055 1949 1194 2003 enim
1225 1963 1438 2017 semper
1458 1958 1701 2016 Oporteat
1730 1950 1879 2002 sitire
1911 1958 1963 2001 et
1993 1947 2197 2000 esurire
2218 1988 2232 2010 ,

652 2041 863 2105 dicitur,
896 2042 1034 2095 Beati
1064 2043 1147 2110 qui
1174 2043 1394 2095 csuriunt
1436 2050 1482 2094 et
1527 2041 1701 2094 sitiunt
1721 2041 1972 2108 justitiam
1999 2039 2016 2111 (
2047 2037 2234 2092 Matth.

653 2134 703 2186 5.
737 2133 823 2194 6).
861 2135 922 2186 lit
953 2132 1034 2186 hic
1079 2133 1202 2185 dicit
1231 2131 1474 2185 Christus
1503 2173 1517 2195 ,
1553 2133 1615 2185 Si
1659 2135 1770 2200 quis
1794 2134 1931 2195 sitit,
1959 2133 2122 2185 veniat
2167 2132 2237 2183 ad

651 2241 730 2276 nte
755 2236 800 2275 et
823 2224 992 2284 bibat;
1021 2224 1066 2276 id
1096 2235 1194 2286 οδε,
1223 2223 1495 2277 Neminem
1521 2224 1838 2277 necessitate
1868 2232 1954 2275 aut
1985 2223 2030 2275 vi
2053 2221 2230 2286 traho;

649 2315 738 2366 sud
773 2316 810 2366 si
844 2315 962 2384 quis
988 2316 1164 2367 animo
1189 2325 1487 2383 promptus,
1517 2315 1558 2369 si
1589 2317 1706 2385 quis
1734 2315 2003 2369 desiderio
2024 2314 2234 2368 fervens

647 2407 748 2470 sit,
781 2404 919 2458 hunc
943 2422 1041 2473 ego
1073 2422 1227 2460 voco.
1262 2409 1330 2460 At
1355 2423 1450 2460 cur
1479 2407 1801 2477 evangelista
1833 2407 1909 2460 sic
1936 2407 2227 2474 expressit,

648 2498 712 2552 lu
761 2501 1024 2552 novissimo
1051 2501 1130 2552 die
1172 2502 1399 2570 magno?
1427 2502 1634 2556 Etenim
1669 2503 1868 2570 primus
1918 2513 1970 2555 et
2016 2501 2234 2556 ultimus

647 2608 868 2660 magnus
891 2604 1026 2659 eral,
1056 2594 1214 2646 medii
1238 2605 1414 2648 autem
1435 2598 1610 2664 potius
1637 2597 1688 2648 in
1715 2595 1921 2648 deliciis
1946 2609 2230 2648 eousumc-

647 2682 858 2735 hautur.
905 2682 1013 2736 Cur
1042 2700 1168 2749 ergo
1215 2683 1283 2736 In
1315 2685 1588 2737 novissimo
1634 2685 1801 2738 dicit?
1845 2685 1976 2752 Qttia
2027 2686 2118 2738 illo
2145 2685 2232 2738 die

642 2789 831 2827 omnes
855 2775 1264 2829 com-ettit-banl.
1297 2775 1350 2828 In
1381 2778 1556 2844 primo
1585 2791 1688 2830 non
1714 2777 1857 2829 venit
1887 2775 1996 2839 ille,
2023 2785 2075 2830 et
2104 2791 2227 2829 cau-

642 2879 753 2918 Sam
782 2867 908 2918 dixit
943 2865 1207 2919 fratribus.
1241 2867 1344 2920 Sed
1372 2882 1470 2920 nec
1496 2867 1546 2921 in
1576 2868 1833 2934 secundo,
1864 2883 1962 2922 nec
1987 2868 2037 2921 iu
2072 2868 2228 2922 tertio

638 2957 909 3025 quidpiam
939 2957 1040 3009 tale
1068 2956 1231 3021 dicit;
1262 2972 1327 3010 ne
1355 2957 1503 3010 irrita
1543 2958 1721 3011 forent
1755 2960 1914 3012 verba
1943 3001 1954 3018 ,
1988 2958 2112 3011 dum
2149 2957 2228 3010 lu-

641 3058 816 3112 turum
839 3057 948 3103 erat
983 3057 1038 3104 ut
1065 3049 1134 3103 illi
1179 3049 1229 3103 in
1262 3048 1467 3106 deliciis
1491 3059 1688 3106 essent.
1719 3050 2018 3106 Novissima
2043 3061 2224 3107 autem

639 3143 726 3196 die
754 3182 770 3206 ,
801 3144 1012 3209 quando
1043 3144 1363 3198 recedebant
1392 3145 1610 3197 domum
1640 3186 1654 3207 ,
1684 3143 1875 3199 viatica
1905 3146 1968 3198 ad
1999 3146 2224 3199 salutent

639 3231 731 3285 dat
759 3233 861 3285 illis
882 3275 894 3295 ,
936 3243 989 3286 et
1027 3233 1218 3286 clamat
1245 3251 1260 3297 ;
1293 3245 1399 3287 tum
1429 3244 1484 3287 ttt
1516 3234 1760 3289 ﬁduciam
1799 3248 1851 3288 et
1882 3237 2126 3303 loquendi
2159 3237 2227 3289 li-

638 3324 894 3377 bertatem
919 3325 1156 3376 ostendat
1185 3341 1196 3383 ;
1224 3335 1330 3378 tttm
1352 3338 1406 3378 ut
1425 3327 1920 3381 tantmmultitudini
1943 3329 2222 3396 signiticet,

637 3430 694 3470 se
722 3415 787 3469 de
814 3416 1071 3484 spirituali
1105 3427 1226 3484 potu
1260 3419 1531 3485 loqnuttun
1574 3435 1723 3482 esse,
1759 3421 2047 3490 adjicitqtte
2077 3439 2089 3473 ε
2123 3423 2224 3487 Qui

636 3509 791 3560 credit
829 3509 881 3559 in
914 3525 992 3561 me
1014 3550 1029 3573 ,
1064 3510 1190 3561 sicut
1217 3510 1338 3562 dicit
1369 3509 1634 3580 Scriptura
1658 3552 1672 3575 ,
1719 3513 1932 3580 {Iuntina
1958 3517 2018 3564 de
2045 3526 2215 3566 ventus

635 3601 742 3664 eius
767 3600 922 3667 fluent
951 3615 1094 3662 aqua:
1120 3601 1258 3653 vivae.
1296 3600 1545 3655 Ventrem
1575 3618 1668 3656 eor
1695 3612 1882 3664 vocat;
1915 3614 1969 3654 ut
1998 3613 2052 3657 et
2080 3621 2092 3655 ε
2119 3605 2211 3658 ζιϋί

635 3692 726 3755 ait,
751 3690 813 3743 Et
828 3693 981 3760 legem
999 3703 1135 3744 tuam
1159 3692 1209 3744 in
1233 3692 1395 3746 medio
1413 3694 1595 3746 ventris
1613 3694 1706 3745 mei
1729 3693 1797 3762 (b)
1825 3691 1994 3761 (Psal.
2019 3695 2106 3748 59.
2137 3694 2214 3762 9).

643 3781 708 3835 Et
753 3783 967 3835 ubinam
996 3781 1124 3836 dicit
1157 3783 1465 3852 Scriptura,
1515 3782 1759 3836 Flumina
1796 3786 1860 3837 de
1901 3795 2069 3838 ventre
2112 3788 2218 3855 ejus

634 3880 790 3946 ﬂuent
819 3893 964 3947 aqua:
988 3879 1110 3931 τίνω
1131 3878 1156 3930 .9
1181 3877 1469 3947 Nusquam.
1493 3877 1627 3943 Quid
1655 3878 1753 3931 sibi
1779 3879 1889 3932 vult
1907 3894 2032 3947 ergo
2065 3879 2210 3942 illud,

639 3968 737 4033 Qui
768 3968 928 4021 credit
959 3970 1009 4020 in
1042 3983 1135 4030 me,
1165 3969 1292 4020 sicut
1320 3969 1441 4020 dicit
1468 3967 1780 4036 Scriptura?
1811 3969 1906 4023 llic
1933 3971 2212 4037 interpun-

634 4059 862 4126 gendmu
895 4067 974 4112 est
1000 4075 1012 4122 ;
1043 4069 1099 4110 ut
1136 4059 1259 4112 illttd
1293 4100 1306 4121 ,
1337 4057 1579 4112 Flumina
1606 4061 1667 4112 de
1694 4071 1862 4114 ventre
1886 4063 1994 4131 ejus
2020 4064 2177 4132 ﬂuent
2198 4103 2214 4127 ,

633 4150 917 4203 sitCltristi
947 4152 1231 4204 sententia.
1271 4151 1403 4217 Quia
1445 4154 1584 4206 enim
1615 4155 1762 4207 multi
1795 4155 2078 4218 dicebant,
2115 4154 2212 4208 llic

631 4251 701 4294 est
732 4223 998 4306 Christus;
1029 4252 1082 4297 et
1108 4242 1335 4298 Christus
1380 4262 1493 4297 cum
1532 4249 1716 4298 uenerit
1742 4287 1754 4308 ,
1800 4248 2043 4315 numquid
2069 4249 2216 4316 plura

633 4332 780 4402 signa
806 4336 952 4404 faciet
997 4336 1014 4405 (
1039 4351 1086 4389 υ.
1113 4336 1203 4391 26.
1233 4347 1278 4390 et
1304 4337 1364 4391 51
1394 4338 1450 4404 )?
1477 4338 1711 4392 ostendit
1738 4349 1989 4406 OportEre
2012 4350 2213 4396 rectam

634 4433 816 4478 tenere
847 4426 1162 4479 sententiam
1185 4467 1198 4486 ,
1235 4441 1405 4494 neque
1435 4426 1504 4479 ita
1549 4443 1614 4481 ex
1652 4429 1850 4497 signis,
1883 4437 1941 4482 ut
1984 4444 2047 4483 ex
2074 4429 2220 4483 Scri-a

632 4518 801 4583 plut-is
832 4517 1154 4571 credendum
1184 4534 1324 4573 esse.
1364 4517 1508 4572 Multi
1533 4520 1675 4574 enim
1721 4537 1840 4577 cum
1878 4522 2026 4576 illum
2057 4524 2218 4577 mira-

630 4607 745 4661 cula
776 4608 1019 4663 edentem
1047 4618 1349 4673 cernerent,
1382 4627 1485 4663 non
1514 4614 1662 4681 quasi
1692 4611 1966 4668 Christum
1994 4615 2215 4684 recipie-

633 4701 757 4753 bant
787 4716 800 4762 ;
847 4701 958 4752 bno
990 4701 1180 4776 dicturi
1209 4711 1366 4756 erant
1391 4744 1406 4765 ,
1439 4702 1624 4757 Nonne
1653 4705 1941 4776 Scriptum
1988 4707 2210 4772 dicunt,

627 4795 900 4847 Christum
948 4810 1013 4848 ex
1044 4797 1191 4848 semi'
1240 4821 1246 4842 -.
1296 4795 1459 4848 David
1508 4807 1791 4853 venturum
1836 4801 1994 4855 esse?
2038 4799 2093 4854 Id
2123 4801 2214 4855 ille

628 4889 937 4956 frequenter
963 4888 1205 4942 versabat
1231 4929 1244 4948 .
1278 4896 1340 4948 ut
1364 4889 1668 4945 ostenderet
1695 4906 1754 4946 se
1777 4891 2076 4960 huiusmodi
2117 4893 2212 4947 de«

634 4979 1072 5032 monstrationem
1103 4995 1206 5032 non
1236 4979 1420 5049 lugere
1451 4998 1464 5034 :
1497 4997 1786 5049 rursusque
1813 4983 1934 5037 illos
1965 4984 2031 5038 ad
2068 4984 2213 5040 Scri-

634 5080 813 5138 pturas
861 5071 1102 5127 remittit.
1146 5073 1403 5140 Superius
1441 5074 1581 5127 enim
1624 5073 1866 5129 dixerat:
1902 5075 2216 5131 Scrutantini

633 5161 950 5230 Scripturas;
980 5172 1034 5216 et
1062 5178 1272 5225 rursum
1303 5180 1317 5217 :
1347 5164 1605 5232 Scriptum
1635 5170 1780 5220 estin
1810 5169 2070 5236 prophetis
2097 5211 2112 5232 ,
2146 5167 2212 5222 Et

630 5262 772 5301 erunt
812 5267 980 5305 omnes
1012 5252 1249 5308 docibiles
1281 5253 1374 5307 Dei
1391 5251 1568 5325 (Joan.
1602 5256 1652 5309 5.
1680 5256 1746 5311 '59
1795 5267 1838 5310 et
1873 5258 1924 5312 ϐ.
1955 5258 2059 5328 43)
2088 5274 2102 5322 ;
2136 5269 2208 5322 et,

632 5339 836 5412 Moyses
869 5357 954 5396 vos
995 5354 1193 5396 accusat
1218 5363 1235 5408 ;
1259 5345 1344 5400 hic
1371 5361 1496 5399 vero
1515 5387 1529 5409 ,
1559 5345 1702 5401 Sicut
1729 5348 1854 5402 dixit
1896 5350 2173 5418 Scriptura
2195 5392 2208 5416 ,

693 5519 767 5579 (τι)
803 5518 854 5566 In
882 5517 1040 5566 \torel.
1069 5531 1178 5579 qnze
1202 5526 1472 5579 sequuntur
1491 5519 1698 5569 deerunt
1723 5523 1768 5570 in
1803 5523 1964 5574 titulo.

700 5580 769 5640 (b)
801 5580 1042 5657 llehraice
1069 5579 1248 5657 legitur
1269 5586 1428 5657 ’θυῖε-ι
1443 5588 1548 5657 ηπ,
1569 5583 1617 5632 in
1640 5584 1800 5634 medio
1823 5585 2059 5657 t-iscerum
2082 5599 2210 5635 meo-

626 5665 752 5707 rum,
775 5660 825 5700 ut
853 5655 995 5700 vertit
1016 5651 1335 5712 syanuacbus.
1353 5651 1514 5712 Aquila
1536 5661 1768 5701 autemet
1791 5653 2070 5708 'I‘heodotio,
2092 5666 2215 5712 quos

629 5722 851 5774 sequatur
901 5713 1220 5773 Hieronymus
1240 5747 1253 5767 ,
1280 5714 1327 5759 in
1367 5713 1526 5762 msdio
1547 5723 1723 5763 ventris
1748 5713 1858 5763 mei.
1884 5721 1992 5762 LXX
2021 5724 2072 5763 et
2097 5713 2213 5763 Vul-

630 5787 752 5833 gata
780 5775 830 5823 in
854 5774 1009 5823 medio
1033 5774 1192 5824 cordis
1220 5774 1327 5822 mei.
1359 5774 1426 5821 lix
1450 5784 1519 5822 ss.
1540 5776 1757 5824 lauribus
1780 5785 1944 5825 autem
1962 5775 2044 5824 alii
2070 5778 2209 5836 hanc,

630 5837 705 5883 alii
734 5837 857 5883 ibant
887 5837 1338 5899 interpretationem
1364 5846 1650 5897 sequuntur.

2335 740 2548 804 ﬂumina
2570 742 2631 794 de
2652 754 2818 797 ventre
2839 747 2949 814 ejus
2975 749 3133 814 ﬂuent
3155 760 3169 820 (
3189 749 3344 807 Joan.
3452 755 3520 811 45
3543 753 3559 828 )
3585 777 3597 824 ;
3629 760 3936 812 ubertatem

2337 840 2391 884 et
2429 834 2636 901 copiam
2669 839 2851 905 gratia:
2881 843 3243 908 subiudicans.
3296 861 3353 904 ut
3399 856 3522 909 alibi
3580 859 3730 922 dicit,
3791 859 3939 913 Fons

2336 933 2481 984 aqua:
2505 922 2728 991 salientis
2758 925 2808 975 in
2836 927 2983 980 vitam
3009 941 3247 987 (sternam
3278 935 3295 1004 (
3317 936 3342 989 Ι
3351 939 3453 991 bid.
3481 943 3535 995 4.
3578 945 3674 1014 14)
3701 962 3714 1008 ;
3746 948 3795 1000 id
3828 962 3935 1008 ρει,

2339 1013 2556 1068 multam
2581 1015 2796 1072 habebit
2815 1025 3061 1089 gratiam.
3083 1029 3220 1082 Alibi
3245 1032 3473 1099 dixerat,
3493 1013 3938 1106 rilamtt’lerrmm;

2343 1103 2428 1157 hic
2451 1106 2598 1169 dicit,
2629 1125 2813 1180 aquam
2836 1115 3017 1170 rivum.
3044 1118 3228 1175 Vivam
3253 1137 3405 1178 vocat
3428 1143 3545 1184 eam
3575 1147 3693 1199 qua:
3719 1150 3940 1202 semper

2339 1205 2594 1263 operatur
2619 1239 2632 1265 ,
2661 1201 2891 1270 Spiritus
2919 1209 3060 1263 enim
3091 1215 3258 1281 gratia
3301 1231 3423 1271 cum
3471 1220 3522 1273 in
3567 1224 3804 1278 animum
3844 1201 3939 1279 in-

2338 1300 2520 1355 gressa
2550 1300 2605 1345 et
2631 1296 2858 1351 stabilita
2889 1299 3080 1368 fuerit,
3115 1305 3231 1371 plus
3259 1323 3414 1377 quant
3445 1311 3560 1365 lous
3590 1291 3763 1385 quivis
3810 1335 3937 1373 sca-

2342 1382 2502 1441 turit;
2534 1399 2706 1453 neque
2734 1401 2926 1453 cessat,
2960 1394 3041 1447 vel
3067 1410 3387 1467 evacuatur,
3422 1418 3593 1472 neque
3608 1382 3836 1465 desinit.
3870 1412 3942 1466 L't

2339 1485 2468 1540 ergo
2496 1475 2653 1530 simul
2679 1489 2733 1532 et
2759 1497 3047 1552 numquam
3075 1487 3325 1556 deﬁcere,
3351 1506 3405 1550 et
3430 1497 3771 1557 iuell'abiliter
3792 1521 3939 1574 0pc-

2341 1567 2443 1618 rari
2476 1567 2690 1624 denotet
2717 1613 2732 1638 ,
2766 1573 2968 1630 fontem
3010 1588 3065 1632 et
3095 1581 3283 1638 lim-ius
3322 1589 3587 1656 appellat;
3623 1609 3730 1647 non
3761 1567 3932 1650 unum

2341 1663 2559 1716 ﬂuvium
2586 1705 2600 1725 ,
2647 1668 2739 1720 sed
2791 1670 3229 1731 innumerabiles.
3264 1679 3330 1733 Et
3374 1682 3479 1736 illic
3520 1686 3800 1742 salientem
3837 1706 3938 1758 pro

2342 1753 2633 1810 inundaute
2662 1759 2813 1813 dixit.
2848 1761 3002 1828 Quod
3031 1766 3175 1821 clare
3199 1771 3456 1838 percipiet
3486 1775 3530 1828 si
3563 1776 3684 1845 quis
3715 1753 3939 1847 sapien-

2344 1847 2469 1900 tiam
2501 1848 2758 1919 Stephani
2786 1895 2800 1916 ,
2833 1853 2975 1909 Petri
3011 1858 3278 1927 linguam,
3314 1863 3457 1917 l’auli
3489 1867 3593 1922 vim
3623 1871 3940 1924 considera-

2342 1940 2510 2004 \'crit,
2547 1957 2651 2011 quo
2684 1956 2838 2011 pacto
2867 1948 2994 2002 nihil
3033 1966 3128 2004 eos
3161 1953 3338 2008 tulerit
3367 1998 3380 2020 ,
3415 1957 3544 2011 nihil
3576 1963 3889 2015 sustinuerit
3922 1981 3935 2026 ;

2342 2046 2446 2084 non
2480 2035 2790 2102 populorum
2823 2037 2990 2106 [ιιι-ογ,
3022 2057 3125 2096 non
3152 2053 3498 2115 tyrannorum
3527 2050 3800 2117 violentia,
3829 2071 3937 2108 non

2340 2125 2640 2182 dannonum
2674 2132 2898 2198 insidite,
2933 2152 3035 2189 non
3058 2140 3383 2207 quotidianzn
3405 2155 3633 2208 mortes;
3662 2148 3756 2200 sed
3781 2149 3937 2217 quasi

2345 2217 2563 2271 ﬂumina
2593 2237 2784 2291 magno
2807 2225 3008 2295 impetu
3038 2229 3275 2293 liuentia,
3312 2234 3388 2285 sic
3411 2237 3588 2288 omnia
3622 2252 3805 2291 secum
3837 2229 3939 2292 tra-

2338 2309 2531 2362 xerint.
2560 2311 2647 2365 39.
2682 2311 2807 2366 "(PC
2828 2327 2995 2369 autem
3016 2318 3144 2372 dixit
3172 2322 3234 2374 de
3253 2323 3477 2391 Spiritu,
3505 2342 3652 2394 quem
3675 2333 3937 2396 accepturi

2336 2411 2479 2453 erant
2518 2403 2774 2457 credentes
2819 2407 2873 2461 in
2903 2425 3034 2464 eum.
3080 2411 3325 2467 Nondum
3366 2417 3498 2470 enim
3542 2430 3650 2472 erat
3701 2419 3937 2490 Spiritus

2336 2505 2556 2549 sanctus.
2606 2497 2885 2566 Quomodo
2926 2518 3054 2572 ergo
3102 2506 3372 2576 prOphctzn
3405 2511 3830 2578 prophetarum,
3879 2526 3936 2568 et

2337 2585 2614 2641 innumera
2643 2591 2861 2648 edidere
2889 2597 3192 2652 miracula?
3223 2602 3464 2669 Apostoli
3497 2605 3638 2657 enim
3671 2622 3778 2659 mm
3810 2607 3934 2675 Stti-

2336 2682 2460 2742 ritu,
2485 2683 2578 2736 sed
2602 2682 2718 2753 ejus
2741 2686 2934 2742 virtute
2953 2687 3216 2745 daemonia
3241 2693 3535 2760 ejccerunt,
3559 2706 3613 2748 ut
3637 2698 3751 2765 ipse
3774 2698 3932 2752 dicit:

2335 2774 2397 2827 Si
2425 2791 2514 2844 ego
2558 2777 2609 2828 in
2643 2777 2912 2832 Beelzebub
2950 2782 3095 2849 ejicio
3127 2785 3398 2850 daemonia,
3430 2788 3526 2852 lilii
3556 2791 3703 2842 vestri
3731 2791 3783 2842 in
3830 2809 3934 2859 quo

2332 2868 2542 2936 cjiciuut
2578 2868 2809 2937 (Matth.
2842 2874 2927 2928 12,
2959 2876 3025 2929 27
3050 2876 3111 2943 )?
3139 2877 3248 2931 lloc
3284 2889 3459 2934 autem
3504 2883 3716 2938 dicebat
3761 2886 3935 2956 signi-

2332 2958 2519 3027 licaus,
2539 2976 2644 3017 non
2667 2978 2854 3021 onmes
2873 2963 3073 3039 Spiritu
3090 2980 3213 3026 ante
3231 2986 3465 3040 crucem,
3486 2975 3579 3030 sed
3598 2974 3711 3046 ejus
3730 2981 3932 3036 virtute

2329 3053 2552 3122 cjecisse
2579 3056 2860 3112 dmmonia.
2887 3059 3020 3116 Cum
3051 3079 3179 3132 ergo
3207 3065 3327 3119 illos
3349 3069 3606 3121 missurus
3628 3080 3767 3133 erat,
3803 3082 3934 3127 tunc

2333 3144 2484 3208 dixit,
2517 3147 2740 3216 Accipite
2767 3149 3020 3219 Spiritum
3037 3165 3291 3221 sanctum;
3317 3173 3380 3210 ac.
3411 3175 3622 3214 rursum
3641 3203 3653 3220 ,
3697 3161 3846 3215 Venit
3873 3165 3931 3216 in

2329 3253 2412 3290 eos
2430 3236 2650 3307 Spiritus
2667 3251 2890 3306 sanctus,
2910 3253 2956 3296 et
2969 3255 3086 3298 tunc
3100 3247 3245 3316 signa
3257 3248 3505 3315 faciebant
3527 3249 3583 3322 (Ι
3587 3253 3933 3324 0111121132).

2395 3329 2452 3382 2.
2494 3331 2625 3384 Cum
2652 3340 2828 3388 autem
2859 3337 3002 3389 misit
3022 3352 3135 3402 eos,
3166 3356 3270 3392 non
3295 3341 3444 3405 dixit,
3473 3343 3625 3397 Dedit
3646 3345 3723 3398 eis
3751 3345 3935 3416 Spiri-

2327 3430 2437 3476 tum
2465 3433 2738 3490 sauctum;
2773 3426 2887 3491 sed,
2938 3427 3092 3482 Dedit
3119 3429 3190 3485 eis
3217 3442 3533 3499 potestatem,
3582 3436 3768 3491 dicens
3794 3455 3809 3491 :
3837 3436 3932 3491 Le-

2323 3529 2503 3583 prosos
2533 3517 2793 3582 mandate,
2842 3519 3094 3572 dwmonia
3140 3522 3326 3592 cjicite,
3374 3535 3597 3579 martuos
3639 3530 3929 3594 suscitata;

2323 3610 2480 3676 gratis
2502 3609 2783 3676 accepistis,
2810 3612 2970 3680 gratis
3001 3614 3116 3666 date
3142 3613 3366 3684 (Matth.
3404 3617 3488 3672 10.
3525 3619 3574 3672 1.
3608 3630 3654 3671 et
3681 3622 3761 3688 8).
3784 3620 3926 3676 Pro-

2325 3698 2502 3768 phetis
2531 3712 2706 3755 autem
2741 3703 2790 3755 in
2820 3704 3068 3759 confesso
3111 3708 3251 3775 apud
3301 3724 3490 3765 omnes
3531 3721 3616 3765 est
3659 3712 3925 3783 Spiritum

2324 3804 2565 3846 sanctum
2599 3793 2761 3849 lttiSsc
2790 3797 3006 3862 datum;
3039 3799 3131 3853 sed
3157 3803 3326 3869 gratia
3372 3803 3457 3856 illa
3501 3815 3770 3860 contracta
3801 3820 3930 3863 erat

2322 3890 2376 3936 et
2404 3885 2606 3950 avulsa,
2637 3896 2795 3956 atque
2823 3889 2874 3941 in
2900 3899 3035 3944 terra
3065 3891 3300 3946 desierat
3325 3894 3392 3948 ab
3435 3895 3522 3949 illa
3562 3897 3669 3962 die,
3701 3915 3802 3968 qua
3833 3902 3924 3954 di-

2322 3983 2464 4028 ctum
2495 3973 2613 4036 fuit.
2648 3975 2968 4046 Relinquitur
2993 3981 3174 4034 domus
3200 3993 3365 4037 uestra
3394 3985 3595 4041 deserta
3629 3989 3789 4056 (Ibid.
3823 3995 3921 4044 '23.

2323 4064 2434 4134 33).
2473 4065 2537 4119 Et
2563 4077 2686 4122 ante
2717 4068 2857 4122 illam
2879 4071 3019 4125 diem
3038 4073 3148 4140 jam
3171 4076 3344 4129 rarior
3361 4091 3482 4131 esse
3503 4091 3758 4147 carperet.
3780 4080 3925 4134 Nul-

2324 4157 2404 4211 lus
2427 4159 2564 4226 apud
2592 4160 2710 4213 illos
2738 4162 2995 4232 prOpheta
3018 4177 3164 4232 erat;
3197 4183 3370 4238 neque
3396 4173 3561 4239 gratia
3591 4173 3799 4226 illorum
3832 4191 3927 4229 sa-

2322 4256 2426 4306 cris
2475 4257 2850 4324 prospiciebat.
2897 4258 3030 4313 Cum
3077 4261 3236 4330 igitur
3277 4262 3506 4330 Spiritus
3547 4277 3760 4320 sanctus
3798 4268 3919 4335 jam

2322 4345 2528 4398 ablatus
2557 4355 2715 4409 esset,
2763 4347 3102 4420 futurumque
3131 4362 3273 4408 esset
3303 4363 3361 4409 ut
3394 4355 3594 4425 largius
3622 4357 3924 4415 et'fttndere-

2325 4446 2426 4502 tur,
2449 4439 2599 4508 cujus
2616 4439 2739 4494 doni
2765 4443 3081 4513 principium
3108 4454 3228 4514 post
3251 4463 3464 4504 crucem
3486 4452 3600 4516 fuit,
3632 4469 3734 4506 non
3754 4453 3924 4509 abun-

2321 4529 2530 4584 dautius
2553 4532 2730 4598 modo,
2756 4533 2850 4588 sed
2873 4535 3034 4589 etiam
3052 4552 3172 4591 cum
3197 4538 3490 4608 majoribus
3506 4541 3923 4601 cltarismatibus

2321 4622 2642 4690 (mirabilius
2667 4626 2866 4695 quippe
2895 4627 3099 4684 donum
3127 4629 3249 4696 fuit,
3279 4642 3336 4686 ut
3361 4647 3482 4686 cum
3509 4633 3656 4698 dicit,
3692 4635 3922 4694 Nescitis

2319 4716 2464 4785 cujus
2491 4717 2702 4784 spiritus
2725 4719 2836 4772 sitis
2863 4717 3010 4791 [Luc.
3034 4721 3089 4776 9.
3136 4719 3257 4794 55];
3286 4731 3340 4778 et
3378 4725 3592 4789 iterum,
3631 4727 3750 4782 Non
3781 4732 3927 4786 enim

2319 4809 2579 4876 accepistis
2599 4811 2831 4878 spiritum
2854 4813 3122 4877 servitutis,
3148 4816 3237 4868 sed
3256 4818 3520 4887 accepistis
3541 4821 3775 4889 spiritum
3787 4827 3932 4877 ado-

2322 4901 2506 4968 ptiouis
2529 4900 2705 4971 [ηοω.
2738 4907 2790 4957 8.
2827 4902 2935 4976 15].
2967 4905 3098 4959 Nam
3141 4918 3354 4963 veteres
3398 4911 3470 4964 illi
3499 4927 3711 4982 quoque
3738 4916 3928 4983 Spiri-

2323 5001 2430 5045 tum
2479 4993 2765 5057 babehant,
2803 4997 2897 5049 sed
2942 4997 3062 5052 aliis
3094 5015 3194 5052 non
3230 5001 3609 5070 impertiebant
3640 5023 3652 5060 :
3684 5010 3926 5074 apostoli

2321 5100 2448 5137 vero
2475 5085 2785 5140 innumeros
2816 5087 2907 5140 illo
2935 5089 3265 5160 replebant);
3302 5096 3553 5162 quoniam
3584 5097 3741 5165 igitur
3767 5098 3926 5153 illam

2318 5178 2540 5246 gratiam
2573 5181 2838 5246 accepturi
2862 5190 3016 5234 erant
3036 5181 3293 5252 (nondum
3312 5186 3452 5239 enim
3477 5187 3596 5241 data
3615 5189 3768 5260 erat),
3791 5190 3928 5244 ideo

2319 5269 2410 5330 ait,
2439 5268 2682 5324 Nondum
2709 5282 2816 5325 erat
2845 5273 3072 5343 Spiritus
3094 5285 3316 5329 sanctus.
3352 5277 3424 5330 De
3451 5276 3549 5333 hac
3571 5280 3730 5349 igitur
3743 5285 3925 5349 gratia

2319 5362 2644 5430 erangclisla
2686 5363 2917 5428 dicebat,
2966 5363 3210 5419 Nondum
3267 5377 3369 5420 erat
3419 5369 3647 5437 Spiritus
3684 5384 3925 5442 sanctus,

2321 5468 2514 5522 nempe
2559 5455 2748 5518 datus,
2793 5459 2912 5516 quia
2953 5458 3105 5512 Jesus
3147 5460 3372 5512 nondum
3429 5473 3535 5514 erat
3575 5463 3927 5534 glori/iratus,

2317 5546 2540 5614 gloriam
2565 5549 2842 5617 appellans
2866 5565 3102 5605 crucem.
3127 5552 3259 5619 Quia
3283 5553 3425 5606 enim
3453 5554 3652 5610 inimici
3676 5571 3924 5623 eramus,

2322 5652 2646 5709 peccatores,
2667 5644 2834 5712 gratia
2866 5645 2954 5698 Dei
2973 5644 3186 5716 privati,
3214 5645 3413 5702 inimici
3441 5649 3563 5713 Dei;
3594 5651 3760 5720 gratia
3785 5667 3930 5707 vero

2319 5743 2433 5786 erat
2463 5737 2914 5792 reconciliationis
2945 5738 3226 5804 indicium;
3257 5740 3454 5796 donum
3488 5754 3666 5798 autem
3695 5760 3799 5798 non
3820 5747 3939 5802 ini—

2320 5827 2471 5883 micis
2501 5839 2552 5883 et
2582 5831 2806 5900 perosis,
2836 5832 2929 5888 sed
2957 5833 3142 5889 amicis
3173 5845 3225 5891 et
3253 5835 3490 5905 probatis
3538 5836 3721 5903 datur;
3757 5855 3926 5910 "tum
