4164 6324
221 374 317 430 235

222 497 354 547 tehau
384 491 531 560 prius
574 502 674 557 pro
715 485 868 541 nobis
903 484 1084 542 oil'erri
1127 483 1468 550 sacriﬁcium,
1502 492 1557 539 et
1585 482 1814 538 inimici-

221 586 339 638 tiam
370 584 421 636 iu
449 596 614 636 carne
643 579 801 645 soln‘,
835 592 1038 650 nosque
1071 577 1161 633 Dei
1191 577 1391 633 amicos
1416 576 1579 642 efllci,
1608 584 1662 630 et
1691 585 1817 630 tunc

216 674 412 726 dtnttltll
440 672 711 741 accipere.
741 670 870 725 Nam
901 670 945 724 si
989 668 1091 723 hoc
1120 670 1171 723 in
1201 668 1554 739 promissione
1583 667 1816 724 Abrahae

218 764 406 817 tactum
438 772 542 828 est,
594 764 763 817 multo
807 762 974 831 magis
1022 761 1074 815 in
1120 761 1312 831 gratia.
1356 758 1422 815 Et
1450 758 1553 815 ltoc
1578 759 1811 815 declarat

213 854 409 909 l'aulus
436 854 518 909 his
549 854 760 909 verbis:
792 852 855 908 Si
883 853 1037 917 enim,
1064 854 1152 922 qui
1176 868 1241 907 ea:
1261 853 1388 923 lege,
1417 851 1645 907 lncrcdes
1669 861 1809 920 sunt,

209 951 475 1003 exinanita
501 959 574 1003 est
590 949 717 1017 ﬁdes
735 947 853 1002 :lea;
875 949 1009 1003 enim
1030 948 1159 1001 iram
1178 956 1419 1018 operatur
1436 947 1614 1017 (Rom.
1642 947 1697 1003 ι.
1721 949 1808 1005 14.

210 1042 332 1113 15);
369 1042 470 1098 hoc
516 1052 620 1106 est,
674 1041 925 1096 Promisit
957 1041 1097 1097 Deus
1137 1041 1367 1096 Abrahae
1392 1051 1446 1097 et
1473 1041 1811 1113 scminiejus

206 1135 458 1188 datarum
480 1145 538 1188 se
571 1143 768 1188 terram
797 1154 810 1188 :
830 1133 922 1188 sed
944 1142 1167 1204 nepotes
1190 1132 1307 1204 ejus
1332 1134 1692 1204 promissione
1720 1135 1808 1191 illa

206 1228 412 1298 indigni
444 1226 613 1289 fuere,
643 1236 701 1282 et
730 1242 796 1283 ex
842 1228 1071 1299 propriis
1115 1228 1388 1285 laboribus
1432 1229 1647 1299 placere
1700 1245 1805 1286 non

204 1329 521 1391 potuerunt.
554 1320 843 1391 Propterea
864 1322 1077 1375 intravit
1097 1321 1250 1389 tides,
1276 1333 1362 1377 res
1393 1321 1582 1388 facilis,
1610 1330 1667 1377 ut
1686 1337 1809 1393 gra-

204 1416 331 1468 tiam
363 1412 684 1475 attraheret,
710 1422 766 1468 et
790 1413 1048 1485 promissa
1080 1429 1185 1468 non
1202 1413 1535 1470 exciderent.
1564 1414 1648 1480 Et,
1677 1414 1806 1470 Ideo

201 1523 264 1559 ex
287 1505 413 1574 fide,
446 1504 599 1571 dicit,
635 1516 688 1559 ut
716 1505 993 1560 secundum
1017 1506 1238 1576 gratiam
1259 1506 1343 1572 sit,
1362 1516 1514 1577 utque
1536 1507 1805 1577 promissio

200 1598 354 1665 ﬁrma
382 1600 447 1652 sit
480 1598 644 1669 (Ibid.
686 1584 877 1669 uniti).
916 1598 1037 1653 Ideo
1068 1598 1365 1653 Secundum
1405 1601 1645 1671 gratiam,
1676 1600 1803 1670 quia

201 1690 249 1743 id
277 1690 461 1745 labore
486 1690 792 1760 sudoreque
812 1704 910 1744 suo
932 1705 1037 1744 non
1059 1700 1324 1760 poterant.
1351 1688 1461 1746 Cur
1484 1696 1662 1747 autem
1680 1708 1801 1748 cum

200 1781 448 1849 dixisset,
481 1782 788 1837 Secundum
816 1781 1138 1851 Scripturas,
1189 1798 1296 1838 non
1341 1782 1523 1853 adjicit
1564 1784 1804 1838 testimo-

201 1873 385 1927 nium?
414 1872 830 1943 Quiacorrupta
868 1872 1080 1928 illorum
1108 1873 1375 1929 sententia
1412 1882 1546 1929 erat.
1578 1875 1665 1930 40.
1699 1875 1805 1929 Alii

199 1966 331 2019 enim
362 1967 621 2030 dicebant,
656 1964 756 2019 llic
785 1974 856 2019 est
885 1967 973 2021 ille
999 1967 1278 2035 prapheta;
1303 1967 1389 2020 41.
1427 1966 1519 2020 alii
1548 1967 1797 2033 dicebant,

201 2058 414 2114 Sedacit
460 2058 699 2123 turbam;
728 2058 837 2123 alii,
875 2056 996 2113 Non
1042 2076 1104 2112 ex
1132 2054 1349 2113 Galilwa
1376 2060 1509 2115 venit
1547 2059 1797 2123 Christus,

200 2150 285 2206 ιε.
316 2150 407 2206 sed
433 2168 498 2205 ea:
523 2150 817 2205 Belide/tem
842 2151 987 2216 vico;
1010 2151 1101 2205 alii
1123 2150 1378 2215 dicebant,
1422 2148 1656 2207 Christus
1684 2164 1800 2207 cum

199 2245 406 2309 venerit,
438 2260 581 2297 nemo
609 2244 701 2296 scit
731 2245 865 2297 unde
894 2243 994 2305 sit;
1025 2253 1078 2297 et
1113 2242 1343 2298 diversa:
1384 2250 1540 2297 erant
1590 2243 1801 2313 opinio-'-

201 2350 314 2401 nes,
346 2344 404 2388 ut
434 2336 486 2388 in
518 2334 670 2388 turba
717 2334 959 2390 confusa.
1006 2334 1188 2405 Neque
1219 2334 1360 2388 enim
1393 2334 1550 2389 dictis
1580 2336 1800 2390 adhibe-

200 2424 325 2479 bant
354 2425 616 2491 animum,
648 2440 824 2494 neque
851 2424 1095 2479 discendi
1142 2423 1321 2494 cupidi
1348 2433 1523 2479 erant.
1562 2425 1683 2480 ideo
1716 2426 1798 2482 his

198 2518 329 2572 nihil
372 2517 690 2587 reSpondct,
736 2517 837 2573 etsi
886 2517 1152 2582 dicerent,
1197 2516 1464 2587 Numquid
1490 2535 1554 2574 ea:
1583 2518 1800 2574 Galittea

196 2610 425 2665 Christus
444 2611 573 2664 venit
585 2628 604 2675 ,-
628 2610 1011 2665 Nathanacicm
1041 2625 1169 2666 vero
1185 2609 1557 2667 vehementius
1574 2620 1627 2666 et
1642 2627 1800 2682 aspe-

196 2707 305 2759 rius
333 2705 627 2768 dicentem,
661 2703 744 2758 Ea:
770 2704 1033 2759 Nasaretlt
1060 2715 1219 2776 potest
1249 2705 1447 2773 aliquid
1479 2706 1596 2759 boni
1624 2706 1797 2760 mire?

196 2797 433 2850 laudavit
457 2807 512 2850 ιιι
544 2808 670 2852 rere
694 2796 1005 2852 lsraelitam.
1044 2797 1105 2869 lli
1135 2798 1278 2852 enim
1310 2805 1364 2852 et
1385 2797 1474 2868 qui
1504 2797 1797 2853 Nicodcmo

194 2889 463 2956 dicebant,
498 2890 747 2945 Scrutare
773 2900 818 2944 et
847 2889 979 2956 vide,
1021 2891 1140 2961 quia
1186 2907 1253 2946 ea:
1301 2889 1519 2945 Galilwa
1548 2907 1647 2945 non
1690 2904 1799 2945 sur-

195 2983 319 3035 rexit
358 2983 631 3052 prapheta,
674 2996 781 3036 non
825 2980 1066 3036 discendi
1097 2996 1258 3036 causa
1305 2981 1580 3047 dicebant,
1612 2982 1706 3037 sed
1741 2993 1793 3037 ut

194 3077 501 3146 opinionem
533 3074 601 3130 de
631 3073 848 3130 Christo
902 3074 1209 3143 rcjicercnt.
1268 3075 1359 3129 llle
1411 3087 1560 3138 vero,
1608 3085 1795 3145 utpote

194 3170 429 3223 veritatis
449 3181 655 3237 amans,
676 3168 763 3237 qui
793 3175 971 3222 vetera
999 3167 1177 3222 onmia
1196 3175 1445 3221 accurate
1467 3154 1669 3235 nosset,
1693 3168 1796 3225 hoc

194 3260 435 3315 dicebat:
463 3260 533 3313 illi
561 3270 741 3314 autem
780 3274 944 3313 unum
976 3259 1149 3313 Solum
1179 3258 1517 3329 spectabant,
1553 3272 1607 3313 ιιι
1638 3262 1789 3315 evin-

192 3362 371 3409 cerent
403 3354 574 3422 ipsum
619 3362 723 3405 non
768 3366 888 3406 esse
929 3350 1224 3405 Christum.
1268 3351 1607 3421 Quapropter
1654 3352 1786 3421 ipsis

193 3444 317 3499 nhtl
366 3445 645 3500 revelavit.
680 3444 782 3513 Qui
831 3434 973 3498 enim
1022 3445 1293 3498 contraria
1328 3444 1701 3515 loquebantur,
1735 3455 1791 3500 et

192 3538 370 3600 modo,
407 3535 575 3590 Nemo
599 3537 691 3589 scit
721 3536 855 3589 unde
888 3536 1042 3599 renit,
1078 3534 1261 3601 tut-do,
1299 3534 1381 3589 Ex
1407 3534 1700 3599 Bethleltetn
1720 3552 1791 3591 rc-

192 3628 281 3691 nit,
311 3626 594 3693 dicebant;
624 3628 835 3683 etiamsi
867 3626 1203 3691 didicissent,
1233 3626 1616 3681 contradictori
1650 3626 1789 3680 haud

191 3722 352 3776 dubie
390 3731 566 3775 erant.
602 3722 729 3775 Esto
775 3722 941 3786 enim,
975 3720 1151 3772 locum
1186 3720 1513 3788 ignorarent,
1548 3720 1691 3789 quod
1723 3736 1789 3774 ex

194 3811 505 3870 Bcthlehcm
553 3822 717 3877 essm,
768 3813 891 3881 quia
938 3813 988 3866 in
1021 3810 1286 3865 Nazareth
1332 3821 1575 3866 versatus
1620 3812 1791 3867 inerat

194 3908 458 3977 (quamvis
490 3906 593 3961 ltoc
623 3906 775 3960 venia
823 3905 1041 3975 dignum
1073 3920 1176 3959 non
1208 3913 1381 3969 esset;
1434 3918 1607 3975 neque
1646 3906 1789 3960 enim

192 4003 258 4057 ibi
286 4011 447 4056 natus
471 4001 645 4073 erat);
681 4016 806 4055 num
837 4015 1007 4070 genus
1036 4012 1252 4069 quoque
1281 3998 1615 4068 ignorabant,
1645 3998 1788 4068 quod

190 4105 330 4152 esset
352 4111 418 4151 ex
447 4094 609 4149 domo
630 4104 683 4149 et
710 4086 908 4147 familia
944 4092 1148 4147 David?
1170 4087 1458 4157 Quomodo
1485 4108 1615 4161 ergo
1642 4093 1790 4147 dicc-

192 4187 336 4254 baut,
368 4188 551 4242 Annon
589 4203 653 4241 ex
677 4187 866 4240 semine
896 4184 1063 4238 Daritl
1091 4187 1221 4239 venit
1250 4184 1520 4239 Christus?
1549 4184 1653 4240 Sed
1689 4186 1789 4239 hoc

190 4280 277 4331 illo
305 4279 467 4335 modo
492 4281 747 4353 obtegere
788 4276 1061 4339 volebant,
1103 4290 1167 4330 ac
1209 4275 1577 4330 fraudulenter
1606 4276 1787 4330 omnia

191 4372 560 4441 lotptebantur.
589 4372 694 4426 Cur
715 4377 892 4425 autem
915 4384 1018 4424 non
1040 4378 1388 4425 accesserunt
1410 4369 1600 4423 dicturi
1622 4390 1633 4424 :
1654 4370 1787 4423 (lum

188 4476 379 4519 Geten
408 4464 585 4519 omnia
617 4462 969 4525 admiremur,
992 4461 1289 4531 jubeasquc
1308 4462 1453 4515 credi
1476 4460 1567 4515 tibi
1596 4476 1783 4514 secun-

188 4555 312 4609 dum
336 4555 663 4623 Scriptut'ns,
693 4553 778 4607 dic
805 4568 903 4608 cur
933 4553 1226 4621 Scriptura:
1264 4551 1448 4606 dicant
1475 4568 1539 4606 ex
1569 4552 1789 4607 Bethle-

190 4648 308 4702 ltem
342 4648 610 4701 Christum
650 4660 772 4701 esse
804 4655 1116 4709 ventorum;
1153 4652 1206 4697 tu
1222 4626 1420 4698 “autem
1463 4660 1528 4697 ex
1568 4643 1785 4698 Galilaea

190 4740 419 4793 venisti?
450 4740 519 4793 At
550 4739 683 4793 nihil
718 4738 909 4791 horttnt
935 4736 1212 4799 dixerunt,
1246 4752 1429 4790 verum
1456 4737 1634 4790 omnia
1669 4752 1784 4791 ma-

188 4831 329 4902 ligno
356 4832 538 4886 animo
559 4829 1032 4886 causiiicabantnr.
1076 4828 1228 4895 Quod
1272 4828 1414 4882 enim
1445 4829 1653 4884 discere
1680 4846 1784 4885 nott

188 4934 492 4995 quaererent
537 4933 631 4979 aut
658 4924 874 4987 vellent,
905 4925 1085 4977 statim
1114 4922 1379 4993 significat
1410 4924 1736 4994 evangelista
1767 4942 1782 4979 :

190 5020 271 5074 44.
304 5018 526 5087 Quidam
557 5019 786 5072 volebant
816 5017 1193 5087 apprehendere
1211 5033 1345 5079 eum,
1370 5018 1459 5070 sed
1484 5034 1630 5071 nemo
1652 5019 1785 5072 misit

192 5130 337 5183 super
372 5113 521 5166 illum
552 5129 756 5165 manum
805 5130 967 5162 suum.
1001 5110 1131 5163 Nam
1162 5112 1261 5163 etsi
1313 5110 1441 5164 nihil
1474 5111 1637 5171 aliud,
1684 5112 1786 5166 hoc

190 5206 373 5260 Saltem
426 5205 547 5259 illos
600 5219 964 5272 compuogore
1013 5202 1334 5255 debuisset:
1381 5202 1474 5256 sed
1509 5218 1615 5257 non
1662 5214 1786 5257 sunt

187 5299 513 5368 compuncti,
551 5308 604 5351 ιιι
637 5297 713 5350 nit
744 5297 1001 5366 propheta
1039 5315 1050 5348 :
1092 5295 1333 5365 Dissipnti
1362 5306 1500 5360 sunt,
1531 5311 1623 5350 nec
1649 5313 1787 5350 com-

189 5391 361 5458 pnncti
384 5388 554 5453 (Psal.
587 5390 673 5446 54.
708 5389 821 5457 lii).

254 5484 309 5538 5.
356 5483 568 5537 Malitia
592 5484 877 5537 character.
924 5477 1123 5535 Malitia
1157 5480 1455 5535 Judwornm
1482 5482 1606 5551 ipsis
1634 5483 1785 5537 exitio

190 5578 302 5646 lt‘nit.
353 5575 591 5631 Inimicos
638 5575 891 5647 quomodo
932 5574 1111 5627 ulcisci
1148 5586 1398 5643 oporteat.
1441 5576 1637 5631 Malunt
1684 5595 1786 5631 non

191 5668 347 5732 nmio,
374 5666 462 5722 scd
486 5667 616 5720 bono
644 5677 877 5719 sanatur.
898 5695 971 5705 ——
1003 5666 1312 5734 Ilujusmndi
1344 5670 1485 5722 cnint
1515 5678 1598 5723 est
1628 5670 1783 5722 tituli-

192 5759 292 5811 tia:
328 5759 526 5814 nemini
574 5758 686 5811 vult
738 5759 955 5823 cedere,
1008 5774 1169 5812 unum
1221 5762 1395 5815 solum
1444 5764 1681 5830 reqticit,
1729 5774 1785 5817 ut

193 5864 318 5906 eum
349 5850 555 5921 perdat,
585 5850 672 5903 cui
704 5850 1002 5903 insidiatur.
1028 5851 1131 5903 Sed
1158 5852 1283 5915 quid
1316 5853 1439 5907 dicit
1470 5855 1782 5926 Scriptura?

518 5950 790 6010 ΡΑῐιιοι..
840 5952 953 6012 (in.
1011 5952 1073 6011 Li
1091 5955 1169 6016 Χ.

1360 372 1427 430 1Ν
1464 369 1779 429 JOANNEM
1820 367 2057 427 llO.\liL.
2097 368 2185 425 LI.
2225 369 2298 425 al.
2341 368 2402 423 L.

3430 380 3535 441 286

1931 479 2039 546 Qui
2051 481 2182 551 [odit
2208 484 2406 552 foveam
2421 475 2676 551 proximo,
2696 483 2750 537 in
2765 495 2879 539 eam
2893 486 3079 541 incidet
3096 486 3280 557 (Prov.
3305 489 3396 547 26.
3416 494 3532 567 27).

1922 570 2076 638 Quod
2110 581 2236 628 tunc
2264 574 2424 628 etiam
2454 575 2699 645 contigit.
2729 574 2808 631 llli
2854 592 3084 649 namque
3114 579 3288 649 ipsum
3328 582 3530 639 interti-

1922 676 2048 719 ccre
2076 663 2348 731 volebant,
2380 673 2434 720 ut
2464 666 2902 736 praedicationem
2931 670 3251 728 abolerent:
3279 674 3375 730 sed
3396 689 3533 732 con-

1924 754 2147 809 trarium
2172 757 2374 811 evenit.
2427 757 2749 815 Praedicatio
2799 776 3030 833 namque
3058 778 3154 834 per
3179 765 3379 825 Christi
3410 785 3534 841 gra-

1922 844 2051 900 tiam
2083 846 2256 913 ﬂoret,
2292 847 2502 903 illorum
2534 866 2663 905 vero
2693 851 2872 907 omnia
2901 855 3165 909 exstincta
3202 868 3327 913 sunt
3356 870 3408 916 et
3436 870 3531 930 pc-

1919 935 2149 1003 rierunt,
2179 946 2341 1008 atque
2365 937 2437 995 illi
2465 942 2658 1010 patria,
2698 942 2947 1000 libertate
2977 953 3031 1000 et
3060 947 3207 1001 cultu
3248 965 3347 1004 suo
3376 954 3529 1009 exci-

1922 1028 2135 1097 Jerunt,
2168 1040 2330 1101 atque
2351 1033 2497 1087 outni
2534 1031 2788 1090 felicitate
2818 1036 3031 1105 privati,
3064 1040 3207 1095 servi
3243 1051 3298 1097 ct
3328 1046 3525 1114 captivi

1917 1114 2042 1178 iacti
2071 1133 2217 1179 sunt.
2243 1124 2371 1181 llaec
2395 1142 2518 1181 cum
2557 1129 2812 1190 sciamus.
2842 1141 3134 1204 numquam
3161 1136 3279 1193 aliis
3310 1138 3530 1192 insidie-

1915 1229 2054 1283 mur,
2086 1218 2239 1288 gnari
2284 1234 2382 1275 nos
2431 1231 2619 1277 contra
2652 1225 3014 1295 nosmetipsos
3043 1228 3275 1298 gladium
3303 1246 3523 1303 acuere,

1912 1315 1967 1363 et
1989 1309 2389 1377 profundiorem
2420 1314 2574 1369 nobis
2606 1314 2845 1386 inﬂigere
2869 1318 3098 1389 plagam.
3119 1318 3225 1376 Sed
3255 1332 3305 1378 te
3331 1324 3526 1395 aliquis

1912 1400 2066 1469 laesit,
2103 1414 2158 1460 et
2186 1406 2266 1463 vis
2293 1408 2439 1463 illum
2470 1410 2688 1467 ulcisci?
2718 1411 2795 1467 Ne
2822 1413 3121 1483 ulciscaris,
3153 1422 3208 1471 et
3237 1418 3315 1473 sic
3337 1418 3521 1476 ulcisci

1912 1500 2136 1564 poteris.
2186 1499 2241 1554 Si
2290 1502 2591 1569 ulciscaris,
2624 1514 2732 1561 ncn
2767 1506 3067 1565 ulcisceris.
3099 1508 3208 1566 Nec
3236 1520 3389 1580 putes
3418 1514 3521 1569 hoc

1910 1588 2138 1660 aenigma
2171 1607 2313 1661 esse,
2348 1596 2442 1651 sed
2476 1613 2659 1652 verum
2691 1608 2793 1654 est.
2825 1599 3110 1668 Quomodo
3135 1613 3188 1658 et
3214 1613 3317 1676 qua
3356 1608 3522 1663 ratio-

1911 1681 2015 1737 ne?
2039 1684 2173 1751 Quia
2202 1686 2248 1743 si
2270 1699 2379 1744 nou
2416 1689 2713 1758 ulciscaris,
2747 1693 2912 1748 Deum
2946 1696 3045 1765 ipsi
3083 1696 3357 1754 inimicam
3383 1710 3515 1756 con-

1908 1772 2115 1842 stituis;
2138 1777 2183 1832 si
2208 1778 2504 1847 ulciscaris,
2527 1797 2633 1837 non
2658 1783 2807 1838 item.
2832 1783 2988 1850 Nam,
3015 1785 3150 1848 Mihi
3169 1787 3410 1855 vindicta,
3425 1808 3517 1861 ego

1907 1866 2201 1933 retribuam,
2230 1868 2357 1923 dicit
2387 1868 2938 1945 Dominus(Rom.12.
2966 1875 3057 1933 i9.
3096 1876 3251 1933 Deut.
3279 1881 3368 1936 52.
3397 1874 3505 1953 35).

1907 1955 2038 2012 Nam
2070 1960 2115 2014 si
2145 1974 2333 2017 servos
2362 1963 2659 2021 habeamus
2684 1968 2774 2039 qui
2793 1978 2982 2024 mutuo
3009 1971 3277 2037 rixentur,
3302 1989 3399 2030 nec
3416 1990 3518 2031 no-
3570 1978 3577 1995 ί

1906 2046 1989 2103 bis
2019 2049 2311 2109 ulciscendi
2335 2065 2519 2126 partes
2544 2058 2865 2125 concedant,
2898 2061 2993 2117 sed
3021 2062 3160 2118 sibi:
3191 2066 3295 2120 etsi
3318 2069 3520 2138 saepius

1907 2150 2006 2195 nos
2034 2154 2245 2214 rogent,
2278 2162 2385 2202 non
2418 2149 2581 2205 modo
2610 2164 2719 2206 non
2745 2151 3080 2220 ulciscimur,
3113 2155 3209 2211 sed
3241 2158 3403 2213 etiam
3434 2161 3519 2214 in-

1904 2230 2211 2301 dignamur,
2240 2241 2296 2292 et
2325 2238 2575 2309 fugitivos
2598 2243 2982 2315 mastigiasqne
3012 2256 3299 2303 meamus:
3333 2247 3515 2320 Opor~

1902 2324 2049 2381 tebat
2076 2327 2249 2394 enim,
2274 2329 2535 2399 dicimus,
2566 2341 2627 2390 ut
2659 2341 2835 2392 totum
2879 2338 3036 2396 nobis
3068 2340 3347 2412 deferri-ss
3391 2348 3509 2413 sed,

1898 2416 2029 2488 quia
2080 2420 2314 2490 teipsum
2357 2424 2506 2482 ultus
2554 2442 2636 2492 es,
2673 2444 2741 2484 ne
2783 2430 3095 2486 molestiam
3144 2435 3283 2489 ultra
3318 2452 3507 2507 crees;

1903 2507 2074 2563 multo
2101 2510 2269 2581 magis
2298 2512 2457 2577 Deus,
2486 2514 2575 2586 qui
2602 2517 2878 2588 praecepit,
2910 2525 2969 2573 ut
3012 2518 3114 2575 sibi
3161 2523 3338 2577 omnia
3364 2536 3516 2581 cem-

1904 2598 2259 2666 mitteremus,
2292 2602 2343 2657 id
2367 2603 2608 2662 dicturus
2637 2617 2739 2663 est.
2769 2607 3051 2676 Quomodo
3080 2611 3371 2669 absurdum
3405 2630 3511 2672 non

1903 2686 2084 2760 fuerit,
2105 2708 2229 2748 cum
2255 2710 2283 2748 a
2314 2698 2486 2752 servis
2519 2700 2723 2754 nostris
2746 2699 2886 2757 hanc
2911 2698 3312 2775 philosophiam
3341 2717 3396 2764 et
3423 2708 3513 2767 οι).

1902 2784 2148 2854 sequium
2178 2787 2481 2859 exigamus,
2525 2791 2756 2849 Domino
2799 2811 2904 2850 non
2936 2811 2999 2852 ea
3031 2800 3356 2871 concedere,
3389 2813 3513 2877 quae

1903 2877 2149 2935 volumus
2173 2890 2202 2936 a
2234 2885 2408 2940 servis
2440 2886 2641 2942 nostris
2670 2890 2896 2945 concedi
2926 2892 3141 2949 nobis?
3181 2894 3308 2951 llaec
3349 2908 3513 2969 porro

1899 2969 2044 3039 dico,
2074 2974 2215 3044 quod
2245 2974 2315 3030 ita
2344 2980 2579 3050 prompti
2611 2981 2728 3036 sitis
2749 2981 2817 3037 ad
2837 2982 3096 3041 ultionem
3121 2988 3509 3058 expetendam.

1900 3060 2033 3117 Nam
2066 3079 2191 3121 eum
2222 3068 2312 3138 qui
2362 3084 2490 3125 vere
2521 3071 2935 3142 philosOpltatur
2966 3076 3016 3131 id
3050 3078 3232 3135 facere
3264 3096 3371 3139 non
3410 3084 3510 3141 de-

1898 3163 2005 3223 cet,
2043 3146 2139 3213 sed
2182 3158 2343 3216 debet
2389 3160 2480 3216 ille
2526 3172 2744 3233 peccata
2788 3162 3063 3223 dimittere
3092 3178 3149 3225 et
3175 3172 3512 3243 condonare,

1898 3247 2108 3302 etiamsi
2139 3266 2247 3306 non
2280 3265 2471 3322 magna
2494 3263 2873 3323 expectaretur
2904 3270 3063 3315 mem
3085 3270 3132 3327 s,
3167 3264 3512 3331 peccatorum

1900 3358 2093 3412 nempe
2124 3346 2391 3400 remissio.
2437 3346 2570 3402 Nam
2612 3349 2658 3403 si
2701 3349 2927 3406 damnas
2982 3364 3342 3425 peccatorem,
3390 3373 3513 3425 cur.

1897 3450 2100 3505 quaeso,
2136 3438 2251 3507 ipse
2284 3455 2494 3509 peccas,
2526 3452 2574 3497 et
2605 3444 2658 3498 in
2685 3443 2873 3500 eadem
2894 3440 3218 3507 laberisi'l‘e
3243 3454 3365 3523 quis
3380 3470 3514 3512 con-

1900 3528 2115 3583 tlttneila
2154 3526 2367 3585 affecit?
2397 3528 2475 3588 Ne
2502 3537 2884 3591 coatumcliam
2918 3540 3206 3609 rependas,
3249 3553 3307 3599 ut
3336 3557 3403 3602 ne
3445 3548 3512 3601 il-

1900 3617 2003 3672 lum
2037 3618 2128 3674 tibi
2161 3622 2258 3690 ipsi
2289 3623 2505 3679 inieras.
2552 3624 2857 3683 Percussit?
2887 3629 2965 3686 Ne
3003 3636 3353 3702 repercutias,
3386 3640 3510 3709 quia

1898 3711 2031 3766 nihil
2066 3713 2188 3769 inde
2222 3715 2464 3771 utilitatis
2497 3720 2781 3789 percipies.
2812 3721 3044 3779 Mearore
3074 3718 3157 3780 all-
3180 3728 3292 3782 cit't
3317 3725 3395 3787 Ne
3432 3709 3511 3787 vi-

1896 3816 2013 3857 cem
2046 3803 2267 3870 referas.
2300 3809 2424 3877 quia
2453 3809 2584 3864 nihil
2610 3811 2733 3865 inde
2758 3812 2911 3882 lucri,
2938 3815 3032 3871 sed
3066 3816 3139 3873 illi
3170 3820 3360 3878 similis
3385 3840 3503 3879 eva-

1895 3894 1999 3951 tlts.
2034 3898 2123 3952 Sic
2151 3899 2301 3955 illum
2327 3898 2556 3960 fortasse
2585 3905 2636 3960 in
2671 3907 2928 3975 pudorem
2951 3910 3229 3980 conjicies,
3257 3920 3301 3971 si
3324 3921 3508 3976 omnia

1897 4002 2181 4047 mansuete
2213 3992 2381 4059 feras;
2417 3996 2576 4052 sicin
2612 3998 2882 4066 ruborem,
2936 4002 3004 4055 ita
3059 4015 3116 4058 ut
3166 4005 3300 4061 iram
3330 4010 3506 4067 sedet.

1897 4079 2065 4136 Nemo
2088 4082 2285 4138 malum
2312 4087 2454 4142 malo
2477 4095 2652 4152 sanat,
2682 4090 2775 4145 sed
2800 4092 2940 4148 bono
2971 4094 3191 4151 nmium.
3216 4096 3341 4155 Haec
3365 4103 3507 4172 apud

1895 4174 2124 4242 gentiles
2155 4178 2396 4233 nonnulli
2445 4179 2914 4251 philosophantur.
2962 4186 3072 4243 Nos
3116 4203 3246 4260 ergo
3288 4192 3501 4264 pudeat,

1895 4266 2038 4334 quod
2071 4267 2247 4321 stultis
2290 4266 2579 4339 gentilibus
2622 4282 2884 4343 qu:intum
2910 4277 2976 4331 ad
3009 4278 3400 4352 philosOpItiatn
3433 4287 3510 4342 si-

1897 4374 2016 4413 mus
2046 4359 2348 4417 inferiores.
2376 4361 2524 4447 Multi
2558 4380 2745 4420 eorum
2772 4368 2967 4436 injuria
2994 4365 3195 4439 allecti,
3222 4390 3379 4447 aequo
3398 4381 3511 4436 auio

1896 4464 1986 4504 tuo
2014 4450 2283 4514 tuleritut;
2314 4443 2467 4508 multi
2500 4455 2799 4512 calumnias
2832 4474 2938 4513 non
2973 4443 3385 4535 propulsarent;
3419 4470 3505 4526 itt-

1896 4541 2154 4599 sidiantes
2194 4543 2457 4600 beneficio
2496 4546 2811 4604 aﬂ‘eceruuta
2855 4551 3285 4628 Tiutendumque
3312 4571 3397 4616 est
3439 4579 3509 4621 ne

1895 4635 2112 4705 quidam
2141 4651 2206 4691 ex
2241 4635 2345 4691 illis
2374 4639 2495 4693 vitae
2526 4639 2772 4697 instituto
2796 4644 2954 4700 nobis
2983 4652 3386 4716 praestantiorcs
3417 4672 3509 4711 rc-

1898 4729 2194 4798 periantur,
2241 4741 2295 4785 ct
2337 4731 2461 4787 hinc
2514 4749 2613 4790 nos
2656 4738 2873 4805 gravius
2903 4740 3225 4810 supplicium
3269 4742 3507 4804 maneat.

1894 4819 2027 4875 Nam
2057 4821 2101 4877 si
2135 4837 2233 4877 nos
2263 4825 2350 4891 qui
2384 4823 2643 4894 Spiritum
2672 4830 3001 4899 accepimus,
3031 4835 3119 4903 qui
3153 4850 3379 4907 regnum
3409 4857 3509 4896 ex-

1892 4923 2218 4983 spectamus,
2244 4916 2331 4985 qttl
2368 4931 2463 4985 pro
2494 4917 2750 4973 caelorttm
2781 4924 3005 4991 praemio
3037 4924 3498 5000 pltiloSOphamur,

1893 5011 1982 5080 qui
2011 5010 2312 5080 gehennam
2338 5028 2443 5067 non
2478 5013 2869 5086 tintemushqui
2894 5019 3066 5089 angeli
3089 5035 3210 5076 esse
3228 5022 3506 5091 jubctnnr.

1893 5103 1981 5172 qui
2015 5104 2394 5173 mysteriorum
2427 5104 2716 5175 participes
2763 5115 2975 5177 sumus,
3021 5128 3127 5168 non
3164 5114 3284 5171 illos
3312 5119 3509 5174 virtute

1892 5195 2238 5265 attingamus,
2269 5210 2430 5266 quam
2462 5210 2861 5269 consequentur
2892 5203 3101 5257 vestiant
3122 5205 3181 5259 *3
3208 5207 3419 5263 Etenim
3460 5210 3505 5265 si

1892 5286 2110 5341 Judaros
2138 5298 2396 5357 superare
2428 5299 2673 5345 tenentur
2715 5291 2880 5362 (Mai,
2924 5295 3118 5366 inquit,
3168 5298 3507 5354 abundaverit

1885 5382 2089 5451 jnstitia
2134 5392 2297 5434 ucstra
2339 5382 2454 5451 plus
2484 5399 2637 5452 quam
2683 5386 2965 5439 srriburum
2996 5396 3044 5440 et
3095 5387 3500 5460 Phariueorum,

1894 5490 1993 5527 non
2012 5472 2264 5526 itttrubitis
2288 5474 2339 5526 in
2363 5489 2572 5545 regnum
2596 5476 2838 5529 calorum
2877 5477 3090 5550 [.llutth.
3120 5476 3172 5536 5.
3197 5480 3495 5555 20]);mul-

1895 5577 1949 5622 to
1978 5570 2146 5637 magis
2182 5568 2437 5637 gentiles;
2468 5568 2511 5622 si
2546 5567 2869 5635 i‘ltarisacos,
2903 5568 3073 5626 multo
3103 5576 3271 5645 magis
3314 5574 3501 5630 inlide-

1896 5661 1993 5715 lcs.
2028 5661 2160 5715 (Ztnn
2192 5662 2357 5727 enim,
2393 5660 2493 5715 nisi
2549 5660 2670 5716 illos
2717 5676 3055 5732 superemus,
3094 5682 3313 5735 regnum
3348 5669 3502 5725 nobis

1962 5864 1973 5893 '
2016 5858 2110 5912 Alit
2131 5864 2371 5920 tusci-uol,
2399 5872 2541 5922 quam
2568 5873 2699 5922 spem
2721 5872 2971 5926 possumus
2997 5863 3175 5915 .‘at'tttetc
3198 5864 3221 5916 .’

3051 5969 3126 6030 18
