4164 6324
681 431 778 483 257

677 541 918 595 clausum
968 534 1067 598 sit;
1119 531 1163 584 si
1209 525 1488 600 gentilibus
1521 519 1728 590 pejores
1773 516 1962 574 simus,
1994 510 2262 582 quomodo

682 633 783 688 hoc
805 633 977 702 ipsum
998 637 1213 694 regnum
1235 613 1654 687 consequemur?
1675 611 1901 664 Omnem
1924 607 2102 676 itaque
2122 617 2263 658 acer-

682 696 925 783 liitatetn,
955 719 1108 781 iram,
1135 715 1363 767 furorem
1396 707 1686 776 ejiciamus.
1721 701 1912 755 Eadem
1931 700 2116 761 dicere,
2141 696 2263 748 mihi

680 813 878 885 quidem
901 826 998 864 non
1027 807 1313 867 molestum,
1344 800 1475 853 vobis
1494 807 1658 851 autem
1680 802 1838 847 tutum
1867 789 2089 885 (Philip.-
2117 787 2168 839 5.
2188 787 2263 885 in).

682 875 814 958 Nam
864 899 1054 956 medici
1096 896 1283 950 eodem
1316 893 1431 963 ipso
1460 903 1601 956 stupe
1647 893 1866 938 utuntur
1909 878 2167 934 remedio.
2199 875 2265 929 Et

683 1007 780 1047 nos
808 1006 914 1044 non
944 989 1106 1044 tinem
1135 986 1387 1040 faciemus
1432 977 1618 1034 eadem
1645 973 1932 1035 clatnandi,
1967 981 2264 1025 memoran-

688 1087 763 1146 di,
793 1081 1040 1144 docendi,
1076 1075 1344 1133 hortandi.
1373 1071 1503 1126 Nam
1531 1068 1693 1122 multa
1721 1074 1804 1120 est
1829 1062 2159 1118 smeularium
2185 1072 2267 1112 re-

1668 1207 1938 1220 ~—

715 1221 992 1236 ..ᾔ-α

1418 414 1469 465 S.
1513 404 1786 465 JOANNIS
1819 393 2295 457 ειιιιγςυετυλιι
2336 391 2647 448 Αιιαιιιεῐι.
2689 387 3220 445 CONSTANTINOP.

1945 1199 2298 1219 ,__._.____._.

3859 384 3960 439 283

2367 523 2485 562 rum
2518 506 2689 572 turba,
2713 521 2830 579 qua:
2851 507 2899 560 in
2927 503 3119 560 horum
3147 501 3466 558 oblivionem
3490 504 3761 572 conjiciat,
3785 518 3850 557 ac
3869 504 3964 557 do-

2367 602 2536 654 ctrina
2564 599 2823 667 frequenti
2851 607 2927 650 cst
2959 612 3114 666 Opus.
3143 595 3219 650 Ne
3248 609 3376 665 ergo
3402 594 3504 649 huc
3531 594 3564 648 ft
3582 606 3726 647 nstra
3760 609 3959 648 conve-

2373 692 2602 754 niatnus,
2627 704 2790 758 opera
2817 687 3165 742 exhibeamus
3197 686 3353 749 bona,
3391 695 3446 739 ut
3473 685 3645 738 futura
3673 685 3814 738 bona
3836 699 3962 737 cono

2366 797 2676 850 sequamur,
2722 779 2889 849 gratiu
2936 787 2990 831 et
3021 777 3345 847 benignitate
3393 775 3601 830 Domini
3634 775 3804 828 nostri
3837 773 3963 829 Jesn

2367 875 2586 937 Christi,
2629 889 2722 942 per
2749 889 2907 941 quem
2951 879 3004 924 et
3031 885 3151 924 cum
3183 885 3290 939 quo
3321 868 3462 923 Patri
3494 869 3660 937 gloria
3691 865 3967 935 simulque

2369 966 2589 1036 Spiritui
2620 973 2822 1029 saneto,
2860 977 2998 1018 nunc
3024 973 3077 1018 ct
3103 977 3338 1033 semper,
3360 972 3413 1015 et
3441 961 3490 1015 itt
3514 960 3708 1016 saecula
3738 960 3968 1016 amulo-

2373 1073 2510 1111 rum.
2540 1058 2732 1111 Amen.

3320 1198 3347 1210 ο-

2009 1270 2352 1334 HOMIIJA
2399 1271 2525 1333 LII.

696 1438 818 1492 Car.
857 1439 910 1491 7.
943 1453 994 1491 v.
1026 1437 1105 1491 i3.
1144 1435 1391 1488 Venerunt
1432 1447 1547 1502 ergo
1591 1426 1803 1482 ministri
1829 1424 1895 1476 ut!
1919 1419 2183 1492 pontiﬁces
2210 1425 2256 1469 et

769 1530 1059 1583 Pltaristros
1087 1570 1098 1588 ,
1127 1537 1170 1580 et
1197 1525 1431 1578 dixerunt
1458 1523 1527 1575 eis
1555 1521 1631 1574 illi
1663 1535 1679 1572 :
1716 1517 1887 1585 Quare
1916 1530 2013 1568 non
2044 1509 2268 1564 adduxi-

763 1624 851 1675 stis
877 1621 1031 1674 eum?
1061 1618 1146 1674 46.
1175 1615 1557 1685 Responderunt
1585 1611 1802 1666 ministri
1829 1625 1846 1662 :
1882 1607 2170 1674 Numquam
2197 1603 2267 1657 sit:

764 1715 1000 1781 loquutus
1029 1719 1099 1763 est
1125 1709 1274 1761 homo
1304 1716 1355 1759 ut
1398 1706 1477 1759 hic
1500 1705 1672 1758 homo.

753 1810 816 1861 ’1.
864 1805 1080 1858 l’critate
1122 1801 1249 1854 uiltil
1273 1799 1456 1853 clarius
1479 1838 1496 1864 ,
1540 1796 1668 1851 nihil
1713 1793 2009 1858 simplicius.
2040 1820 2111 1831 —-
2133 1787 2272 1843 Nihil

696 1899 916 1952 veritate
965 1895 1180 1958 clarius,
1229 1891 1359 1946 nihil
1402 1888 1712 1958 simplicius,
1761 1887 1861 1940 nisi
1905 1899 2001 1938 nos
2047 1881 2277 1948 maligne

697 2001 916 2058 agamus
943 2003 956 2041 :
985 1985 1077 2040 sed
1108 1985 1150 2038 si
1175 1983 1402 2053 maligne
1429 1995 1527 2036 nos
1545 1993 1809 2047 geramus,
1834 1976 1963 2031 nihil
1981 1973 2268 2030 difficilius.

699 2083 838 2136 Ecce
861 2078 1117 2135 Phariszci
1151 2086 1202 2132 et
1225 2075 1437 2140 scribat,
1461 2075 1549 2145 qui
1577 2071 1930 2142 sapientiores
1977 2083 2097 2123 esse
2127 2065 2276 2119 vide-

698 2174 892 2227 bantur
946 2170 1185 2239 quiicum
1217 2167 1430 2222 Christo
1459 2179 1670 2234 semper
1695 2171 1870 2227 erant,
1902 2160 2022 2229 quia
2057 2156 2279 2212 insidias

699 2263 772 2318 illi
799 2261 1098 2325 struebant,
1133 2260 1255 2314 licet
1283 2256 1537 2312 miracula
1561 2254 1806 2309 viderent
1836 2295 1848 2317 ,
1878 2252 2006 2306 licet
2033 2248 2278 2316 Scriptu-

698 2371 786 2411 ras
807 2355 1062 2426 legerent,
1094 2351 1225 2406 nihil
1254 2349 1403 2416 lucri,
1433 2347 1528 2404 sed
1552 2346 1772 2401 multum
1795 2342 1973 2398 damni
2004 2340 2236 2395 tulerunt
2263 2356 2275 2390 :

700 2446 928 2509 ministri
961 2461 1090 2500 vero
1115 2486 1129 2511 ,
1159 2443 1258 2498 etsi
1291 2441 1395 2496 illis
1427 2439 1675 2494 omnibus
1704 2443 1974 2506 expertes,
2019 2447 2124 2487 una
2151 2445 2281 2485 con-

699 2542 854 2594 cione
881 2537 1020 2608 capti
1077 2545 1175 2590 unt
1207 2553 1219 2589 :
1252 2544 1308 2589 et
1330 2532 1417 2603 qui
1450 2531 1515 2585 ad
1545 2531 1695 2584 illum
1744 2525 2081 2582 vinciendum
2115 2537 2280 2578 vene-

703 2640 844 2696 rant,
873 2627 1226 2684 admiratione
1254 2624 1414 2679 vincti
1445 2621 1738 2677 redierunt.
1767 2617 1882 2672 Non
1910 2616 2124 2671 illorum
2153 2628 2283 2684 pru-

705 2723 884 2777 tientia
910 2729 1114 2775 tantum
1153 2713 1462 2772 admiranda
1490 2720 1607 2779 est,
1637 2709 1778 2780 quod
1801 2707 1969 2778 signis
1997 2720 2102 2759 non
2147 2718 2284 2772 Opus

710 2811 1022 2874 habuerint;
1069 2809 1162 2864 sed
1191 2807 1348 2862 etiam
1388 2803 1530 2874 quod
1574 2803 1685 2856 sola
1714 2799 1952 2855 doctrina
1998 2796 2137 2864 capti
2182 2796 2288 2849 sint

707 2905 839 2971 (non
871 2899 1121 2955 dixerunt
1150 2897 1312 2958 enim,
1342 2895 1508 2948 Nemo
1537 2906 1786 2961 umquam
1812 2897 1958 2943 tanta
1983 2885 2157 2941 edidit
2183 2885 2284 2938 mi-

707 2993 887 3048 racula
913 3008 926 3055 ;
955 2990 1048 3045 sed
1073 2987 1241 3060 quid?
1276 2985 1441 3040 Nemo
1483 2999 1723 3056 umquam
1750 2982 1822 3036 sic
1864 2981 2100 3049 loquutus
2129 2974 2237 3047 est)
2271 2992 2283 3026 :

711 3101 817 3140 non
845 3097 1031 3139 eorum
1051 3093 1180 3150 ergo
1206 3077 1482 3149 prudentia
1505 3077 1676 3131 solum
1701 3071 2032 3129 admirabilis
2061 3079 2165 3134 est,
2194 3069 2286 3124 sed

711 3179 871 3234 etiam
903 3174 1153 3247 loquendi
1183 3174 1399 3228 libertas
1423 3213 1437 3238 ,
1485 3168 1626 3240 quod
1657 3169 1772 3223 hare
1818 3167 1880 3221 iis
1908 3166 1997 3236 qui
2043 3178 2102 3219 se
2127 3163 2291 3217 mise-

711 3279 854 3334 runt,
882 3268 1147 3332 dixerint;
1173 3263 1312 3335 quod
1335 3261 1617 3318 Pbarismis
1637 3260 1810 3330 ipsum
1837 3253 2288 3327 impnguantibus,

712 3363 800 3432 qui
833 3359 931 3414 hac
955 3357 1024 3413 tle
1051 3371 1208 3414 causa
1234 3355 1364 3410 nihil
1385 3369 1488 3408 non
1511 3351 1752 3424 agebant.
1785 3349 2036 3404 Venerunt
2053 3346 2288 3408 ministri,

713 3463 760 3504 et
787 3453 958 3504 dicunt
1003 3455 1073 3504 ets
1113 3445 1400 3511 Pliariswi,
1453 3442 1625 3509 Quare
1666 3459 1767 3496 non
1809 3439 2096 3494 adduxistis
2135 3437 2295 3494 eum?

713 3541 865 3608 Quod
893 3538 1136 3595 venerint
1165 3578 1180 3604 ,
1214 3537 1372 3606 longe
1402 3534 1574 3603 majus
1613 3533 1741 3599 fuit,
1774 3546 1930 3600 quam
1971 3530 2016 3584 si
2058 3529 2294 3583 mansis-

717 3644 874 3687 sent:
903 3632 980 3685 sic
1005 3629 1218 3698 quidem
1255 3628 1464 3682 illorum
1501 3624 1744 3680 molestia
1775 3623 1982 3676 liberati
2031 3620 2292 3683 fuissent;

717 3724 809 3777 sed
840 3737 980 3776 nunc
1009 3719 1202 3775 Christi
1229 3717 1503 3788 sapientia:
1533 3725 1653 3770 sunt
1679 3726 1975 3784 prmcones,
2008 3712 2296 3782 ntajorcm-

719 3813 1108 3884 que-exhibent
1157 3809 1426 3866 tidueiam.
1473 3807 1582 3863 Nec
1625 3807 1840 3869 dicunt,
1871 3805 1985 3859 Non
2031 3805 2296 3875 potuimus

722 3913 939 3973 propter
969 3902 1200 3967 turbam,
1230 3916 1349 3971 qum
1383 3899 1529 3953 illum
1562 3900 1709 3964 quasi
1750 3897 2062 3966 prephetam
2105 3895 2250 3948 audit
2278 3910 2294 3951 :

720 3994 814 4050 sed
842 3993 1006 4064 quid?
1035 3993 1197 4046 Nemo
1225 4006 1459 4059 umquam
1485 3990 1557 4043 sic
1583 3990 1816 4055 loquutus
1836 3997 1928 4040 est.
1959 3987 2119 4057 Atqui
2147 3997 2292 4057 pote-

721 4093 840 4138 rant
865 4085 1005 4138 illam
1028 4082 1424 4137 excusationem
1447 4080 1638 4135 atferre
1661 4097 1675 4136 :
1703 4079 1799 4134 sed
1825 4088 2029 4134 rectum
2057 4079 2292 4132 animum

722 4191 829 4246 pra:
882 4190 940 4230 se
984 4173 1176 4229 ferunt.
1230 4173 1336 4227 Iloc
1375 4172 1516 4226 enim
1561 4186 1664 4226 non
1711 4170 2086 4226 admirantium
2137 4170 2295 4225 modo

719 4277 830 4322 erat
863 4308 878 4332 ,
929 4265 1021 4322 sed
1071 4267 1229 4320 etiam
1281 4264 1672 4320 criminantium
1727 4263 1867 4335 quod
1919 4279 1978 4320 se
2032 4264 2098 4318 ad
2149 4265 2293 4318 illum

720 4359 990 4429 ligandum
1032 4359 1317 4422 misissent,
1351 4371 1507 4427 quem
1545 4357 1720 4426 potius
1770 4357 1955 4411 audire
1995 4357 2297 4425 Oportebat.

721 4454 878 4522 Atqui
908 4467 1012 4506 non
1043 4449 1386 4520 Iongam,scd
1418 4449 1634 4502 brevem
1654 4447 1934 4501 audierant
1958 4449 2299 4502 concionem.

721 4544 866 4597 Heus
892 4544 1032 4596 enim
1083 4541 1289 4596 sincera
1325 4556 1432 4593 non
1467 4539 1639 4607 loligis
1679 4553 1814 4607 opus
1845 4537 2008 4591 habet
2038 4540 2301 4592 sermoni-

722 4638 840 4690 bus.
871 4635 1035 4688 Tanta
1064 4644 1142 4687 est
1168 4633 1244 4686 vis
1268 4631 1520 4687 veritatis.
1544 4630 1677 4697 Quid
1702 4644 1828 4699 ergo
1847 4629 2099 4682 Pharisari
2125 4627 2298 4683 ?Cum

719 4727 1003 4796 eompung.‘
1051 4725 1411 4794 Oportuisset,
1461 4723 1534 4776 illi
1563 4729 1748 4775 contra
1780 4721 1856 4774 sic
1889 4720 2134 4774 incusant
2179 4735 2296 4784 eos,

719 4822 808 4874 47.
846 4818 1111 4888 Numquid
1136 4826 1181 4870 et
1211 4833 1293 4870 vos
1318 4815 1506 4870 seducti
1531 4815 1692 4868 estis?
1721 4813 1907 4867 Adhuc
1937 4814 2304 4878 blandiuntur,

721 4927 820 4966 nec
858 4912 1064 4980 asperis
1122 4919 1335 4964 utuntur
1386 4909 1602 4974 verbis,
1666 4908 1815 4961 veriti
1866 4923 1931 4960 ne
1973 4909 2191 4960 omnino
2245 4921 2302 4959 se

721 5003 1032 5058 desererent
1058 5018 1073 5066 ;
1106 5001 1199 5054 sed
1224 5001 1450 5052 furorem
1482 5008 1651 5052 ιειιιιριι
1681 4999 1918 5052 indicant
1947 5007 2001 5053 et
2039 5007 2194 5052 caute
2225 4997 2300 5050 Io-

719 5092 1133 5166 quuntur.-Cutn
1163 5093 1488 5161 oportuisset
1513 5093 1842 5161 interrogare
1885 5091 2010 5161 quid
2051 5090 2298 5152 dixisset,

720 5199 775 5243 et
797 5188 946 5242 dicta
959 5187 1081 5255 ejus
1097 5183 1351 5239 admirari
1379 5224 1396 5248 ,
1426 5182 1475 5236 id
1507 5197 1611 5236 non
1642 5182 1876 5248 faciunt,
1901 5183 2049 5252 gnari
2074 5198 2132 5236 se
2164 5181 2302 5235 haud

721 5278 885 5332 dubio
935 5287 1146 5348 captum
1193 5277 1293 5341 iri;
1342 5274 1435 5329 sed
1480 5274 1793 5328 stultissimo
1829 5274 1945 5327 illos
1991 5282 2306 5343 argumento

723 5372 1005 5438 impetunt.
1036 5367 1123 5421 48.
1157 5367 1278 5431 Cur,
1308 5366 1572 5436 inquiunt,
1597 5381 1741 5418 nemo
1765 5381 1828 5419 ea:
1854 5366 2165 5435 principibus
2190 5381 2302 5418 cre-

725 5461 856 5516 didit
889 5463 941 5514 in
966 5459 1120 5514 eum?
1143 5459 1306 5522 Itane,
1326 5474 1524 5528 quzrso,
1550 5459 1819 5513 Christum
1847 5472 2085 5521 accusas,
2118 5467 2170 5513 et
2198 5473 2302 5512 non

725 5552 1069 5607 incredulos?
1095 5549 1183 5606 49.
1219 5548 1325 5604 Sed
1350 5548 1514 5613 turba,
1539 5565 1650 5618 qua:
1675 5566 1776 5601 non
1809 5550 1944 5602 novit
1967 5549 2125 5618 legem
2152 5589 2167 5614 ,
2191 5565 2303 5601 ma-

734 5647 902 5700 (edicti
932 5656 1067 5700 sunt.
1121 5645 1254 5700 llinc
1281 5644 1448 5714 magis
1482 5645 1762 5698 accusandi
1801 5647 1947 5708 estis,
1975 5646 2117 5714 quod
2150 5645 2300 5700 turba

717 5737 973 5792 credente
1027 5753 1120 5792 vos
1171 5735 1426 5790 increduli
1474 5737 1788 5790 manseritis.
1839 5738 2129 5806 Populares
2159 5740 2300 5794 enim

729 5836 782 5879 ut
813 5827 980 5896 legem
1003 5842 1384 5892 cognoscentes
1427 5825 1650 5895 agebant
1683 5845 1693 5880 :
1727 5832 1991 5897 quomodo
2033 5849 2158 5900 ergo
2192 5850 2299 5887 :na-

2386 1413 2569 1470 ledicti
2601 1415 2764 1470 sunt?
2795 1415 2900 1471 Vos
2927 1416 3015 1486 qui
3046 1417 3215 1488 legem
3265 1433 3371 1473 non
3402 1420 3629 1474 servatis
3656 1463 3671 1486 ,
3703 1421 3970 1474 maledicti

2381 1505 2550 1569 estis;
2586 1521 2691 1558 non
2727 1505 2798 1558 illi
2826 1508 2914 1575 qui
2948 1507 3046 1576 legi
3095 1509 3482 1578 obsequuntur.
3533 1508 3649 1564 Non
3691 1511 3973 1580 Oportebat

2378 1594 2522 1648 enim
2549 1609 2577 1647 a
2605 1611 2709 1649 non
2744 1596 3085 1652 credentibus
3111 1597 3386 1654 criminari
3415 1615 3535 1653 eum
3559 1641 3574 1662 ,
3603 1601 3690 1656 eri
3719 1617 3825 1654 non
3853 1616 3971 1655 cre-

2381 1686 2594 1742 debant.
2695 1688 2808 1743 Non
2828 1689 3136 1759 probandus
3166 1691 3252 1745 hic
3282 1691 3474 1746 modus
3504 1700 3613 1748 est.
3638 1692 3696 1746 N:
3742 1709 3770 1746 ιι
3801 1703 3856 1746 ct
3887 1709 3974 1745 vos

2385 1795 2490 1835 non
2515 1781 2817 1836 credidistis
2850 1784 2975 1842 Deo,
3003 1794 3059 1836 ut
3091 1783 3285 1838 Paulus
3307 1785 3380 1838 ait
3416 1802 3428 1837 :
3466 1784 3604 1848 Quid
3641 1787 3778 1838 enim
3805 1786 3850 1838 si
3879 1802 3975 1838 non

2382 1874 2703 1929 crediderunt
2738 1873 2990 1943 quidam?
3041 1872 3306 1944 Numquid
3339 1875 3669 1928 incredulitas
3697 1892 3873 1929 eorum
3920 1877 3978 1940 li-

2383 1969 2496 2022 dem
2518 1966 2614 2020 Dei
2635 1966 2936 2020 evacuabit?
2966 1967 3106 2020 Absit
3137 1967 3325 2036 (Rom.
3355 1969 3406 2023 5.
3435 1967 3512 2038 3).
3544 1967 3673 2022 Nam
3704 1969 3979 2038 pronde-ta!

2385 2075 2597 2128 quoque
2648 2059 2792 2126 ipsos
2839 2071 3052 2127 semper
3108 2059 3431 2114 accusabant
3482 2058 3746 2124 dicentes,
3793 2060 3977 2112 Audite

2386 2151 2643 2218 principes
2671 2149 3051 2214 Sodomorum;
3070 2159 3144 2213 et,
3184 2147 3450 2220 Principes
3480 2151 3552 2203 tui
3579 2167 3679 2203 non
3723 2150 3979 2222 obtempe-

2384 2251 2501 2295 rant
2540 2241 2707 2311 (lsui.
2743 2243 2790 2294 l.
2830 2241 2914 2294 10.
2949 2249 2995 2296 et
3025 2240 3094 2298 25
3116 2243 3170 2312 );
3199 2255 3262 2295 ac
3289 2257 3520 2307 rursum,
3554 2242 3736 2296 Annon
3761 2252 3976 2296 vestrum

2383 2342 2453 2387 est
2476 2350 2620 2386 nosse
2637 2332 2888 2402 judicium
2911 2332 2930 2402 (
2957 2333 3117 2386 Miclt.
3139 2333 3192 2387 3.
3230 2334 3250 2387 i
3280 2331 3333 2400 )2
3370 2334 3435 2388 Et
3457 2335 3652 2404 ubique
3685 2335 3973 2390 vehemen-

2388 2425 2491 2479 tius
2549 2425 2668 2480 illos
2707 2426 2997 2480 incessunt.
3037 2425 3186 2493 Quid
3223 2426 3424 2496 igitur?
3480 2426 3719 2488 Deumne
3769 2439 3981 2499 propic-

2388 2530 2476 2571 rea
2532 2517 2796 2586 quispiam
2836 2516 3153 2572 aecusabit?
3191 2521 3406 2587 Apage;
3471 2518 3682 2572 illorum
3721 2520 3823 2574 hoc
3879 2520 3981 2572 cri-

2390 2624 2510 2663 men
2538 2619 2637 2664 est.
2685 2610 2927 2674 Quonam
2973 2617 3150 2664 autem
3194 2610 3299 2662 alio
3326 2610 3480 2678 signo
3522 2610 3640 2679 quis
3677 2610 3983 2681 deprehen-

2393 2699 2522 2754 dere
2573 2699 2738 2768 possit
2777 2715 2871 2754 vos
2902 2715 3006 2753 non
3055 2715 3379 2770 cognoscere
3407 2701 3596 2770 ,legem
3621 2742 3636 2762 ,
3689 2703 3833 2773 quod
3883 2719 3985 2757 non

2395 2791 2663 2846 credatis?
2710 2790 2840 2846 Cum
2895 2801 3074 2845 autem
3127 2792 3392 2846 dixissent
3443 2793 3712 2848 netninem
3783 2797 3987 2864 prioci-

2399 2897 2522 2952 pum
2565 2881 2858 2936 credidisse
2888 2882 2939 2936 in
2982 2897 3104 2938 eum
3133 2924 3148 2948 ,
3204 2883 3296 2938 sed
3324 2899 3417 2939 eos
3442 2885 3532 2954 qui
3576 2884 3746 2955 legem
3776 2886 3986 2958 ignora-

2398 2973 2565 3038 bant,
2613 2974 2807 3030 merito
2853 2973 2972 3030 illos
3025 2976 3199 3046 arguit
3249 2974 3571 3031 Nicodemtts
3606 2975 3688 3032 his
3745 2977 3923 3032 verbis
3978 3001 3989 3033 :

2399 3067 2488 3122 5|.
2519 3066 2793 3137 Numquid
2823 3067 2904 3123 lea:
2935 3079 3110 3122 nostra
3153 3069 3351 3137 iudicat
3379 3070 3663 3137 hominem,
3693 3070 3795 3124 nisi
3818 3072 3991 3124 audio.

2398 3161 2464 3215 rit
2494 3161 2556 3214 ob
2585 3162 2696 3231 ipso
2726 3163 2908 3231 prius?
2935 3161 3176 3217 Ostendit
3207 3178 3302 3217 eos
3332 3177 3430 3217 nec
3453 3177 3633 3228 nosse,
3659 3178 3757 3219 nec
3776 3178 3996 3219 servare

2403 3251 2596 3322 legem.
2630 3252 2760 3306 Nam
2802 3253 2847 3307 si
2901 3252 2985 3308 lex
3031 3263 3175 3309 vetat
3230 3263 3553 3326 quemquam
3604 3255 3855 3320 interfici,
3897 3259 3997 3313 nisi

2402 3343 2548 3412 prius
2572 3342 2857 3409 audiatur;
2889 3344 2987 3414 ipsi
3020 3359 3145 3398 vero
3171 3354 3460 3414 antequam
3492 3344 3758 3412 audTrent,
3791 3347 3842 3401 id
3874 3364 3993 3400 mo-

2402 3435 2666 3489 liebantur
2695 3452 2707 3488 :
2737 3444 3162 3506 transgressores
3211 3447 3334 3491 sunt
3368 3435 3517 3506 leg-is.
3567 3437 3633 3490 Et
3674 3438 3798 3508 quia
3843 3437 4000 3493 dice-

2401 3527 2531 3582 bant
2580 3527 2848 3583 neminem
2896 3527 3194 3598 principum
3243 3527 3538 3583 credidisse
3583 3528 3634 3582 in
3683 3543 3827 3591 eum,
3880 3529 4002 3583 ideo

2405 3620 2606 3675 indicat
2632 3621 2956 3691 evangelista
2994 3622 3165 3691 ipsum
3193 3637 3258 3676 ex
3285 3637 3472 3676 corum
3505 3637 3728 3677 numero
3753 3637 3877 3678 esse
3899 3663 3917 3689 ,
3949 3632 4001 3678 ut

2403 3712 2648 3769 ostendat
2668 3714 2828 3768 etiam
2869 3713 3138 3784 principes
3169 3714 3220 3768 in
3261 3729 3382 3769 eum
3414 3714 3724 3771 credidisse.
3751 3715 4002 3772 Nondum

2403 3815 2584 3859 tamen
2628 3801 2678 3858 id
2707 3804 2884 3872 palam
2908 3845 2922 3870 ,
2945 3813 3009 3858 ut
3047 3805 3346 3870 decuisset,
3390 3807 3748 3863 exbibuerant
3770 3823 3792 3862 τ
3821 3822 4002 3864 erant-

2403 3910 2507 3967 que
2553 3895 2906 3953 nihilominus
2939 3897 3163 3954 Christo
3207 3898 3429 3954 addicti.
3467 3899 3602 3956 Vide
3629 3910 3807 3956 auem
3842 3919 4004 3971 quam

2405 4001 2566 4055 parce
2595 3987 2786 4058 arguit.
2818 3986 2933 4042 Non
2959 3987 3082 4042 dicit
3112 3989 3276 4055 enim,
3313 3989 3417 4045 Vos
3445 4000 3628 4046 autem
3652 3992 3815 4046 vultis
3846 3993 3997 4048 illum

2404 4078 2672 4146 occidere,
2707 4091 2760 4136 et
2792 4088 2992 4135 temere
3019 4079 3393 4136 condemnatis
3435 4081 3707 4137 hominem
3741 4093 3801 4138 ut
3834 4085 4003 4139 sedu-

2407 4179 2630 4225 ctorem.
2671 4170 2867 4225 Verum
2899 4185 3002 4225 non
3037 4171 3105 4225 ita
3137 4171 3289 4238 dixit,
3320 4172 3414 4227 sed
3453 4173 3782 4229 moderatius
3809 4175 4002 4247 ingen-

2406 4272 2509 4316 tem
2559 4262 2766 4318 illorum
2819 4264 3084 4331 impetum
3135 4263 3458 4330 cohibebat,
3517 4280 3724 4321 necnon
3785 4267 4005 4324 illorum

2405 4353 2908 4408 inconsiderantiam
2947 4364 3000 4410 et
3045 4356 3443 4426 sanguinarium
3483 4356 3744 4411 animum.
3785 4358 3913 4415 Ideo
3955 4363 4006 4415 in

2407 4447 2576 4516 legem
2627 4462 2928 4502 sermonem
2975 4449 3267 4514 convertit,
3326 4450 3503 4520 aitque
3553 4466 3568 4504 :
3618 4449 3737 4504 Nisi
3787 4455 4007 4508 audierit

2408 4539 2695 4608 diligenter,
2719 4549 2768 4592 et
2793 4539 3078 4610 cognoverit
3108 4541 3230 4610 quid
3250 4542 3426 4611 faciat.
3455 4538 3641 4610 Itaque
3671 4555 3778 4596 non
3813 4546 4006 4600 audire

2407 4637 2610 4683 tantum
2649 4639 2896 4698 oportet,
2922 4629 3015 4685 sed
3047 4631 3332 4700 diligenter
3359 4632 3547 4687 audire
3593 4647 3607 4684 :
3638 4632 3688 4687 id
3721 4636 3873 4690 enim
3903 4638 4002 4690 sibi

2406 4722 2519 4776 vult
2547 4722 2695 4787 illud,
2727 4721 2790 4774 Et
2816 4725 3099 4792 cognoverit
3123 4725 3245 4794 quid
3280 4726 3452 4794 facint,
3475 4725 3602 4795 quid
3632 4726 3782 4793 velit,
3819 4746 4010 4799 quare,

2405 4823 2460 4867 et
2485 4828 2641 4882 quam
2668 4828 2779 4868 rem
2825 4824 3070 4884 spectet,
3112 4830 3178 4868 an
3208 4817 3272 4870 ad
3322 4819 3626 4887 reipublicae
3666 4823 4010 4879 eversionem

2409 4907 2590 4960 tendat
2631 4917 2687 4960 ut
2717 4907 2980 4962 inimicus.
3015 4908 3330 4963 Dubilautes
3361 4925 3488 4978 ergo
3529 4926 3650 4965 eum
3696 4911 3972 4969 dixissent
3995 4957 4008 4978 ,

2409 5000 2675 5054 mininem
2709 5000 3008 5069 principum
3035 4999 3085 5052 in
3111 5000 3283 5067 ipsum
3306 5000 3553 5068 credere,
3581 5016 3679 5056 nec
3705 5003 4008 5060 vehemen-

2411 5101 2491 5145 ter
2522 5107 2619 5146 nec
2643 5092 2868 5146 remisse
2894 5093 2944 5145 in
2978 5107 3099 5146 eum
3123 5089 3395 5145 feriuntur.

2476 5186 2530 5240 2.
2562 5188 2815 5250 Qua-nant
2863 5185 2978 5240 huic
2999 5188 3388 5256 consequentia
3412 5230 3426 5254 ,
3475 5188 3567 5241 illo
3604 5188 3827 5246 dicente
3854 5236 3868 5257 ,
3905 5191 4009 5247 ιω

2408 5288 2582 5332 nostra
2611 5294 2712 5330 non
2730 5277 2932 5349 judicat
2951 5294 3277 5347 quemquam,
3310 5280 3663 5348 respondere.
3697 5281 3790 5336 52.
3833 5284 3887 5337 Ν
3895 5303 4009 5338 um-

2406 5369 2529 5438 quid
2550 5381 2598 5423 et
2622 5381 2674 5422 tu
2695 5385 2757 5422 ea:
2778 5368 2992 5423 Galiltea
3014 5369 3106 5423 es!
3130 5371 3260 5424 Cum
3290 5373 3618 5440 oportuisset
3640 5379 3786 5428 enim
3820 5389 4009 5433 osten-

2407 5461 2538 5517 dere
2582 5475 2641 5516 se
2669 5475 2773 5514 non
2809 5469 3009 5516 temere
3040 5475 3105 5515 eo
3138 5462 3350 5517 misisse
3389 5463 3477 5532 qui
3521 5463 3670 5518 illum
3723 5480 4007 5535 vocarent,

2408 5563 2458 5608 et
2493 5568 2598 5606 non
2633 5568 2768 5622 opus
2807 5567 2926 5607 esse
2958 5552 3131 5622 ipsum
3174 5552 3371 5623 alloqui
3398 5595 3415 5620 ,
3459 5557 3651 5610 acerbe
3697 5553 4012 5630 furioseque

2412 5654 2676 5713 reponunt
2702 5662 2714 5697 :
2745 5645 2986 5698 Scrutare
3008 5653 3053 5697 et
3078 5643 3194 5697 uide
3220 5685 3232 5709 ,
3254 5645 3379 5714 quia
3399 5661 3472 5700 es
3509 5645 3722 5700 Galiltea
3754 5653 4010 5718 propheta

2411 5757 2509 5793 non
2560 5739 2738 5808 surgit.
2767 5737 2904 5803 Quid
2950 5736 3092 5792 enim
3141 5737 3276 5792 dixit
3325 5738 3486 5793 homo
3529 5739 3658 5794 ille?
3687 5756 3820 5797 num
3870 5744 4010 5813 quod

2411 5831 2666 5901 propheta
2712 5827 2893 5885 esset?
2940 5828 3120 5897 Dixit,
3155 5844 3260 5885 non
3307 5829 3601 5900 iudicatum
3654 5848 3759 5888 non
3838 5838 4010 5893 occidi
