4164 6324
254 352 353 411 289

246 476 516 537 oportere.
543 464 625 521 llli
655 479 786 521 vero
814 462 1204 521 contumeliose
1228 503 1244 529 ,
1277 476 1340 518 ac
1368 462 1414 518 si
1444 460 1837 531 Seripturarum

243 574 465 630 prorsus
489 559 708 630 ignarus
734 566 897 623 esset,
928 555 1044 611 haec
1069 563 1357 627 reponunt,
1385 568 1449 610 ac
1477 555 1521 609 si
1556 553 1797 609 dicerent
1822 569 1835 606 :

250 651 414 717 Vade,
443 651 628 717 disce;
659 650 711 707 id
732 651 873 706 enim
898 648 1001 707 sibi
1028 648 1140 705 vult
1174 648 1326 716 illud,
1358 648 1602 704 Scrutare
1630 655 1675 702 et
1702 646 1832 701 vide.

239 741 379 809 Quid
422 758 553 814 ergo
605 741 887 800 Christus?
925 740 1057 809 Qnia
1090 739 1383 797 'Galilzeam
1425 748 1480 795 et
1517 740 1834 810 prophetam

244 852 462 909 semper
490 840 544 894 in
580 854 677 895 ore
705 838 994 894 versabant
1024 880 1039 902 .
1069 851 1261 893 omnes
1283 836 1350 891 ab
1383 834 1558 890 aliena
1581 833 1834 905 opinione

241 943 553 996 removens,
585 937 639 985 et
662 928 954 985 ostendens
975 944 1035 985 se
1054 943 1158 983 non
1175 941 1295 983 esse
1319 941 1483 980 unum
1505 940 1569 979 ex
1600 921 1834 995 prophe-

239 1020 331 1088 tis,
363 1020 462 1079 sed
486 1021 669 1077 mundi
698 1021 982 1077 Dominum
1005 1063 1021 1087 ,
1042 1022 1116 1076 ait
1138 1020 1289 1092 (Cap.
1316 1019 1385 1089 8)
1421 1036 1435 1073 :
1470 1017 1556 1073 12.
1585 1016 1699 1087 Ego
1722 1032 1832 1070 sum

236 1114 328 1168 lita:
353 1113 538 1168 mandi
559 1112 663 1185 (a).
687 1113 801 1169 Non
830 1112 1068 1170 Galilma:
1088 1155 1103 1176 ,
1137 1127 1242 1168 non
1270 1112 1584 1174 Palaestinze,
1613 1123 1717 1164 non
1735 1107 1834 1164 Ju.

232 1203 387 1259 diem.
415 1202 555 1271 Quid
579 1218 740 1274 porro
766 1203 979 1259 Judzni?
1005 1204 1093 1262 i5.
1120 1202 1202 1258 Tu
1224 1202 1287 1257 de
1316 1203 1475 1272 teipso
1495 1199 1833 1255 testimonium

235 1297 495 1368 perhibes,
543 1299 882 1354 testimonium
928 1309 1273 1354 muniverunt
1301 1315 1401 1352 non
1446 1306 1537 1352 est.
1568 1297 1615 1352 0
1656 1293 1832 1350 stulti-

234 1388 407 1442 tiam?
435 1388 516 1444 Ad
553 1387 859 1459 Scripturas
887 1389 1007 1445 illus
1049 1404 1265 1460 semper
1303 1388 1499 1452 mittit,
1530 1396 1587 1443 et
1622 1386 1828 1451 dicunt,

231 1475 313 1531 Tu
340 1480 686 1533 testimonium
712 1482 939 1551 perhibes
974 1480 1038 1535 de
1061 1481 1237 1552 teipso.
1265 1479 1416 1547 Quod
1443 1491 1619 1535 autem
1652 1478 1832 1549 perhi-

232 1567 348 1624 bttit
397 1570 801 1627 testimOnium?
856 1570 965 1642 Ego
1017 1588 1129 1626 sum
1182 1574 1271 1626 lita:
1336 1571 1534 1625 mundi.
1584 1570 1828 1641 Magnum

230 1660 461 1728 dictum,
488 1662 671 1733 utique
698 1678 968 1734 magnum.
1002 1663 1106 1719 Sed
1133 1679 1237 1719 non
1264 1663 1417 1719 valde
1445 1665 1567 1719 illus
1595 1662 1829 1734 exagita-

234 1752 310 1805 vit
340 1792 355 1816 ,
390 1753 518 1822 quia
566 1768 666 1809 nec
691 1769 752 1809 se
773 1752 883 1823 jam
912 1754 1172 1825 aequalem
1200 1754 1343 1809 Patri
1371 1754 1622 1821 dicebat,
1651 1768 1752 1810 nec
1770 1769 1829 1811 se

232 1842 432 1899 Filium
458 1843 579 1914 ejus
598 1857 720 1899 esse
749 1834 828 1900 vel
879 1845 1067 1907 Deum,
1096 1844 1191 1900 sed
1230 1845 1403 1901 lucem
1438 1854 1664 1901 tantum.
1693 1844 1827 1900 Illud

230 1949 448 2005 quoque
496 1942 675 1989 tamen
720 1945 962 1992 evertere
1003 1936 1255 1991 volebant
1284 1954 1298 1989 :
1326 1952 1447 1991 nam
1478 1937 1650 2007 majus
1699 1936 1826 1992 illud

231 2034 368 2092 erat,
401 2042 566 2097 quam
595 2026 799 2094 dicere,
828 2028 929 2096 Qui
954 2030 1180 2099 ser/nitur
1217 2045 1316 2096 me,
1344 2046 1446 2084 non
1467 2028 1745 2085 ambulabit
1772 2031 1826 2086 in

232 2120 471 2175 tenebris.
504 2119 701 2176 Lucem
729 2130 783 2177 et
811 2121 1059 2177 tenebras
1080 2123 1385 2193 spirituales
1401 2124 1566 2191 dicit;
1596 2127 1698 2180 hoc
1716 2134 1822 2193 est,

230 2208 344 2266 Non
372 2222 555 2267 manet
578 2214 630 2268 in
644 2228 848 2269 errore.
874 2212 972 2269 llic
996 2213 1343 2271 Nicodetnnm
1367 2216 1536 2272 allicit
1564 2226 1620 2272 et
1644 2216 1823 2287 erigit,

229 2314 413 2374 utpote
441 2307 530 2377 qui
560 2306 729 2362 libere
760 2306 1011 2377 loquutus
1031 2317 1194 2371 esset,
1221 2318 1384 2381 atque
1409 2311 1682 2366 ministros
1704 2311 1825 2365 lau-

226 2395 319 2451 dat
336 2396 482 2467 quod
514 2396 583 2451 ita
606 2410 665 2452 se
683 2397 967 2468 gesserint.
986 2396 1231 2454 Clamare
1257 2400 1400 2454 enim
1426 2399 1501 2475 (b)
1527 2400 1629 2456 hoc
1653 2402 1822 2473 signi-

227 2487 374 2557 ticat,
420 2488 566 2560 quod
594 2488 823 2545 voluerit
863 2489 984 2545 illos
1026 2490 1092 2545 ad
1133 2490 1457 2547 audiendum
1504 2492 1759 2549 inducere
1804 2509 1819 2547 :

226 2580 497 2651 simulque
532 2579 884 2649 ‘subiudicat,
925 2581 1047 2637 illos
1092 2581 1229 2638 clam
1283 2583 1441 2639 dolos
1494 2592 1725 2649 struere,
1769 2584 1823 2641 in

228 2671 468 2729 tenebris
497 2686 692 2743 nempe
717 2681 772 2727 et
797 2674 849 2728 in
880 2688 1066 2730 errore
1092 2714 1110 2741 ,
1139 2673 1236 2730 sed
1263 2674 1440 2731 lucem
1470 2691 1577 2731 non
1601 2691 1823 2748 snpera-

227 2772 381 2820 turos
410 2779 554 2820 esse.
579 2764 755 2834 Atque
769 2762 1062 2821 Nieodemo
1083 2765 1136 2821 in
1160 2774 1395 2823 mentem
1422 2776 1641 2824 revocat
1658 2769 1821 2825 verba

225 2856 317 2912 illa
365 2871 489 2928 qua:
538 2870 708 2927 nuper
749 2855 1002 2912 dixerat:
1037 2855 1216 2913 Omnis
1261 2859 1350 2929 qui
1392 2857 1525 2914 male
1558 2868 1819 2930 operatur,

224 2948 331 3003 odit
355 2949 543 3016 lucent,
572 2957 623 3002 et
643 2964 745 3003 non
775 2950 906 3002 venit
928 2950 998 3003 ad
1020 2951 1204 3015 lucem,
1235 2968 1300 3006 ne
1337 2968 1493 3021 opera
1521 2954 1633 3025 ejus
1656 2969 1823 3025 appa-

225 3048 368 3093 reant
393 3038 576 3109 (Joan.
609 3039 660 3094 3.
691 3038 813 3111 20).
848 3038 981 3108 Quia
1011 3040 1285 3108 dicebant,
1318 3044 1591 3100 neminem
1619 3045 1820 3116 prineio

223 3143 349 3199 pum
382 3129 441 3184 in
460 3143 582 3184 eum
610 3128 940 3197 credidisse;
973 3130 1095 3187 ideo
1122 3132 1236 3200 ait,
1272 3133 1374 3201 Qui
1402 3136 1535 3190 male
1559 3136 1686 3205 agit,
1716 3153 1818 3192 non

223 3221 355 3275 venit
382 3221 453 3273 ad
487 3218 682 3286 lacerti,
713 3220 1005 3279 ostendens
1043 3238 1150 3278 non
1190 3239 1258 3281 ex
1289 3226 1424 3282 lucis
1451 3226 1819 3285 imbecillitate

223 3312 351 3367 illud
398 3327 522 3369 esse
549 3352 565 3377 ,
595 3312 690 3369 sed
719 3330 787 3371 ex
829 3315 1041 3370 illorum
1072 3331 1322 3386 perversa
1354 3320 1648 3377 voluntate.
1700 3320 1813 3378 Re—

219 3402 536 3470 sponderunt
589 3414 636 3457 et
668 3405 909 3459 dixerunt
943 3406 991 3461 ei
1013 3422 1033 3461 :
1063 3405 1139 3460 Tu
1163 3407 1228 3461 de
1266 3409 1426 3480 teipse
1464 3413 1807 3469 testimonium

220 3494 474 3563 perhibes.
526 3494 665 3563 Quid
707 3496 867 3568 igitur
908 3497 1034 3555 ille?
1067 3500 1154 3555 Η.
1187 3497 1304 3555 Etsi
1349 3518 1441 3573 ego
1476 3505 1817 3561 testimonium

217 3585 459 3655 perhibeo
494 3587 559 3641 de
605 3588 815 3660 meipso,
871 3591 1212 3647 testimonium
1257 3610 1422 3649 meum
1469 3612 1639 3651 verum
1688 3606 1760 3653 est
1795 3614 1817 3655 :

215 3676 342 3745 quia
367 3678 474 3733 scio
506 3677 641 3733 unde
664 3680 810 3748 veni,
851 3691 900 3737 et
940 3698 1038 3753 quo
1067 3683 1235 3749 vado;
1261 3700 1348 3740 vos
1392 3694 1561 3741 autem
1608 3689 1815 3745 nescitis

216 3769 355 3823 unde
378 3771 544 3825 venio.
572 3769 723 3840 Quod
753 3774 901 3843 prius
921 3773 1151 3841 dixerat,
1178 3774 1281 3832 hoc
1310 3790 1587 3849 opponunt
1612 3781 1809 3852 Judaei,

216 3870 491 3933 tamquam
521 3864 787 3934 praecipue
805 3865 1028 3923 dictum.
1060 3868 1199 3937 Quid
1224 3885 1354 3941 ergo
1372 3871 1653 3929 Christus?
1680 3874 1811 3930 lllud

214 3954 414 4009 evertit
462 3964 621 4025 atque
662 3958 930 4028 ostendit,
982 3975 1043 4017 se
1093 3962 1182 4018 illa
1230 3965 1524 4021 secundum
1575 3968 1811 4038 ipsorum

213 4046 527 4116 opinionem
554 4048 753 4106 dixisse
796 4050 911 4120 eis,
940 4054 1083 4124 quod
1131 4071 1252 4112 eum
1296 4059 1594 4129 simplicem
1638 4062 1816 4118 homi-

211 4152 341 4193 nem
368 4153 490 4195 esse
516 4141 922 4209 arbitrarentur,
950 4146 1135 4218 aitque
1164 4166 1177 4203 :
1201 4146 1315 4204 Etsi
1339 4168 1431 4222 ego
1472 4155 1811 4213 testimonium

212 4229 454 4295 perhibeo
475 4234 540 4288 de
562 4251 641 4287 me
658 4236 791 4307 ipso,
813 4254 983 4294 verum
1008 4250 1086 4297 est
1110 4244 1449 4300 testimonium
1475 4264 1661 4317 meum,
1689 4253 1808 4322 quia

206 4323 321 4376 seio
341 4324 473 4377 unde
503 4325 667 4379 senio.
710 4326 848 4396 Quid
877 4330 981 4386 sibi
1012 4333 1127 4388 vult
1152 4334 1297 4391 hoc?
1339 4338 1417 4393 Ex
1451 4339 1562 4396 Deo
1581 4355 1725 4410 sum,
1753 4352 1808 4401 et

210 4410 377 4479 Deus,
407 4422 461 4470 et
492 4413 656 4472 Filius
682 4417 799 4474 Dei.
832 4419 974 4478 Deus
1001 4423 1102 4480 sibi
1127 4425 1229 4482 [ide
1256 4427 1449 4500 dignus
1476 4435 1626 4488 testis
1664 4453 1678 4489 :
1711 4451 1806 4491 vos

207 4517 344 4558 vero
369 4520 476 4561 non
503 4507 674 4564 nostis
698 4524 714 4575 ;
740 4521 933 4580 sponte
958 4521 1132 4569 vestra
1153 4516 1385 4589 maligne
1404 4522 1581 4592 agitis,
1604 4535 1657 4580 et
1680 4541 1797 4580 cun:

204 4593 400 4648 sciatis
423 4636 437 4658 ,
468 4597 677 4653 nescire
704 4598 970 4657 simulatis
1008 4621 1023 4657 :
1052 4604 1145 4661 sed
1173 4609 1466 4665 secundum
1511 4611 1801 4672 humanam

202 4686 531 4742 sententiam
575 4688 896 4760 loquimini,
927 4694 1168 4768 nihilque
1213 4701 1447 4770 amplius
1497 4705 1802 4779 intelligere

202 4775 394 4841 vultis,
426 4793 585 4846 quam
615 4780 665 4835 id
693 4782 834 4853 quod
858 4796 1101 4855 apparet.
1135 4790 1221 4847 15.
1262 4789 1364 4847 Vos
1385 4775 1801 4855 secundutu'car-

201 4883 325 4921 nem
338 4869 607 4939 judicatis.
637 4870 708 4929 Ut
733 4875 1031 4933 secundum
1055 4892 1274 4938 carnem
1299 4884 1481 4942 vivere
1507 4928 1522 4954 ,
1553 4891 1693 4947 male
1720 4893 1800 4949 vi-

200 4973 337 5014 vere
363 4968 449 5015 est
478 4978 492 5015 :
524 4962 603 5019 sic
626 4965 923 5023 secundum
952 4984 1171 5027 carnem
1192 4973 1459 5044 judicare,
1482 4990 1564 5037 est
1597 4983 1798 5055 injuste

195 5048 463 5121 judicare.
492 5050 602 5125 Ego
644 5071 746 5109 non
754 5057 936 5128 judico
972 5077 1272 5135 qumquam
1299 5083 1319 5121 :
1343 5069 1428 5126 16.
1457 5080 1505 5127 et
1530 5074 1579 5128 si
1591 5048 1795 5145 judico,

196 5139 453 5202 iudicium
486 5159 655 5198 meum
693 5162 863 5202 serunt
891 5158 985 5205 est.
1031 5151 1145 5210 Hoc
1164 5164 1266 5221 est,
1294 5156 1497 5229 lujuste
1515 5139 1790 5232 judimtis;

198 5228 263 5284 Et
290 5229 342 5285 si
362 5229 558 5300 injuste
578 5233 906 5309 judicatnus,
932 5240 1198 5314 inquiunt,
1223 5262 1321 5304 cur
1343 5228 1448 5307 non
1476 5228 1794 5329 redarguis?

253 5606 737 5695 22.1”52'932.
752 5616 976 5695 estiam.
996 5619 1047 5669 ιο
1083 5622 1326 5678 admito
1356 5628 1671 5695 deprehensa
1713 5638 1790 5689 ht-

399 5675 743 5745 _pr-ete.rmittit
758 5669 1137 5745 Chrysostomus:

255 5731 329 5823 Ξ.θέ
345 5731 737 5823 ,ίέἔῗξλξέὲτᾞέ
754 5731 915 5823 satis.
928 5731 1121 5823 νὲξὶιξειὲἐ
1143 5752 1396 5823 emicem
1419 5756 1536 5809 illud
1568 5774 1673 5823 cap.
1703 5776 1787 5816 se-

195 5794 322 5856 ptimi
344 5795 675 5857 [vr-medentis
700 5812 742 5848 ν.
768 5800 846 5863 57,
871 5794 915 5856 et
938 5794 1378 5867 clamabdtdidétvt-s.‘

1370 344 1436 402 IN
1474 342 1786 402 ,ΙΟΔΝΝΕΜ
1826 339 2059 399 ιιοιιιι.
2100 342 2206 400 LII.
2241 347 2309 403 al.
2354 347 2439 406 LI.

3442 366 3545 425 290

1946 457 2122 524 iudico
2148 475 2448 533 quemquam
2475 482 2493 519 :
2516 474 2564 520 et
2588 465 2633 521 si
2647 468 2849 539 judico,
2870 469 3126 542 judicium
3164 492 3329 532 ineunt
3375 494 3544 539 verum

1945 558 2036 605 est.
2068 550 2204 609 Nam
2228 554 2273 609 si
2294 554 2539 626 judicare
2577 560 2795 632 vellem,
2818 579 2885 620 ex
2911 565 3288 629 damnatorum
3322 588 3547 633 numero

1945 646 2141 701 essetis
2167 664 2179 700 :
2209 646 2329 705 htec
2376 665 2508 710 vero
2536 668 2643 711 non
2668 655 2918 727 judicans
2942 659 3067 717 diec
3092 704 3107 730 ,
3137 664 3329 737 inquit.
3357 667 3544 743 Neque

1942 734 2068 791 ideo
2092 736 2220 804 dixi,
2254 738 2371 797 Non
2393 742 2641 814 judicans
2671 747 2815 815 dico,
2840 753 2987 822 quod
3018 770 3127 811 non
3168 734 3350 827 tidem,
3382 734 3474 818 me
3498 764 3543 819 si

1938 827 2195 897 judieem,
2228 847 2329 889 vos
2349 848 2469 892 esse
2494 847 2774 909 capturum
2805 844 2951 915 (nam
2977 846 3023 901 si
3051 846 3373 919 judicarem,
3398 854 3545 925 iuste

1944 933 2039 973 vos
2064 922 2480 983 condemuarem
2506 927 2525 999 )
2560 947 2574 984 :
2615 938 2672 986 at
2692 948 2835 990 nunc
2857 943 3067 1007 tempus
3090 939 3279 1010 jndicii
3307 922 3411 1000 non
3434 954 3539 1002 est.

1942 1008 2202 1069 Futurum
2253 1031 2469 1089 quoque
2510 1020 2772 1090 judicium
2819 1008 3159 1099 subindieat,
3214 1047 3339 1090 eum
3387 1035 3540 1106 dicit,

1946 1103 2081 1171 Quia
2107 1107 2248 1163 solus
2278 1125 2380 1165 non
2420 1127 2554 1178 sum,
2581 1116 2676 1169 sed
2694 1132 2786 1187 ego
2809 1130 2858 1172 et
2875 1120 2964 1190 qui
2983 1122 3118 1177 misit
3138 1140 3218 1180 me
3241 1124 3420 1182 Pater.
3443 1103 3541 1186 nni

1942 1209 2106 1265 porro
2137 1198 2331 1266 innuit,
2361 1216 2466 1257 non
2483 1216 2544 1260 se
2569 1204 2745 1261 solum
2768 1208 2913 1279 ipsos
2939 1210 3221 1282 damnare,
3243 1218 3339 1273 sed
3368 1220 3530 1275 etiam

1938 1286 2175 1344 Patrem.
2226 1290 2427 1348 Deinde
2478 1293 2582 1352 hoc
2614 1298 2717 1354 sub
2748 1300 2933 1358 umbra
2988 1304 3218 1376 quadam
3274 1308 3428 1379 dixit,
3483 1312 3545 1368 in

1938 1377 2016 1434 rei
2049 1381 2413 1440 testimonium
2460 1386 2723 1446 inducens
2766 1409 2779 1446 :
2825 1394 2913 1448 l7.
2946 1392 3013 1450 In
3040 1396 3151 1469 tege
3176 1409 3345 1456 autem
3371 1377 3538 1461 uestra

1936 1475 2182 1543 scriptum
2211 1485 2304 1545 est,
2323 1477 2542 1534 duorum
2574 1482 3195 1547 hominumtestimonium
3220 1511 3392 1551 verum
3410 1515 3537 1555 esse.

2032 1564 2086 1620 3.
2121 1564 2491 1626 Baeticorum
2519 1572 2754 1640 obiectio.
2775 1607 2851 1620 —
2869 1581 3004 1648 Quid
3034 1582 3120 1639 hic
3148 1584 3384 1643 dixerint
3422 1590 3534 1647 hie-

1935 1657 2131 1714 retiei?
2173 1660 2311 1729 Quid
2369 1664 2489 1734 plus
2534 1665 2764 1735 habeat,
2809 1686 2971 1742 quam
3032 1675 3299 1746 homines,
3341 1683 3385 1738 si
3434 1684 3545 1742 hoe

1935 1748 2138 1805 dictum
2178 1753 2496 1823 simpliciter
2521 1758 2891 1829 accipiamus?
2916 1766 3072 1838 Apud
3113 1769 3362 1829 homines
3391 1778 3558 1835 enim-

1934 1838 2057 1895 ideo
2096 1841 2197 1897 hoc
2240 1852 2500 1902 statutum
2556 1848 2692 1921 fuit,
2727 1854 2853 1924 quia
2906 1872 3067 1915 nemo
3104 1862 3253 1917 solus
3294 1874 3377 1921 est
3430 1866 3541 1925 [ide

1932 1932 2124 2004 dignus
2155 1954 2167 1990 :
2200 1939 2342 2007 apud
2372 1940 2539 1997 Deum
2569 1953 2751 2001 autem
2777 1949 3049 2017 quomodo
3093 1951 3196 2009 hoc
3239 1965 3386 2014 stare
3428 1974 3533 2029 po-

1917 2025 2139 2081 tuerit?
2159 2025 2266 2084 Cur
2284 2027 2487 2087 dictum
2510 2041 2629 2103 est,
2670 2035 2789 2092 Duo
2807 2036 2989 2096 t'num
3038 2044 3163 2113 quia
3203 2045 3312 2103 duo
3358 2025 3489 2105 sunt
3519 2094 3530 2115 ,

1932 2116 2013 2173 vel
2030 2119 2152 2189 quia
2176 2119 2421 2180 homines
2432 2126 2715 2195 sunt,.ideo
2728 2139 2855 2187 sunt
2870 2130 2978 2188 duo
2993 2135 3017 2189 ?
3045 2134 3101 2192 Si
3114 2137 3238 2207 quia
3260 2139 3368 2196 duo
3383 2155 3531 2211 sunt,

1930 2225 2027 2266 cur
2053 2228 2158 2268 non
2178 2215 2416 2289 confugit
2433 2218 2501 2273 ad
2521 2218 2808 2292 Joannem,
2837 2240 2940 2283 nec
2964 2226 3117 2295 dixit,
3138 2229 3529 2292 Testimonium

1929 2318 2031 2376 ego
2075 2306 2338 2377 perhibao
2383 2309 2452 2367 de
2505 2314 2753 2385 meipso,
2806 2319 3300 2396 perhibetqnoquc
3328 2327 3395 2383 de
3445 2344 3535 2385 me

1928 2393 2203 2454 Joannes?
2227 2414 2324 2455 cur
2344 2417 2450 2458 non
2473 2402 2539 2460 ad
2560 2407 2849 2478 angelum?
2870 2424 2969 2467 our
2988 2393 3185 2471 nonad
3208 2393 3533 2488 prophetas?

1932 2502 2054 2543 nam
2096 2500 2351 2548 sexcenta
2397 2494 2503 2551 alia
2532 2498 2776 2567 proferre
2804 2513 3013 2572 poterat
3040 2508 3370 2567 testimonia.
3417 2512 3528 2570 Sed

1930 2594 2037 2637 non
2067 2581 2169 2642 hoc
2208 2592 2415 2641 tantum
2444 2589 2557 2644 vult
2584 2590 2912 2663 signiﬁcare,
2940 2598 3084 2668 quod
3124 2599 3226 2656 duo
3254 2602 3398 2669 sint;
3433 2606 3531 2661 sed

1927 2673 2090 2729 etiam
2110 2674 2253 2745 quod
2278 2690 2348 2733 ex
2378 2680 2567 2736 eadem
2606 2683 2717 2739 sint
2741 2686 3061 2745 susbtantia.
3096 2691 3187 2748 l9.
3210 2692 3400 2749 Dicunt
3426 2696 3475 2777 ei
3512 2714 3530 2751 :

1932 2763 2059 2833 Quis
2099 2776 2174 2821 est
2218 2766 2379 2825 Pater
2427 2779 2545 2829 tuus
2566 2775 2605 2828 ."
2632 2772 2915 2848 Respondit
2956 2779 3110 2837 Jessts
3142 2798 3162 2838 :
3209 2783 3391 2856 Neque
3451 2766 3531 2843 ine

1927 2856 2083 2924 scitis,
2114 2875 2273 2931 neque
2310 2860 2523 2920 Patrem
2549 2882 2740 2925 meum.
2787 2869 2920 2927 Cum
2950 2876 3097 2931 enim
3125 2876 3365 2936 scientes
3394 2887 3533 2938 tanta

1924 2964 2087 3021 quam
2116 2952 2271 3012 inscii
2303 2956 2737 3032 interrogarent,
2768 2969 2927 3038 quasi
2969 2978 3239 3029 tentantes
3259 2990 3421 3045 eum,
3462 2994 3531 3036 ne

1926 3045 2279 3131 responsione
2348 3049 2565 3120 quidem
2630 3054 2754 3113 illos
2807 3057 3078 3131 dignatur.
3143 3065 3272 3123 Ideo
3332 3070 3530 3130 clarius

1924 3130 2180 3206 deinceps
2206 3137 2540 3214 liberiusque
2564 3142 2825 3218 loquitur,
2855 3130 3018 3223 atque
3043 3170 3111 3212 ex
3155 3159 3325 3229 signis
3353 3178 3529 3235 exque

1923 3223 2172 3282 doctrina
2221 3234 2561 3302 sequentium
2605 3252 2665 3293 se
2714 3242 3079 3301 testimonium
3122 3223 3356 3322 accipit,
3384 3223 3527 3325 quod

1920 3315 2031 3387 jam
2052 3320 2230 3377 crucis
2256 3329 2469 3395 tempus
2514 3326 2844 3388 immineret.
2869 3333 3013 3403 Scio,
3041 3315 3257 3410 inquit
3280 3315 3417 3400 unde
3440 3360 3531 3403 sco

1929 3411 2112 3466 neriin.
2140 3412 2440 3492 Quodqillos
2466 3433 2574 3475 non
2599 3420 2757 3480 valde
2786 3427 2996 3493 movit;
3029 3444 3152 3488 eum
3180 3434 3388 3493 addidit
3428 3454 3527 3496 an.

1923 3511 2031 3559 tem
2058 3543 2074 3572 ,
2110 3504 2225 3573 Quo
2244 3524 2337 3579 ego
2376 3510 2526 3579 vado,
2556 3514 2727 3586 magis
2756 3515 2877 3574 illos
2904 3523 3201 3596 exterruit,
3233 3531 3386 3599 quasi
3414 3548 3522 3589 non

1921 3604 2068 3652 esset
2117 3596 2171 3652 in
2224 3608 2401 3658 morte
2449 3618 2865 3675 permansuros.
2899 3610 3007 3669 Sed
3051 3630 3149 3673 cur
3199 3596 3307 3676 non
3346 3622 3523 3693 dixit,

1922 3685 2065 3789 neiis
2106 3701 2264 3789 sum;
2312 3692 2409 3789 sed
2434 3736 2451 3761 ,
2492 3695 2617 3789 §cio
2654 3701 2791 3756 stude
2822 3704 3008 3760 uenio?
3047 3706 3275 3781 Semper
3302 3685 3523 3777 humilia

1916 3777 2239 3837 sublimibus
2263 3777 2546 3854 admiscei,
2578 3799 2633 3846 et
2664 3790 2779 3849 hinc
2799 3795 2962 3853 etiam
2998 3777 3357 3861 suboceultat.
3386 3809 3522 3867 Cum

1917 3867 2146 3928 dixisset
2172 3876 2344 3944 enim,
2386 3878 2499 3951 Ego
2547 3885 2889 3943 mtimonium
2928 3893 3166 3962 perlribeo
3207 3898 3274 3953 de
3306 3902 3519 3972 meipso,

1918 3960 2079 4035 idque
2104 3968 2469 4040 ostendisset,
2508 3972 2576 4029 ad
2604 3974 2888 4037 humiliora
2909 3960 3056 4040 venit
3077 4000 3094 4053 ;
3118 4000 3182 4043 ac
3206 3988 3253 4044 si
3274 3960 3517 4061 dixisset,

1914 4054 2038 4114 Scio
2063 4074 2093 4114 a
2118 4075 2227 4131 quo
2251 4062 2449 4120 missus
2494 4066 2619 4137 sim,
2667 4082 2721 4127 et
2750 4072 2817 4129 ad
2845 4090 3005 4146 quem
3040 4079 3254 4139 vadam.
3286 4084 3375 4142 Sic
3412 4103 3519 4145 non

1917 4158 2166 4218 poterant
2189 4156 2581 4228 contradicere,
2608 4176 2731 4219 cum
2758 4167 3043 4239 audirent,
3084 4173 3154 4230 ab
3192 4190 3259 4231 eo
3294 4180 3516 4239 missum

1914 4253 2055 4307 esse,
2085 4251 2142 4299 et
2163 4243 2229 4300 ad
2260 4261 2385 4303 eum
2414 4253 2633 4308 reverti.
2654 4254 2798 4312 Nihil
2826 4261 2970 4315 enim
2990 4303 3007 4329 ,
3042 4262 3252 4337 inquit,
3286 4268 3405 4328 falsi
3437 4274 3515 4329 le-

1912 4341 2111 4401 quutus
2150 4349 2291 4393 sum.
2338 4338 2466 4396 lude
2508 4344 2667 4412 veni,
2714 4346 2839 4406 illuc
2884 4353 3153 4426 remigro,
3205 4359 3273 4415 ad
3326 4378 3513 4423 verum

1913 4426 2103 4482 Deum.
2131 4427 2239 4485 Vos
2264 4439 2445 4487 autem
2480 4434 2649 4493 Deum
2673 4456 2779 4496 non
2808 4445 2979 4501 nostis
3009 4464 3025 4503 :
3069 4448 3196 4507 ideo
3215 4455 3514 4515 secundum

1910 4531 2129 4589 carnem
2151 4522 2428 4592 judicatis.
2462 4526 2596 4584 Nam
2631 4543 2752 4603 post
2795 4543 2876 4591 tot
2902 4539 3082 4595 audita
3120 4542 3315 4600 indicia
3345 4558 3402 4603 et
3426 4568 3509 4605 ar.

1910 4625 2164 4682 gumenta
2194 4616 2374 4673 adhuc
2419 4619 2635 4692 dicitis,
2691 4624 2815 4682 Non
2840 4641 2915 4684 est
2946 4647 3091 4689 verus
3128 4651 3147 4690 :
3194 4646 3251 4693 et
3294 4638 3512 4713 Moysen

1909 4701 2015 4761 lide
2038 4705 2256 4778 dignum
2282 4714 2502 4781 putatis,
2531 4723 2587 4770 et
2624 4714 2692 4773 de
2728 4720 2850 4777 aliis
2877 4731 2932 4778 et
2965 4722 3035 4780 de
3067 4742 3128 4783 se
3162 4701 3507 4805 loquentem;

1907 4792 2179 4854 Christum
2206 4817 2338 4857 vero
2365 4819 2472 4860 non
2510 4808 2657 4863 item.
2690 4809 2805 4867 lloc
2849 4823 2933 4869 est
2958 4819 3258 4876 secundum
3288 4838 3509 4884 carnem

1900 4886 2167 4959 judicare.
2185 4894 2295 4965 Ego
2306 4906 2472 4952 autent
2488 4916 2589 4954 non
2596 4903 2778 4972 judico
2794 4922 3097 4980 quemquam
3112 4910 3295 4982 (Joan.
3314 4918 3369 4973 ὃ.
3387 4918 3507 4991 22).

1905 4980 2066 5052 Atqui
2096 4983 2260 5039 etiam
2290 4986 2456 5059 dicit,
2504 4988 2666 5047 Pater
2694 4997 2942 5053 nemiuem
2965 4980 3191 5071 judicat.
3245 5005 3355 5063 Cur
3379 4980 3512 5082 ergo

1905 5072 1994 5131 hic
2018 5074 2148 5132 dicit
2180 5095 2196 5132 :
2228 5076 2294 5132 Et
2330 5081 2377 5134 si
2400 5081 2581 5152 judico
2604 5125 2620 5150 ,
2660 5088 2921 5156 judicium
2958 5110 3122 5149 meum
3156 5098 3354 5167 justum
3392 5072 3469 5159 es;
3490 5147 3504 5169 ,

1902 5170 2021 5237 quia
2048 5186 2149 5225 non
2176 5189 2291 5228 sum
2318 5176 2459 5229 soliis
2479 5176 2507 5229 ?
2551 5178 2759 5236 Rursus
2802 5188 3099 5244 secundum
3142 5191 3357 5251 illorum
3390 5202 3505 5269 opi-

1901 5262 2117 5318 nionem
2168 5264 2429 5335 loquitur.
2472 5269 2586 5326 lloe
2628 5283 2753 5341 est,
2798 5275 3069 5337 Iudicium
3100 5299 3281 5343 meum
3333 5262 3507 5347 Patris

1899 5364 2027 5409 est:
2061 5371 2237 5428 neque
2279 5360 2438 5416 aliter
2482 5379 2642 5433 quam
2691 5382 2793 5438 ego
2847 5370 3006 5429 Pater
3038 5374 3285 5449 judicat,
3330 5397 3505 5452 nerine

1901 5445 2059 5502 aliter
2083 5462 2206 5519 ego,
2233 5466 2393 5521 quam
2417 5452 2596 5510 Pater.
2617 5457 2731 5514 Cur
2753 5476 2883 5518 vero
2910 5445 3123 5523 Patrem
3150 5476 3503 5530 memoravit?

1897 5536 2015 5595 Non
2063 5542 2322 5612 putabant
2369 5546 2446 5601 illi
2482 5546 2587 5605 lide
2620 5549 2842 5623 dignum
2887 5556 3121 5627 Filium,
3175 5564 3278 5619 nisi
3329 5566 3501 5624 Patris

1898 5632 2267 5691 testimonium
2295 5639 2597 5709 accepisset
2632 5661 2647 5697 :
2690 5644 2928 5717 alioquin
2979 5650 3182 5708 dictum
3219 5656 3349 5713 illud
3392 5675 3496 5717 non

1897 5729 2158 5784 stetisset.
2188 5730 2343 5800 Apud
2370 5731 2621 5791 homines
2650 5738 2796 5793 enim
2831 5754 2952 5795 cum
2982 5742 3092 5797 duo
3114 5745 3184 5802 de
3216 5763 3275 5803 re
3320 5750 3491 5807 aliens

1901 5824 2266 5881 testiinonium
2294 5825 2505 5896 ierunt,
2548 5838 2677 5886 tunc
2704 5834 3073 5894 testiinonium
3100 5854 3282 5895 verum
3334 5841 3493 5903 habe-
