4164 6324
673 333 771 392 '19!

673 551 798 592 vero
813 535 881 594 de
899 551 958 590 se
975 532 1335 590 testimonium
1361 530 1514 594 lerat,
1535 543 1640 583 non
1668 528 1778 597 jatn
1799 539 1906 581 auo
1922 533 2087 580 testes
2104 530 2248 578 sunt.

739 626 970 686 Christus
1009 643 1063 685 se
1095 625 1237 680 Patri
1286 620 1762 679 consubstantialem
1807 617 2040 674 ostendit.
2064 645 2137 658 —
2162 614 2249 670 Vi-

667 715 787 770 den'
817 717 965 771 illum
995 732 1099 772 non
1127 715 1228 776 alia
1257 715 1323 771 de
1349 727 1510 771 causa
1542 713 1642 766 hoc
1670 710 1891 776 dixisse,
1929 708 2031 763 nisi
2070 717 2130 763 ut
2158 723 2250 763 os-

669 809 912 871 tenderet
938 823 998 864 se
1018 806 1526 864 consubstantialem
1548 817 1688 866 esse,
1713 811 1767 858 et
1793 817 1887 872 per
1905 800 2248 869 semetipsum

666 903 864 958 deitnle
889 918 998 957 nun
1024 915 1182 972 egere
1208 915 1268 955 se
1295 899 1400 953 alio
1431 895 1778 960 testimonio;
1809 903 1970 964 utque
2000 892 2249 962 probaret

667 1010 726 1051 se
769 995 900 1051 nihil
959 994 1134 1052 minus
1188 990 1407 1053 habere,
1463 1003 1620 1058 quam
1672 985 1925 1041 Patrem?
1951 983 2078 1037 \'idc
2121 996 2248 1052 ergo

664 1087 1056 1143 auctoritatem.
1087 1084 1168 1138 i8.
1201 1081 1310 1152 Ego
1326 1097 1440 1136 sunt
1457 1080 1540 1150 qui
1563 1077 1899 1132 testimonium
1924 1073 2155 1145 perhibeo
2186 1073 2248 1129 de

665 1178 859 1243 meipso
880 1215 895 1239 ,
927 1184 972 1228 et
1015 1173 1350 1229 testimonium
1381 1170 1602 1240 perhibet
1654 1168 1718 1221 de
1745 1182 1824 1221 me
1865 1164 1952 1235 qui
1993 1165 2128 1218 misit
2169 1178 2250 1218 me

670 1267 844 1322 Pater.
872 1266 995 1321 Non
1018 1264 1067 1319 id
1096 1263 1362 1335 posuisset
1385 1261 1431 1316 si
1457 1259 1680 1314 minoris
1704 1256 2016 1312 substantia:
2037 1255 2243 1309 fuisset.

667 1359 874 1416 Deinde
890 1373 957 1412 ne
987 1355 1197 1418 muneri
1218 1368 1374 1409 causa
1405 1353 1462 1408 id
1502 1351 1731 1422 positum
1761 1358 1916 1421 putes
1938 1391 1956 1416 ,
1996 1347 2114 1403 vide
2151 1362 2248 1420 po-

664 1458 910 1506 testatem
933 1449 990 1503 in
1012 1447 1156 1501 nullo
1176 1445 1466 1500 diversam.
1485 1441 1825 1497 Tcstilicatur
1845 1441 2006 1494 homo
2024 1453 2144 1492 cum
2172 1452 2240 1493 es

663 1557 721 1594 se
753 1539 854 1596 tide
883 1537 1071 1608 dignus
1096 1545 1198 1602 est,
1228 1549 1332 1588 non
1362 1548 1484 1588 cum
1516 1533 1822 1587 testimonio
1850 1541 1966 1602 eget
1992 1547 2006 1596 ;
2037 1529 2246 1599 hocque

663 1633 714 1688 in
744 1631 922 1688 aliena
959 1644 1058 1684 re:
1090 1628 1141 1683 in
1186 1641 1244 1681 re
1276 1639 1404 1679 vero
1454 1639 1547 1679 sua
1576 1638 1698 1678 cum
1743 1624 2051 1681 testimonio
2099 1630 2241 1693 eget,

661 1738 766 1778 nou
790 1722 901 1792 jam
927 1729 1013 1778 est
1037 1719 1141 1774 ﬁde
1162 1717 1372 1788 dignus.
1405 1717 1500 1772 llic
1527 1731 1656 1771 vero
1681 1725 1886 1770 contra.
1927 1713 2060 1769 Nam
2106 1715 2157 1768 in
2185 1728 2244 1769 re

660 1829 755 1870 sua
783 1813 1093 1876 testiﬁcaris.
1124 1819 1177 1867 et
1197 1824 1255 1865 se
1279 1809 1500 1865 alterius
1531 1807 1892 1864 testimonium
1926 1807 2123 1862 habere
2149 1806 2239 1861 di-

660 1920 809 1970 cens,
836 1920 894 1959 se
917 1902 1018 1958 ﬁde
1048 1902 1265 1973 dignum
1296 1914 1416 1955 esse
1435 1900 1584 1966 dicit,
1615 1898 1850 1968 undique
1873 1913 2024 1953 suam
2055 1907 2240 1953 osten-

662 1996 800 2052 dens
843 1993 1237 2050 auctoritatem.
1271 1990 1380 2048 Cur
1413 1991 1555 2046 enim
1601 2005 1720 2044 cum
1759 1989 1928 2054 dixit,
1973 1987 2095 2044 Non
2132 2006 2250 2043 sunt

659 2087 817 2153 solus,
845 2085 935 2140 sed
957 2099 1047 2154 ego
1075 2092 1122 2138 et
1147 2084 1232 2152 qui
1261 2083 1394 2136 misit
1416 2097 1495 2136 me
1521 2079 1717 2144 Pater;
1743 2089 1798 2136 et
1818 2121 1833 2144 ,
1866 2078 2098 2133 Duorum
2141 2081 2239 2133 Ito-

659 2179 856 2232 mintnu
881 2174 1214 2235 testimonium
1239 2181 1501 2228 ueruntest
1522 2189 1542 2238 ;
1565 2187 1670 2226 non
1697 2172 1876 2234 tacuit,
1903 2170 1995 2226 scd
2023 2171 2238 2240 adjecit,

658 2267 778 2341 Ego
801 2285 910 2325 sum
939 2269 1024 2340 qui
1056 2267 1392 2322 testimonium
1417 2264 1653 2336 perhibeto
1675 2265 1746 2320 de
1761 2265 1952 2335 nteipso
1978 2265 2005 2319 .9
2041 2267 2241 2320 Aucto-

658 2362 868 2416 ritatem
909 2361 1090 2430 utique
1130 2358 1527 2413 demonstrans.
1576 2356 1641 2411 Et
1678 2356 1850 2426 primo
1882 2355 2114 2425 seipsum
2142 2370 2238 2425 po-

657 2453 764 2507 suit
792 2470 805 2508 :
837 2451 945 2522 Ego
972 2468 1081 2505 sunt
1105 2449 1548 2522 quitestimonium
1566 2447 1796 2519 perhibeo
1824 2447 1886 2502 de
1911 2449 2119 2517 nteipsm
2147 2447 2242 2503 llic

658 2559 785 2599 vero
812 2543 1045 2599 ostendit
1069 2557 1131 2598 se
1174 2542 1378 2597 honore
1419 2555 1600 2611 parem
1630 2557 1644 2596 :
1675 2539 1912 2611 nihilque
1960 2540 2062 2595 illis
2091 2540 2243 2610 prod-

658 2651 798 2701 esse,
819 2635 871 2691 si
883 2633 1057 2691 'Deum
1085 2634 1295 2690 Patrem
1323 2648 1383 2689 se
1403 2647 1562 2689 nosse
1587 2631 1784 2697 dicant,
1815 2631 1942 2686 sise
1967 2631 2233 2701 ignorent,

653 2727 804 2798 cujus
828 2727 907 2783 rei
929 2741 1142 2782 causam
1171 2741 1290 2781 esse
1318 2724 1479 2789 dicit,
1530 2721 1669 2793 quod
1701 2737 1760 2778 se
1791 2737 2113 2793 cognoscere
2139 2737 2238 2780 no-

655 2820 774 2876 lint.
807 2820 943 2876 Dicit
969 2834 1098 2891 ergo
1126 2833 1230 2874 non
1265 2831 1422 2889 posse
1466 2815 1677 2871 Patrem
1720 2815 1970 2884 cognosci
2014 2815 2130 2870 sine
2154 2816 2236 2871 sui

653 2911 955 2983 cognitione
977 2951 992 2976 ,
1021 2919 1080 2966 ut
1109 2910 1189 2967 vel
1229 2910 1308 2963 sic
1329 2922 1422 2964 eos
1447 2907 1512 2962 ad
1540 2907 1620 2961 sui
1650 2905 1890 2961 notitiam
1919 2906 2236 2963 attraheret.

655 3003 796 3069 Quia
843 3002 1023 3068 enim,
1074 3003 1190 3070 ipso
1237 3000 1452 3064 relicto,
1501 2997 1715 3054 Patrem
1765 3012 1979 3068 semper
2035 2997 2241 3053 discas

653 3093 959 3164 quaerebant
982 3135 998 3158 ,
1030 3093 1109 3147 ait
1133 3110 1145 3144 :
1203 3091 1323 3146 Non
1367 3090 1572 3162 potestis
1600 3105 1746 3143 nosse
1774 3083 1979 3142 Putrem
1998 3091 2107 3143 sine
2136 3104 2236 3146 me.

651 3183 834 3254 itaque
861 3183 949 3253 qui
978 3183 1036 3237 in
1069 3181 1261 3237 Filium
1304 3181 1676 3252 blssphemant
1702 3195 1808 3236 non
1839 3181 1889 3234 in
1919 3180 2089 3250 ipsum
2116 3189 2235 3235 tan-

652 3284 785 3340 tum,
815 3273 907 3328 sed
933 3282 987 3330 et
1012 3273 1064 3328 in
1096 3272 1307 3329 Patrem
1335 3272 1721 3343 blasphemant.

721 3365 773 3422 ι.
807 3364 933 3421 [Lee
961 3381 1058 3421 nos
1084 3377 1387 3432 caveamus,
1412 3372 1469 3419 et
1496 3363 1688 3419 Filium
1714 3362 2074 3434 gloriﬁcemus
2102 3380 2116 3418 :
2146 3363 2234 3435 qui

651 3456 696 3513 si
727 3473 841 3513 non
862 3456 1101 3527 ejusdem
1127 3467 1271 3512 esset
1297 3466 1520 3522 natura),
1545 3472 1649 3511 non
1683 3457 1752 3510 ita
1792 3456 2043 3526 loquutus
2071 3466 2234 3510 esset.

651 3550 873 3618 Quodsi
894 3558 1097 3605 tantum
1127 3549 1392 3616 docuerit,
1426 3549 1548 3604 licet
1575 3550 1799 3605 alterius
1821 3559 1965 3604 esset
1991 3547 2239 3603 substan-

653 3641 740 3698 tia:
760 3679 775 3706 ,
820 3650 1000 3712 posset
1024 3641 1287 3712 quispiam
1317 3653 1644 3712 cognoscere
1684 3641 1894 3697 Patrem
1918 3682 1935 3709 ,
1966 3649 2024 3696 et
2061 3641 2235 3711 ipsum

653 3735 946 3803 ignorare:
1001 3747 1326 3803 rursumque
1365 3733 1452 3804 qui
1481 3732 1688 3787 Patrem
1722 3741 1932 3797 nosset,
1983 3747 2092 3786 non
2117 3731 2238 3789 ideo

653 3823 849 3880 Filium
876 3833 1238 3895 cognosceret.
1268 3821 1458 3893 Neque
1477 3823 1615 3879 enim
1642 3822 1730 3893 qui
1756 3825 1905 3878 novit
1929 3823 2199 3880 hominem
2217 3865 2235 3893 ,

651 3917 800 3971 novit
822 3917 985 3972 etiam
1027 3916 1296 3986 angelum.
1350 3914 1462 3971 lmo
1489 3955 1504 3980 ,
1533 3916 1776 3987 inquies;
1809 3932 1930 3971 nam
1959 3918 2047 3986 qtti
2091 3917 2240 3973 novit

650 4015 947 4062 creaturam
975 4047 990 4071 ,
1025 4007 1174 4061 novit
1193 4014 1249 4061 et
1272 4005 1459 4061 Deum.
1490 4006 1723 4063 Minime.
1755 4007 1906 4063 Multi
1953 4007 2095 4064 enim
2136 4023 2235 4063 no-

651 4106 775 4153 runt
800 4109 1096 4152 creaturam
1120 4139 1134 4164 ,
1167 4097 1274 4152 imo
1303 4112 1493 4153 omnes
1519 4097 1796 4165 homines,
1841 4099 1929 4169 qui
1960 4098 2141 4154 vident
2168 4099 2235 4154 il-

651 4192 755 4246 lam
773 4230 788 4257 ,
829 4198 885 4245 et
914 4191 1078 4244 Deum
1107 4204 1212 4244 non
1253 4197 1467 4245 norunt.
1497 4189 1865 4245 Gloriliccmus
1893 4205 2020 4260 ergo
2043 4190 2236 4244 Filium

655 4281 781 4347 Dei,
830 4297 940 4336 nou
965 4281 1067 4337 hac
1092 4281 1260 4352 gloria
1291 4289 1530 4348 tantum,
1579 4281 1674 4337 sed
1717 4283 1876 4339 etiam
1925 4297 2020 4352 per
2049 4298 2231 4352 opera.

1393 327 1446 383 S.
1490 321 1765 382 10.“le
1802 315 2281 376 CllRYSOSTOMI
2316 313 2633 373 ARCIIIEP.
2674 312 3208 372 CONSTANTINOP.

673 456 795 506 tur:
831 444 934 502 hoe
965 451 1048 501 est
1072 441 1234 507 enim,
1280 437 1414 495 duos
1445 434 1808 492 testimonium
1857 432 2014 486 terre.
2044 431 2099 487 Si
2141 430 2263 501 quis

3853 311 3956 368 ‘39!

2357 429 2485 484 Sine
2515 429 2614 493 hac
2645 428 2788 483 enim
2818 427 3017 498 gloria,
3049 426 3139 480 illa
3167 424 3299 481 nihil
3327 434 3428 482 est.
3473 423 3599 480 Vide
3625 437 3711 490 tu.
3745 425 3914 496 inquit
3934 468 3950 492 ,

2353 517 2572 573 Judcus
2599 518 2968 590 eognominaris
2987 559 3002 584 ,
3053 529 3099 571 et
3127 518 3180 570 in
3209 518 3318 588 lege
3345 518 3591 588 quiescis,
3626 528 3674 571 et
3718 518 3952 589 gloriaris

2355 613 2408 665 in
2440 610 2546 666 Deo
2577 612 2750 683 (Rom.
2790 609 2844 664 Ξ.
2878 612 2989 679 17).
3039 609 3140 674 Qui
3173 612 3332 664 alium
3370 612 3517 665 doces
3541 653 3556 680 ,
3593 611 3812 682 teipsunt
3857 628 3952 664 non

2357 704 2506 758 doces
2528 707 2541 735 ¹
2563 704 2588 757 .’
2611 703 2766 773 quiin
2801 704 2907 774 lege
2933 701 3171 773 gloriaris
3189 743 3202 766 ,
3235 720 3324 772 per
3348 704 3475 774 legis
3501 706 3952 776 ("ingressionem

2355 793 2520 849 Deum
2558 795 2831 852 inhonorus
2861 791 3021 864 (ibid.
3069 809 3116 846 υ.
3157 793 3291 864 2|)?
3327 794 3456 850 Vide
3501 811 3568 849 nc
3613 812 3713 850 niis
3754 795 3855 866 ipsi
3903 793 3952 848 in

2354 895 2500 940 recta
2528 884 2629 940 [ide
2656 884 2975 955 gloriantes,
3007 883 3150 955 quod
3179 885 3342 939 vitam
3385 884 3505 941 fidei
3533 896 3952 941 consentaneum

2357 993 2463 1032 non
2495 977 2861 1041 exhibe-amns,
2894 977 3060 1032 Deum
3089 977 3472 1032 inhonoremus
3493 1020 3507 1042 ,
3536 976 3663 1032 dum
3705 978 3769 1033 in.
3795 991 3952 1033 causa

2353 1081 2541 1123 sumus
2563 1067 2702 1138 quod
2723 1067 3144 1137 blasphemctur.
3174 1066 3296 1121 Vult
3313 1068 3457 1122 enim
3477 1068 3562 1123 ille
3581 1067 3950 1126 Christiantun

2353 1173 2475 1214 esse
2530 1159 2806 1215 doctorem
2856 1157 3039 1225 orbis,
3091 1158 3450 1227 fermentum,
3501 1159 3678 1216 lucem
3701 1202 3715 1227 ,
3759 1161 3946 1215 salem.

2352 1250 2489 1318 Quid
2515 1261 2594 1306 est
2625 1251 2753 1306 lux?
2788 1249 2904 1306 Vita
2935 1251 3252 1322 splendens,
3296 1252 3426 1306 nihil
3453 1253 3670 1311 obscuri
3717 1253 3943 1310 habens.

2351 1343 2465 1400 Lux
2498 1359 2603 1399 non
2630 1344 2729 1398 sibi
2761 1342 2904 1397 utilis
2926 1351 3008 1397 est
3029 1384 3044 1410 ,
3075 1351 3130 1400 ut
3161 1357 3334 1414 neque
3361 1343 3470 1407 sal,
3500 1359 3677 1413 neque
3707 1345 3946 1401 temnen-

2353 1445 2461 1490 tnm
2487 1477 2503 1503 ,
2531 1435 2624 1491 sed
2651 1435 2770 1500 aliis
2797 1434 3078 1513 utilitatem
3105 1433 3354 1490 all'eruul.
3381 1434 3454 1488 ita
3475 1449 3505 1488 a
3533 1434 3690 1489 nobis
3711 1450 3820 1490 non
3843 1437 3947 1491 uti-

2351 1527 2471 1581 litas
2495 1537 2696 1581 tantum
2729 1536 2930 1595 nostra,
2959 1529 3053 1582 sed
3082 1536 3136 1582 ct
3162 1526 3387 1582 aliorum
3410 1527 3658 1598 exigitur.
3692 1527 3782 1582 Sal
3805 1529 3946 1584 enim

2350 1620 2448 1673 nisi
2477 1620 2673 1674 misum
2706 1619 2928 1686 reddat,
2962 1635 3069 1674 non
3120 1627 3204 1676 est
3240 1620 3340 1674 sai.
3369 1619 3472 1676 Sed
3500 1621 3646 1675 aliud
3671 1621 3946 1693 quidpiam

2354 1711 2794 1781 deprehenditur.
2820 1711 2952 1766 Nam
2975 1711 3018 1766 si
3042 1727 3139 1767 nos
3161 1721 3304 1767 recte
3327 1711 3594 1780 vivamus,
3618 1714 3706 1769 alii
3731 1730 3947 1786 quoque

2351 1803 2485 1858 bene
2514 1819 2570 1858 se
2595 1811 2782 1874 gerent
2808 1820 2820 1856 :
2850 1803 3021 1858 donec
3044 1813 3222 1858 autem
3246 1811 3393 1859 recte
3420 1802 3676 1869 vivamus,
3707 1820 3817 1860 non
3844 1821 3944 1874 po-

2351 1895 2570 1949 terimus
2599 1893 2718 1949 aliis
2740 1893 3016 1964 prodesse.
3040 1892 3181 1948 Nihil
3210 1893 3435 1959 fatuum,
3461 1892 3592 1949 nihil
3616 1896 3777 1952 molle
3801 1896 3943 1966 apud

2351 2002 2449 2042 nos
2475 1987 2564 2041 sit.
2595 1986 2750 2042 Tales
2780 1997 2906 2042 sunt
2927 2002 3013 2042 res
3041 1988 3328 2042 szecularcs
3351 2027 3366 2052 ,
3398 1988 3530 2042 tales
3560 1988 3718 2058 hujus
3758 1991 3943 2045 mundi

2346 2079 2753 2136 sollicitudines.
2805 2079 2930 2134 Ideo
2975 2079 3206 2151 virgines
3246 2079 3406 2136 latum
3449 2090 3574 2136 sunt
3621 2083 3941 2152 appellatae,

2345 2172 2470 2242 quia
2516 2172 2674 2226 fatuis
2705 2171 2863 2227 rebus
2916 2171 3265 2227 smcularihns
3309 2188 3529 2242 operam
3579 2173 3824 2241 dabant:
3858 2175 3946 2232 hic

2345 2273 2750 2334 congregantes,
2780 2278 2878 2318 nec
2905 2262 3237 2333 deponentes
3258 2264 3345 2319 ubi
3375 2263 3645 2333 depone:e
3670 2280 3765 2335 par
3804 2276 3944 2321 erat.

2344 2354 2660 2411 Tnnetuhnn
2706 2370 2834 2425 ergo
2865 2370 2932 2408 ne
2975 2354 3205 2424 idipsum
3248 2353 3403 2410 nobis
3429 2357 3743 2426 contingat,
3801 2373 3945 2413 neve

2348 2447 2582 2502 sordidis
2626 2447 2796 2502 induti
2845 2447 3080 2504 vestibus
3131 2447 3387 2502 abeamus
3433 2448 3563 2517 illo,
3610 2449 3696 2503 ubi
3752 2464 3946 2506 omnes

2342 2538 2636 2608 splendidis
2663 2547 2787 2594 sunt
2817 2538 3005 2593 induti.
3035 2536 3172 2593 Nihil
3200 2539 3342 2594 cutim
3371 2539 3642 2594 sordidius
3675 2551 3904 2610 peccato
3926 2583 3942 2608 ,

2343 2629 2474 2684 nihil
2501 2629 2783 2698 impurius.
2814 2629 3151 2699 Quapropter
3193 2631 3309 2698 ejus
3338 2639 3578 2685 naturam
3624 2630 3945 2689 describens

2344 2721 2601 2790 propheta
2629 2721 2893 2775 clamabat
2917 2739 2929 2772 :
2961 2719 3277 2774 Putruerunt
3303 2731 3351 2776 et
3375 2733 3628 2791 corrupr
3665 2733 3785 2777 sunt
3810 2724 3946 2778 cica-

2341 2812 2488 2866 trires
2513 2827 2636 2866 nm:
2661 2809 2836 2882 (Psal.
2868 2812 2958 2867 37.
2988 2811 3064 2883 6).
3093 2811 3147 2867 Si
3183 2813 3262 2866 vis
3289 2815 3489 2881 peccati
3535 2814 3783 2870 fauorem
3830 2815 3946 2870 edi-

2341 2921 2517 2973 scere,
2539 2915 2816 2976 postquam
2846 2907 3191 2962 comntissum
3213 2917 3296 2962 est
3322 2908 3476 2965 illud.
3505 2907 3788 2964 considera
3820 2924 3943 2962 cum

2339 2997 2449 3068 jam
2474 3013 2502 3052 a
2529 2999 2970 3069 concupiscentia
2988 2998 3121 3052 liber
3146 3014 3206 3054 es
3229 3039 3243 3060 ,
3270 3015 3392 3054 cum
3433 2999 3555 3069 igne
3575 3015 3681 3054 non
3714 3014 3946 3055 succen-

2341 3092 2514 3159 deris,
2546 3101 2670 3148 tunc
2697 3091 2959 3162 percipies
2988 3091 3121 3162 quid
3143 3093 3211 3145 sit
3239 3101 3535 3161 peccatum.
3576 3092 3715 3147 Iram
3763 3093 3945 3163 cogita

2341 3201 2461 3242 cum
2492 3185 2808 3256 tranquillus
2838 3199 2932 3250 es;
2977 3184 3252 3238 auaritiam
3277 3225 3292 3250 ,
3325 3199 3445 3240 cum
3487 3200 3679 3254 expers
3710 3200 3773 3240 es
3800 3186 3948 3242 illius

2341 3275 2582 3333 electus.
2611 3276 2752 3332 Nihil
2776 3277 3005 3346 turpius,
3034 3275 3164 3330 nihil
3195 3274 3388 3330 [ceditis
3413 3277 3593 3345 rapina
3618 3285 3672 3332 et
3691 3278 3946 3332 avaritia.

2341 3369 2466 3426 llscc
2499 3368 2808 3439 frequenter
2833 3369 3082 3433 dicimus,
3115 3381 3221 3422 non
3255 3375 3313 3422 ut
3341 3368 3493 3423 vobis
3517 3369 3822 3423 molestiam
3847 3385 3948 3440 pa-

2342 3463 2563 3529 riamus,
2595 3462 2687 3518 sed
2721 3471 2776 3518 ut
2803 3476 3056 3532 magnum
3083 3475 3147 3515 ac
3175 3460 3418 3516 mirabile
3440 3461 3713 3532 quidpiam
3760 3462 3950 3520 lucre-

2343 3571 2482 3611 mur.
2505 3555 2634 3609 Natn
2661 3554 2771 3626 qui,
2806 3571 2865 3610 re
2891 3553 3056 3609 semel
3085 3553 3287 3621 audita,
3319 3569 3424 3609 non
3457 3555 3760 3626 corrigitur,
3806 3557 3951 3613 forte

2342 3648 2387 3703 si
2414 3647 2650 3702 secundo
2675 3647 2856 3701 audiat
2877 3686 2891 3711 ,
2918 3645 3325 3712 emendabitur;
3359 3647 3442 3701 vel
3473 3645 3682 3702 tandem
3707 3648 3756 3702 si
3783 3651 3953 3705 tertio

2343 3749 2641 3793 moneatur.
2678 3736 2890 3794 Utinam
2920 3744 3100 3791 autem
3123 3751 3311 3793 omnes
3345 3751 3375 3790 a
3411 3737 3566 3794 malis
3595 3738 3856 3795 omnibus
3880 3739 3952 3795 li-

2344 3830 2512 3886 berati
2555 3829 2750 3884 bonum
2790 3828 2988 3884 Christi
3018 3829 3239 3886 odorem
3288 3829 3616 3895 habeamus,
3653 3831 3742 3884 cui
3771 3833 3952 3904 gloria

2343 3939 2463 3978 cum
2489 3924 2643 3979 Patre
2670 3932 2727 3978 et
2748 3923 2951 3993 Spiritu.
2978 3934 3166 3979 sanae
3195 3966 3210 3991 ,
3246 3937 3390 3978 nunc
3416 3933 3470 3980 et
3511 3937 3745 3995 semper,
3779 3935 3845 3982 et
3897 3926 3952 3983 in

2340 4016 2537 4072 saecula
2568 4003 2909 4073 saeculorum.
2939 4016 3132 4070 Amen.

2406 4171 2422 4201 ι
2456 4166 2586 4218 Editi
2608 4169 2806 4237 habent,
2827 4167 3032 4227 teipsum
3053 4179 3148 4218 non
3157 4165 3401 4262 9iudicas?
3417 4167 3506 4217 sed
3525 4167 3727 4226 saviIius
3765 4169 3952 4236 legen-

2410 4243 2454 4262 πη
2481 4237 2610 4262 num
2648 4235 2858 4262 ιοιηιυηί
2884 4241 2972 4262 "ml
3000 4228 3143 4262 Ληροι
3194 4237 3239 4262 nl
3268 4231 3494 4262 mularum
3508 4237 3593 4262 \lcc
3637 4232 3709 4262 εἰη
3733 4233 3930 4262 halm...

2341 4229 2456 4295 dum
2481 4228 2860 4295 putat,teipsu_m
2881 4241 2974 4295 non
3000 4228 3179 4279 doces?
3194 4237 3247 4281 et
3268 4231 3379 4294 quia
3394 4238 3496 4280 tres
3507 4237 3614 4280 Mss.
3637 4232 3710 4282 sic
3733 4228 3953 4295 italient,

2343 4291 2466 4341 hanc
2481 4289 2788 4340 restituimus
2807 4289 3089 4340 lectionem.

1987 4490 2323 4551 HOMILIA
2366 4490 2528 4552 LIII.

645 4637 775 4695 CAP.
807 4637 862 4695 8.
896 4653 945 4693 ν.
997 4637 1086 4694 90.
1126 4637 1247 4692 Ηωιι
1282 4639 1426 4692 verba
1471 4637 1709 4706 loquutus
1756 4647 1824 4691 est
1850 4636 2000 4691 Iesus
2033 4637 2085 4689 in
2129 4654 2222 4707 ga-

722 4729 1044 4800 sophylacio,
1068 4728 1250 4784 docens
1281 4730 1332 4782 in
1374 4731 1558 4798 templo
1592 4744 1610 4782 :
1653 4738 1696 4782 et
1726 4744 1867 4782 nemo
1897 4729 2231 4800 apprehendit

721 4839 834 4877 sunt
854 4864 866 4884 ,
901 4822 1017 4891 quia
1047 4823 1267 4876 nom/unt
1297 4831 1493 4876 renerat
1521 4821 1645 4874 liora
1674 4822 1802 4891 ejus.

720 4917 770 4971 l.
798 4916 842 4972 Ο
861 4913 1134 4970 ludaicam
1162 4914 1520 4969 dementiam!
1554 4915 1691 4969 Ante
1719 4914 1918 4968 Pascha
1943 4930 2063 4969 cum
2087 4930 2230 4983 qum-

644 5010 856 5072 rebant,
889 5016 1046 5078 atque
1090 5006 1142 5061 in
1172 5006 1347 5061 medio
1389 5007 1650 5076 positum,
1699 5016 1752 5060 et
1794 5022 1888 5075 per
1926 5021 1984 5061 se
2031 5017 2084 5061 ct
2138 5022 2232 5076 per

643 5103 777 5155 alios
799 5101 969 5170 ipsum
990 5099 1448 5169 comprehendere
1469 5114 1610 5168 sarpe
1636 5099 1825 5152 frustra
1854 5107 2223 5163 tentaverant;

645 5203 820 5261 neque
849 5199 1024 5245 tamen
1056 5190 1134 5244 sic
1163 5189 1230 5244 de
1269 5189 1409 5243 illius
1435 5189 1633 5243 virtute
1661 5189 1937 5256 stupefacti
1966 5199 2108 5253 sunt,
2135 5189 2228 5244 sed

642 5285 693 5338 in
725 5282 924 5337 malitia
957 5282 1320 5351 perstiterunt.
1348 5282 1499 5350 Quod
1543 5284 1685 5339 enim
1714 5284 1765 5339 id
1805 5298 2015 5354 semper
2053 5295 2225 5340 tenta-

642 5385 797 5439 rent,
829 5374 1026 5429 indicat
1056 5374 1141 5429 ille
1176 5393 1188 5428 :
1223 5373 1346 5428 Ilarc
1374 5376 1605 5445 loquutus
1634 5384 1706 5428 est
1748 5375 1800 5429 in
1840 5376 2224 5446 gazophylacio,

640 5469 823 5521 docens
853 5467 903 5520 in
936 5465 1122 5537 templo
1144 5510 1157 5534 ,
1190 5477 1235 5522 et
1264 5484 1408 5520 nemo
1431 5468 1763 5538 apprehendit
1784 5485 1916 5522 eum.
1946 5467 1998 5521 In
2031 5471 2226 5538 templo

642 5559 956 5629 loquebatur
985 5576 1134 5615 tnorc
1177 5559 1411 5629 magistri
1437 5599 1450 5623 ,
1479 5560 1619 5628 quod
1650 5561 1816 5631 magis
1841 5562 1958 5616 illos
1991 5563 2227 5619 excitare

644 5648 912 5706 debuisset
946 5667 958 5704 :
993 5660 1042 5704 ct
1068 5666 1129 5706 ea
1157 5649 1466 5721 loquebatur
1485 5651 1552 5706 de
1578 5652 1769 5721 quibus
1790 5653 2218 5719 oll'endcbantur,

647 5747 701 5792 et
736 5743 1060 5800 accusabant
1092 5759 1256 5810 cum,
1315 5743 1454 5815 quod
1501 5747 1728 5815 SCipSttltl
1779 5749 2034 5817 :rqualettt
2085 5750 2219 5805 l‘atri

2336 4639 2551 4694 laceret.
2582 4640 2713 4695 Illud
2763 4640 2942 4707 enim,
3002 4641 3234 4696 Duorum
3289 4643 3550 4697 hominum
3592 4645 3954 4705 testimonium

2336 4747 2504 4786 uerum
2530 4742 2601 4787 est
2625 4775 2639 4800 ,
2677 4732 2778 4788 hoc
2816 4734 3097 4803 signiﬁcat.
3131 4736 3378 4791 Attamen
3414 4735 3565 4803 Hec,
3613 4735 3794 4806 inquit
3817 4783 3833 4806 ,
3871 4746 3952 4796 lo-

2334 4823 2577 4893 quebatur
2615 4826 2666 4878 in
2711 4827 2930 4894 templo,
2961 4835 3015 4881 et
3041 4827 3192 4896 quasi
3244 4827 3516 4898 magister,
3571 4837 3616 4883 et
3656 4845 3814 4884 nemo
3854 4851 3954 4903 np-

2335 4917 2499 4984 pro/te:
2539 4917 2594 4969 lit
2623 4934 2757 4981 eum,
2789 4919 2906 4986 quin
2934 4918 3156 4971 nondum
3189 4930 3389 4972 venerat
3420 4920 3547 4971 hora
3572 4921 3719 4990 ejus;
3753 4923 3810 4976 id
3839 4935 3950 4989 cst,

2334 5018 2541 5078 tempUs
2573 5009 2824 5064 idoneum
2854 5027 2958 5063 non
2989 5021 3107 5064 erat
3133 5025 3238 5079 quo
3265 5011 3501 5082 «δι’υοίῆεὶ
3541 5012 3781 5066 volebat.
3835 5013 3947 5069 Ita-

2333 5116 2438 5168 que
2470 5110 2594 5155 lunc
2621 5116 2721 5155 non
2751 5102 2964 5154 illorum
2994 5102 3268 5170 potestatis
3301 5102 3415 5166 luit,
3452 5103 3545 5157 sed
3569 5103 3951 5173 dispensatio-

2334 5194 2414 5249 nis
2445 5194 2580 5262 ejus.
2611 5193 2876 5263 Ipsieniut
2905 5194 3012 5261 jam
3034 5195 3161 5248 olim
3186 5194 3455 5259 volebant,
3481 5211 3578 5249 nec
3606 5205 3947 5267 potuerunt;

2334 5303 2434 5344 nec
2463 5297 2587 5341 tunc
2621 5288 2956 5355 potuissent,
2991 5288 3089 5342 nisi
3117 5288 3231 5355 ipse
3273 5289 3624 5356 permisisset.
3656 5287 3754 5343 2|.
3795 5289 3952 5346 Dixit

2330 5396 2448 5449 ergo
2473 5385 2542 5433 eis
2587 5379 2765 5431 iterum
2792 5377 2823 5431 Ι
2831 5397 2944 5433 esus
2973 5395 2990 5432 :
3027 5379 3135 5449 ligo
3162 5379 3290 5432 uado
3315 5421 3328 5444 ,
3355 5388 3400 5430 ct
3429 5380 3663 5448 quaretis
3690 5396 3799 5434 me.
3834 5382 3949 5439 Cur

2331 5473 2433 5526 hoc
2463 5471 2768 5540 frequenter
2793 5470 2961 5524 (ἒίι-ἰιῖ
2991 5470 3056 5525 Ut
3087 5470 3296 5523 illorum
3320 5471 3527 5524 animos
3559 5485 3950 5530 commoveret

2329 5580 2392 5617 ac
2434 5562 2895 5632 perlerrclaccrct.
2933 5562 3064 5616 Vide
3093 5578 3318 5633 namque
3351 5573 3600 5632 quantam
3637 5564 3684 5617 id
3716 5579 3950 5632 pareret

2329 5655 2684 5709 formidinem.
2716 5655 2845 5709 Nam
2875 5670 2994 5708 cum
3027 5654 3171 5708 illum
3198 5655 3499 5710 interﬁcere
3526 5656 3752 5721 vellent,
3792 5669 3855 5714 nt
3877 5661 3950 5714 ab

2328 5750 2414 5804 illo
2447 5765 2502 5802 se
2531 5758 2917 5813 exonerarent,
2963 5755 3207 5817 qua‘runt
3232 5763 3336 5819 quo
3376 5747 3525 5803 radat
3561 5766 3572 5799 :
3607 5758 3821 5807 tantam
3874 5752 3947 5808 de
