4164 6324
221 317 318 374 891

226 431 455 501 ιχουσαν
484 438 962 508 παρηλλαγμένον.
1008 437 1293 507 Μαρτυρεῖ
1334 436 1624 507 ἄνθρωπος
1648 478 1662 498 .
1701 438 1829 491 ὅταν

228 513 317 583 ἀφ’
351 514 550 569 ἐαυτοῦ
575 517 894 583 ἀξιόπιστος
919 514 973 593 ᾖ,
999 518 1097 587 οὐχ
1123 518 1252 571 ὅταν
1278 518 1588 589 μαρτυρίας
1617 518 1827 588 δέηται,

229 597 319 650 καὶ
365 597 528 653 τοῦτο
561 602 621 654 ἐν
674 602 943 673 ἀλλοτρίῳ
990 602 1314 673 πράγματι·
1352 604 1411 656 ἐν
1441 601 1499 655 δὲ
1554 602 1669 673 ἰδίῳ
1702 603 1831 656 ὅταν

229 682 534 753 μαρτυρίας
592 684 783 755 δέηται
834 686 934 755 τῆς
974 684 1105 755 παρ’
1153 684 1365 754 ἐτέρου,
1401 684 1502 739 οὐκ
1551 685 1632 738 ἔτι
1683 686 1832 739 ἐστὶν

227 761 563 830 ἀξιόπιστος.
599 767 865 822 Ἐνταῦθα
899 768 955 820 δέ
989 770 1099 821 πᾶν
1124 768 1458 822 τούναντίον.
1494 770 1604 823 Καὶ
1634 768 1743 838 7&9
1773 772 1831 821 ἐν

231 844 345 916 ἰδίῳ
389 848 682 918 πράγματι
730 850 1059 922 μαρτυρῶν,
1093 851 1187 903 καὶ
1230 851 1361 922 παρ’
1416 850 1604 921 ἐτέρου
1653 851 1830 919 λέγων

229 932 653 999 μαρτυρεῖσθαι,
684 933 999 999 ἀξιόπιστον
1029 933 1222 995 ἐαυτὸν
1257 930 1398 987 εἶναί
1434 951 1591 1005 φησι,
1621 951 1828 987 παντα-

225 1011 385 1079 χόθεν
408 1015 623 1079 δεικνὺς
645 1016 843 1069 ἑαυτοῦ
863 1018 963 1089 τὴν
986 1015 1294 1071 αὑθεντίαν.
1321 1017 1474 1069 Διατί
1498 1018 1609 1088 7&9
1634 1016 1825 1082 εἰπὼν,

218 1094 345 1148 Οὐκ
371 1098 491 1165 εἰμί
514 1099 726 1166 μόνος,
752 1100 893 1154 ἀλλ’
914 1098 1030 1169 ἐγὼ
1050 1097 1151 1152 καὶ
1179 1102 1212 1153 ὁ
1231 1098 1476 1169 πέμψας
1494 1116 1574 1169 με
1598 1099 1825 1169 Πατὴρ,

225 1178 317 1229 καὶ
346 1178 434 1240 τὸ,
464 1181 580 1233 Δύο
608 1181 938 1249 ἀνθρώπων
966 1182 1006 1249 ἡ
1034 1184 1335 1251 μαρτυρία
1367 1182 1541 1237 ἐστὶν
1568 1183 1824 1252 ἀληθὴς,

222 1261 322 1313 οὐκ
353 1261 772 1333 ἀπεσιώπησεν,
807 1263 923 1317 ἀλλ’
953 1265 1259 1334 ἐπήγαγεν,
1292 1264 1440 1334 Ἐγώ
1467 1268 1587 1335 εἰμι
1614 1269 1648 1320 ό
1678 1284 1828 1336 μαρ-

224 1342 423 1411 τυρῶν
452 1347 587 1414 περί
622 1346 883 1417 ἐμαυτοῦ
902 1366 922 1414 ;
957 1348 1128 1419 Δῆλον
1165 1351 1248 1402 ὅτι
1279 1349 1377 1420 τὴν
1407 1348 1695 1405 αὑθεντίαν
1733 1350 1827 1420 δη-

224 1426 350 1480 λῶν.
384 1428 496 1482 Καὶ
528 1430 745 1501 πρῶτον
787 1432 885 1501 μὲν
916 1430 1109 1485 ἐαυτὸν
1140 1431 1385 1486 τέθεικεν
1405 1446 1419 1461 ·
1459 1432 1607 1502 Ἐγώ
1637 1436 1754 1502 εἰμι
1792 1436 1826 1487 ό

219 1508 542 1580 μαρτιδρῶν
580 1514 713 1580 περὶ
745 1513 1031 1582 ἐμαυτοῦ.
1075 1513 1360 1568 Δείκνυσιν
1391 1514 1627 1568 ἐνταῦθα
1662 1516 1721 1569 τό
1766 1532 1822 1568 τε

224 1593 511 1663 ὁμότιμον,
541 1596 635 1649 καὶ
665 1596 747 1650 ὃτι
776 1596 930 1649 οὐδὲν
963 1596 1316 1664 ώφελοῦνται,
1348 1598 1440 1650 τὸν
1476 1598 1610 1650 Θεὸν
1636 1598 1823 1666 λέγον-

222 1692 311 1739 τες
356 1676 557 1731 εἰδέναι
612 1682 866 1752 Πατέρα,
908 1681 1071 1734 αὑτὸν
1103 1682 1202 1734 οὐκ
1251 1681 1471 1745 εἰδότες.
1508 1683 1619 1735 Καὶ
1666 1681 1827 1735 τοῦτο

223 1760 399 1813 αἴτιον
431 1756 572 1813 εἷναί
610 1779 760 1832 φησι,
805 1763 866 1815 τὸ
903 1764 1067 1817 αὑτὸν
1104 1765 1179 1834 μὴ
1204 1763 1382 1817 θέλειν
1417 1763 1637 1818 εἰδέναι.
1662 1765 1825 1833 Λέγει

222 1836 334 1905 οὖν,
363 1844 448 1896 ὅτι
475 1845 536 1899 οῦ
569 1844 795 1901 δυνατὸν
827 1846 1023 1899 εἰδέναι
1050 1846 1140 1901 τὸν
1182 1847 1402 1921 Πατέρα
1437 1847 1601 1901 αὑτοῦ
1633 1850 1825 1919 χωρὶς,

224 1925 307 1978 ἵνα
360 1927 462 1980 κᾶν
513 1929 685 1991 οὕτως
731 1929 929 1991 αὐτοὺς
980 1930 1351 1998 ἐπισπάσηται
1401 1932 1480 1993 εἰς
1522 1933 1620 2002 τὴν
1661 1931 1825 1985 αὐτοῦ

222 2009 447 2074 γνῶσιν.
488 2011 708 2081 Ἐπειδὴ
737 2012 846 2082 γάρ
866 2012 1121 2081 ἀφιέντες
1152 2013 1335 2077 αὐτὸν,
1363 2014 1452 2067 ἀεὶ
1482 2014 1572 2067 τὸν
1605 2015 1827 2086 Πατέρα

222 2092 451 2163 ἐζήτουν
494 2094 729 2163 μαθεῖν,
782 2094 968 2162 λέγει*
1022 2098 1105 2149 Οὐ
1141 2094 1408 2149 δύνασθε
1456 2096 1677 2151 εἰδέναι
1723 2098 1828 2152 τὸν

220 2180 453 2246 Πατέρα
510 2180 693 2248 χωρὶς
731 2179 899 2249 ἐμοῦ.
936 2180 1100 2234 Ὥστε
1160 2183 1208 2234 οἰ
1260 2181 1349 2233 τὸν
1402 2182 1526 2235 Υἰὸν
1577 2181 1823 2253 βλασφη-

222 2262 476 2330 μοῦντες,
507 2265 607 2316 οὐκ
636 2264 802 2318 αὑτὸν
831 2264 1213 2336 βλασφημοῦσι
1247 2264 1429 2335 μόνον,
1459 2264 1596 2319 ἀλλά
1622 2267 1714 2320 καὶ
1735 2266 1825 2319 τὸν

219 2348 611 2415 γεγεννηκότα.

286 2430 347 2482 δ’.
389 2430 576 2485 Ταῦτα
604 2432 866 2503 φύγωμεν
889 2434 1070 2504 ἡμεῖς,
1099 2434 1191 2486 καὶ
1214 2433 1531 2504 δοξάσωμεν
1551 2434 1644 2486 τὸν
1671 2434 1819 2486 Υίόν.

222 2511 416 2566 Καίτοι
461 2516 511 2567 εἰ
549 2514 628 2586 μὴ
655 2515 871 2584 φύσεως
908 2512 976 2584 ἦν
1016 2518 1115 2586 τῆς
1154 2516 1354 2585 αὐτῆς,
1396 2517 1496 2569 οὐκ
1537 2517 1602 2570 ἂν
1649 2515 1823 2579 οὕτως

221 2597 370 2669 [309]
396 2592 574 2653 εἷπεν.
625 2600 686 2654 Εἰ
723 2599 833 2672 γάρ
865 2600 1111 2660 ἐδίδασκε
1162 2601 1346 2671 μόνον,
1390 2600 1727 2671 ἐτεροούσιος
1767 2600 1824 2653 δὲ

218 2675 306 2752 ἦν.
357 2681 486 2751 ἐνῆν
518 2682 612 2735 καὶ
665 2684 828 2737 αὐτὸν
864 2683 1164 2752 ἀγνοοῦντα
1197 2684 1395 2737 εἰδέναι
1432 2685 1525 2737 τὸν
1559 2684 1778 2755 Πατέρα
1805 2700 1817 2711 ο

220 2763 313 2817 καὶ
343 2765 509 2819 πάλιν
541 2766 642 2819 οὐκ
694 2762 758 2838 ἦν
792 2766 954 2820 αὐτὰν
996 2767 1175 2821 εἰδότα
1217 2771 1457 2831 πάντως,
1493 2768 1692 2821 εἰδέναι
1731 2766 1823 2821 τὸν

221 2847 460 2919 Πατέρα.
492 2848 631 2906 Ούδέ
658 2848 773 2920 γὰρ
800 2852 829 2903 6
860 2850 1147 2921 ἄνθρωπον
1181 2850 1355 2914 εἰδὼς,
1398 2850 1536 2904 οῐδεν
1566 2851 1817 2920 ἄγγελον.

220 2931 345 2997 Ναὶ,
378 2932 516 3001 φησί
542 2948 555 2962 ·
575 2932 671 2985 καὶ
693 2932 803 3003 γάρ
826 2934 854 2986 6
875 2934 975 3002 τὴν
1002 2934 1179 2987 κτίσιν
1209 2933 1386 2997 εἰδὼς,
1418 2930 1526 2987 οἶδε
1554 2935 1643 2987 τὸν
1664 2935 1816 2988 Θεόν.

219 3013 505 3084 Οὐδαμῶς.
545 3015 737 3070 Πολλοὶ
791 3015 899 3087 γάρ
932 3018 1072 3068 εἰσιν
1114 3018 1163 3069 οί
1202 3017 1301 3087 τὴν
1351 3018 1529 3070 κτίσιν
1580 3017 1816 3081 εἰδότες·

223 3096 421 3166 μᾶλλον
440 3097 497 3150 δέ
530 3097 729 3162 πάντες
756 3099 1033 3170 ἄνθρωποι
1061 3098 1268 3170 (ὁρῶσι
1307 3100 1416 3172 γάρ
1465 3101 1635 3173 αὐτὴν
1655 3101 1694 3165 ὶ,
1728 3103 1821 3155 καὶ

219 3179 307 3233 τὸν
346 3180 483 3237 Θεὸν
524 3182 625 3234 οὐκ
671 3179 839 3235 ῐσασι.
882 3181 1207 3253 Δοξάζωμεν
1230 3182 1410 3236 τοίνυν
1436 3183 1529 3237 τὸν
1566 3184 1692 3237 Υἰὸν
1724 3184 1819 3237 τοῦ

220 3262 375 3327 Θεοῦ,
414 3263 491 3335 μὴ
526 3267 592 3335 τῇ
614 3264 741 3336 δόξῃ
768 3264 944 3337 ταύτῃ
977 3265 1158 3334 μόνον,
1191 3265 1328 3319 ἀλλὰ
1362 3267 1457 3319 καὶ
1485 3269 1550 3337 τῇ
1583 3266 1672 3319 διὰ
1710 3266 1821 3319 τῶν

223 3347 413 3417 ἔργων.
442 3346 595 3417 Αὕτη
628 3346 737 3417 7&9
764 3347 979 3419 ἐκείνης
1010 3349 1168 3412 ἐκτὸς
1192 3347 1346 3401 οὐδέν
1368 3351 1536 3402 ἐστιν.
1574 3351 1688 3403 Ἴδε
1716 3351 1821 3413 σὺ,

224 3431 404 3501 φησὶν,
451 3430 733 3496 Ἰουδαῖος
757 3429 1093 3500 ἐπονομάζῃ
1119 3473 1133 3496 ,
1177 3431 1273 3485 καί
1309 3433 1715 3503 ἐπαναπαύσῃ
1744 3432 1824 3499 τῷ

222 3516 401 3582 νόμῳ,
432 3513 534 3568 καί
552 3511 858 3582 καυχᾶσαι
888 3515 958 3567 ἐν
981 3512 1123 3579 Θεῷ.
1158 3515 1221 3568 '0
1244 3510 1359 3571 οὖν
1390 3516 1694 3572 διδάσκων
1718 3519 1825 3571 τὸν

222 3595 445 3665 ἕτερον,
484 3596 750 3652 σεαυτὸν
773 3598 845 3651 οὐ
876 3596 1183 3664 διδάσκεις
1210 3612 1237 3640 ι
1255 3615 1273 3662 ;
1309 3602 1340 3653 ό
1375 3600 1444 3655 ἐν
1478 3604 1643 3669 νόμῳ
1681 3617 1826 3656 καυ-

282 3729 307 3757 ι
334 3729 553 3784 Amatae;
579 3727 735 3787 Edm;
762 3730 850 3793 sed
872 3729 1087 3793 Savilius
1112 3730 1379 3792 Egendnm
1406 3736 1547 3793 putat
1566 3732 1821 3787 διδάσκεις·

228 3795 274 3838 el
291 3793 405 3854 quia
452 3800 558 3839 tres
584 3804 701 3840 mss.
730 3793 801 3841 sic
822 3790 1029 3853 lubeat,
1054 3790 1509 3843 hanc'rcsliluiiuus
1534 3797 1821 3843 lectionem.

238 3924 299 3941 ..ν

307 3928 486 3941 t———

1270 324 1337 379 ΙΝ
1376 322 1695 379 ,1οΑΝΝΕΜ
1741 320 1970 381 1103111..
2014 325 2143 382 Lm.
2187 330 2257 385 ιιΙ.
2297 330 2407 388 ιιιι

3420 335 3533 394 29?

1934 439 2224 509 χώμενος,
2246 444 2343 498 διὰ
2366 445 2474 513 τῆς
2497 448 2893 516 παραϐάσεως
2916 448 3024 502 τοῦ
3041 447 3230 518 νόμον
3250 448 3355 503 τόν
3379 450 3530 505 Θεὸν

1932 526 2256 595 ἀτιμάζεις;
2294 529 2437 602 Ὅρα
2463 532 2537 601 μή
2575 548 2706 585 ποτε
2733 532 2829 586 καὶ
2865 533 3027 603 ἡμεῖς
3046 533 3141 587 ἐπὶ
3170 536 3237 605 τῇ
3276 533 3531 607 ὀρθότητι

1932 610 2031 679 τῆς
2056 610 2292 674 πίστεως
2316 612 2685 683 καυχώμενοι,
2710 615 2801 671 διά
2827 615 2924 669 τοῦ
2954 614 3030 687 μὴ
3062 615 3434 686 συμϐαίνοντα
3464 619 3530 689 τῇ

1932 693 2115 745 πίστει
2136 692 2229 747 τὸν
2265 693 2379 764 βίον
2409 696 2842 760 ἐπιδείκνυσθαι,
2869 699 2964 753 τὸν
2989 698 3123 752 Θεὸν
3148 699 3531 769 ἀτιμάζωμεν,

1932 776 2216 841 ποιοῦντες
2244 778 2411 832 αὑτὸν
2443 778 2909 851 βλασφημεῖσθαι.
2934 782 3047 836 Καὶ
3068 781 3178 853 7&9
3208 781 3533 837 διδάσκαλον

1930 858 2028 928 τῆς
2065 861 2414 932 οἰκουμένης,
2452 864 2549 917 καὶ
2571 863 2773 935 ζύμην,
2807 865 2901 919 καὶ
2923 865 3062 933 φῶς,
3095 865 3191 920 καὶ
3220 864 3357 928 ἃλας
3391 860 3531 920 εἶναι

1934 939 2181 1010 βούλεται
2224 944 2318 997 τὸν
2354 946 2701 1016 Χριστιανόν.
2755 949 2821 1001 Τί
2870 948 2929 1002 δέ
2975 949 3092 1002 ἐστι
3123 947 3187 1001 τὸ
3220 947 3372 1017 φῶς;
3418 947 3532 1018 βίος

1930 1024 2182 1097 λάμπων,
2211 1029 2379 1098 μηδὲν
2402 1029 2541 1100 έχων
2563 1030 2971 1102 ἐσκοτισμένον.
2996 1030 3070 1085 Τὸ
3092 1032 3209 1100 φῶς
3228 1031 3329 1101 οὐχ
3352 1030 3533 1102 ἐαυτῷ

1931 1112 2219 1181 χρήσιμον,
2242 1112 2362 1165 οὐδὲ
2391 1112 2451 1165 τὸ
2478 1112 2634 1178 ἃλας,
2658 1114 2779 1167 οὐδὲ
2812 1116 2845 1187 ή
2880 1114 3051 1186 ζύμη,
3079 1114 3193 1168 ἀλλ’
3212 1117 3291 1178 εἰς
3311 1115 3533 1186 ἐτέρους

1929 1192 2294 1248 ἐπιδείκνυται
2348 1194 2446 1266 τὴν
2506 1196 2795 1266 ὠφέλειαν.
2831 1198 3020 1262 Οΰτως
3070 1198 3133 1251 οὐ
3171 1196 3270 1269 τὴν
3320 1197 3534 1250 ἑαυτῶν

1928 1275 2196 1345 ὠφέλειαν
2225 1278 2610 1350 άπαιτούμεθα
2646 1281 2829 1351 μόνον,
2864 1280 3003 1334 ἀλλὰ
3037 1280 3133 1333 καὶ
3175 1280 3274 1351 τὴν
3304 1280 3529 1348 ἐτέρων.

1929 1357 2003 1411 T6
2032 1358 2140 1429 7&9
2173 1358 2309 1424 ἆλας
2342 1360 2438 1415 ἐὰν
2471 1362 2546 1434 μὴ
2576 1362 2755 1435 ἀλίζῃ,
2778 1363 2879 1417 οὐκ
2908 1362 3059 1416 ἔστιν
3093 1362 3249 1427 ἃλας.
3281 1362 3390 1417 Καὶ
3414 1362 3533 1415 ἐτε-

1931 1456 2023 1511 ρον
2054 1442 2111 1495 δέ
2136 1459 2188 1495 τι
2215 1444 2574 1510 ἐνδείκνυται,
2608 1447 2691 1500 ὅτι
2747 1447 2843 1501 ἐάν
2868 1447 3024 1502 αὐτοὶ
3065 1445 3530 1518 κατορθώσωμεν,

1929 1524 2143 1578 ἔσονται
2161 1526 2382 1590 πάντως
2409 1530 2502 1582 καὶ
2523 1530 2701 1601 ἓτεροι
2722 1548 2736 1562 ο
2759 1531 2864 1594 ἓως
2882 1531 2925 1584 δ’
2946 1532 3014 1585 ἂν
3041 1531 3197 1584 αὐτοὶ
3223 1530 3298 1601 μὴ
3333 1547 3532 1601 κατορ-

1930 1608 2217 1681 θώσωμεν,
2271 1602 2391 1666 οὐδὲ
2444 1614 2665 1686 ἐτέρους
2702 1616 2895 1686 ὀνῆσαι
2943 1616 3308 1687 δυνησόμεθα.
3348 1615 3533 1686 Μηδὲν

1934 1692 2140 1763 μωρὸν,
2206 1696 2374 1764 μηδὲν
2414 1696 2613 1767 χαῦνον
2662 1698 2793 1770 παρ’
2840 1700 2996 1770 ἡμῖν.
3051 1698 3288 1753 Τοιαῦτα
3324 1697 3431 1769 γὰρ
3466 1700 3533 1750 τε

1930 1776 2171 1844 κοσμικά
2206 1779 2537 1849 πράγματα·
2582 1782 2830 1836 τοιαῦται
2861 1784 2916 1835 αἰ
2951 1781 3201 1851 βιωτικαὶ
3228 1781 3529 1852 φροντίδες.

1930 1859 2029 1912 Διὰ
2060 1859 2221 1913 τοῦτο
2253 1864 2309 1914 αί
2343 1862 2608 1933 παρθένοι
2636 1866 2819 1936 μωραὶ
2844 1865 3177 1937 ἐκλήθησαν,
3204 1868 3286 1918 ὅτι
3320 1865 3541 1936 περὶτὰ.

1933 1944 2111 2014 μωρὰ,
2150 1944 2217 1997 τὰ
2254 1946 2495 2015 κοσμικά
2540 1947 2845 2018 πράγματα
2869 1991 2885 2015 ,
2927 1949 3263 2020 ἠσχόληντο·
3296 1947 3535 2002 ἐνταῦθα

1931 2025 2031 2094 μὲν
2070 2028 2446 2095 συνάγουσαι,
2501 2028 2631 2083 ἔνθα
2666 2031 2723 2083 δέ
2779 2032 2951 2102 ἐχρῆν
3007 2032 3083 2103 μὴ
3114 2031 3529 2101 ἀποτιθέμεναι.

1928 2108 2056 2173 Δέος
2106 2106 2198 2163 οὖν
2248 2112 2322 2181 μὴ
2354 2114 2447 2165 καὶ
2480 2114 2641 2183 ἡμεῖς
2680 2113 2740 2166 τὸ
2778 2115 2914 2167 αὐτὸ
2941 2115 3238 2185 πάθωμεν
3292 2115 3410 2177 δέος
3457 2112 3536 2184 μὴ

1930 2193 2023 2245 καὶ
2054 2194 2218 2263 ἡμεῖς
2262 2197 2483 2267 ρυπορὶι
2521 2196 2851 2267 ἀπέλθωμεν
2903 2198 3245 2269 ἐνδεδυμένοι
3296 2198 3483 2267 ἱμάτια
3520 2254 3523 2258 Α

1928 2274 2055 2328 ἔνθα
2106 2276 2303 2340 πάντες
2344 2276 2528 2348 έχουσι
2582 2280 2813 2351 λαμπρᾶ
2864 2282 2959 2335 καὶ
3007 2282 3306 2353 περιφανῆ.
3365 2280 3534 2333 Οὐδὲ-δ

1926 2360 2034 2429 γὰρ
2068 2360 2344 2432 ἁμαρτίας
2380 2363 2805 2436 ῥυπαρώτερον,
2864 2366 3018 2419 οὐδὲν
3068 2364 3529 2436 ἀκαθαρτότερον.

1927 2444 2019 2497 Διὸ
2049 2444 2149 2514 τὴν
2185 2444 2349 2512 φύσιν
2384 2447 2557 2517 αὐτῆς
2598 2450 2626 2500 6
2662 2449 2962 2520 Προφήτης
3015 2447 3337 2520 ἑρμηνεύων
3368 2447 3529 2501 ἐϐόα’

1929 2527 2329 2595 Προσώζεσαν
2367 2530 2466 2582 καί
2497 2530 2827 2599 ἐσὰπησαν
2861 2536 2916 2587 οι
2933 2531 3225 2601 μόαωπές
3247 2548 3387 2600 μου.
3426 2531 3534 2583 Καὶ

1926 2612 1974 2663 εἰ
2006 2609 2185 2679 βούλει
2219 2612 2413 2682 μαθεῖν
2449 2614 2549 2685 τῆς
2578 2617 2857 2687 ἁμαρτίας
2887 2617 2949 2671 τὸ
2979 2616 3215 2679 δυσῶδες
3234 2657 3248 2680 ,
3281 2614 3536 2685 ἐννόησον

1929 2696 2097 2767 αὐτὴν
2132 2696 2272 2766 μετὰ
2302 2697 2363 2750 τὸ
2391 2699 2664 2766 γενέσθαι,
2691 2700 2821 2754 ὅταν
2842 2702 2939 2772 τῆς
2966 2700 3266 2771 ἐπιθυμίας
3287 2700 3536 2754 ἀπαλλα-

1930 2782 2050 2850 γῇς,
2083 2781 2209 2832 ὅταν
2236 2780 2312 2852 μὴ
2352 2781 2430 2834 ἐτι
2459 2783 2651 2853 ἐνοχλῇ
2686 2784 2748 2837 τὸ
2794 2783 2938 2856 πῦρ,
2972 2784 3067 2838 καὶ
3101 2786 3224 2839 τότε
3275 2783 3395 2854 ὄψει
3452 2785 3536 2847 τίς

1925 2866 2072 2917 ἐστιν
2094 2866 2127 2934 ή
2158 2866 2425 2937 ἁμαρτία.
2446 2868 2730 2939 Ἐννόησον
2753 2868 2843 2921 τὸν
2872 2868 3063 2940 θυμὸν,
3088 2869 3216 2923 ὅταν
3242 2869 3300 2921 ἐν
3326 2868 3540 2940 γαλήνῃ

1928 2944 1994 3022 ᾗς
2014 2966 2028 2979 ·
2059 2950 2312 3020 ἐννόησον
2341 2952 2441 3023 τὴν
2472 2952 2811 3017 πλεονεξίαν,
2847 2955 2977 3008 ὅταν
3008 2953 3115 3018 ἔξω
3153 2952 3289 3026 γένῃ
3308 2952 3405 3006 τοῦ
3432 2952 3540 3007 πά-

1930 3031 2076 3096 θους.
2108 3033 2277 3086 Οὐδὲν
2305 3036 2682 3109 αἰσχρότερον,
2724 3037 2878 3091 οὐδὲν
2910 3036 3255 3109 μιαρώτερον
3277 3035 3541 3108 ἁρπαγῆς

1931 3116 2026 3169 καὶ
2072 3116 2400 3183 πλεονεξίας.
2463 3119 2651 3174 Ταῦτα
2698 3119 2940 3191 συνεχῶς
2988 3119 3244 3191 λέγομεν,
3299 3120 3401 3172 οὐκ
3447 3119 3537 3169 ἐν-

1929 3200 2108 3272 οχλεῖν
2151 3203 2279 3271 ὑμῖν
2315 3202 2654 3274 βουλόμενοι,
2703 3204 2841 3257 ἀλλὰ
2871 3203 3130 3275 κερδᾶναί
3168 3220 3221 3255 τι
3264 3202 3407 3271 μέγα
3446 3200 3541 3255 καὶ

1930 3286 2268 3357 θαυμαστόν.
2307 3287 2369 3339 'U
2393 3287 2501 3356 γάρ
2522 3288 2586 3340 ἐκ
2607 3286 2702 3340 τοῦ
2734 3287 2881 3352 ἅπαξ
2910 3288 2987 3358 μὴ
3010 3285 3385 3356 κατορθώσας,
3408 3287 3541 3348 ἴσως

1929 3371 1996 3424 ἐκ
2028 3369 2121 3423 τοῦ
2142 3370 2399 3441 δεύτερον
2434 3370 2667 3423 ἀκοῦσαι
2704 3373 2923 3443 ποιήσει
2956 3371 3113 3425 τοῦτο
3136 3388 3147 3400 ·
3183 3371 3277 3425 καὶ
3307 3369 3539 3429 όδεύτε-

1936 3471 2026 3526 ρον
2061 3454 2463 3525 παραδραμὼν,
2497 3456 2560 3506 ἐκ
2589 3453 2684 3507 τοῦ
2706 3454 3297 3526 τρίτου-διορθώσεται.
3326 3455 3542 3509 Γένοιτο

1932 3537 1987 3590 δέ
2022 3538 2230 3600 πάντας
2261 3540 2407 3608 ἡμᾶς
2434 3538 2655 3590 πάντων
2684 3538 3099 3607 ἀπαλλαγέντας
3124 3539 3234 3594 τῶν
3258 3538 3539 3609 πονηρῶν,

1936 3620 2035 3690 τὴν
2070 3620 2296 3673 εὐωδίαν
2328 3619 2421 3673 τοῦ
2444 3621 2685 3691 Χριστοῦ
2722 3623 2891 3691 ἔχειν,
2916 3623 2999 3675 ὃτι
3021 3622 3172 3693 αυτῷ
3198 3625 3229 3693 ἡ
3262 3621 3409 3686 δόξα,
3443 3623 3541 3675 σὺν

1935 3704 2014 3773 τῷ
2044 3705 2239 3774 Πατρὶ,
2270 3704 2388 3773 ἆμα
2417 3704 2497 3774 τῷ
2522 3704 2664 3775 ἁγίῳ
2702 3706 2982 3776 Πνεῦματι
3002 3745 3025 3769 ,
3050 3706 3145 3761 νῦν
3180 3710 3275 3760 καὶ
3306 3706 3414 3779 άεὶ,
3447 3707 3542 3761 καὶ

1940 3788 2019 3849 εἰς
2047 3788 2172 3849 τοὺς
2195 3784 2398 3851 αἰῶνας
2422 3786 2533 3841 τῶν
2571 3787 2805 3843 αἰώνων.
2846 3790 3037 3861 Ἀμήν.

1943 3938 2286 3952 —_

1550 4014 1702 4086 [διο]
1736 4013 1986 4071 οΜιΑιΑ
2024 4019 2148 4071 NF".

232 4107 415 4161 Ταῦτα
454 4102 527 4156 τὰ
551 4103 794 4172 ῥήματα
822 4102 1135 4171 ἐλάλησεν
1168 4108 1201 4157 ύ
1248 4103 1479 4171 Ἰησοῦς
1517 4106 1587 4157 ἑν
1614 4104 1692 4169 τῷ
1723 4123 1825 4173 γα-

292 4174 651 4244 ζοφυλακίῳ,
695 4173 1001 4228 διδάσκων
1037 4175 1108 4227 ἐν
1139 4174 1221 4240 τῷ
1266 4173 1435 4242 ιεριῖν
1478 4174 1577 4228 καί
1622 4175 1824 4242 οὐδεὶς

290 4247 548 4327 ἐπίασεν
568 4245 756 4298 αὐτόν
779 4260 791 4273 ·
823 4246 991 4299 οὔπω
1017 4246 1130 4315 γὰρ
1160 4246 1443 4313 ἐληλύθει
1486 4247 1525 4313 ἡ
1556 4245 1679 4315 ὥρα
1714 4250 1822 4301 αύ-

292 4334 417 4371 του.

290 4455 353 4500 α’.
388 4448 455 4500 Ὢ
482 4447 582 4515 τῆς
616 4445 803 4509 ἀνοίας
834 4445 933 4515 τῆς
974 4446 1304 4514 Ἰουδαῖκῆςι
1348 4444 1463 4517 Πρὸ
1502 4446 1594 4499 τοῦ
1634 4447 1823 4517 Πάσχα

228 4530 515 4601 ζητοῦντες
538 4530 721 4597 αὐτὸν,
740 4524 857 4582 εἶτα
892 4531 949 4582 ἐν
975 4530 1125 4599 μέσῳ
1148 4528 1424 4594 λαϐόντες,
1449 4532 1543 4583 καὶ
1562 4531 1825 4594 πολλάκις

229 4615 678 4686 ἐπιχειρήσαντες
736 4616 1031 4683 κατασχεῖν
1058 4656 1071 4680 ,
1106 4615 1197 4667 καὶ
1249 4614 1313 4667 δι’
1344 4615 1575 4675 ἑαυτῶν,
1614 4617 1709 4669 καὶ
1757 4616 1822 4669 δι’

229 4698 447 4768 ἐτέρων.
479 4698 571 4749 καὶ
592 4697 661 4751 οὐ,
687 4697 1028 4769 δυνηθέντες,
1052 4697 1177 4751 οὔτε
1212 4696 1386 4762 οὕτως
1421 4698 1587 4752 αὐτοῦ
1620 4698 1718 4769 τὴν
1741 4699 1826 4751 δύο

228 4800 386 4853 ναμιν
412 4782 823 4852 ἐξεπλάγησαν,
850 4782 965 4836 ἀλλ’
1003 4782 1316 4836 ἐπετίθεντο
1358 4786 1424 4853 τῇ
1454 4783 1626 4853 κακίᾳ
1654 4825 1667 4847 ,
1734 4788 1825 4838 καὶ

228 4867 319 4919 οὐκ
337 4866 654 4935 ἀφίσταντο.
680 4867 803 4920 Ὅτι
820 4865 930 4935 γάρ
952 4865 1271 4936 ἐπεχείρουν
1294 4866 1399 4929 ἀεὶ,
1434 4867 1566 4936 φησί
1590 4885 1602 4897 '
1634 4868 1827 4923 Ταῦτα

228 4948 532 5017 ἐλάλησεν
557 4950 626 5000 ἐν
668 4946 745 5012 τῷ
780 4946 1219 5017 γαζοφυλακίῳ,
1277 4948 1584 5004 διδάσκων
1620 4951 1690 5003 ἐν
1747 4950 1826 5015 τῷ

230 5031 373 5101 ίερῷ,
406 5032 504 5085 καί
538 5030 736 5097 οὐδεὶς
765 5031 1024 5084 ἐπίασεν
1053 5032 1260 5086 αὐτόν.
1307 5033 1396 5085 Ἐν
1424 5032 1502 5103 τῷ
1532 5034 1664 5104 ἱερῷ
1698 5034 1825 5087 ἐλά-

232 5112 321 5178 ὶει,
352 5116 446 5168 καὶ
480 5118 540 5168 ἐν
560 5115 711 5182 τάξει
734 5115 1081 5179 διδασκάλου,
1106 5115 1134 5168 ὃ
1176 5116 1378 5184 μᾶλλον
1415 5118 1596 5171 ἱκανὸν
1628 5113 1693 5190 ἦν
1729 5119 1827 5169 αὺ-

229 5200 348 5262 τοὺς
374 5198 639 5268 διεγεῖραι
664 5214 677 5228 ·
726 5200 821 5252 καὶ
848 5199 1023 5254 ταῦτα
1063 5198 1264 5265 ἐλάλει,
1305 5200 1388 5268 ἐφ’
1421 5196 1503 5263 οἷς
1540 5202 1827 5256 ἐδάκνοντο

232 5284 320 5335 καὶ
352 5282 661 5343 ἐνεκάλουν.
698 5282 780 5335 ὅτι
814 5283 927 5336 ἴσον
958 5283 1149 5336 ἐαυτὸν
1180 5286 1328 5337 ποιεῖ
1369 5284 1447 5355 τῷ
1477 5286 1673 5357 Πατρί.
1714 5287 1825 5339 Καὶ

232 5366 333 5436 7&9
367 5368 426 5420 τὺ
482 5368 597 5420 Δύο
629 5364 961 5434 ἀνθρώπων
982 5368 1021 5434 ἡ
1059 5369 1358 5437 μαρτυρία
1393 5370 1626 5437 ἀληθής
1671 5370 1821 5435 ἐστι,

231 5451 381 5503 τοῦτο
400 5450 678 5520 ἐμφαίνει.
698 5450 842 5503 Ἀλλ’
874 5452 1043 5520 ὅμως,
1077 5452 1288 5515 Ταῦτα,
1322 5456 1509 5522 φησὶν,
1533 5453 1736 5508 ἐλάλει
1760 5454 1831 5506 ἐν

231 5535 304 5598 τῷ
334 5532 486 5603 ἱερῷ,
520 5535 615 5588 καὶ
641 5536 698 5587 ἐν
728 5533 880 5598 τάξει
911 5533 1260 5594 διδασκάλου,
1289 5536 1388 5589 καί
1419 5535 1619 5602 οὐδεὶς
1641 5536 1832 5591 αὑτὸν

231 5620 495 5681 ἐπίασεν,
533 5617 621 5672 ὅτι
668 5617 835 5672 οὔπω
868 5618 1155 5685 ἐληλύθει
1184 5620 1223 5687 ἡ
1263 5616 1385 5687 ὥρα
1413 5622 1632 5675 αὑτοῦ·
1675 5639 1830 5674 τουτ-

233 5701 394 5769 έστιν,
439 5704 521 5755 ὅτι
544 5701 758 5754 οὐδέπω
782 5700 971 5772 καιρὸς
1018 5696 1086 5771 ἦν
1118 5702 1425 5773 ἐπιτήδειος
1468 5704 1587 5755 καθ’
1609 5704 1668 5756 ὃν
1698 5704 1827 5771 ἠθέ-

233 5784 357 5854 λησε
413 5784 815 5854 σταυρωθῆναι.
854 5785 1016 5837 Ὥστε
1064 5786 1157 5839 καὶ
1192 5786 1313 5840 τότε
1342 5789 1403 5839 οὐ
1456 5788 1555 5856 τῆς
1596 5788 1821 5841 ἐκείνων

233 5868 504 5937 δυνάμεως
530 5868 751 5936 γέγονεν
797 5868 991 5938 ἔργον,
1038 5870 1174 5922 ἀλλᾶ
1220 5872 1315 5942 τῆς
1354 5871 1665 5941 οἰκονομίας
1720 5873 1819 5941 τῆς

240 5951 418 6005 αὑτοῦ.
452 5951 609 6006 Αὐτοὶ
647 5950 754 6022 γὰρ
796 5954 886 6006 7.0".
934 5952 1097 6007 πάλαι
1136 5954 1443 6019 ἐϐούλοντο,
1498 5956 1596 6009 οὐκ
1634 5958 1817 6026 ῖσγυον

1932 4107 1989 4162 δέ
2010 4126 2022 4136 ·
2060 4110 2121 4164 ού
2155 4110 2334 4163 τοίνυν
2369 4110 2489 4163 οὐδὲ
2519 4110 2643 4162 τότε
2676 4110 2901 4180 ἴσχυσαν
2930 4110 3013 4175 ἂν,
3046 4114 3095 4164 εἰ
3134 4110 3208 4182 μὴ
3230 4111 3393 4174 αὐτὸς
3418 4128 3545 4163 συν-

1933 4193 2234 4264 εχώρησεν.
2250 4190 2441 4247 Εἶπεν
2463 4189 2577 4247 οὖν
2602 4194 2809 4260 αὐτοῖς
2833 4194 3021 4248 πάλιν
3044 4198 3077 4249 ὀ
3114 4194 3344 4262 Ἰησοῦς
3367 4213 3378 4224 ·
3400 4194 3547 4261 Ἐγὼ

1938 4276 2164 4345 ὑπάγω,
2216 4277 2314 4331 καὶ
2368 4275 2656 4345 ᾣιτήσετέ
2693 4295 2785 4345 με.
2822 4278 2889 4330 Τί
2926 4278 3130 4348 δήποτε
3186 4278 3333 4345 λέγει
3386 4278 3545 4334 τοῦτο

1936 4359 2209 4430 συνεχιῖ›;;
2243 4361 2571 4414 Κατασείων
2606 4362 2792 4414 αὐτῶν
2831 4360 2930 4423 τάς
2974 4361 3154 4431 ψυχάς
3212 4363 3305 4414 καὶ
3337 4361 3540 4429 φοϐῶν.

1935 4445 2077 4514 Ὅρα
2104 4445 2214 4516 γάρ
2243 4446 2367 4498 ὅσον
2390 4445 2550 4497 τοῦτο
2589 4444 2827 4498 ἐνεποίει
2858 4457 2883 4484 ι
2919 4445 3011 4497 τὸν
3058 4444 3242 4513 φόϐον.
3284 4446 3391 4497 Καὶ
3436 4444 3545 4515 γάρ

1934 4528 2146 4581 ἀνελεῖν
2180 4528 2346 4581 αὑτὸν
2377 4528 2696 4599 βουλόμενοι
2730 4529 2817 4582 ἵνα
2865 4527 3256 4596 ἀπαλλαγῶσι,
3289 4527 3545 4597 ζητοῦσιν

1933 4612 2068 4665 ὅπου
2101 4612 2301 4677 ὑπάγει
2318 4629 2331 4642 ·
2356 4610 2499 4664 οὕτω
2532 4611 2747 4679 μεγάλα
2773 4611 2883 4663 ἀπὸ
2904 4611 2998 4663 τοῦ
3025 4612 3353 4682 πράγματος
3379 4612 3543 4677 ἐφανο

1933 4693 2179 4757 τάξοντο.
2216 4694 2535 4763 Καὶέτερον
2574 4694 2630 4746 δέ
2666 4693 2874 4760 διδάξαι
2904 4695 3102 4757 αὐτοὺς
3146 4694 3419 4754 ἐϐούλετο,
3461 4696 3543 4751 δτι

1934 4778 1995 4831 οὐ
2019 4782 2117 4850 τῆς
2144 4780 2371 4831 ἐκείνων
2427 4778 2548 4848 βίας
2582 4777 2642 4831 τὸ
2697 4778 2931 4849 πρᾶγμά
2964 4780 3132 4842 ἐστιν,
3161 4779 3297 4833 ἀλλά
3338 4779 3546 4833 ἀνωθεν

1935 4861 2069 4915 αὐτὸ
2108 4859 2540 4932 προδιετύπωσε,
2579 4862 2672 4915 καὶ
2700 4862 2797 4932 τὴν
2828 4862 3125 4919 ἀνάστασιν
3157 4864 3259 4933 ἤδη
3288 4862 3377 4915 διά
3420 4864 3545 4916 τού-

1936 4961 2043 4996 των
2073 4944 2388 5014 προέγραψε
2417 4944 2527 4997 τῶν
2554 4946 2749 5013 λόγων.
2796 4946 3025 5015 Ἔλεγον
3045 4944 3139 4998 οὖν
3157 4963 3168 4975 ·
3205 4948 3261 4999 Μ
3270 4944 3361 5009 ήτι
3394 4946 3545 4999 ἀπο-

1936 5029 2139 5082 κτενεῖ
2164 5030 2423 5094 ἐίιυτόν;
2447 5029 2513 5081 Τί
2543 5026 2638 5083 οὖν
2674 5031 2701 5083 6
2733 5029 3002 5099 Χριστόςς
3052 5029 3321 5101 Ἀναιρῶν
3362 5030 3545 5083 αὐτῶν

1935 5112 2033 5182 τὴν
2062 5112 2322 5182 ὑποψίαν,
2356 5114 2452 5165 καὶ
2483 5112 2695 5177 δεικνὺς
2731 5114 2812 5166 ὃτι
2860 5114 2919 5166 τὸ
2961 5116 3193 5185 πρᾶγμα
3236 5112 3547 5183 ἁμάρτημά

1938 5199 2073 5260 ἐστι,
2109 5198 2274 5268 φησί’
2314 5198 2513 5266 ’Υμεῖς
2544 5199 2613 5251 ἐκ
2640 5197 2759 5251 τῶν
2793 5199 2951 5253 κάτω
2982 5197 3140 5252 ἐστέ.
3182 5200 3247 5250 Ὃ
3278 5198 3335 5250 δέ
3370 5197 3543 5266 λέγει,

1936 5282 2177 5333 τοιοῦτόν
2207 5282 2357 5335 ἐστιν
2382 5300 2396 5314 ·
2447 5283 2613 5336 Οὐδὲν
2658 5283 2973 5354 θαυμαστὸν
3022 5284 3166 5352 ὑμᾶς
3197 5284 3428 5337 τοιαῦτα
3457 5284 3545 5335 ἐν-

1936 5368 2097 5430 νοεῖν,
2124 5366 2449 5436 ἀνθρώπους
2480 5370 2802 5439 σαρκικοὺς,
2850 5370 2944 5423 καὶ
2974 5369 3129 5423 οὐδὲν
3156 5368 3542 5440 λογιζομένους

1933 5452 2338 5520 πνευματικόν*
2364 5452 2479 5505 ἀλλ’
2506 5454 2609 5507 οὐκ
2634 5452 2746 5521 ἐγὼ
2774 5453 2967 5524 πράξω
2990 5472 3042 5506 τι
3070 5454 3331 5507 τοιοῦτον.
3361 5455 3543 5505 Ἀνω-

1931 5539 2034 5587 Οεν
2062 5534 2170 5603 γάρ
2203 5538 2348 5605 εἰμι·
2383 5536 2552 5605 ὑμεῖς
2591 5536 2661 5589 ἐκ
2702 5537 2807 5591 τοῦ
2851 5538 3086 5607 κόσμου
3123 5540 3337 5591 τούτου
3376 5536 3543 5590 ἐστέ.

1929 5619 2041 5671 Καὶ
2062 5619 2225 5673 πάλιν
2243 5620 2479 5673 ἐνταῦθα
2498 5620 2597 5685 τὰς
2623 5622 2895 5691 κοσμικὰς
2919 5622 3127 5684 ἐννοίας
3148 5622 3239 5673 καὶ
3272 5640 3335 5673 σα
3347 5622 3543 5691 ρκικάς

1930 5721 2095 5771 φησιν
2114 5720 2126 5734 ·
2163 5704 2287 5757 ὅθεν
2318 5705 2497 5772 δῆλον,
2523 5706 2605 5758 ὅτι
2633 5706 2724 5759 καὶ
2756 5706 2837 5771 τὸ,
2887 5707 3033 5775 Ἐγὼ
3059 5708 3171 5759 οὐκ
3200 5706 3317 5775 είμὶ
3339 5707 3407 5759 ἐκ
3436 5704 3541 5759 τοῦ

1934 5787 2166 5854 κόσμου
2202 5790 2435 5851 τούτου,
2466 5791 2524 5841 οὐ
2567 5790 2628 5843 τὸ
2671 5792 2853 5861 σάρκα
2884 5790 2957 5860 μὴ
2985 5790 3335 5859 ἀνειληφέναι
3369 5791 3538 5851 ἐστὶν,

1934 5870 2067 5923 ἀλλὰ
2103 5873 2162 5923 τὸ
2191 5872 2379 5940 πόρῤιο
2404 5870 2541 5928 εἶναι
2576 5874 2673 5945 τῆς
2708 5875 2930 5928 ἐκείνων
2960 5873 3243 5945 πονηρίας.
3281 5873 3391 5928 Καὶ
3426 5872 3533 5942 γὰρ

1995 5967 2015 5991 ’⁸
2053 5962 2224 6014 Μίνωι.
2254 5964 2422 6016 ἐποίει.
