4164 6324
222 375 321 437 293
1300 366 1365 425 IN
1402 364 1717 423 JOANNEM
1760 363 1991 422 ilOMlL.
2033 364 2169 421 Llll.
2211 367 2283 423 al.
2326 366 2440 424 LII.

224 508 279 548 re
308 490 395 546 tali
440 494 805 559 conceperant
847 484 1177 557 opinionem.
1235 481 1393 537 Aliud
1439 495 1654 552 quoque
1692 480 1816 537 illos

222 590 415 643 docere
458 581 708 646 volebat,
758 595 862 634 non
909 591 974 631 ex
1023 576 1261 648 ipsorum
1289 574 1538 629 violentia
1583 587 1698 628 rem
1749 572 1821 626 ita

222 679 368 741 iure,
399 674 496 730 sed
526 674 580 729 id
611 673 724 745 jam
767 670 973 742 pridem
1007 668 1403 739 pnciiguratum
1434 679 1592 729 esse,
1641 674 1697 720 et
1738 664 1823 745 his

221 766 398 823 verbis
424 765 875 823 resurrectionem
908 760 1169 832 prmdixit.
1216 758 1476 814 Dicebant
1518 771 1648 829 ergo
1680 773 1694 810 :
1725 756 1817 811 22.

223 857 494 932 Numquid
519 857 784 927 interﬁciet
810 855 1135 924 semetipsum
1154 854 1181 908 Ρ
1202 852 1341 919 Quid
1370 866 1501 922 ergo
1536 849 1821 907 Christus?

218 952 439 1009 Illorum
466 959 524 1006 ut
551 955 854 1005 removeret
882 946 1266 1017 suspicionem,
1292 943 1683 999 etostendcret
1703 957 1819 998 rem

217 1043 368 1098 illam
395 1056 516 1098 esse
547 1047 846 1111 peccatum,
872 1038 947 1093 ait
975 1056 990 1097 ξ
1036 1036 1129 1096 23.
1179 1033 1282 1089 Vos
1320 1033 1556 1089 deorsum
1580 1035 1697 1089 estis
1720 1050 1739 1099 ;
1768 1033 1818 1088 id

215 1143 299 1191 est
322 1174 344 1201 ,
374 1133 520 1191 Nihil
549 1133 744 1188 mirum
774 1130 819 1185 si
854 1143 951 1184 vos
980 1128 1226 1185 homines
1257 1128 1500 1183 carnales
1529 1126 1652 1182 talia
1676 1126 1820 1198 cogi-

220 1226 346 1283 tatis
369 1267 389 1294 ,
435 1223 525 1295 qui
558 1222 691 1279 nihil
720 1220 1004 1294 spirituale
1043 1220 1349 1290 concipitis.
1380 1221 1452 1275 At
1489 1235 1589 1292 ego
1616 1234 1721 1275 non
1750 1220 1821 1275 si-

216 1317 344 1377 mile
370 1315 646 1387 quidpiam
675 1314 904 1377 faciam;
932 1310 1014 1373 De
1056 1312 1292 1384 supernis
1339 1313 1473 1367 enim
1516 1328 1631 1367 sum
1664 1325 1687 1368 :
1732 1328 1819 1366 vos

215 1408 279 1464 de
298 1408 397 1464 hoc
413 1408 604 1473 mundo
617 1407 756 1463 estis.
781 1406 877 1461 llic
904 1421 1119 1461 rursum
1147 1404 1447 1460 mundanas
1466 1404 1819 1474 carnalesque

213 1500 571 1570 cogitationes
602 1499 749 1554 dicit.
784 1496 937 1556 Unde
970 1496 1143 1567 palam
1197 1504 1281 1552 cst
1334 1496 1501 1563 illud,
1552 1495 1664 1567 Ego
1715 1512 1819 1551 non

211 1608 323 1645 sum
350 1591 415 1646 de
437 1590 532 1644 Itoc
559 1588 780 1656 munda,
809 1605 915 1645 non
947 1587 1253 1659 signiﬁcare
1297 1586 1473 1658 ipsum
1517 1603 1622 1641 non
1658 1601 1816 1643 acce-

215 1684 357 1754 pisse
388 1698 642 1749 carnem,
685 1681 778 1738 sed
811 1679 997 1753 procul
1028 1694 1150 1735 esse
1178 1681 1247 1736 ab
1291 1679 1506 1735 illorum
1552 1678 1812 1749 nequitia.

213 1775 425 1830 Etenim
448 1773 740 1846 discipulos
765 1788 828 1830 es
853 1771 1053 1829 mundo
1073 1787 1181 1828 non
1209 1787 1330 1828 esse
1352 1772 1474 1826 dicit
1498 1788 1512 1838 ;
1548 1772 1817 1827 habebant

214 1876 393 1924 tamen
443 1869 519 1925 illi
550 1883 789 1924 carnem.
817 1865 1280 1936 Quemadmodum
1321 1865 1481 1932 igitur
1508 1864 1704 1919 Paulus
1728 1863 1814 1917 di-

211 1978 363 2027 cens,
393 1960 517 2017 Non
542 1962 664 2018 estis
683 1960 737 2018 in
761 1975 916 2017 carne
935 1957 1115 2030 (Rom.
1144 1958 1199 2013 8.
1223 1955 1303 2029 9),
1330 1973 1438 2015 non
1462 1957 1814 2026 incorporeas

212 2054 464 2126 intelligit
495 2070 509 2107 :
539 2057 620 2108 sic
650 2052 945 2123 discipulos
977 2065 1082 2106 non
1110 2064 1234 2106 esse
1262 2049 1331 2105 de
1359 2050 1462 2105 hoc
1510 2046 1733 2115 mundo,
1761 2047 1814 2104 id

212 2146 424 2205 illorum
454 2144 851 2218 philosophiam
877 2142 1212 2200 testiﬁcatur.
1238 2141 1331 2197 24.
1360 2140 1484 2197 Dixi
1504 2158 1623 2213 ergo
1652 2142 1811 2207 vobis,

210 2238 329 2308 quia
375 2238 421 2294 si
470 2254 572 2293 non
624 2237 943 2293 credideritis
986 2236 1106 2307 quia
1152 2250 1247 2306 ego
1294 2250 1411 2289 sum
1430 2276 1447 2299 ,
1491 2234 1544 2287 in
1596 2233 1814 2304 peccatis

208 2330 387 2385 vestris
437 2328 744 2384 moriemini.
795 2327 928 2383 Nam
966 2328 1011 2382 si
1077 2324 1200 2381 ideo
1263 2326 1445 2391 venit,
1499 2334 1558 2379 ut
1603 2323 1815 2381 tolleret

209 2432 489 2494 peccatum
536 2420 758 2490 mundi,
788 2430 843 2478 et
896 2423 943 2477 si
974 2434 1080 2475 non
1135 2426 1311 2489 potest
1352 2418 1482 2475 exui
1533 2429 1810 2489 peccatum

207 2515 311 2572 nisi
352 2530 449 2587 per
478 2514 783 2579 lavacrum,
836 2529 1062 2570 necesse
1092 2522 1175 2568 est
1218 2528 1324 2567 non
1368 2511 1681 2568 credentem
1722 2527 1812 2566 ve-

208 2616 379 2663 terem
431 2606 632 2662 habere
683 2605 976 2661 hominem.
1032 2603 1165 2659 Nam
1222 2603 1314 2675 qui
1372 2618 1481 2658 non
1519 2602 1634 2657 vult
1688 2617 1811 2659 sese

207 2714 306 2771 per
351 2698 514 2755 [idem
563 2700 725 2755 morti
788 2697 1003 2754 tradere
1061 2707 1115 2752 et
1174 2697 1497 2766 sepulturae,
1554 2709 1679 2749 cum
1720 2710 1813 2750 ve-

206 2794 310 2852 teri
343 2792 564 2853 homine
601 2793 881 2857 morietur,
914 2799 971 2847 et
1023 2790 1118 2851 illo
1158 2788 1409 2861 migrabit
1462 2796 1807 2858 peccatorum

208 2900 398 2957 ptum
442 2884 689 2945 daturus.
756 2883 884 2944 Ideo
935 2882 1147 2939 diccbat
1198 2898 1212 2936 :
1268 2880 1372 2950 Qui
1438 2894 1541 2934 non
1605 2878 1807 2947 credit,

204 2980 313 3055 iam
349 2980 618 3051 judicatus
639 2988 748 3044 est,
780 2992 888 3035 non
931 2977 1104 3039 solum
1128 2976 1270 3047 quod
1300 2989 1407 3031 non
1455 2974 1666 3041 credat,
1713 2973 1811 3030 sed

205 3074 369 3130 etiam
406 3073 531 3143 quia
560 3086 685 3127 cum
754 3070 1025 3141 prioribus
1075 3069 1311 3141 peccatis
1358 3066 1490 3123 abit.
1550 3067 1812 3123 Dicebant

205 3183 335 3241 ergo
360 3184 379 3225 :
408 3168 501 3229 25.
554 3167 637 3227 Tu
677 3169 790 3245 quis
822 3168 920 3224 es!
961 3167 1007 3224 Ο
1034 3166 1395 3223 dementiam!
1428 3166 1559 3223 Post
1602 3174 1805 3222 tantum

205 3270 501 3335 temporis,
534 3270 655 3333 post
691 3261 844 3332 signa
876 3270 929 3316 et
957 3259 1290 3327 doctrinam,
1324 3260 1698 3330 interrogant,
1726 3256 1810 3312 Tu

201 3354 313 3424 quis
330 3370 386 3410 es
403 3353 434 3407 Ξ
451 3353 589 3423 Quid
618 3353 777 3423 igitur
801 3351 1087 3408 Christus?
1104 3349 1431 3422 Principium
1448 3352 1533 3422 qui
1558 3359 1606 3404 et
1628 3350 1810 3419 loquor

202 3448 360 3504 vobis.
397 3447 512 3503 lloc
538 3456 642 3515 est,
676 3444 876 3517 lndigni
902 3445 1034 3501 estis
1056 3485 1073 3512 ,
1109 3444 1197 3515 qui
1221 3442 1385 3500 verba
1416 3457 1534 3499 mea
1555 3441 1806 3508 audiatis,

202 3539 399 3595 nedum
429 3538 649 3595 discatis
690 3538 813 3611 quis
849 3553 950 3608 ego
980 3537 1103 3592 sim.
1137 3535 1241 3591 Vos
1280 3534 1425 3592 enim
1470 3549 1556 3590 me
1594 3548 1810 3604 semper

203 3637 474 3687 tentantes
502 3628 819 3701 loquimini,
861 3627 1103 3700 nihilque
1127 3626 1288 3685 dictis
1313 3627 1449 3683 meis
1486 3625 1763 3681 attenditis
1791 3643 1806 3680 :

201 3733 257 3781 et
280 3722 367 3779 his
396 3723 465 3779 de
486 3722 647 3779 rebus
670 3721 923 3778 omnibus
949 3734 1095 3777 nunc
1118 3734 1416 3790 coarguere
1437 3719 1638 3789 possim
1659 3734 1673 3779 ;
1704 3716 1809 3773 hoc

200 3818 344 3873 enim
373 3814 645 3887 siguillcat
674 3812 802 3869 illud
823 3854 839 3880 ,
873 3813 966 3868 26.
1000 3811 1170 3867 Multa
1196 3811 1357 3865 habeo
1401 3810 1465 3865 de
1503 3809 1642 3865 vobis
1668 3809 1809 3879 loqui

200 3918 248 3963 et
294 3906 570 3979 judicare;
625 3920 723 3960 nec
766 3914 974 3960 tantum
1014 3902 1452 3974 reprehendere,
1506 3901 1601 3957 sed
1642 3901 1805 3958 etiam

200 4001 417 4071 punire.
468 3997 576 4055 Sed
603 3998 692 4069 qui
734 3997 881 4053 misit
919 4012 1038 4063 me,
1082 3995 1186 4052 hoc
1210 4007 1314 4060 est,
1356 3994 1534 4060 Pater,
1573 3992 1673 4048 huc
1698 4008 1804 4048 non

199 4094 335 4149 vult.
372 4090 498 4148 Non
525 4091 658 4147 enim
699 4092 812 4145 veni
861 4090 1101 4161 judicare
1148 4089 1430 4155 mundum,
1475 4087 1564 4143 sed
1607 4085 1805 4141 salvum

198 4187 386 4257 facere.
431 4184 553 4240 Non
602 4183 733 4239 enint
773 4184 908 4239 misit
928 4182 1067 4238 Deus
1096 4180 1289 4236 Filium
1314 4197 1500 4247 suum,
1532 4190 1587 4234 ut
1607 4180 1807 4253 judicet

198 4280 485 4343 mundum,
530 4276 619 4332 sed
664 4285 718 4330 ut
747 4276 943 4331 salvum
992 4274 1148 4345 faciat
1196 4274 1443 4327 mundum
1500 4272 1682 4344 (Joan.
1710 4271 1799 4329 l2.

196 4371 289 4426 Π.
318 4380 368 4426 et
420 4370 472 4426 3.
510 4368 621 4441 l7).
666 4367 723 4425 Si
753 4384 885 4440 ergo
936 4368 1005 4423 ad
1057 4367 1160 4423 hoc
1190 4383 1276 4423 me
1302 4367 1479 4433 misit,
1532 4376 1586 4422 et
1638 4381 1804 4422 verax

197 4470 322 4527 est,
363 4461 489 4533 jure
530 4461 800 4515 neminem
856 4474 958 4530 ego
1010 4473 1153 4514 nunc
1191 4457 1398 4529 judico.
1450 4457 1557 4514 Sed
1604 4473 1666 4513 ea
1719 4458 1802 4513 lo-

198 4570 337 4626 quor
386 4569 510 4625 qua:
567 4552 634 4608 ad
693 4553 925 4607 salutem
976 4559 1137 4616 sunt,
1185 4564 1293 4605 non
1364 4548 1432 4604 ad
1502 4552 1801 4621 reprehen-

197 4649 432 4703 sionem.
464 4645 591 4702 llzee
627 4659 791 4716 porro
818 4644 969 4713 dicit,
1001 4659 1071 4701 ne
1100 4652 1288 4715 putent
1323 4642 1499 4715 ipsum
1520 4684 1536 4711 ,
1575 4658 1697 4699 cum
1726 4650 1805 4698 tot

196 4753 251 4799 et
303 4751 451 4799 tanta
504 4739 766 4808 audierit,
820 4755 930 4810 pra:
980 4737 1348 4794 imbecillitate
1385 4751 1493 4792 non
1525 4751 1687 4808 posse
1718 4735 1801 4790 ul-

196 4838 407 4890 tionem
434 4832 662 4897 inferre,
695 4829 781 4887 vel
813 4845 1001 4886 eorum
1024 4838 1258 4886 mentem
1281 4828 1665 4900 irrisionesque
1694 4844 1801 4883 non

196 4939 552 4999 cognoscere.
583 4924 676 4980 27.
708 4922 802 4979 Illi
826 4934 993 4978 autem
1021 4924 1085 4979 de
1130 4922 1291 4978 Patre
1327 4938 1609 4977 sermonem
1629 4922 1803 4977 haberi

196 5036 301 5075 non
344 5018 729 5074 intellexerunt.
773 5018 818 5073 υ
864 5014 1183 5071 stultitiam!
1234 5013 1353 5070 Non
1399 5013 1693 5070 desistebat
1734 5013 1805 5070 de

197 5113 359 5171 Patre
384 5113 569 5183 loqui,
601 5122 656 5168 et
685 5128 790 5167 non
825 5110 1213 5183 intelligebant.
1251 5109 1453 5166 Deinde
1477 5124 1599 5165 cum
1627 5123 1803 5181 neque

195 5224 261 5263 ex
295 5217 378 5263 tot
421 5207 625 5277 signis.
675 5214 849 5275 neque
877 5220 945 5260 ex
988 5203 1230 5259 doctrina
1272 5204 1392 5258 illos
1416 5206 1801 5273 pertraxisset,

199 5299 262 5355 de
283 5314 451 5356 cruce
475 5298 695 5353 demum
720 5298 971 5354 edisserit
998 5297 1082 5351 his
1108 5295 1286 5351 verbis
1320 5314 1333 5350 :
1361 5295 1454 5352 28.
1488 5296 1617 5351 Cum
1656 5296 1800 5350 exal-

200 5391 429 5447 tnueritis
458 5388 650 5446 Filium
674 5389 912 5454 hominis,
937 5398 1056 5443 tunc
1084 5388 1394 5460 cognoscetis
1412 5389 1531 5459 quia
1556 5404 1647 5459 ego
1666 5405 1801 5454 sum,

196 5494 240 5539 et
260 5501 294 5539 α
318 5484 511 5555 mcipso
537 5500 639 5538 non
669 5484 870 5553 loquor;
895 5480 988 5536 29.
1009 5489 1056 5534 et
1081 5479 1219 5551 quod
1231 5480 1317 5546 qui
1340 5495 1419 5534 me
1448 5479 1583 5533 misit
1609 5495 1803 5533 mecum

199 5587 292 5645 est,
314 5587 361 5633 et
390 5594 493 5632 non
521 5577 726 5648 reliquit
749 5575 1004 5631 mesolum
1028 5573 1208 5629 Pater.
1241 5571 1494 5629 Ostendit
1528 5587 1589 5628 se
1610 5572 1803 5629 merito

200 5670 425 5741 dixisse,
453 5669 780 5741 Principium
800 5670 887 5743 qui
912 5678 959 5725 et
988 5668 1166 5740 loquor
1185 5668 1345 5724 vobis.
1722 5730 1725 5731 ν

268 5764 322 5823 2.
352 5763 535 5835 Usque
547 5763 691 5820 adeo
716 5780 823 5820 non
852 5762 1203 5820 attendebant
1230 5762 1295 5819 iis
1321 5778 1441 5834 qua:
1461 5762 1798 5818 dicebantur.

187 5855 671 5916 L’umemltaveritis
702 5854 897 5912 Filium
924 5856 1160 5913 hominis.
1189 5855 1379 5913 Nonne
1406 5864 1535 5912 tunc
1554 5871 1640 5914 me
1669 5856 1799 5912 sub-

3434 372 3542 433 ξω

1929 478 2039 535 lato
2068 480 2296 555 Speratis
2320 497 2351 535 a
2383 496 2469 535 mc
2499 479 2633 537 nihil
2664 480 2818 538 vobis
2845 482 2985 538 ultra
3031 484 3292 540 molestiae
3321 486 3540 544 allatum

1932 570 2036 625 iri?
2067 570 2180 643 Ego
2208 581 2389 628 autem
2410 572 2534 628 dico
2563 574 2736 641 vobis,
2766 573 2913 630 Tunc
2942 575 3181 633 maxime
3205 585 3541 650 cognoscetis,

1930 662 2047 730 quia
2071 678 2164 735 ego
2184 680 2317 729 sum,
2350 678 2447 735 per
2473 664 2646 736 signa,
2683 681 2779 735 per
2806 668 3285 736 resurrectionem,
3324 687 3421 742 per
3447 689 3543 729 ex-

1929 753 2151 809 cidium.
2173 754 2303 811 llaec
2330 758 2532 828 quippe
2553 759 2735 815 omnia
2756 760 2875 831 ejus
2901 763 3196 833 potentiam
3222 767 3543 838 comproba-

1928 844 2077 902 bant.
2107 846 2293 920 Neque
2324 848 2499 915 dixit,
2543 850 2696 908 Tunc
2723 855 3065 924 cognoscetis
3092 855 3214 927 quis
3239 857 3364 911 sim.
3401 859 3538 914 Cum

1928 936 2189 1003 videritis,
2226 940 2417 1010 inquit,
2452 957 2539 998 me
2563 944 2696 999 nihil
2725 960 2793 1000 ex
2831 956 3005 1002 morte
3040 962 3321 1017 passurum
3343 993 3360 1017 ,
3392 951 3541 1009 Tunc

1928 1032 2237 1100 cognoscetis
2269 1034 2389 1103 quia
2419 1051 2512 1105 ego
2532 1052 2645 1091 sum
2675 1053 2695 1092 :
2725 1052 2920 1110 nempe
2940 1038 3190 1098 Christus
3216 1042 3386 1100 Filius
3422 1045 3535 1110 Dei,

1927 1122 2018 1192 qui
2063 1125 2242 1179 omnia
2288 1124 2402 1182 iero
2445 1136 2501 1183 et
2527 1128 2667 1184 duco
2691 1173 2706 1198 ,
2749 1145 2852 1187 nec
2879 1133 3186 1189 contrarius
3213 1134 3383 1194 Patri.
3412 1136 3540 1194 ideo

1926 1213 2133 1281 adjicit,
2166 1215 2231 1270 Et
2257 1234 2289 1271 a
2319 1219 2510 1286 meipso
2541 1221 2672 1276 nihil
2699 1222 2899 1291 loquor.
2936 1224 3230 1296 Utrumque
3258 1229 3404 1284 enim
3447 1245 3541 1286 co-

1925 1308 2217 1374 gnoscetis,
2249 1316 2302 1363 et
2330 1312 2623 1379 potentiam
2657 1328 2853 1378 meam,
2884 1324 2939 1370 et
2967 1332 3088 1372 cum
3118 1318 3276 1376 Patre
3303 1336 3539 1378 consen-

1926 1410 2070 1451 sum.
2098 1396 2229 1453 Illud
2259 1401 2424 1465 enim,
2454 1402 2499 1456 A
2525 1405 2718 1475 meipso
2748 1406 2879 1461 nillil
2907 1408 3105 1477 loquor,
3138 1411 3385 1469 eamdem
3417 1429 3541 1471 esse

1925 1488 2279 1545 substantiam
2310 1491 2564 1560 denotat,
2593 1504 2649 1552 et
2675 1512 2735 1553 se
2763 1499 2897 1554 nihil
2928 1500 3064 1555 ultra
3094 1513 3378 1573 paternum
3408 1522 3538 1563 sen-

1925 1593 2044 1634 sum
2074 1580 2238 1652 loqui.
2272 1583 2501 1652 Quando
2520 1601 2550 1641 a
2576 1589 2723 1643 cultu
2757 1600 2939 1646 vestro
2966 1592 3249 1661 excidetis,
3277 1612 3377 1652 nec
3406 1613 3536 1653 eon-

1930 1670 2157 1727 cedetur
2183 1673 2334 1729 vobis
2356 1676 2586 1747 pristino
2615 1695 2766 1736 more
2794 1681 2968 1752 ipsum
2987 1684 3187 1751 colere;
3213 1697 3339 1744 tunc
3355 1689 3541 1747 scietis

1924 1758 2098 1830 ipsum
2145 1779 2231 1820 me
2268 1766 2448 1824 ulcisci
2477 1810 2492 1835 ,
2528 1770 2858 1842 indignatum
2898 1775 3157 1833 adversus
3192 1795 3287 1836 eos
3322 1782 3412 1853 qui
3453 1799 3542 1840 me

1925 1866 2033 1907 non
2069 1856 2353 1913 audierunt
2379 1875 2393 1925 ;
2421 1874 2485 1916 ac
2514 1863 2558 1916 si
2585 1863 2790 1921 diceret
2817 1879 2831 1918 :
2868 1866 2923 1921 Si
2952 1868 3161 1927 alienus
3188 1880 3244 1926 et
3270 1872 3379 1930 Deo
3408 1891 3539 1932 con-

1926 1947 2120 2003 trarins
2149 1963 2325 2005 essem
2345 1993 2360 2017 ,
2403 1968 2509 2009 non
2541 1965 2743 2013 tantam
2775 1958 2865 2015 ille
2905 1969 3096 2019 contra
3120 1979 3217 2020 vos
3246 1966 3379 2021 iram
3407 1982 3540 2024 eon-

1921 2037 2175 2107 cepisset.
2204 2040 2317 2098 Hoc
2346 2052 2402 2100 et
2432 2044 2594 2101 Isaias
2623 2047 2784 2115 dicit,
2820 2049 2975 2106 Dabit
3002 2053 3191 2126 impios
3223 2073 3317 2125 pro
3356 2062 3534 2130 sepul-

1923 2137 2039 2208 tura
2068 2132 2177 2202 ejus
2198 2133 2353 2203 (lsai.
2382 2138 2471 2194 55.
2504 2138 2559 2209 9)
2585 2156 2600 2205 ;
2632 2149 2687 2196 et
2713 2141 2897 2208 David,
2932 2144 3073 2199 Tunc
3103 2147 3337 2216 loquetur
3356 2153 3427 2205 ad
3451 2169 3537 2208 eos

1920 2219 1974 2273 in
2005 2221 2083 2275 ira
2112 2240 2206 2278 sua
2236 2225 2409 2297 (Psal.
2440 2230 2497 2284 2.
2532 2231 2588 2303 5)
2613 2248 2627 2297 ;
2658 2242 2714 2289 et
2743 2234 2862 2304 ipse
2882 2278 2897 2297 ,
2935 2236 3067 2293 Ecce
3092 2240 3407 2309 relinquetur
3435 2247 3537 2301 do-

1921 2330 2034 2409 mus
2057 2327 2239 2409 uestra
2263 2320 2463 2409 deserta
2494 2323 2708 2396 (Matth.
2740 2328 2831 2383 23.
2861 2329 2987 2403 38);
3022 2331 3252 2403 idipsum
3279 2345 3331 2389 et
3358 2338 3409 2391 in
3441 2353 3537 2409 pa-

1921 2404 2143 2496 rabolis,
2171 2408 2309 2478 Quid
2336 2414 2487 2483 faciet
2508 2416 2745 2473 dominus
2765 2420 2921 2475 vinea:
2946 2422 3101 2492 .‘tujus
3129 2426 3372 2496 agricolis
3391 2404 3494 2482 illis
3512 2430 3540 2483 2³

1921 2492 2093 2551 Malos
2134 2500 2268 2555 male
2311 2504 2488 2573 perdet
2514 2505 2745 2579 (Matth.
2774 2509 2867 2565 2|.
2910 2512 2998 2568 40.
3036 2514 3094 2569 41
3114 2492 3366 2584 ).VViilcn
3410 2536 3536 2575 eum

1921 2586 2118 2690 ubique
2147 2592 2228 2690 sic
2254 2593 2418 2666 loqui,
2444 2598 2586 2667 quod
2616 2599 2690 2655 illi
2722 2602 2962 2660 nondum
2988 2607 3291 2664 crederent.
3312 2610 3465 2679 Quod
3489 2616 3534 2667 si

1920 2684 2065 2750 ipsos
2092 2684 2304 2754 perdat,
2338 2696 2396 2742 ut
2428 2704 2615 2746 revera
2639 2693 2849 2763 perdet;
2887 2711 3009 2751 nam
3033 2698 3130 2766 ait,
3156 2700 3413 2756 Adducite
3438 2707 3538 2760 [me

1919 2788 2006 2827 eos
2034 2774 2122 2843 qui
2150 2791 2230 2830 me
2254 2778 2433 2833 nolunt
2458 2798 2691 2854 regnare,
2722 2794 2769 2839 et
2795 2787 3066 2857 interﬁcite
3095 2790 3249 2862 (Luc.
3282 2794 3373 2850 l9.
3400 2796 3533 2866 27);

1917 2878 2017 2920 cur
2046 2866 2177 2922 illud
2206 2882 2313 2927 non
2344 2888 2524 2943 suum,
2554 2876 2650 2932 sed
2692 2877 2867 2935 Patris
2888 2896 3024 2951 opus
3051 2899 3175 2941 esse
3199 2885 3322 2942 dicit
3341 2889 3365 2943 ἲ
3385 2888 3448 2947 Ut
3472 2892 3535 2947 il-

1918 2954 2094 3013 lorum
2114 2975 2177 3017 se
2192 2960 2544 3022 imbecillitati
2567 2978 2909 3041 attemperct,
2933 2976 3201 3047 simulque
3218 2978 3534 3040 Genitorem

1917 3065 2075 3107 suum
2108 3050 2360 3111 honoret.
2394 3057 2519 3113 ideo
2544 3076 2651 3115 non
2696 3063 2855 3131 dixit,
2886 3064 3154 3139 Relinquo
3192 3072 3413 3129 domum
3445 3092 3534 3133 ve-

1918 3152 2085 3199 stram
2114 3144 2385 3203 desertam
2408 3169 2423 3215 ;
2450 3150 2565 3216 sed,
2604 3151 2961 3227 Relinquetur,
2993 3159 3427 3230 itupcrsonaliter
3453 3169 3533 3225 lo-

1917 3247 2109 3303 quens.
2140 3235 2274 3291 Cum
2299 3253 2460 3307 porro
2488 3239 2642 3307 dicit,
2670 3241 2877 3310 Quoties
2903 3248 3044 3303 volui
3066 3266 3376 3327 congregare
3394 3258 3532 3327 ﬁlios

1917 3336 2109 3421 uestros
2131 3370 2149 3397 ,
2181 3339 2229 3384 et
2256 3332 2491 3388 noluistis
2538 3334 2689 3406 (Luc.
2724 3338 2812 3395 l3.
2844 3340 2981 3412 54)?
3011 3343 3313 3419 deindeque
3341 3351 3532 3421 addit,

1918 3417 2273 3491 Relinquetur,
2295 3439 2366 3490 se
2394 3424 2743 3486 desolationis
2771 3441 3050 3491 auctorem
3080 3417 3341 3496 ostendit.
3370 3417 3528 3512 Quia,

1917 3513 2127 3586 inquit,
2162 3514 2439 3575 beneflciis
2470 3518 2719 3578 noluistis
2757 3523 2825 3580 ad
2853 3526 3183 3585 credendum
3215 3532 3432 3604 induci,
3462 3552 3531 3595 ex

1916 3606 2182 3677 supplicio
2220 3612 2557 3679 cognoscetis
2585 3614 2709 3686 quis
2734 3628 2853 3671 sum
2894 3632 3017 3692 ego.
3047 3619 3113 3675 Et
3146 3621 3301 3678 Pater
3334 3642 3531 3684 mecum

1915 3697 2117 3792 estsNe
2144 3709 2413 3771 putarent,
2442 3703 2595 3773 illud,
2628 3705 2893 3773 Qui’misit
2919 3727 3018 3778 me,
3046 3714 3312 3773 minorem
3353 3720 3528 3792 ipsum

1914 3787 2211 3861 declarare,
2236 3794 2405 3862 addit,
2442 3795 2647 3853 Mecum
2676 3809 2773 3856 est.
2805 3802 2965 3859 Aliud
2991 3805 3137 3861 enim
3168 3787 3531 3881 dispensatio-

1916 3881 2002 3938 nis
2022 3923 2038 3946 ,
2067 3884 2211 3940 aliud
2241 3886 2538 3944 divinitatis
2568 3899 2672 3947 est.
2717 3890 2787 3947 Et
2827 3910 2928 3949 non
2958 3898 3159 3969 reliquit
3203 3917 3283 3956 me
3319 3906 3485 3960 solum
3511 3949 3527 3973 ,

1913 3975 2052 4044 quia,
2080 3993 2194 4049 qua:
2216 3979 2405 4049 placita
2428 3992 2547 4036 sunt
2575 3982 2641 4049 ei,
2673 3985 2810 4054 facio
2829 4003 3043 4059 semper.
3076 3991 3311 4050 Rursum
3340 3997 3406 4053 ad
3431 3998 3528 4054 lut-

1914 4065 2127 4158 miliura
2153 4066 2466 4137 descendit,
2499 4072 2632 4129 illttd
2661 4074 2977 4147 frequenter
3016 4091 3251 4139 tractans
3272 4089 3415 4158 quod
3445 4091 3528 4147 di-

1912 4157 2143 4223 cebant,
2188 4161 2360 4231 ipsum
2390 4179 2456 4219 ex
2487 4164 2596 4222 Deo
2639 4184 2746 4223 non
2786 4184 2910 4227 esse
2933 4211 2949 4239 ,
2982 4157 3376 4250 sabbatnmque
3416 4200 3524 4240 non

1912 4267 2131 4345 servare
2159 4272 2173 4309 :
2206 4256 2327 4312 ideo
2347 4257 2497 4326 dicit,
2530 4260 2658 4327 Qua:
2678 4263 2867 4333 placita
2890 4276 3009 4321 sunt
3031 4270 3095 4335 ei,
3126 4272 3260 4341 facio
3279 4290 3478 4345 semper
3506 4296 3526 4333 :

1913 4343 2157 4403 indicans
2198 4349 2446 4419 placitam
2494 4352 2593 4423 ipsi
2632 4368 2754 4411 esse
2790 4355 3000 4414 sabbati
3048 4343 3397 4423 solutionem;
3433 4367 3525 4426 Sic

1911 4452 2033 4495 cum
2058 4439 2126 4495 ad
2169 4455 2386 4499 crucem
2430 4442 2756 4514 duceretur,
2785 4449 2860 4503 ait
2891 4467 2906 4504 :
2941 4450 3021 4506 An
3052 4458 3245 4523 putatis
3269 4460 3393 4530 quia
3418 4478 3523 4518 non

1911 4549 2118 4628 possunt
2143 4551 2325 4628 rogare
2349 4534 2559 4591 Patrent
2585 4542 2802 4595 meum?
2827 4542 2988 4613 Atqui
3020 4545 3121 4602 hoc
3148 4550 3321 4607 solum
3352 4553 3522 4628 dicto,

1915 4623 2077 4689 Quem
2096 4626 2364 4696 quteritis?
2390 4628 2615 4699 supinos
2640 4630 2765 4687 illos
2793 4638 3105 4703 prostravit.
3136 4637 3246 4695 Cur
3261 4657 3390 4715 ergo
3415 4623 3524 4705 non

1910 4716 2064 4784 dicit,
2096 4718 2177 4772 An
2206 4718 2405 4790 putatis
2442 4735 2531 4776 me
2561 4735 2669 4776 non
2715 4737 2876 4794 posse
2900 4740 2999 4782 vos
3026 4728 3293 4798 perdere?
3325 4749 3446 4791 cum
3471 4738 3524 4794 id

1912 4809 2089 4879 reipsa
2137 4809 2629 4869 demonstraverit?
2656 4812 2876 4871 illorum
2905 4815 3199 4875 inﬁrmitati
3228 4838 3288 4879 se
3325 4836 3525 4883 attem-

1911 4911 2084 4973 perat.
2117 4904 2341 4961 Multum
2367 4907 2513 4963 enim
2541 4907 2765 4963 curabat
2792 4911 3101 4979 ostendere,
3132 4928 3191 4969 se
3219 4916 3349 4973 nihil
3375 4919 3525 4978 Patri

1911 5000 2242 5055 contrarium
2273 4998 2470 5055 facere.
2500 5000 2591 5057 Sic
2615 5010 2671 5057 et
2700 5000 2950 5059 hoc’loco
2981 5005 3217 5062 humano
3259 5026 3413 5066 more
3444 5014 3519 5069 lo-

1910 5091 2112 5163 quitur.
2144 5091 2213 5149 Ut
2240 5100 2420 5148 autem
2450 5091 2602 5159 illud,
2637 5091 2765 5147 Non
2791 5094 2993 5165 reliquit
3019 5113 3098 5152 nte
3119 5100 3522 5169 solum,dictunt

1913 5185 2011 5241 fuit
2037 5204 2050 5242 :
2077 5186 2157 5242 sic
2184 5195 2239 5242 et
2267 5186 2397 5241 illud
2418 5228 2433 5253 ,
2467 5188 2597 5255 Qua:
2640 5188 2829 5258 placita
2857 5200 2975 5243 sunt
3019 5192 3067 5245 ei
3083 5231 3099 5258 ,
3143 5196 3278 5263 facio
3304 5212 3522 5269 semper.

1912 5278 2003 5333 50.
2033 5276 2161 5332 Haec
2186 5277 2562 5345 illo-loquente,
2593 5280 2743 5333 multi
2767 5281 3094 5337 crediderunt
3126 5301 3177 5339 tn
3209 5303 3343 5341 eum.
3388 5290 3523 5345 Cum

1912 5372 1979 5427 ad
2014 5372 2298 5428 humiliora
2335 5372 2646 5441 descendit,
2681 5388 2808 5430 tunc
2847 5376 2999 5430 multi
3030 5378 3399 5436 crediderunt.
3440 5384 3523 5439 An

1911 5469 2089 5524 adlmc
2130 5469 2435 5539 interrogas
2477 5482 2576 5522 cur
2619 5468 2895 5523 humiliter
2944 5470 3234 5541 loquatur?
3262 5475 3420 5543 Atqui
3470 5478 3521 5532 id

1914 5562 2196 5619 manifeste
2243 5561 2497 5617 indicavit
2535 5562 2869 5632 evangelista
2910 5561 3098 5618 dicens
3131 5582 3144 5617 :
3179 5563 3305 5618 "(Bc
3333 5566 3523 5622 illolo-

1912 5666 2111 5723 quente,
2140 5655 2286 5709 multi
2312 5654 2634 5709 crediderunt
2656 5656 2708 5707 in
2737 5670 2887 5719 cum;
2919 5664 3122 5709 tantum
3153 5671 3257 5710 non
3280 5652 3549 5717 clamans‘

1913 5770 1978 5808 ex
1998 5752 2158 5808 rebus
2184 5750 2314 5821 ipsis
2336 5770 2347 5804 :
2368 5749 2445 5805 Ne
2464 5748 2717 5817 turbcris,
2732 5749 2965 5811 auditor,
2984 5750 3027 5803 si
3052 5748 3175 5819 quid
3198 5752 3399 5809 humile
3420 5769 3518 5808 au-

1914 5847 2045 5908 dias.
2070 5847 2170 5915 Qui
2198 5842 2339 5901 enim
2358 5850 2482 5916 post
2498 5850 2696 5897 tantam
2711 5841 3006 5898 doctrinam
3032 5840 3265 5896 nondum
3281 5842 3530 5914 persuabi
