4164 6324
684 350 784 410 998

682 476 832 527 erant
855 467 1025 537 ipsum
1044 475 1072 514 a
1099 459 1254 514 Patre
1278 466 1416 515 esse,
1439 446 1631 502 merito
1653 439 1932 497 humiliora
1951 431 2256 537 audierunt,

764 523 1060 614 crederent.
1093 546 1286 604 Ethmc
1301 543 1408 612 jam
1445 535 1688 592 defensio
1721 528 2053 602 przemittitur
2071 539 2168 595 pro
2197 523 2256 576 iis

687 667 801 723 qum
815 657 991 719 postea
1006 640 1272 697 humiliter
1283 637 1520 692 dicturus
1532 623 2145 723 est.Crcdiderpntcrgo,
2155 631 2258 723 non

685 708 862 796 tamen
879 742 1133 807 quantum
1151 725 1448 801 oportebat,
1465 719 1556 776 sed
1577 726 1880 784 utcumque,
1897 710 1949 765 in
1965 708 2261 765 humilitate

683 806 962 887 verborum
990 823 1196 896 placide
1224 819 1592 876 consistentes.
1624 807 1778 878 Quod
1822 806 1964 861 enim
1988 817 2092 896 non
2136 815 2258 896 pcr-

684 926 875 980 fectam
943 890 1199 973 haberent
1267 910 1458 972 tidem,
1514 909 1775 958 monstrat
1828 894 2148 965 evangelista
2209 890 2258 942 iu

684 1015 1028 1089 sequentibus
1053 1052 1065 1073 ,
1113 1007 1198 1063 ubi
1240 1004 1335 1075 ipsi
1377 995 1751 1089 contumeliam
1796 989 2061 1089 inferunt.
2108 981 2260 1089 Ott-od

684 1078 860 1166 aufem
913 1106 1067 1163 iidem
1108 1101 1208 1172 ipsi
1237 1103 1458 1160 essent,
1503 1087 1753 1146 indicavit
1796 1083 1879 1139 his
1920 1081 2138 1172 verbis:
2170 1078 2256 1132 5|.

691 1203 890 1257 Dicebat
920 1212 1035 1267 ergo
1068 1171 1220 1249 Jestts
1253 1191 1320 1244 ad
1354 1204 1436 1241 eos
1474 1185 1558 1255 qui
1589 1180 1907 1236 crediderant
1935 1175 1980 1228 ei
2003 1171 2212 1226 Judwos
2244 1185 2262 1223 :

686 1295 748 1349 Si
769 1308 851 1346 vos
873 1287 1152 1342 manseritis
1174 1286 1226 1337 in
1251 1294 1478 1336 sermone
1505 1291 1635 1341 meo;
1653 1269 1942 1327 ostendens
1967 1267 2110 1335 ipsos
2139 1278 2262 1317 non-

683 1385 807 1439 dum
840 1377 1140 1450 suscepisse
1168 1373 1464 1429 doctrinam
1491 1410 1504 1433 ,
1533 1366 1628 1423 sed
1657 1365 1813 1419 dictis
1839 1360 2118 1416 attendere
2149 1366 2263 1450 tan-

686 1486 819 1531 tutn.
851 1446 1182 1539 Quapropter
1233 1460 1599 1520 vehementius
1651 1455 1903 1525 loquitur.
1951 1450 2062 1506 lllic
2118 1446 2262 1539 enim

683 1536 996 1634 simpliciter
1021 1536 1248 1622 dicebat,
1271 1552 1516 1620 Quwretis
1544 1565 1656 1612 me;
1687 1561 1825 1600 nunc
1856 1557 1982 1596 vcro
2011 1536 2262 1634 addit,”]n

685 1629 898 1726 peccatis
922 1650 1093 1706 vestris
1112 1645 1410 1701 moriemini.
1439 1642 1504 1696 Et
1523 1635 1792 1710 quomodo
1820 1634 1870 1689 id
1892 1634 1976 1686 ftat
2006 1629 2260 1726 ostendit,

682 1719 811 1815 Quia
835 1760 955 1801 cum
985 1757 1049 1798 eo
1080 1737 1352 1801 veneritis,
1384 1751 1485 1789 non
1522 1730 1764 1802 poteritis
1794 1741 1877 1782 me
1901 1738 2110 1794 rogare.
2138 1719 2263 1774 lla'c

681 1817 792 1910 qua;
829 1839 1005 1906 loquor
1041 1836 1093 1888 in
1134 1830 1340 1884 mundo.
1374 1827 1466 1882 llis
1493 1824 1730 1879 declarat
1756 1835 1815 1875 se
1839 1819 1963 1910 jam_
1995 1816 2262 1910 exiturum

682 1903 746 1984 ad
776 1903 978 1999 gentes.
1007 1925 1138 1980 Cum
1168 1936 1296 1976 vero
1314 1934 1419 1973 non
1442 1916 1639 1972 scirent
1662 1913 1832 1981 ipsum
1850 1907 1918 1963 de
1938 1908 2095 1962 Patre
2121 1903 2265 1974 prius

686 2025 960 2090 loquutnm
987 2030 1107 2072 esse
1134 2055 1147 2080 ,
1180 2025 1389 2069 rursum
1416 2007 1484 2063 de
1513 2007 1607 2060 illo
1632 2003 1861 2074 loquitur
1885 2042 1899 2066 ,
1934 2009 1984 2053 et
2012 2011 2225 2052 causam
2243 2037 2258 2061 ,

680 2129 778 2167 cur
806 2108 1072 2164 humiliter
1101 2106 1349 2174 loquutus
1379 2101 1467 2165 sit,
1498 2097 1652 2152 affert
1678 2093 2023 2162 evangelista.

752 2203 806 2261 5.
835 2199 890 2256 Si
917 2199 994 2254 sic
1013 2211 1140 2267 ergo
1166 2194 1469 2265 Scripturas
1491 2195 1741 2244 accurate
1767 2181 1991 2240 serutari
2015 2182 2261 2248 velimus,

683 2309 788 2350 non
832 2289 1225 2361 perfunctorie,
1273 2285 1500 2340 salutem
1543 2277 1798 2350 consequi
1846 2275 2177 2346 poterimus;
2218 2272 2263 2327 si

683 2385 894 2438 assidue
921 2383 971 2435 in
997 2381 1101 2435 illis
1129 2390 1404 2433 versemur
1423 2415 1439 2442 ,
1471 2382 1525 2427 et
1553 2373 1605 2426 in
1635 2385 1759 2425 vera
1787 2367 2033 2424 doctrina
2059 2375 2113 2420 et
2144 2366 2264 2420 vitae

683 2475 946 2546 probitate
973 2472 1330 2528 instituentur.
1361 2469 1437 2525 Ac
1482 2466 1608 2522 licet
1648 2463 1814 2518 durus
1853 2461 1924 2516 sit
1961 2461 2222 2530 quispiam
2248 2501 2263 2526 ,

684 2566 923 2631 immitis,
943 2563 1139 2630 mollis;
1170 2562 1294 2616 licet
1325 2556 1643 2630 precoedenti
1667 2565 1907 2625 tempore
1932 2552 2063 2606 nihil
2096 2551 2268 2606 lucra-

685 2669 768 2714 tus
797 2655 989 2720 fuerit,
1022 2668 1162 2708 nunc
1205 2652 1395 2707 saltem
1451 2648 1697 2720 prolicict
1719 2686 1736 2713 ,
1766 2653 1820 2701 et
1847 2644 2077 2714 aliquam
2107 2683 2122 2707 ,
2165 2643 2266 2697 etsi

682 2765 790 2808 non
815 2748 1028 2810 sentiat,
1053 2745 1330 2799 utilitatem
1351 2742 1622 2810 deccrpet.
1642 2738 1772 2792 Nam
1794 2737 1837 2790 si
1863 2735 2264 2805 unguentariam

684 2843 949 2898 oflicinam
979 2839 1098 2908 quis
1124 2836 1310 2892 adiens
1329 2874 1344 2899 ,
1375 2834 1420 2889 si
1452 2833 1502 2886 in
1531 2831 1621 2886 illa
1652 2836 1893 2885 moretur
1914 2869 1929 2893 ,
1964 2827 2044 2881 vel
2070 2825 2266 2879 invitus

683 2949 900 2990 suavem
940 2932 1167 3001 aliquem
1209 2934 1564 2997 consequetur
1591 2922 1847 2985 odorem;
1886 2918 2055 2973 multo
2099 2914 2266 2986 magis

684 3029 774 3098 qui
802 3024 1081 3080 ecclesiam
1108 3020 1428 3090 frequentat.
1452 3016 1523 3072 Ut
1550 3015 1690 3071 enim
1721 3028 1783 3068 ex
1811 3011 2012 3067 desidia
2039 3051 2053 3074 ,
2094 3008 2265 3078 negli-

687 3117 860 3185 gentia
892 3134 906 3169 :
935 3114 1011 3168 sic
1043 3127 1108 3167 ex
1149 3109 1457 3181 operatione
1481 3147 1496 3174 ,
1537 3106 1700 3159 animi
1749 3102 1908 3157 ardor
1940 3101 2127 3157 oritur.
2158 3099 2266 3153 Etsi

685 3206 839 3261 malis
866 3205 939 3258 sis
965 3201 1258 3258 innumeris
1306 3199 1557 3265 refertus,
1585 3196 1686 3252 etsi
1714 3197 1969 3265 impurus,
1992 3192 2100 3246 noli
2129 3191 2266 3246 hanc

688 3299 853 3351 vitare
880 3294 1251 3365 frequentiam.
1282 3291 1416 3358 Quid
1443 3305 1600 3352 vero,
1636 3288 1815 3358 inquis
1834 3327 1850 3352 ,
1881 3298 1924 3339 ει
1950 3285 2130 3338 audita
2159 3298 2264 3337 non

689 3389 982 3459 exsequar?
1010 3387 1126 3443 Non
1159 3401 1342 3456 parum
1371 3384 1500 3438 lucri
1532 3391 1615 3438 est
1635 3421 1650 3447 ,
1680 3381 1724 3435 si
1756 3389 1807 3435 te
1837 3380 2091 3434 miserum
2125 3392 2264 3448 pra:-

685 3479 965 3544 tlicavcris;
991 3493 1094 3533 non
1120 3476 1318 3531 inutilis
1345 3475 1430 3529 hic
1454 3475 1612 3528 timor
1635 3481 1734 3536 est,
1762 3486 1866 3526 non
1892 3468 2267 3544 intempestiva

690 3573 915 3630 formido
943 3591 954 3626 :
980 3572 1024 3626 si
1054 3573 1223 3626 solum
1253 3569 1596 3639 ingemueris,
1623 3565 1763 3637 quod
1784 3565 1963 3620 audita
1989 3579 2092 3618 non
2111 3578 2261 3618 exse-

684 3664 867 3732 quaris
892 3705 908 3730 ,
945 3661 1229 3732 aliquando
1266 3659 1334 3714 ad
1369 3658 1632 3729 agendum
1677 3667 1730 3712 te
1767 3655 2120 3726 comparabis.
2155 3653 2267 3708 Non

687 3763 863 3824 potest
895 3756 1035 3808 enim
1079 3752 1167 3821 qui
1209 3752 1372 3806 [leum
1414 3751 1705 3821 alloquitur
1728 3791 1742 3812 ,
1778 3749 2055 3818 ipsumque
2084 3747 2266 3815 audit,

689 3862 793 3900 non
823 3843 1019 3913 aliquid
1058 3843 1189 3898 lucri
1230 3842 1504 3912 consequi.
1538 3843 1726 3896 Statim
1763 3842 1908 3896 enim
1940 3857 2034 3895 nos
2062 3840 2267 3910 colligi-

688 3949 807 3993 mus
835 3948 1127 4002 manusque
1155 3931 1441 3998 abluimus,
1475 3946 1595 3985 cum
1627 3931 1818 3985 librum
1849 3931 2092 4000 accipere
2115 3931 2268 3983 volu-

689 4042 828 4084 mus.
853 4023 1038 4079 Viden’
1067 4032 1264 4094 quanta
1293 4025 1376 4078 vel
1407 4033 1533 4076 ante
1569 4022 1850 4076 lectionem
1876 4021 2085 4091 pietas?
2114 4020 2268 4088 Quod

686 4121 730 4174 si
762 4117 1043 4188 diligenter
1069 4131 1369 4187 pergamus,
1392 4131 1634 4186 magnam
1657 4130 1936 4184 carpemus
1963 4114 2267 4168 utilitatem.

687 4212 870 4282 Neque
888 4210 1030 4265 enim
1059 4209 1158 4264 nisi
1188 4210 1362 4262 anima
1395 4209 1476 4278 pie
1501 4206 1712 4272 aliecta,
1743 4221 1931 4260 manus
1954 4206 2230 4261 abluemus
2254 4223 2266 4258 :

1419 335 1474 392 S.
1516 324 1792 388 JOANNIS
1827 313 2299 380 CIIRYSOSTOMI
2343 312 2657 370 ARCHIEP.
2701 309 3234 369 CONSTANTINOP.

3853 307 3968 362 206

2369 439 2422 485 et
2453 429 2666 493 mulier,
2692 428 2735 481 si
2765 441 2870 481 non
2897 433 3080 495 operta
3102 424 3192 488 sit,
3216 421 3394 477 statim
3418 422 3593 477 velum
3620 422 3870 487 assumit,
3911 424 3964 474 in

2365 528 2736 591 argumentum
2761 517 2971 587 pietatis
2989 514 3264 569 interioris
3295 530 3310 570 :
3338 512 3439 579 vir,
3473 513 3518 568 si
3547 521 3740 582 aperto
3769 514 3836 568 sit
3863 530 3964 567 ca-

2365 613 2473 682 pite
2494 655 2506 675 ,
2539 611 2700 666 nudat
2724 616 2902 678 caput.
2935 605 3122 661 Viden'
3147 603 3417 676 quomodo
3442 615 3697 658 externus
3742 603 3966 658 habitus

2365 704 2586 758 interna:
2624 701 2691 755 sit
2718 698 2928 770 pietatis
2957 695 3244 752 indicium?
3273 694 3398 750 lnde
3424 695 3623 750 sedens
3651 694 3716 748 ad
3745 695 3966 749 audien-

2362 795 2523 861 dum,
2549 793 2801 864 frequens
2849 789 3178 861 ingemiscit,
3217 800 3270 848 et
3311 787 3637 860 prmteritam
3664 788 3828 840 vitam
3859 785 3967 839 da-

2364 899 2530 943 mnat.
2565 887 2854 956 Seriptnris
2882 902 3010 957 ergo
3039 887 3272 940 animum
3296 878 3884 946 adhibeamus,dilecti,
3910 887 3968 932 et

2363 980 2550 1034 saltem
2579 978 2850 1049 evangelia
2878 977 3117 1032 studiose
3147 984 3458 1032 tractemus.
3489 973 3678 1029 Statim
3702 971 3848 1026 enim
3875 980 3966 1024 at-

2363 1085 2468 1140 que
2489 1069 2679 1124 librum
2706 1069 3017 1140 aperueris,
3049 1067 3246 1122 Christi
3287 1081 3482 1122 nomen
3514 1064 3720 1120 videbis
3745 1105 3760 1129 ,
3789 1073 3846 1118 et
3873 1062 3964 1116 di-

2364 1172 2572 1218 centem
2619 1162 2766 1217 illum
2813 1161 3046 1219 audies:
3092 1159 3219 1215 Iesu
3261 1171 3428 1214 autem
3472 1159 3661 1215 Christi
3703 1157 3968 1229 generatio

2364 1254 2436 1308 sic
2465 1263 2590 1308 erat.
2622 1253 2747 1307 Cum
2768 1262 2895 1307 esset
2913 1253 3214 1325 desponsata
3228 1262 3389 1305 mater
3410 1253 3518 1322 ejus
3548 1250 3718 1304 Maria
3741 1248 3965 1318 Ioseph,

2365 1345 2563 1399 inventa
2592 1345 2738 1398 estin
2763 1356 2902 1399 utero
2932 1343 3119 1398 habens
3144 1345 3205 1397 de
3235 1344 3436 1414 Spiritu
3461 1352 3635 1397 sancto
3666 1346 3680 1400 l
3695 1341 3884 1395 Matth.
3908 1343 3966 1395 1.

2366 1438 2479 1508 l8).
2507 1438 2606 1506 Qui
2633 1447 2813 1494 autem
2845 1441 2960 1492 huic
2990 1437 3239 1505 audierit,
3267 1439 3446 1493 statim
3475 1437 3795 1508 virginitatis
3819 1451 3968 1490 amo-

2364 1544 2423 1585 re
2446 1531 2711 1599 capietur,
2758 1540 2967 1600 partum
2991 1531 3270 1586 mirabitur
3290 1573 3304 1596 ,
3333 1546 3362 1584 a
3387 1539 3526 1585 terra
3556 1530 3822 1601 migrabit.
3852 1529 3968 1585 Nec

2367 1637 2462 1692 pro
2491 1623 2700 1678 modico
2735 1622 3045 1678 habendum
3073 1633 3152 1677 est
3177 1664 3190 1686 ,
3225 1624 3266 1676 si
3299 1623 3380 1678 vcl
3418 1622 3642 1692 carptim
3680 1620 3968 1689 obiterque

2368 1715 2562 1772 videris
2589 1715 2791 1785 Spiritu
2814 1727 3002 1771 sancto
3025 1715 3296 1785 dignatam
3318 1714 3608 1786 Virginem,
3638 1723 3693 1769 et
3712 1713 3968 1785 angelum

2371 1808 2538 1878 ipsam
2572 1808 2952 1877 alloquentem.
2997 1808 3121 1864 llaec
3161 1808 3338 1863 adhuc
3375 1809 3430 1862 in
3465 1806 3752 1877 superficie
3789 1814 3916 1863 sunt
3954 1823 3966 1859 :

2367 1899 2460 1954 scd
2486 1901 2529 1955 si
2560 1899 2671 1954 hzec
2701 1899 3024 1969 Speculando
3047 1914 3214 1970 usque
3237 1899 3287 1954 in
3318 1898 3479 1955 finem
3506 1913 3841 1970 perseveres,
3865 1914 3970 1952 sa:-

2366 1992 2569 2046 eularia
2588 1993 2768 2046 statim
2795 1991 2971 2046 omnia
3001 2005 3254 2063 respues,
3286 2000 3499 2046 terrena
3535 1992 3715 2045 omnia
3751 1989 3968 2046 deride-

2366 2085 2448 2140 bis
2479 2102 2490 2138 :
2524 2085 2568 2139 si
2593 2084 2742 2140 dives
2771 2085 2868 2152 sis,
2894 2085 3108 2140 divitias
3143 2083 3272 2139 nihil
3300 2098 3421 2139 ese
3447 2083 3631 2148 duces,
3664 2083 3749 2138 ubi
3775 2082 3971 2138 audies

2368 2175 2508 2230 illam
2539 2175 2673 2230 fabri
2712 2192 2931 2231 uxorem
2969 2176 3022 2231 in
3055 2174 3238 2230 humili
3260 2174 3457 2242 domo,
3494 2183 3716 2229 matrem
3751 2174 3968 2229 Domini

2367 2267 2559 2334 fuisse;
2585 2269 2626 2322 si
2657 2283 2857 2338 panper
2878 2311 2893 2336 ,
2923 2269 2991 2324 de
3023 2277 3334 2339 paupertate
3362 2285 3467 2324 non
3489 2268 3777 2324 erubesccs
3797 2310 3809 2332 ,
3837 2284 3969 2322 cum

2367 2359 2618 2416 didiceris
2643 2361 2950 2415 Creatorem
2974 2359 3158 2415 mundi
3184 2361 3494 2416 vilissimam
3518 2375 3699 2414 casam
3719 2376 3822 2412 non
3842 2373 3972 2413 cru-

2368 2450 2571 2506 bnis-sc.
2605 2451 2729 2506 ll.ec
2752 2451 2794 2506 si
2821 2452 3025 2522 cogites
3043 2492 3059 2519 ,
3088 2467 3192 2506 non
3223 2453 3398 2523 rapies
3417 2494 3434 2519 ,
3468 2468 3572 2506 non
3598 2466 3790 2507 avarus
3818 2452 3932 2507 eris
3954 2493 3970 2515 ,

2372 2557 2477 2596 non
2503 2543 2553 2598 in
2581 2543 2749 2597 aliena
2781 2543 3062 2610 involabis;
3089 2544 3185 2600 sed
3209 2545 3384 2615 potius
3405 2546 3732 2616 paupertatis
3757 2554 3974 2600 amator

2370 2638 2496 2698 eris,
2526 2637 2844 2706 divitiasque
2865 2635 3133 2707 deSpicies
3164 2656 3178 2691 :
3202 2636 3327 2692 hinc
3353 2637 3490 2692 mala
3517 2638 3697 2692 omnia
3723 2637 3974 2692 elimina-

2369 2731 2471 2786 bis.
2508 2731 2711 2786 Rursus
2732 2747 2853 2786 etnu
2879 2731 3075 2786 videris
3101 2729 3284 2786 Jcsttm
3303 2730 3355 2785 in
3386 2731 3648 2802 praesepio
3668 2731 3971 2801 iacentem,

2370 2837 2475 2877 non
2509 2822 2645 2876 ultra
2685 2821 2899 2878 curabis
2930 2822 3040 2878 filio
3076 2831 3174 2877 tuo
3199 2830 3449 2877 ornatum
3478 2837 3699 2878 aureum
3731 2822 3972 2877 circum-

2372 2929 2572 2984 ponerc
2591 2955 2606 2980 ,
2632 2931 2737 2969 non
2766 2915 2960 2971 lectum
2987 2925 3209 2987 argento
3236 2915 3546 2970 decoratum
3577 2916 3726 2971 uxori
3755 2931 3974 2986 parare.

2370 3003 2464 3059 llis
2489 3006 2713 3074 abjectis
2739 3007 2904 3073 curis,
2928 3007 3038 3075 jam
3066 3022 3171 3062 non
3188 3008 3426 3062 avaritia:
3454 3007 3537 3062 vel
3567 3008 3766 3077 rapime
3788 3009 3979 3064 stude-

2371 3094 2473 3150 bis.
2500 3095 2657 3151 Multa
2686 3097 2787 3149 alia
2826 3096 2949 3153 hinc
2994 3099 3138 3153 lucra
3185 3109 3512 3169 sequuntur,
3543 3114 3663 3169 qurc
3695 3116 3835 3154 nunc
3864 3117 3979 3155 non

2371 3206 2656 3261 possumus
2683 3191 2986 3262 singulatim
3022 3207 3346 3260 recensere;
3371 3193 3465 3250 sed
3490 3195 3661 3249 scient
3691 3195 3726 3249 ii
3756 3195 3845 3265 qui
3880 3212 3982 3250 cx-

2374 3284 2677 3355 pcrimcnto
2703 3285 3010 3342 didicerint.
3039 3288 3377 3356 Quapropter
3405 3301 3555 3359 rogo,
3585 3287 3752 3343 libros
3785 3286 3981 3356 hujus-

2372 3375 2516 3431 modi
2547 3375 2697 3431 vobis
2735 3377 3060 3447 comparetis
3080 3418 3095 3442 ,
3136 3377 3396 3432 librorum
3425 3393 3580 3434 sensa
3625 3380 3940 3448 percipiatis
3961 3422 3978 3447 ,

2373 3478 2532 3538 atque
2561 3468 2613 3521 in
2636 3469 2903 3524 mentibus
2933 3471 3126 3526 vestris
3152 3470 3488 3527 dcscribatis.
3515 3471 3684 3528 Jndzei
3717 3487 3980 3544 namque,

2371 3559 2495 3628 quia
2525 3573 2630 3613 non
2661 3560 2897 3614 animum
2925 3560 3272 3628 adhibebant,
3296 3562 3430 3632 jnssi
3461 3574 3585 3618 sunt
3617 3564 3783 3620 libros
3809 3567 3984 3622 mani-

2373 3651 2472 3707 bus
2503 3651 2812 3721 appendere
2836 3672 2848 3707 :
2875 3669 2971 3708 nos
2991 3664 3169 3708 autem
3203 3670 3306 3709 non
3333 3655 3675 3719 inmanibus,
3703 3656 3795 3713 sed
3824 3656 3982 3714 domi

2373 3741 2710 3813 deponimus,
2735 3758 2855 3798 cum
2885 3755 3157 3814 oporteret
3186 3747 3237 3800 in
3267 3747 3429 3802 corde
3454 3763 3697 3804 exarare.
3717 3748 3807 3805 Sic
3827 3751 3978 3805 enim

2374 3835 2633 3891 abstersis
2677 3839 2800 3893 vita:
2838 3838 3115 3904 sordibus,
3155 3838 3328 3895 futura
3368 3855 3760 3911 consequemur
3789 3842 3930 3898 bona
3963 3863 3975 3896 :

2375 3946 2494 4001 qua:
2525 3931 2726 3985 utinam
2751 3931 3134 4002 adipiscamur,
3166 3933 3334 4003 gratia
3364 3942 3418 3988 et
3445 3934 3776 4003 benignitate
3804 3937 3978 3992 Domi-

2375 4025 2430 4077 ni
2459 4025 2626 4079 nostri
2672 4023 2797 4079 Jesu
2837 4023 3038 4080 Christi
3071 4067 3084 4088 ,
3129 4041 3224 4095 per
3263 4041 3420 4100 quem
3457 4036 3509 4081 et
3545 4041 3667 4083 ctum
3695 4043 3804 4097 quo
3831 4027 3973 4085 Patri

2374 4117 2540 4187 gloria
2567 4159 2580 4178 .
2613 4117 2875 4186 simulque
2909 4117 3127 4184 Spirittti
3153 4127 3369 4183 saneto,
3403 4132 3544 4172 nunc
3572 4126 3624 4171 et
3650 4133 3896 4189 semper,
3922 4133 3978 4176 et

2378 4209 2430 4260 in
2462 4208 2655 4261 smcula
2692 4209 3033 4262 surculorum.
3069 4207 3259 4261 Amen.

687 4324 3964 4358 Μ

2014 4393 2359 4458 HOMILIA
2399 4398 2561 4460 LIV.

688 4553 815 4608 Car.
833 4551 886 4606 8.
911 4566 962 4604 v.
985 4548 1074 4604 5i.
1109 4543 1314 4602 Dicebat
1343 4557 1460 4611 ergo
1485 4538 1634 4593 Iesus
1653 4537 1720 4590 ad
1740 4553 1822 4595 eos
1840 4538 1926 4605 qui
1951 4537 2269 4593 crediderunt

760 4645 803 4697 ei
830 4641 1039 4698 Iudaeos
1067 4655 1084 4693 :
1116 4637 1173 4692 Si
1201 4652 1285 4689 vos
1313 4630 1592 4686 manseritis
1638 4629 1689 4681 in
1726 4644 1952 4682 sermone
1981 4645 2089 4681 meo
2110 4669 2123 4691 ,
2157 4645 2268 4684 vere

761 4737 997 4807 discipuli
1039 4733 1132 4786 mei
1159 4729 1295 4783 eritis
1316 4767 1330 4793 ,
1376 4725 1466 4780 52.
1497 4733 1544 4777 et
1571 4722 1874 4792 cognoscetis
1904 4722 2161 4774 veritatem
2182 4763 2195 4788 ,
2220 4731 2267 4775 ct

761 4831 940 4886 veritas
970 4822 1194 4878 liberabit
1224 4835 1308 4872 vos
1321 4857 1332 4869 .

765 4926 817 4978 1.
859 4918 1020 4973 Multa
1048 4913 1201 4968 nobis
1228 4907 1476 4978 patientia
1519 4920 1652 4975 OplIS
1680 4912 1784 4967 cst,
1817 4903 2016 4957 dilecti.
2052 4903 2266 4957 Patien-

692 5020 761 5072 tia
787 5024 964 5068 autem
996 5020 1121 5062 tunc
1149 5002 1460 5072 acquiritur,
1491 5013 1612 5052 cum
1638 4997 1885 5066 dogmata
1916 4996 1966 5048 in
1998 4996 2158 5049 corde
2183 5012 2268 5049 ra-

691 5110 839 5164 dices
860 5109 1098 5173 cgcrunt.
1125 5097 1193 5152 Ut
1212 5095 1350 5148 enim
1378 5105 1630 5161 quercum
1656 5088 1925 5158 profundis
1953 5089 2264 5142 instructam

694 5199 958 5255 radicibus
982 5193 1179 5264 quaevis
1208 5187 1350 5243 venti
1381 5183 1634 5239 violentia
1667 5196 1767 5235 non
1800 5181 1978 5236 evellit
2007 5200 2020 5233 :
2045 5181 2125 5236 sic
2154 5182 2267 5235 ani-

693 5307 832 5348 mam
860 5287 1040 5342 divino
1065 5281 1324 5337 conﬁxam
1357 5279 1547 5331 timore
1573 5288 1730 5329 nemo
1758 5275 1951 5342 poterit
1979 5284 2224 5330 evertere
2250 5293 2263 5330 :

693 5385 855 5438 clavis
885 5379 1027 5434 enim
1057 5372 1273 5428 allixum
1302 5384 1421 5424 esse
1448 5367 1677 5435 amplius
1722 5374 1803 5418 est
1823 5405 1835 5426 ,
1869 5381 2025 5432 quam
2057 5365 2264 5419 radica-

694 5489 803 5532 ιιιιη
833 5487 967 5528 esse,
998 5469 1054 5522 id
1082 5463 1390 5535 precabatur
1432 5459 1682 5528 propheta
1705 5500 1719 5523 ,
1747 5456 1958 5527 Confige
1984 5457 2160 5511 timore
2185 5468 2269 5512 tuo

693 5582 869 5621 carnes
898 5577 1027 5615 ment
1057 5555 1221 5626 (Psal.
1265 5553 1379 5607 ll8.
1413 5551 1556 5618 l‘20).
1584 5549 1673 5604 Sic
1698 5559 1751 5603 ct
1773 5558 1824 5603 tu
1842 5550 2048 5618 conlige
2074 5558 2127 5604 et
2148 5550 2268 5604 alli-

697 5678 757 5732 εει
777 5703 791 5725 ,
819 5655 967 5727 quasi
989 5653 1142 5706 clavo
1163 5648 1324 5702 altius
1354 5647 1600 5713 impacto.
1628 5641 1694 5698 Ut
1715 5643 1854 5696 enim
1881 5643 1960 5696 sie
1986 5642 2159 5697 allecti
2184 5643 2268 5697 vix

699 5752 1005 5823 capiantur,
1038 5744 1114 5799 sic
1158 5755 1309 5798 secus
1354 5736 1632 5807 compositi
1674 5744 1828 5806 captu
1876 5733 2092 5802 faciles,
2126 5735 2270 5792 nullo

2379 4545 2591 4613 negotio
2615 4544 2955 4612 dcjicinntnr.
2980 4545 3130 4614 Quod
3157 4557 3281 4602 tunc
3307 4548 3479 4604 Judaei
3503 4551 3646 4621 passi
3665 4561 3814 4608 sunt.
3839 4553 3973 4609 Cum

2376 4637 2648 4692 audissent
2696 4639 2836 4691 enim
2880 4649 2934 4692 et
2973 4639 3368 4708 credidissent,
3402 4658 3590 4699 rursus
3613 4646 3787 4701 eversi
3824 4657 3969 4703 sunt.

2377 4729 2506 4783 Cum
2540 4745 2667 4799 ergo
2705 4729 2862 4785 tidem
2893 4731 3105 4786 illorum
3131 4733 3376 4789 Christus
3420 4735 3713 4793 firmiorem
3743 4739 3974 4796 reddere

2379 4820 2560 4886 vellet,
2592 4837 2658 4876 ne
2683 4822 2814 4875 ultra
2846 4822 2896 4876 in
2920 4824 3031 4878 sola
3054 4825 3340 4894 superficie
3366 4838 3645 4895 maneret,
3672 4829 3971 4885 vehemen-

2380 4913 2512 4964 tiore
2530 4927 2778 4970 serumne
2802 4914 3040 4969 animum
3062 4917 3300 4987 conligit.
3319 4917 3666 4976 Credentium
3686 4923 3831 4978 enim
3855 4935 3966 4979 erat

2379 5003 2824 5072 reprehensiones
2843 5007 2996 5063 facile
3019 5009 3249 5064 tolerare
3275 5026 3289 5063 :
3316 5011 3392 5066 illi
3421 5028 3550 5068 vero
3566 5016 3746 5070 statim
3779 5031 3950 5072 excan

2375 5091 2624 5147 dnernnt.
2652 5093 2934 5163 Quomodo
2979 5097 3029 5152 id
3079 5099 3434 5168 agit?Primo
3483 5103 3969 5163 hortatur:Sivos

2378 5187 2662 5238 manseritis
2691 5185 2746 5240 in
2772 5204 3004 5244 sermone
3035 5206 3142 5244 meo
3163 5232 3177 5255 ,
3210 5208 3320 5246 uere
3345 5193 3586 5265 discipuli
3611 5197 3709 5250 mei
3732 5199 3893 5264 eritis,
3924 5211 3973 5254 et

2377 5281 2558 5334 veritas
2585 5281 2809 5336 liberabit
2836 5300 2921 5338 vos
2938 5301 2958 5349 ;
2977 5299 3042 5340 ac
3062 5284 3106 5339 si
3125 5285 3327 5342 diceret
3348 5303 3362 5340 :
3391 5289 3566 5343 Altam
3590 5291 3826 5346 facturus
3847 5308 3970 5348 sum

2377 5371 2709 5440 incisioncm;
2737 5375 2832 5430 sed
2862 5391 2928 5430 nc
2952 5377 3315 5446 esagitemini.
3349 5379 3463 5435 imo
3483 5396 3612 5435 vero
3644 5381 3728 5436 his
3755 5381 3971 5438 illorum

2377 5463 2683 5535 superbiam
2709 5469 2984 5537 repressit.
3013 5469 3055 5522 Α
3081 5485 3210 5540 quo,
3234 5485 3437 5540 qumso,
3469 5472 3757 5533 liberabit?
3775 5477 3816 5530 Α
3845 5493 3970 5547 pec-

2378 5555 2533 5609 catis.
2563 5555 2696 5622 Quid
2728 5572 2856 5628 ergo
2898 5569 3211 5629 arrogantes
3250 5561 3368 5614 illi?
3396 5563 3484 5618 55.
3521 5563 3707 5620 Semen
3751 5567 3975 5625 Abralur

2375 5663 2584 5711 sumus,
2611 5657 2655 5701 et
2703 5650 2890 5703 nemini
2933 5652 3224 5705 seruiuimus
3267 5669 3524 5723 umqmnn.
3568 5655 3759 5710 Statint
3781 5661 3976 5717 animo

2383 5737 2718 5810 deciderunt,
2753 5743 2872 5813 quia
2904 5745 3132 5799 terrenis
3164 5743 3463 5802 iultiabant.
3498 5747 3665 5804 Illud.
3696 5748 3760 5804 Si
3792 5767 3989 5804 niense-
