4164 6324
210 390 310 445 297

211 505 324 559 ritis
350 503 405 557 in
430 515 666 557 sermone
692 512 824 562 meo,
848 506 931 551 est.
959 494 1247 549 indicantis
1276 492 1401 564 quid
1432 492 1485 546 in
1506 488 1671 545 corde
1692 501 1814 542 ver-

211 606 433 662 sarent,
463 604 520 651 et
547 594 770 651 scientis
800 593 945 661 ipsos
972 588 1267 646 credidisse
1293 585 1507 657 quidem
1531 627 1545 651 ,
1576 597 1683 638 non
1716 596 1814 635 aut

212 701 321 745 tem
354 689 622 744 mansisse
651 688 704 741 in
736 684 862 739 ﬁde.
889 682 957 737 Et
1006 695 1256 752 magnum
1288 677 1558 749 quidpiam
1590 674 1815 746 promit-

212 784 306 850 tit,
355 783 503 851 ipsos
553 792 746 849 nempe
790 775 1084 846 discipulos
1128 773 1247 843 ejus
1300 772 1437 826 fore.
1490 770 1623 824 Cum
1671 767 1816 823 enim

212 875 460 929 nonnulli
493 888 662 943 nuper
686 870 1069 932 recessissent,
1105 867 1251 937 ipsos
1272 862 1626 920 subindicans
1653 860 1814 925 dicit,

211 966 276 1021 Si
310 966 599 1019 manseritis
626 979 644 1016 :
674 976 795 1016 nam
824 960 895 1014 illi
920 958 1224 1024 audierant,
1253 954 1615 1020 crediderant,
1655 958 1710 1006 et
1739 966 1818 1007 re-

211 1067 517 1123 cesserant,
532 1054 782 1126 quoniam
801 1067 905 1107 non
929 1057 1261 1105 manserant.
1282 1046 1436 1101 Multi
1452 1046 1585 1099 enim
1601 1044 1820 1114 discipu-

214 1151 388 1203 lorum
415 1150 527 1220 ejus
557 1148 787 1200 abierunt
813 1153 967 1209 retro,
1000 1154 1044 1195 et
1065 1142 1182 1211 jam
1210 1157 1312 1194 non
1339 1155 1455 1193 cum
1477 1138 1567 1191 illo
1594 1135 1767 1207 palam
1798 1135 1814 1167 ¹

212 1240 549 1294 ambulabant
582 1237 760 1312 (Joan.
788 1236 842 1291 6.
890 1236 1004 1303 67).
1038 1233 1360 1304 Cognoseetis
1390 1232 1688 1296 veritatem;
1715 1228 1819 1285 hoc

211 1342 291 1386 ρει
318 1373 331 1395 ,
361 1346 477 1396 me;
504 1345 623 1385 nam
656 1327 765 1398 Ego
790 1343 901 1381 sum
921 1327 1124 1379 veritas.
1152 1322 1372 1379 Iudaica
1395 1322 1611 1392 quidem
1636 1321 1817 1374 omnia

213 1432 376 1491 typus
397 1431 585 1482 erant;
614 1419 892 1474 veritatem
924 1426 1104 1471 autem
1134 1430 1163 1468 a
1193 1430 1277 1469 me
1298 1414 1546 1477 discetis,
1575 1427 1694 1482 qua;
1722 1426 1816 1467 vos

211 1530 239 1563 :t
271 1513 509 1582 peccatis
556 1511 821 1565 liberabit.
852 1506 1315 1576 Quemadmodum
1366 1506 1509 1560 enim
1543 1505 1647 1559 illis
1674 1504 1821 1559 dicc-

212 1604 326 1670 bat,
356 1597 420 1657 In
447 1603 663 1675 peccatis
689 1601 865 1656 vestris
895 1600 1180 1654 mariemini
1199 1614 1217 1663 ;
1244 1599 1321 1653 sic
1348 1609 1402 1653 et
1435 1598 1519 1651 his
1545 1596 1703 1662 dixit,
1730 1595 1820 1649 Li-

212 1698 408 1750 berabit
438 1713 545 1751 vos.

289 1787 524 1841 Servitus
552 1783 957 1855 peccati—Non
981 1784 1148 1849 dixit,
1174 1782 1440 1839 Liberabo
1469 1797 1562 1837 vos
1591 1797 1620 1836 a
1648 1781 1819 1838 servi-

214 1886 360 1939 tute,
394 1876 490 1932 scd
526 1876 628 1931 hoc
657 1877 762 1930 illis
795 1875 1199 1946 intelligendum
1234 1874 1473 1945 reliquit.
1520 1872 1657 1939 Quid
1688 1887 1819 1943 ergo

213 1970 326 2024 illi?
358 1967 546 2023 Semen
576 1968 795 2022 Abralue
836 1984 1010 2023 sumus
1031 2009 1047 2033 ,
1090 1976 1135 2021 et
1175 1966 1362 2020 nemini
1389 1965 1682 2019 servivimus
1714 1980 1819 2018 um-

210 2078 390 2130 quam.
419 2060 579 2130 Atqui
608 2061 653 2114 si
685 2059 1068 2130 indignandum
1096 2058 1315 2121 fuisset,
1350 2057 1419 2113 de
1450 2057 1609 2127 priori
1636 2056 1818 2127 utique

210 2160 529 2221 Oportuerat
552 2193 566 2217 ,
598 2167 720 2206 cum
749 2150 920 2216 dixit,
967 2148 1290 2221 Cognoscctis
1318 2148 1579 2202 veritatem
1606 2191 1619 2214 ,
1648 2157 1703 2202 et
1736 2148 1818 2202 di-

210 2244 445 2301 cendum
472 2255 586 2299 erat
612 2262 622 2294 :
654 2243 790 2312 Quid
822 2245 990 2314 ergo?
1021 2259 1092 2298 an
1136 2244 1413 2297 veritatem
1465 2243 1819 2313 ignoramus?

211 2336 294 2390 lex
327 2351 462 2405 ergo
488 2345 541 2391 et
588 2337 791 2391 notitia:
843 2345 1040 2391 nostrae
1085 2336 1361 2391 mendacia
1414 2336 1570 2391 sunt?
1619 2335 1814 2390 Verum

213 2428 327 2481 lucc
360 2444 467 2482 non
496 2428 776 2493 curabant,
809 2427 905 2483 sed
932 2427 999 2483 de
1021 2428 1254 2483 terrenis
1286 2436 1494 2482 tantum
1528 2427 1687 2482 rebus
1719 2427 1816 2481 do—

212 2521 395 2575 lebant
418 2561 433 2583 ,
466 2531 521 2575 et
552 2520 667 2575 haec
698 2520 1010 2575 servitutem
1038 2534 1161 2577 esse
1206 2519 1643 2590 suspicabantur.
1679 2518 1816 2574 Sunt

210 2613 353 2665 enim
381 2653 397 2674 ,
422 2622 550 2665 sunt
577 2612 758 2681 utique
786 2627 926 2665 nunc
953 2612 1113 2666 etiam
1143 2610 1296 2665 multi
1323 2610 1415 2679 qui
1446 2610 1513 2665 de
1536 2610 1698 2665 rebus
1726 2610 1811 2665 in-

210 2702 586 2759 dill‘ercntibus
610 2712 665 2758 et
692 2703 758 2759 de
784 2702 884 2757 hac
911 2704 1172 2758 servitute
1212 2701 1568 2765 erubescant;
1597 2701 1664 2757 de
1690 2718 1810 2757 scr-

212 2798 382 2851 vitute
413 2797 619 2866 peccati
653 2811 758 2849 non
788 2795 953 2850 item:
986 2810 1049 2849 ac
1082 2794 1308 2849 mallent
1339 2793 1537 2848 millies
1569 2792 1655 2846 illa
1689 2809 1809 2847 scr-

213 2890 379 2943 vitute
406 2888 548 2943 servi
575 2888 781 2951 vocari,
808 2904 966 2958 quam
993 2888 1093 2943 hac
1113 2887 1307 2943 semel.
1330 2885 1488 2942 Tales
1519 2886 1595 2941 illi
1614 2894 1807 2953 erant,

213 2995 390 3050 neque
412 2979 571 3033 aliam
597 2988 855 3033 noverant
881 2980 1193 3035 servitutem
1217 2996 1231 3045 ;
1256 2979 1549 3050 dicuntque
1573 2996 1586 3033 :
1614 2978 1815 3035 Servos

211 3072 412 3126 Vocasti
434 3086 532 3127 eos
553 3072 643 3143 qui
670 3087 731 3127 cx
756 3087 954 3142 genere
983 3070 1213 3127 Abrahae
1239 3078 1399 3136 sunt,
1426 3072 1636 3126 nobiles
1666 3071 1813 3125 illos?

212 3181 342 3233 quos
359 3164 486 3219 ideo
503 3179 607 3225 non
627 3164 906 3233 oportebat
926 3179 1111 3218 servos
1140 3178 1353 3219 vocare.
1380 3162 1697 3234 Numquam,
1728 3165 1808 3219 in-

213 3257 427 3324 quiunt,
458 3255 770 3309 servivimns.
800 3256 945 3309 Talis
970 3255 1277 3310 Judmorum
1302 3256 1468 3311 fastus
1495 3265 1599 3311 est.
1630 3256 1812 3311 Semen

215 3346 434 3400 Abrahae
457 3363 667 3413 sumus,
700 3345 949 3401 Israelita:
994 3364 1189 3403 stmtus.
1231 3346 1505 3418 Nusquam
1537 3356 1685 3419 gesta
1717 3363 1811 3403 sua

212 3448 661 3493 commemorant.
697 3439 818 3493 Ideo
846 3439 897 3492 in
931 3454 1024 3494 eos
1052 3439 1318 3494 clamabat
1346 3438 1603 3504 Joannes,
1635 3438 1815 3495 Nolite

213 3532 401 3595 dicere,
441 3529 653 3583 Patrem
700 3531 940 3585 habemus
970 3531 1228 3584 Abraham
1253 3532 1271 3600 (
1298 3530 1487 3585 Matth.
1518 3534 1572 3588 5.
1603 3532 1682 3594 9).
1708 3532 1815 3588 Cur

216 3637 396 3677 autem
431 3638 537 3677 non
586 3625 827 3693 coarguit
874 3624 995 3677 illus
1020 3624 1311 3679 Christus?
1358 3624 1623 3695 siquidem
1670 3640 1813 3696 sa‘pe

214 3716 524 3770 servierunt
571 3710 872 3786 Egyptiis,
932 3715 1279 3785 Babyloniis,
1334 3717 1561 3786 aliisque
1606 3718 1813 3772 multis.

216 3806 347 3872 Quia
379 3821 488 3858 non
521 3805 585 3859 ad
617 3806 1041 3873 contentionem,
1071 3806 1165 3863 sed
1198 3807 1262 3861 ad
1305 3809 1531 3861 salutem
1562 3808 1816 3877 loquutus

218 3894 390 3951 fuerat
410 3938 423 3959 ,
456 3904 512 3951 et
550 3895 615 3950 ad
644 3895 901 3951 henclieia
932 3897 1236 3965 prtestanda
1260 3939 1274 3962 ,
1309 3897 1358 3951 id
1394 3898 1469 3951 illi
1499 3914 1644 3951 cura:
1674 3907 1813 3953 erat.

219 3991 493 4046 Potuisset
524 3990 666 4044 enim
700 3989 1214 4060 quadringentorum
1268 4006 1532 4044 annorum
1577 3992 1816 4046 servitu-

218 4093 321 4137 teut
365 4080 562 4136 afferre
582 4122 596 4144 ,
630 4082 754 4136 hinc
772 4081 1110 4152 septuaginta
1158 4096 1457 4148 annorum;
1484 4093 1538 4137 et
1567 4098 1686 4152 qum
1707 4083 1817 4139 sub

214 4171 506 4240 jndicibus,
536 4172 697 4227 modo
718 4172 936 4242 viginti,
964 4171 1125 4227 modo
1146 4172 1397 4240 duorum,
1423 4174 1584 4229 modo
1608 4184 1816 4244 septem

216 4282 512 4320 annorum:
548 4266 805 4336 potuisset
830 4266 1008 4321 dicere
1040 4267 1184 4337 ipsos
1232 4283 1522 4338 numquam
1550 4269 1815 4323 serviendi

220 4361 376 4412 tinem
403 4357 614 4412 fecisse.
643 4356 837 4411 Verum
862 4370 956 4411 eos
986 4372 1089 4412 non
1120 4358 1394 4413 hominum
1422 4374 1608 4414 servos
1634 4369 1818 4415 osten-

219 4450 347 4504 dere
372 4449 576 4514 voluit,
602 4449 694 4503 scd
720 4451 957 4521 peccati;
980 4465 1099 4520 qum
1125 4453 1356 4506 servitus
1380 4464 1460 4506 est
1480 4453 1818 4523 gravissima,

218 4555 246 4591 a
263 4556 367 4610 qua
386 4542 535 4595 solus
556 4541 694 4595 Deus
719 4540 947 4595 liberare
969 4551 1161 4612 potest.
1194 4542 1506 4599 Dimittendi
1527 4547 1670 4600 enim
1696 4561 1819 4615 pec-

218 4641 705 4701 catarpotestatem
761 4648 919 4687 nemo
969 4633 1131 4688 habet
1183 4634 1285 4688 nisi
1334 4637 1515 4690 Deus:
1551 4637 1709 4707 idque
1744 4638 1817 4691 illi

219 4724 635 4776 annitebantur.
664 4722 895 4795 Ideoque
916 4724 981 4777 ad
1008 4724 1110 4779 hoc
1138 4726 1259 4780 illos
1279 4726 1479 4781 inducit
1500 4726 1582 4781 his
1603 4729 1780 4783 verbis
1802 4748 1816 4785 :

220 4814 303 4869 3!.
339 4812 524 4868 Omnis
541 4816 626 4885 qui
646 4816 766 4887 facit
789 4824 1069 4885 peccatum,
1099 4834 1269 4872 servus
1294 4829 1366 4871 est
1388 4820 1612 4887 peccati;
1639 4830 1819 4876 osten-

219 4906 350 4960 dens
386 4920 446 4960 se
491 4905 635 4976 loqui
666 4906 733 4962 de
780 4907 1024 4963 libertate
1068 4908 1137 4963 ab
1182 4907 1486 4978 hujusmodi
1538 4915 1817 4968 servitute.

222 4998 308 5052 33.
344 4999 537 5054 Servus
582 5009 749 5052 autem
798 5016 898 5053 non
946 5011 1113 5055 manet
1160 5002 1213 5055 in
1259 5003 1409 5057 domo
1435 5022 1453 5067 ,'
1482 5006 1623 5071 ﬁlius
1652 5018 1821 5060 autent

223 5102 387 5143 mulcet
415 5091 470 5144 in
510 5101 772 5144 teternum.
805 5089 1015 5146 Sensim
1048 5092 1170 5146 hinc
1202 5092 1374 5163 legem
1402 5093 1617 5164 dejitzit,
1642 5097 1819 5165 priora

224 5192 464 5250 tempora
501 5180 866 5236 subindieans.
898 5180 978 5237 Ne
1004 5183 1147 5237 enim
1174 5199 1239 5238 eo
1265 5195 1605 5239 recurrerent
1631 5186 1819 5241 dicen-

222 5283 338 5326 tes:
375 5271 650 5327 Sacriﬁcia
700 5272 960 5327 habemus
989 5289 1109 5343 quae
1152 5274 1362 5346 Moyses
1400 5277 1689 5348 pra‘cepit,
1734 5279 1819 5333 illa

223 5377 319 5416 nos
345 5377 538 5416 eruere
564 5372 835 5433 poterunt,
862 5364 983 5418 ideo
1005 5364 1119 5419 h:ec
1150 5364 1350 5420 intulit.
1380 5368 1629 5438 Alioquin
1659 5385 1819 5440 quam

228 5455 336 5509 hec
363 5456 811 5525 consequentiam
843 5456 1150 5513 haberent?
1184 5456 1371 5513 Omnes
1415 5461 1550 5514 enim
1578 5476 1821 5532 peccave-

226 5556 361 5607 runt.
394 5558 440 5601 et
467 5559 614 5619 egent
639 5550 810 5619 gloria
843 5548 954 5616 Dei,
997 5550 1270 5621 justi/lenti
1297 5552 1456 5623 gratis
1496 5570 1585 5622 per
1604 5554 1823 5624 gratiam

230 5638 364 5691 illius
379 5639 399 5669 '
418 5637 597 5704 (llum.
615 5640 670 5695 5.
689 5639 778 5695 25.
802 5639 918 5711 24),
938 5640 1207 5711 etiamque
1228 5642 1326 5712 ipsi
1348 5644 1675 5699 sacerdotes.
1697 5643 1822 5702 Ideo

290 5778 312 5840 ξ
344 5773 470 5826 νοτ.
497 5774 675 5834 palam,
713 5776 763 5840 in
786 5776 1075 5840 quibusdam
1098 5784 1205 5829 uss.
1240 5778 1402 5829 deest.

296 5836 316 5866 ³
349 5846 477 5901 tttec,
499 5850 557 5904 pe
599 5836 817 5906 gratiam
842 5838 990 5901 illius,
1014 5840 1191 5890 desunt
1220 5843 1267 5889 in
1291 5842 1598 5907 quibusdam.

1255 380 1317 433 IN
1359 375 1666 434 ,ΙΟᾹΝΝΕΜ
1712 372 1938 429 1101111..
1987 372 2117 426 LIV.
2160 374 2231 427 al.
2274 373 2406 428 LIII.

3414 378 3527 434 ειπει

1927 485 2119 539 Paulus
2139 484 2206 540 de
2222 485 2502 541 sacerdote
2518 486 2613 550 ait,
2638 486 2789 540 Debet
2813 486 2997 554 omne
3018 504 3109 554 pro
3128 489 3197 543 sei
3203 506 3293 560 pso
3314 531 3328 552 ,
3353 501 3407 543 nt
3433 508 3525 555 pro

1924 577 2113 647 papula
2138 618 2153 643 ,
2214 579 2457 646 quoniam
2522 577 2631 647 ipse
2691 578 3034 633 circumdatus
3096 591 3170 634 est
3229 581 3528 650 inﬁrmitate

1925 669 1943 737 (
1969 668 2125 725 Hebr.
2152 670 2207 727 5.
2232 670 2285 725 3.
2314 680 2359 724 et
2393 669 2464 743 2)
2487 688 2503 736 ;
2526 679 2581 725 et
2613 671 2713 726 hoc
2739 670 3007 742 signiﬁcat
3036 672 3265 727 dicendo
3296 690 3309 725 :
3339 672 3528 729 Servus

1924 778 2024 815 non
2070 772 2237 816 manet
2280 766 2330 816 in
2373 763 2544 817 domo.
2578 763 2679 818 llic
2717 772 2896 817 autem
2920 772 2974 818 et
2996 778 3184 835 parem
3215 781 3335 820 cmn
3369 766 3528 822 Patre

1926 855 2222 921 honorem,
2260 865 2315 911 et
2358 856 2552 911 scrvia
2597 856 2767 911 libero
2805 854 3161 911 dill'ercntiam
3211 859 3477 928 signiﬁcat
3510 876 3524 913 :

1925 962 2048 1005 nam
2079 948 2183 1003 hoc
2211 948 2310 1003 sibi
2344 948 2457 1002 vult
2492 947 2782 1017 parabola;
2812 947 2863 1002 id
2889 957 3008 1013 est,
3044 947 3157 1003 Non
3185 948 3345 1004 habet
3377 960 3528 1020 pote-

1923 1048 2116 1094 statem
2136 1054 2328 1095 servus
2351 1058 2365 1104 ;
2397 1040 2539 1110 quod
2567 1040 2833 1095 indicatur
2856 1056 2953 1109 per
2993 1040 3120 1095 illud
3139 1083 3153 1106 ,
3181 1039 3302 1095 Non
3334 1053 3525 1097 manet.

1993 1132 2052 1186 2.
2116 1131 2223 1187 Cur
2251 1140 2431 1186 autem
2458 1147 2579 1187 cum
2626 1131 2692 1185 de
2729 1130 2967 1204 peccatis
2993 1146 3296 1187 sermonem
3330 1133 3490 1188 habet
3512 1172 3527 1197 ,

1924 1222 2142 1275 domum
2177 1222 2535 1277 memoravit?
2560 1221 2628 1277 lit
2655 1214 2964 1277 ostenderet
2994 1223 3132 1277 sicut
3156 1223 3207 1277 in
3238 1223 3401 1279 domo
3430 1225 3530 1280 Ita-

1926 1315 2018 1368 bet
2048 1313 2212 1367 herus
2236 1355 2251 1378 ,
2283 1314 2361 1367 sic
2387 1328 2445 1368 se
2476 1314 2529 1367 in
2559 1313 2737 1369 omnia
2770 1323 3089 1383 p0testatem
3138 1314 3357 1371 habere.
3393 1316 3526 1371 Illud

1925 1421 2073 1472 vero,
2102 1404 2222 1459 Non
2245 1416 2434 1473 manet,
2459 1405 2512 1461 id
2535 1415 2653 1472 est,
2686 1423 2789 1459 non
2822 1407 2981 1461 habet
3011 1407 3268 1478 largiendi
3295 1420 3533 1479 potesta-

1928 1507 2057 1564 tem,
2091 1498 2232 1567 quod
2268 1514 2372 1552 non
2421 1498 2490 1552 sit
2531 1498 2728 1562 herus;
2764 1500 2905 1559 ﬁlius
2936 1516 3097 1569 porro
3131 1500 3293 1556 herus
3323 1514 3445 1557 est:
3478 1504 3528 1558 id

1925 1588 2071 1642 enim
2104 1588 2371 1659 signiﬁcat
2404 1589 2536 1643 illud
2562 1631 2576 1655 ,
2612 1588 2789 1643 Manet
2831 1591 2882 1642 in
2911 1590 3159 1644 swculum
3183 1634 3198 1656 ,
3233 1594 3531 1650 secundttm

1927 1679 2279 1734 humanarum
2311 1696 2491 1735 rerum
2538 1682 2909 1752 metaphoram
2938 1699 2948 1734 :
2978 1699 3043 1737 nc
3070 1683 3273 1750 dicant,
3303 1686 3379 1741 Tu
3410 1687 3533 1757 quis

1926 1772 2027 1827 cs?
2059 1771 2170 1826 Mea
2199 1780 2325 1826 sunt
2350 1773 2552 1837 omnia;
2586 1772 2750 1826 Filius
2774 1775 3105 1853 cnim‘sumq
3137 1784 3191 1831 ct
3223 1778 3273 1831 in
3308 1788 3528 1848 paterna

1924 1865 2087 1918 domo
2130 1880 2321 1919 maneo
2362 1882 2375 1917 :
2407 1864 2625 1919 domum
2664 1876 2817 1920 vocat
2849 1860 3191 1935 potestatem.
3240 1870 3372 1925 Nam
3403 1873 3529 1928 alibi

1924 1970 2137 2025 quoque
2176 1956 2395 2010 domum
2444 1957 2617 2011 Patris
2648 1967 2801 2011 vocat
2849 1958 3204 2029 principatum
3240 1976 3252 2013 :
3288 1960 3354 2016 In
3379 1964 3531 2018 domo

1931 2046 2101 2101 Patris
2130 2048 2225 2101 mei
2255 2049 2541 2103 mansiones
2586 2049 2760 2103 multa:
2789 2060 2908 2103 sunt
2942 2049 3121 2121 (Joan.
3161 2053 3247 2107 14.
3283 2054 3364 2124 2).
3394 2055 3527 2110 Natu

1924 2156 2046 2196 cum
2079 2140 2149 2195 de.
2176 2142 2423 2197 libertate
2450 2150 2503 2197 ct
2547 2142 2615 2197 de
2653 2144 2914 2197 servitute
2947 2144 3017 2197 sit
3046 2159 3246 2211 sermo,
3275 2146 3397 2215 jure
3427 2148 3530 2203 hac

1926 2248 2053 2288 usus
2084 2242 2165 2287 est
2194 2233 2531 2303 metaphora,
2562 2233 2752 2288 dicens
2778 2234 2899 2287 illos
2932 2251 3036 2289 non
3066 2234 3317 2293 Ιιειιηιὶεμθ
3346 2238 3532 2293 dimit-

1925 2323 2067 2378 tendi
2109 2334 2447 2394 potestatem.
2486 2324 2577 2380 36.
2614 2326 2677 2379 Si
2715 2343 2833 2396 ergo
2878 2324 3044 2382 Filius
3084 2344 3169 2381 vos
3223 2328 3529 2386 liberat-erit.

1927 2414 2113 2469 Vidett’
2137 2431 2259 2469 eum
2291 2416 2430 2471 Patri
2463 2431 2585 2472 esse
2609 2418 3145 2482 consubstantialem,
3176 2429 3229 2475 et
3254 2424 3528 2493 quomodo

1923 2507 2174 2562 ostendat
2201 2523 2259 2564 se
2289 2524 2473 2579 parem
2503 2509 2704 2566 habere
2748 2514 3109 2580 potestatem?
3141 2514 3203 2568 Si
3243 2531 3327 2569 vos
3357 2515 3531 2571 Filius

1924 2598 2226 2665 liberaverit,
2252 2616 2411 2657 nemo
2430 2602 2765 2658 contradicet
2789 2604 3043 2674 amplius,
3072 2605 3168 2661 sed
3195 2608 3402 2663 ﬁrmam
3438 2610 3532 2663 hac

1926 2694 2119 2749 bebitis
2152 2695 2476 2751 libertatem.
2498 2695 2631 2751 Nam
2657 2696 2795 2752 Deus
2822 2708 2893 2753 est
2918 2700 3006 2769 qui
3016 2700 3293 2769 justi/ient,
3318 2703 3431 2771 quis
3456 2713 3530 2758 est

1921 2789 2008 2857 qui
2056 2789 2391 2843 condemnet?
2424 2789 2519 2843 llic
2569 2804 2596 2843 a
2640 2800 2861 2859 peccato
2905 2805 2965 2845 se
3011 2808 3202 2862 purum
3253 2794 3532 2867 ostendit,

1923 2880 2177 2951 illamque
2209 2880 2618 2951 signiﬁcat'quze
2648 2885 2865 2936 nomine
2898 2893 3056 2938 tenus
3086 2892 3171 2939 est
3200 2885 3526 2949 libertatem,

1921 2988 2081 3040 quam
2113 2972 2244 3025 dant
2287 2972 2533 3026 homines
2564 2990 2575 3026 :
2608 2972 2751 3027 illam
2801 2989 2929 3028 vero
2958 2975 3150 3039 aliam,
3183 2977 3330 3030 solus
3365 2977 3527 3035 Deus.

1933 3063 2067 3117 llinc
2100 3064 2204 3117 illis
2231 3064 2421 3118 suadet
2449 3078 2516 3119 ne
2546 3076 2765 3133 propter
2794 3063 2933 3119 hanc
2978 3068 3295 3121 servitutem
3327 3070 3527 3126 erube-

1923 3164 2075 3209 scant
2098 3198 2111 3221 ,
2142 3156 2237 3210 sed
2270 3167 2492 3226 propter
2536 3157 2738 3226 peccati
2772 3159 3107 3211 servitutem.
3140 3157 3208 3212 Et
3233 3161 3526 3216 ostendere

1923 3250 2108 3303 volens
2140 3252 2281 3318 ipsos
2302 3291 2315 3312 ,
2348 3252 2445 3304 etsi
2476 3250 2617 3304 servi
2653 3265 2759 3304 non
2788 3250 2933 3313 sint,
2962 3251 3084 3320 quia
3113 3251 3255 3306 illam
3302 3269 3527 3325 respue-

1922 3349 2049 3395 runt
2098 3342 2447 3403 servitutem,
2498 3340 2669 3409 magis
2711 3349 2889 3395 tamen
2942 3356 3130 3397 servos
3176 3343 3344 3399 iactos
3374 3361 3528 3412 esse,

1922 3433 2103 3485 statim
2148 3432 2359 3497 intulit,
2421 3430 2544 3485 i'ere
2588 3432 2733 3485 liberi
2778 3432 2956 3495 eritis;
3007 3432 3241 3503 indeque
3292 3436 3532 3493 declarat

1924 3524 2063 3578 hanc
2093 3539 2197 3577 non
2227 3540 2346 3578 esse
2375 3540 2553 3577 veram
2601 3524 2919 3579 libertatem.
2959 3526 3159 3581 Deinde
3191 3543 3259 3582 ne
3288 3530 3529 3584 dicereut

1922 3631 1981 3671 se
2028 3624 2305 3687 peccatum
2353 3632 2458 3670 non
2514 3616 2905 3686 habere(nam
2947 3618 3207 3674 credibile
3253 3632 3369 3674 erat
3422 3623 3528 3675 hoc

1923 3724 2046 3763 esse
2076 3708 2316 3763 dicturos
2344 3708 2362 3778 )
2388 3749 2403 3774 ,
2431 3708 2553 3763 vide
2579 3709 2849 3777 quomodo
2882 3710 3000 3763 illos
3032 3720 3268 3766 accuset.
3302 3712 3532 3768 Omissis

1923 3800 2135 3855 caeteris
2183 3800 2235 3854 in
2282 3801 2500 3854 illormn
2548 3801 2655 3853 vita
2704 3802 3095 3869 reproltamlis,
3150 3801 3253 3857 hoc
3283 3804 3530 3869 facinus,

1924 3891 2064 3961 quod
2104 3891 2215 3959 jam
2264 3890 2574 3960 agitabant,
2619 3891 2670 3944 itt
2720 3891 2954 3945 medium
3005 3892 3260 3948 adducit:
3290 3895 3377 3948 57.
3411 3896 3534 3950 Scto

1925 3985 2043 4053 quia
2088 4000 2255 4037 semen
2297 3983 2515 4037 {lbra/ut:
2541 3985 2693 4050 estis,
2727 3985 2815 4037 sed
2841 3987 3065 4051 quintilis
3105 4004 3183 4041 me
3225 3989 3531 4058 inter/icere.

1924 4075 2135 4131 Sensim
2169 4075 2315 4144 ejit-it
2347 4073 2465 4128 illos
2489 4074 2557 4128 ab
2588 4076 2818 4130 Abralnn
2839 4079 3159 4147 Cogitatione
3190 4080 3297 4143 illa,
3329 4082 3532 4137 docens

1927 4183 1995 4223 ne
2034 4168 2201 4222 altum
2238 4169 2324 4221 illa
2352 4167 2419 4221 de
2448 4184 2506 4221 re
2554 4178 2829 4238 saperent.
2875 4169 3024 4224 Sicttt
3055 4172 3198 4225 enim
3232 4174 3449 4228 libertas
3479 4184 3535 4229 et

1926 4261 2161 4313 servitus
2191 4259 2258 4312 ab
2288 4259 2541 4329 Operibus
2589 4261 2858 4329 pendent,
2912 4262 2982 4316 ita
3014 4272 3068 4316 et
3113 4267 3386 4334 cognatio.
3424 4267 3533 4322 Nec

1926 4353 2105 4406 statim
2134 4351 2306 4418 dixit,
2358 4351 2471 4406 Non
2496 4353 2625 4407 estis
2656 4353 2746 4407 lilii
2790 4354 3023 4409 Abrahte
3069 4357 3212 4412 illius
3236 4358 3401 4428 justi,
3436 4378 3537 4419 vos

1928 4442 2248 4508 homicida};
2295 4444 2388 4498 sed
2436 4460 2557 4499 cum
2601 4445 2705 4499 illis
2750 4445 2925 4501 adhuc
2964 4460 3226 4503 consonat
3258 4450 3533 4521 dicitque,

1929 4536 2052 4590 Srio
2082 4537 2202 4607 quia
2252 4553 2421 4590 semen
2468 4537 2689 4591 libra/ta:
2733 4539 2874 4601 estis;
2924 4556 3111 4595 verum
3166 4557 3270 4598 nun
3306 4545 3407 4601 hoc
3452 4559 3536 4603 est

1927 4630 2069 4697 quod
2098 4629 2359 4698 quaeritur
2389 4646 2401 4681 :
2433 4639 2487 4683 et
2529 4630 2641 4698 jatn
2686 4631 2931 4700 asperius
2979 4633 3029 4685 in
3072 4634 3196 4688 illos
3238 4636 3531 4693 invehitur.

1930 4722 2142 4790 Etenim
2176 4730 2232 4775 ttt
2274 4723 2563 4791 plurimum
2606 4723 3006 4779 observandum
3052 4736 3136 4782 est
3159 4767 3173 4789 ,
3207 4731 3379 4798 ipsum
3411 4747 3537 4787 cttm

1930 4830 2184 4883 magnum
2216 4813 2488 4884 quidpiam
2518 4824 2599 4870 est
2627 4828 2969 4885 operaturus,
3004 4829 3286 4891 poStquam
3317 4824 3364 4877 id
3398 4824 3545 4882 fece-

1928 4905 2017 4969 rit,
2044 4906 2250 4973 majore
2282 4907 2354 4959 ttti
2386 4908 2633 4976 loquendi
2666 4908 2879 4974 ﬁducia,
2906 4921 3089 4980 utpote
3111 4928 3231 4967 cum
3263 4916 3374 4985 ipsa
3406 4935 3527 4987 epe-

1928 5013 1987 5051 ra
2020 5000 2385 5053 contentiosos
2416 5000 2732 5070 reprimant.
2754 5001 2865 5066 Sed
2881 5005 3108 5072 qnwritis
3130 5023 3208 5059 me
3230 5008 3536 5078 inter/icere.

1929 5092 2089 5159 Quid,
2118 5093 2160 5147 si
2187 5094 2367 5161 juste?
2401 5094 2468 5147 At
2495 5109 2600 5148 non
2630 5094 2706 5148 sic
2746 5110 2804 5151 se
2837 5110 2924 5150 res
2955 5097 3114 5153 habet
3154 5116 3170 5155 :
3209 5116 3541 5173 quapropter

1930 5199 2146 5239 causam
2180 5185 2271 5239 ille
2297 5185 2472 5249 aﬁ'ert,
2504 5187 2627 5255 quia
2672 5186 2855 5241 Sermo
2900 5206 3039 5243 meus
3069 5208 3169 5244 non
3196 5194 3334 5259 capit
3364 5195 3415 5248 in
3448 5212 3533 5251 vo-

1930 5276 2023 5331 bis.
2054 5278 2336 5346 Quomodo
2366 5294 2497 5349 ergo
2521 5280 2597 5333 ait
2627 5280 2681 5334 in
2735 5280 2909 5350 ipsum
2948 5282 3284 5339 credidisse?
3311 5286 3535 5353 Verum,

1930 5382 1987 5426 ttt
2015 5372 2160 5438 dixi,
2206 5374 2398 5426 iterum
2429 5374 2619 5427 mutati
2666 5373 2897 5428 fuerant.
2947 5375 3452 5434 ldeo‘vehemeuter
3482 5383 3533 5435 in

1931 5465 2054 5520 illos
2085 5464 2374 5519 invehitur.
2407 5464 2536 5521 Nam
2564 5465 2606 5519 si
2644 5465 2712 5519 de
2739 5468 3058 5537 cognatione
3084 5468 3170 5522 illa
3195 5470 3534 5537 gloriamini,

1932 5569 1987 5613 ut
2016 5560 2122 5613 vita
2151 5568 2414 5614 consonet
2439 5568 2672 5629 oportet.
2706 5559 2811 5615 Nec
2840 5562 2995 5625 dixit,
3030 5561 3145 5615 Non
3172 5564 3366 5632 capitis
3398 5579 3537 5618 ver—

1932 5652 2085 5716 bum;
2127 5651 2243 5714 sed,
2278 5651 2459 5706 Sermo
2484 5668 2622 5705 meus
2655 5669 2756 5705 non
2788 5654 2923 5721 capit
2951 5654 3001 5706 in
3032 5654 3191 5719 vobis,
3221 5652 3535 5723 dogtnatum

1930 5758 2149 5798 suorum
2190 5742 2573 5798 sublimitatem
2614 5743 2915 5798 dcclarans.
2955 5744 3113 5812 Atqui
3160 5758 3265 5799 llOll
3307 5746 3427 5800 ideo
3458 5748 3539 5801 in-

1939 5836 2185 5895 terﬁcere
2217 5836 2490 5907 oportuit;
2546 5835 2653 5890 imo
2699 5836 2877 5907 potius
2925 5837 3191 5893 honorare
3238 5838 3540 5897 etcolerc?
