4164 6330
674 408 779 462 fit!)

678 521 744 575 Iit
773 520 1057 574 discerem.
1092 515 1195 571 Sed
1221 514 1368 584 quid,
1397 513 1440 567 si
1473 521 1526 565 ιιι
1552 527 1580 564 a
1612 510 1890 579 temetipso
1915 507 2030 561 ha:c
2061 505 2244 575 loque-

676 628 750 664 ris
774 652 788 672 ,
823 620 878 664 ut
913 609 1028 662 lucc
1073 604 1358 676 pr:eveniat
1381 643 1397 666 ,
1433 603 1506 655 ait
1535 618 1548 653 :
1575 601 1663 655 38.
1698 599 1828 667 Qua:
1855 616 1946 670 ego
1971 598 2072 650 vidi
2114 596 2253 666 apud

676 703 881 756 l'atrem
912 715 1096 761 nteant,
1121 694 1227 750 lucc
1255 694 1470 766 loquor:
1502 703 1546 748 et
1589 707 1675 746 vos
1713 707 1824 760 qua:
1868 689 2081 744 audistis
2112 687 2252 757 apud

674 805 867 862 patrem
896 802 1110 845 vestrum
1133 832 1146 855 ,
1183 789 1370 860 facitis.
1405 787 1470 842 Ut
1507 801 1624 855 ego,
1660 783 1849 854 inquit,
1879 791 1934 837 et
1963 797 2022 837 re
2051 789 2104 836 et
2130 794 2250 833 ver-

674 886 755 938 bis
784 883 1007 939 ostendo
1038 883 1272 945 Patrem,
1300 881 1368 934 ita
1399 887 1452 932 et
1479 893 1574 932 vos
1603 891 1661 931 re
1692 883 1917 929 tantum.
1946 872 2060 928 Non
2093 870 2252 925 modo

669 975 812 1029 enim
839 973 1080 1028 eamdem
1112 968 1482 1032 substantiam,
1511 965 1606 1022 sed
1633 965 1878 1022 eamdem
1909 977 2067 1033 quam
2094 962 2252 1016 Pater

672 1065 949 1119 veritatem
981 1063 1170 1118 habeo.
1200 1061 1288 1117 59.
1320 1055 1506 1114 Dicunt
1531 1059 1576 1112 ei
1604 1073 1620 1112 :
1651 1055 1761 1111 Nos
1792 1069 1989 1127 patrem
2014 1053 2250 1107 habemus

671 1157 946 1212 Abraham.
967 1155 1100 1209 Dicit
1118 1156 1188 1210 eis
1204 1150 1352 1208 Iesus
1372 1170 1389 1207 :
1413 1152 1474 1207 Si
1487 1161 1681 1223 patrem
1702 1149 1949 1204 haberetis
1969 1146 2244 1212 Abraham,

671 1267 823 1320 opera
849 1251 956 1320 ejus
976 1250 1222 1321 faceretis.
1247 1245 1333 1302 40.
1366 1245 1518 1300 Nunc
1544 1254 1711 1298 autem
1749 1242 1971 1312 qureritis
1996 1255 2074 1293 me
2095 1239 2250 1292 inter-

671 1343 838 1411 ﬁcere.
867 1335 1200 1411 Frequenter
1223 1339 1308 1395 hic
1337 1338 1550 1393 illorum
1582 1334 1981 1406 sanguinarium
2011 1331 2244 1387 animum

669 1434 897 1501 exagitat
920 1471 936 1495 ,
986 1441 1040 1486 et
1086 1428 1447 1485 Abrahamum
1488 1434 1878 1483 commemorat
1909 1444 1922 1478 :
1953 1424 2150 1495 idque,
2188 1430 2248 1477 ut

669 1524 789 1578 illus
812 1524 879 1578 ah
907 1522 1003 1576 hac
1028 1521 1345 1591 cognatione
1373 1519 1596 1576 abducat
1621 1560 1636 1584 ,
1668 1527 1721 1572 et
1749 1515 2071 1588 superﬂuam
2098 1513 2245 1570 illam

664 1617 969 1686 jactantiam
995 1614 1221 1680 auferat,
1254 1611 1578 1684 suadeatque
1610 1627 1677 1668 ne
1709 1609 1796 1666 illa
1819 1611 1871 1665 in
1896 1626 1953 1665 re
1978 1623 2127 1679 spem
2155 1621 2244 1662 sa-

666 1709 790 1764 lutis
818 1709 1083 1773 habeant,
1115 1720 1287 1776 neque
1329 1708 1381 1760 in
1423 1704 1742 1775 cognatione
1787 1710 1993 1756 natura:
2016 1741 2031 1765 ,
2066 1697 2160 1754 sed
2189 1697 2242 1752 in

667 1801 980 1872 cognatione
1008 1799 1285 1869 propositi.
1314 1798 1425 1853 lloc
1443 1798 1586 1853 enim
1617 1797 1734 1851 illos
1759 1793 2084 1863 impediebat
2111 1805 2242 1861 quo-

665 1900 840 1946 minus
862 1891 926 1945 ad
948 1889 1222 1944 Christum
1247 1889 1584 1952 accederent,
1609 1885 1749 1956 quod
1774 1891 2023 1954 putarent
2046 1895 2243 1952 cogna-

665 1984 859 2037 tionem
892 1982 1049 2037 talem
1080 1981 1184 2036 illis
1215 1995 1335 2036 esse
1361 1981 1491 2035 satis
1519 1979 1585 2033 ad
1625 1979 1870 2034 salutem.
1900 1977 2072 2045 Quam
2097 1973 2238 2029 veri-

663 2081 821 2128 tatem
850 2073 1008 2128 dicit?
1034 2072 1188 2140 Quod
1221 2073 1291 2126 sit
1319 2071 1533 2137 aequalis
1561 2069 1724 2124 Patri.
1771 2067 1895 2124 Ideo
1917 2067 2060 2123 enim
2087 2080 2240 2136 qua:-

661 2165 848 2218 rebant
882 2163 1028 2218 illum
1066 2163 1235 2219 Judaei
1268 2161 1596 2226 interficere,
1641 2170 1694 2214 ut
1727 2161 1800 2215 ait
1846 2161 1970 2215 ille:
2001 2157 2240 2224 Qua'ritis

661 2273 739 2310 me
760 2256 1055 2323 interﬁcere,
1077 2257 1195 2326 quia
1217 2257 1472 2310 veritatem
1501 2255 1638 2308 vobis
1666 2260 1900 2324 loquutus
1928 2268 2061 2317 sum,
2083 2267 2234 2321 quam

657 2347 828 2400 audiui
873 2363 904 2399 a
954 2345 1108 2400 Patre
1157 2363 1284 2400 meo.
1317 2344 1616 2400 Ostendens
1641 2346 1757 2400 lucc
1787 2359 1892 2397 non
1921 2357 2043 2398 esse
2087 2337 2232 2396 Patri

657 2438 918 2492 contraria
940 2479 955 2504 ,
988 2453 1170 2492 rursus
1216 2437 1282 2492 ad
1312 2422 1480 2491 illum
1509 2437 1765 2505 confugit.
1805 2435 1893 2490 41.
1928 2434 2115 2487 Dicunt
2144 2432 2191 2486 ei
2216 2447 2234 2485 :

661 2528 772 2584 Nos
798 2547 859 2584 ea:
884 2529 1212 2600 fornicatione
1239 2546 1336 2583 non
1359 2545 1532 2582 sumus
1558 2529 1698 2592 nati;
1722 2544 1879 2581 unum
1908 2520 2115 2580 Patrem
2139 2526 2236 2578 Ita-

656 2623 849 2685 bemus,
872 2620 1050 2676 Deum.
1069 2620 1204 2687 Quid
1221 2620 1434 2674 dicitis?
1449 2619 1559 2673 Vos
1581 2619 1788 2673 Patrem
1808 2615 2016 2673 habetis
2043 2615 2232 2680 Deum,

656 2724 709 2766 et
724 2712 989 2769 Christum
1015 2711 1268 2766 incusatis
1290 2711 1390 2765 hoc
1402 2709 1704 2765 dicentem?
1731 2708 1915 2764 Viden’
1933 2708 2078 2762 illum
2101 2722 2239 2777 pra:-

654 2807 814 2873 eipuo
836 2803 1060 2870 quodam
1081 2802 1237 2856 modo
1257 2802 1455 2857 dixisse
1482 2802 1647 2856 Deum
1674 2816 1792 2856 esse
1817 2801 2026 2856 Patrem
2046 2798 2237 2854 suum?

727 2894 780 2949 5.
812 2894 941 2961 Quia
975 2894 1130 2961 igitur
1172 2893 1288 2947 illos
1317 2907 1381 2946 ex
1415 2890 1642 2946 Abralne
1680 2891 2000 2959 cognatione
2035 2889 2230 2958 ejecit;

655 3001 774 3039 cum
818 2985 944 3038 nihil
991 2983 1220 3039 habeant
1261 2984 1401 3053 quod
1442 2983 1726 3051 objiciant,
1777 2981 1915 3036 aliud
1960 2981 2230 3051 quidpiam

655 3078 828 3147 majus
853 3076 1049 3132 audent
1081 3075 1147 3130 ad
1189 3076 1355 3131 Deum
1384 3091 1442 3132 se
1469 3076 1777 3131 referentes.
1810 3075 1915 3129 Sed
1944 3075 2044 3128 hoc
2068 3074 2230 3129 etiam

656 3171 858 3224 honore
890 3170 1007 3224 illos
1035 3169 1218 3238 dejicit
1244 3169 1426 3223 dicens
1457 3186 1469 3222 :
1495 3168 1581 3223 49..
1624 3168 1682 3223 Si
1723 3161 1858 3221 Deus
1898 3178 2038 3237 pater
2078 3178 2236 3221 vester

653 3270 798 3322 esset,
830 3261 1100 3329 diligentis
1128 3259 1292 3328 utique
1315 3275 1411 3324 me,
1433 3260 1550 3328 quia
1575 3275 1664 3330 ego
1694 3275 1757 3312 ea:
1780 3258 1887 3312 Deo
1914 3259 2060 3322 exivi,
2083 3268 2130 3312 et
2155 3273 2235 3311 ve—

657 3354 739 3404 nio
771 3368 789 3405 :
815 3368 971 3422 neque
997 3368 1027 3403 a
1057 3352 1244 3420 meipso
1271 3353 1399 3417 veni,
1431 3351 1519 3404 scd
1542 3351 1627 3403 ille
1655 3368 1733 3404 me
1766 3352 1916 3404 misit.
1946 3351 2034 3406 45.
2067 3349 2236 3416 Quare

654 3442 902 3512 loquelam
936 3458 1096 3495 meam
1131 3458 1230 3496 non
1265 3443 1593 3513 cognoscitis?
1625 3442 1756 3509 Quia
1782 3460 1879 3496 non
1906 3443 2108 3512 potestis
2141 3459 2235 3496 au-

655 3535 764 3585 dire
782 3549 1057 3586 sermonem
1081 3548 1262 3585 meum.
1295 3534 1385 3588 Η.
1428 3531 1525 3586 Vos
1547 3548 1609 3585 ex
1631 3542 1771 3600 patre
1794 3533 1993 3586 diabolo
2021 3534 2154 3592 estis,
2182 3542 2230 3586 et

655 3624 901 3677 desideria
928 3623 1085 3693 patris
1112 3624 1258 3677 vestri
1296 3623 1442 3676 vultis
1485 3623 1670 3692 facere.
1717 3622 1817 3677 Ille
1845 3623 2097 3676 ho’micida
2125 3632 2232 3676 erat

656 3718 718 3769 ab
742 3717 913 3783 initio,
942 3726 988 3769 et
1014 3717 1065 3770 in
1091 3717 1298 3770 veritate
1322 3731 1422 3769 non
1448 3716 1597 3770 stetit.
1627 3711 1750 3768 Cum
1776 3716 1997 3786 loquitur
2026 3715 2232 3768 menda-

656 3811 786 3862 cium
811 3847 827 3874 ,
857 3824 922 3862 ea:
951 3809 1170 3878 propriis
1195 3807 1433 3878 loquitur.
1476 3807 1714 3862 Exclusit
1741 3823 1833 3863 eos
1859 3823 1888 3862 a
1919 3808 2235 3878 cognatione

655 3899 912 3966 Abrahae;
943 3909 996 3954 et
1024 3900 1142 3969 quia
1174 3900 1376 3968 majora
1401 3899 1514 3954 ausi
1543 3907 1687 3966 sunt,
1721 3909 1844 3955 tunc
1873 3899 2086 3955 demmn
2116 3901 2232 3972 pla-

653 4008 771 4062 gam
802 3992 1006 4061 inﬂigit,
1031 4005 1150 4046 cum
1180 3991 1308 4046 dicit
1329 4003 1422 4046 eos
1444 4006 1549 4044 non
1577 3991 1734 4046 modo
1755 4005 1817 4046 ex
1842 3992 2109 4047 Abraham
2127 4008 2231 4048 non

654 4098 796 4145 esse,
829 4083 919 4136 sed
943 4081 1100 4136 etiam
1130 4097 1196 4136 cx
1228 4081 1439 4136 diabolo
1470 4096 1609 4147 esse,
1640 4082 1980 4152 impudentia:
2006 4099 2102 4153 par
2119 4084 2233 4138 vul-

657 4188 756 4226 nus
784 4173 1058 4241 indligens;
1090 4187 1260 4241 neque
1291 4171 1341 4225 id
1369 4171 1485 4227 sine
1511 4171 1812 4226 testimonio
1831 4215 1845 4238 ,
1878 4173 1970 4228 sed
1997 4173 2230 4230 adhibita
2259 4178 2263 4185 '

654 4263 987 4332 probatione.
1039 4263 1338 4318 luterlicere
1383 4258 1561 4327 enim,
1605 4263 1808 4334 inquit,
1845 4265 2120 4321 diabolica:
2151 4277 2233 4321 est

654 4352 890 4408 malitiae.
927 4354 1038 4410 Nec
1061 4355 1372 4425 simpliciter
1399 4371 1561 4424 Opera
1589 4356 1721 4410 dixit
1746 4398 1759 4420 ,
1804 4357 1895 4411 sed
1929 4357 2231 4421 Desideria;

654 4447 944 4502 ostendens
972 4458 1027 4502 et
1059 4447 1328 4501 diabolum
1357 4458 1410 4502 et
1437 4447 1649 4502 Judaros
1675 4449 1911 4502 caedibus
1938 4463 2057 4503 eSse
2083 4449 2235 4502 dehi-

655 4547 737 4592 tos
757 4578 774 4605 ,
804 4538 960 4608 idque
990 4539 1200 4593 invidia:
1228 4553 1407 4594 causa.
1441 4540 1702 4593 Adamum
1733 4541 1873 4594 enim
1900 4540 2092 4594 occidit
2126 4557 2230 4594 non

656 4627 758 4681 alia
788 4643 943 4696 quam
981 4627 1189 4682 invidia:
1217 4643 1394 4684 causa.
1425 4628 1536 4684 lloc
1565 4639 1618 4684 et
1645 4644 1784 4684 nunc
1810 4645 2019 4699 quoque
2043 4630 2229 4684 subin-

658 4718 817 4772 dicat.
852 4718 919 4772 Et
947 4719 998 4771 in
1029 4719 1232 4772 veritate
1262 4736 1361 4773 non
1386 4720 1554 4784 stetit;
1583 4715 1632 4773 id
1670 4730 1750 4774 est
1772 4761 1785 4784 ,
1819 4722 1868 4773 in
1901 4721 2020 4774 vitae
2053 4722 2231 4790 probi-

654 4823 776 4866 tate.
807 4811 938 4878 Quia
965 4811 1107 4865 enim
1130 4811 1274 4865 illum
1299 4812 1602 4881 frequenter
1629 4812 1940 4866 incusabant
1961 4812 2098 4882 quod
2124 4829 2228 4866 non

652 4915 793 4959 esset
821 4920 885 4959 ex
917 4904 1024 4958 Deo
1049 4945 1062 4966 ,
1096 4904 1222 4957 dicit
1253 4904 1353 4957 hoc
1382 4904 1504 4958 inde
1533 4905 1831 4973 provenire.
1875 4905 1970 4959 llle
2001 4920 2231 4974 namque

655 4999 798 5066 prior
830 4998 1032 5067 peperit
1061 4996 1428 5064 mendacium,
1458 5012 1576 5051 cum
1605 4995 1737 5050 dixit
1777 5014 1791 5050 :
1826 4996 1890 5050 In
1918 5014 2231 5068 quacumque

649 5093 730 5144 die
755 5091 1089 5156 contetleritis,
1118 5091 1406 5162 aperientur
1425 5091 1559 5144 oculi
1587 5091 1734 5144 vestri
1760 5090 1910 5162 (Gen.
1943 5092 1993 5145 5.
2025 5091 2100 5160 5).
2135 5089 2229 5144 Ille

649 5183 848 5251 primus
876 5182 1152 5237 mendacio
1177 5191 1259 5237 est
1289 5197 1434 5237 usus.
1467 5182 1718 5236 llomines
1745 5184 1888 5236 enim
1915 5183 2004 5236 illo
2036 5190 2092 5234 ut
2122 5197 2226 5234 non

648 5275 745 5327 sibi
791 5275 1002 5343 proprio
1038 5284 1273 5340 utuntur,
1305 5271 1397 5329 sed
1426 5283 1482 5329 ut
1509 5275 1716 5339 alieno;
1763 5273 1847 5329 hic
1889 5286 1943 5327 ut
1983 5275 2217 5343 proprio.

647 5367 734 5421 b5.
773 5366 880 5437 Ego
906 5377 1073 5420 autem
1110 5369 1228 5436 quia
1261 5369 1514 5422 veritatem
1545 5367 1690 5432 dico,
1723 5384 1820 5419 non
1849 5369 2049 5420 creditis
2081 5368 2223 5418 nti/ti.

644 5459 755 5524 Qua
801 5459 1180 5526 consequentia
1225 5458 1429 5528 arguit?
1472 5451 1625 5511 Nulla
1673 5457 1848 5511 oblata
1887 5461 2224 5512 accusatione

647 5551 800 5603 vultis
828 5565 913 5603 me
944 5550 1262 5604 interﬁcere.
1287 5550 1417 5616 Quia
1442 5551 1580 5604 enim
1605 5550 1802 5604 inimici
1825 5551 2057 5604 veritatis
2074 5553 2221 5616 estis,

648 5641 761 5695 ideo
791 5658 872 5695 me
902 5640 1276 5710 persequimini
1310 5659 1321 5692 :
1354 5642 1432 5695 sin
1479 5643 1651 5695 minus
1676 5685 1689 5707 ,
1733 5653 2003 5710 peccatum
2048 5658 2219 5697 meum

645 5731 819 5785 dicite.
867 5734 988 5784 Ideo
1031 5732 1195 5799 pergit
1226 5749 1237 5783 :
1269 5731 1356 5785 46.
1395 5731 1518 5798 Quis
1561 5749 1622 5786 ex.
1663 5734 1796 5786 vobis
1832 5744 2006 5803 arguet
2045 5752 2121 5786 me
2161 5737 2221 5786 de

643 5829 885 5892 peccato?
910 5823 1039 5881 liiuc
1066 5824 1138 5879 illi
1162 5841 1172 5876 :
1207 5822 1311 5876 Nos
1334 5840 1394 5877 ex
1419 5825 1750 5896 fornicatione
1771 5828 1870 5879 nati
1898 5843 1994 5880 non
2024 5843 2212 5882 simius.

1420 400 1474 454 S.
1513 395 1786 452 JOANNIS
1808 387 2280 449 CllRYSOSTOMl
2319 387 2639 446 ARCIIIEP.
2680 390 3204 450 CONSTA-NTINOP.

3836 395 3943 450 500

2366 507 2523 575 Atqui
2548 508 2694 562 multi
2723 522 2791 562 ex
2823 506 3172 565 fornicatione
3202 509 3310 564 nati
3337 517 3512 580 erant,
3541 520 3728 582 utpote
3757 513 3957 570 illicitis

2363 595 2591 650 coitibus
2625 597 2822 664 assueti
2854 615 2867 652 :
2898 614 3084 652 verum
3115 614 3218 652 non
3251 597 3371 654 ideo
3396 601 3602 671 arguit,
3632 603 3726 656 sed
3763 603 3816 657 in
3851 604 3954 660 hoc

2365 686 2575 742 institit.
2624 689 2758 754 Quia
2800 689 2942 744 enim
2988 691 3295 744 ostenderat
3322 691 3440 745 illos
3466 708 3571 746 non
3600 707 3665 747 ex
3695 693 3828 759 Deo,
3860 695 3954 750 sed

2362 793 2430 834 ex
2453 779 2665 834 diabolo
2685 795 2826 847 esse,
2852 796 2919 835 ex
2951 781 3034 835 bis
3059 780 3307 835 omnibus
3335 777 3594 852 procedit.
3623 779 3756 839 Nam
3786 786 3956 840 inter-

2363 869 2544 937 ﬁcere,
2567 871 2882 926 diabolieum
2907 882 3009 938 est,
3039 881 3094 926 ut
3121 878 3174 927 ct
3204 869 3418 929 mentiri
3444 915 3458 940 ,
3489 875 3632 946 quod
3665 887 3957 946 utrumque

2363 961 2556 1018 facitis.
2585 963 2830 1019 Ostendit
2859 980 2988 1020 vero
3010 980 3073 1020 es
3103 981 3287 1020 amore
3313 967 3521 1035 probari
3553 971 3864 1040 quempiam
3887 985 3952 1025 ex

2362 1052 2474 1109 Deo
2498 1068 2636 1109 csse.
2671 1054 2840 1121 Quare
2868 1055 3116 1125 loquelam
3142 1071 3302 1109 meam
3330 1073 3429 1110 non
3449 1061 3788 1128 cognoscitis?
3815 1060 3951 1115 Cum

2359 1150 2502 1204 enim
2540 1164 2754 1220 semper
2778 1150 3084 1207 dubitarent
3109 1152 3454 1223 dicerentque
3487 1171 3502 1207 :
3533 1153 3670 1221 Quid
3703 1164 3779 1208 est
3816 1153 3953 1223 quod

2359 1243 2502 1310 dicit,
2529 1243 2642 1308 Quo
2663 1259 2752 1314 ego
2777 1245 2906 1298 vado
2927 1286 2942 1310 ,
2975 1261 3060 1298 ros
3085 1261 3182 1298 non
3209 1246 3414 1315 potestis
3439 1245 3645 1300 venire?
3684 1244 3808 1300 ideo
3835 1246 3910 1299 ait
3935 1263 3948 1298 :

2359 1332 2484 1387 Non
2525 1335 2821 1405 cognoscitis
2863 1334 3114 1405 loquelam
3161 1351 3321 1389 meant
3339 1377 3354 1401 ,
3394 1335 3513 1405 quia
3543 1351 3822 1389 sermonem
3855 1328 3952 1390 Dei

2357 1443 2460 1481 non
2480 1428 2686 1482 habetis.
2717 1427 2878 1498 quue
2903 1428 3117 1494 accidit,
3148 1428 3272 1499 quia
3303 1443 3457 1484 mens
3476 1436 3651 1483 vestra
3682 1427 3832 1483 humi
3862 1444 3946 1483 re-

2356 1518 2452 1588 pit,
2484 1527 2539 1574 et
2575 1518 2713 1589 quod
2745 1534 2862 1574 mea
2897 1519 3051 1590 longe
3080 1520 3390 1574 sublimiora
3421 1521 3548 1575 sint.
3578 1516 3716 1588 Quid
3742 1534 3876 1589 ergo
3902 1519 3944 1572 si

2357 1611 2650 1683 intelligere
2687 1626 2792 1667 non
2840 1612 3127 1683 poterant?
3173 1612 3270 1668 llic
3312 1629 3417 1668 non
3461 1627 3638 1682 posse,
3669 1621 3754 1666 est
3779 1610 3942 1675 nolle,

2353 1704 2486 1773 Quia
2531 1719 2623 1758 vos
2671 1703 2741 1758 ita
2791 1704 3111 1771 instituistis,
3143 1713 3202 1760 ut
3228 1705 3421 1774 ahjecti
3449 1704 3585 1772 sitis,
3622 1703 3766 1774 quod
3811 1701 3940 1758 nihil

2352 1809 2599 1864 magnum
2635 1795 2898 1865 cogitatls.
2943 1794 3073 1862 Quia
3104 1795 3246 1849 enim
3275 1796 3522 1851 dicebant
3553 1810 3613 1851 se
3640 1793 3762 1850 ideo
3793 1793 3941 1849 illum

2352 1885 2633 1955 persequi,
2686 1885 2828 1955 quod
2881 1887 2975 1941 Dei
3018 1886 3184 1940 cultui
3226 1886 3533 1950 studerent;
3580 1885 3700 1941 ideo
3745 1885 3944 1956 ubique

2349 1978 2631 2032 ostendere
2651 1985 2894 2042 conatur,
2922 1977 3063 2048 quod
3085 1993 3142 2032 se
3170 1979 3414 2049 persequi
3438 1981 3508 2033 sit
3537 1979 3701 2033 Deum
3733 1967 3941 2042 odisse,

2349 2080 2534 2126 contra
2565 2086 2693 2126 vero
2713 2086 2772 2126 se
2795 2081 2995 2136 amare,
3017 2072 3107 2136 sit,
3128 2073 3294 2128 Deum
3319 2087 3497 2127 nosse.
3533 2071 3701 2128 Unum
3734 2072 3942 2126 Patrem

2353 2161 2612 2227 habemus,
2647 2161 2823 2215 Deum.
2848 2160 2982 2217 llinc
3006 2162 3229 2231 gloriam
3252 2172 3584 2233 aucupantur
3608 2162 3676 2217 ab
3708 2158 3938 2227 honore,

2350 2265 2456 2304 non
2478 2251 2552 2305 “ab
2574 2252 2845 2320 operibus.
2876 2251 3222 2306 lncredulitas
3247 2267 3376 2322 ergo
3405 2261 3580 2306 vestra
3611 2252 3801 2321 probat
3830 2266 3936 2308 non

2349 2359 2436 2400 me
2462 2343 2690 2399 alienum
2721 2359 2751 2398 a
2780 2345 2889 2399 Deo
2915 2359 3065 2409 esse;
3100 2343 3191 2398 sed
3226 2361 3319 2398 vos
3351 2344 3513 2398 Deum
3546 2361 3648 2398 non
3674 2361 3854 2400 nosse.
3884 2345 3938 2400 lu

2347 2451 2506 2492 causa
2526 2446 2703 2493 autem
2729 2448 2811 2492 est
2831 2437 2972 2508 quod
2999 2437 3233 2500 mentiri,
3264 2445 3318 2492 ct
3340 2435 3536 2491 diaboli
3567 2451 3728 2506 opera
3760 2436 3938 2492 facere

2346 2529 2539 2584 velitis.
2592 2527 2721 2583 Illud
2768 2539 2944 2582 autem
2988 2544 3051 2582 cx
3091 2527 3303 2597 ahjecto
3337 2527 3516 2580 animo
3553 2527 3937 2598 proﬁciscitur,

2315 2628 2317 2630 ’
2347 2628 2406 2674 ιιι
2444 2619 2716 2689 apostolus
2754 2618 2926 2689 inquit
2949 2637 2962 2672 :
2985 2617 3112 2673 Cum
3153 2619 3286 2672 enim
3323 2617 3385 2671 sit
3429 2617 3556 2671 inter
3596 2633 3684 2671 vos
3721 2619 3864 2671 zelus
3894 2624 3940 2671 et

2347 2711 2595 2765 contentio
2615 2753 2630 2777 ,
2674 2726 2839 2765 nonne
2879 2710 3108 2764 carnales
3147 2710 3264 2764 estis
3299 2710 3375 2779 (l.
3401 2707 3520 2764 Cor.
3543 2709 3596 2764 ὅ.
3625 2708 3730 2779 '5)?
3760 2711 3941 2778 Quare

2346 2813 2523 2859 autem
2554 2818 2658 2858 non
2689 2803 2945 2873 potestis?
2974 2802 3104 2869 Quia
3134 2802 3382 2856 desideria
3418 2803 3580 2873 patris
3606 2804 3756 2857 vestri
3783 2804 3939 2857 vultis

2345 2894 2511 2963 facere
2528 2934 2542 2958 ,
2572 2894 2621 2947 id
2648 2893 2846 2947 curatis
2866 2896 2924 2948 et
2946 2892 3292 2948 contenditis.

2415 2981 2714 3038 Juda'oram
2743 2999 2898 3054 opera
2927 2983 3145 3038 Abrahae
3171 2983 3407 3052 operibus
3436 2983 3712 3039 contraria.
3739 3013 3813 3023 —
3844 2976 3940 3037 γε-

2344 3074 2464 3130 den‘
2491 3074 2639 3136 illud.
2673 3073 2792 3128 Non
2823 3075 3028 3145 potestis
3048 3115 3063 3141 ,
3095 3075 3394 3145 significare
3419 3076 3558 3146 quod
3588 3092 3696 3130 non
3726 3076 3940 3130 velint?

2348 3163 2460 3217 Hoc
2481 3163 2736 3218 Abraham
2759 3179 2860 3218 non
2889 3166 3022 3235 fecit.
3049 3165 3153 3220 Sed
3175 3174 3419 3236 quaenam
3444 3177 3564 3221 sunt
3589 3165 3707 3236 ejus
3731 3181 3896 3238 opera
3914 3167 3941 3218 ?

2344 3254 2733 3323 Mansuetudo,
2765 3255 3026 3312 modestia
3052 3296 3067 3323 ,
3108 3257 3447 3327 obsequium.
3483 3255 3588 3312 Vos
3615 3268 3804 3313 contra
3835 3260 3943 3313 in-

2344 3345 2561 3401 humani
2587 3355 2641 3401 et
2665 3347 2911 3402 crudeles
2933 3349 3082 3402 estis.
3127 3347 3280 3403 Unde
3308 3361 3485 3404 autem
3512 3348 3642 3404 moti
3670 3357 3793 3404 sunt
3819 3395 3833 3415 ,
3880 3361 3943 3405 nt

2342 3440 2408 3494 ad
2433 3440 2596 3495 Deum
2617 3439 2999 3507 confugerent?
3036 3438 3159 3495 Illos
3175 3441 3478 3496 Abrahamo
3500 3442 3747 3513 indignos
3763 3454 3945 3500 usu-n-

2342 3532 2515 3587 derat.
2545 3533 2676 3590 Cum
2707 3533 2836 3588 illud
2868 3534 3036 3589 vitare
3065 3534 3302 3600 vellent,
3347 3534 3397 3588 in
3445 3535 3616 3604 majus
3655 3536 3940 3606 quidpiam

2343 3626 2719 3681 ascenderunt.
2750 3627 2883 3681 Cum
2906 3627 3048 3681 enim
3073 3627 3245 3682 credes
3267 3627 3371 3682 illis
3391 3627 3758 3697 exprobraret,
3780 3630 3942 3698 quasi

2342 3721 2407 3777 ad
2435 3720 2800 3777 defensionem
2827 3721 3010 3776 dicunt
3035 3734 3093 3775 se
3120 3720 3283 3775 Deum
3307 3721 3506 3775 ulcisci.
3535 3722 3779 3778 Ostendit
3805 3737 3944 3794 ergo

2344 3811 2472 3868 illud
2501 3814 2672 3882 ipsum
2704 3828 2826 3868 esse
2849 3813 2960 3869 Deo
2984 3812 3401 3867 adversantium.
3430 3811 3558 3867 Illud
3589 3821 3794 3880 autem,
3832 3813 3943 3867 Ex-

2342 3906 2430 3972 ivi,
2457 3906 2719 3976 siguilicat
2746 3905 2892 3959 illum
2925 3904 3049 3959 inde
3075 3905 3304 3959 venisse.
3349 3903 3496 3958 Exivi
3522 3904 3664 3958 enim
3692 3901 3942 3958 subindi-

2341 4005 2430 4053 cat
2462 3998 2579 4066 ejus
2609 3998 2675 4052 ad
2704 4012 2802 4052 nos
2829 3995 3138 4052 adventum.
3184 3997 3318 4063 Quia
3356 4005 3532 4050 autem
3564 3997 3942 4052 Verisitniliter

2341 4089 2532 4145 dicturi
2565 4098 2736 4154 crant,
2773 4089 2956 4144 Aliena
2985 4097 3040 4145 et
3069 4103 3203 4143 nova
3236 4088 3467 4158 loqueris
3495 4129 3508 4152 ,
3541 4103 3600 4142 se
3630 4103 3658 4140 a
3689 4089 3803 4142 Deo
3834 4105 3933 4144 ve-

2342 4183 2485 4237 nisse
2505 4181 2655 4237 dicit.
2691 4180 2814 4237 Ideo
2845 4181 2961 4236 hrec
2991 4197 3095 4236 non
3123 4181 3334 4245 auditis,
3361 4180 3550 4249 inquit,
3575 4181 3696 4249 quia
3726 4196 3793 4235 ex
3821 4182 3942 4234 dia-

2341 4274 2465 4328 bolo
2491 4274 2640 4328 cstis.
2689 4272 2796 4326 Cur
2839 4288 2927 4327 me
2960 4265 3119 4326 vultis
3166 4270 3498 4325 interficere?
3527 4271 3651 4339 quid
3685 4272 3936 4326 criminis

2341 4363 2534 4418 ollerre
2567 4362 2826 4431 potestis?
2856 4362 2911 4416 Si
2936 4358 3068 4416 nihil
3093 4401 3108 4426 ,
3139 4375 3234 4415 cur
3262 4375 3364 4414 non
3395 4360 3610 4414 creditis
3643 4360 3817 4414 mihi?
3847 4363 3942 4415 Sic:

2341 4469 2469 4523 ergo
2495 4469 2615 4506 cum
2644 4470 2709 4506 ex
2748 4451 3023 4505 mendacio
3063 4461 3116 4505 et
3151 4442 3297 4505 caule
3326 4451 3442 4504 illos
3470 4464 3533 4505 es
3562 4449 3778 4504 diabqu
3814 4469 3942 4508 CSsc

2341 4545 2663 4600 osrendisset
2685 4586 2697 4608 ,
2731 4544 2921 4612 probat
2947 4552 2996 4596 et
3021 4543 3089 4596 ab
3113 4539 3418 4596 Abrahamo
3444 4552 3498 4595 et
3523 4555 3552 4592 a
3586 4540 3696 4594 Deo
3723 4543 3940 4597 alienos

2338 4651 2488 4700 esse;
2520 4645 2627 4688 tum
2655 4633 2796 4704 quod
2829 4633 2952 4687 odio
2985 4629 3242 4686 haberent
3268 4648 3388 4685 eum
3419 4632 3507 4700 qui
3540 4647 3598 4686 se
3621 4630 3755 4685 nihil
3782 4634 3940 4686 la-se-

2338 4734 2443 4791 rat,
2479 4736 2587 4779 tum
2619 4723 2760 4794 quod
2793 4738 2897 4778 non
2923 4721 3167 4778 audirent
3194 4736 3497 4776 sermonem
3528 4720 3665 4791 ejus.
3699 4722 3943 4778 Demon-

2339 4825 2468 4872 strat
2495 4826 2671 4870 autem
2695 4814 2889 4883 ubique
2912 4828 2969 4868 se
2997 4828 3100 4867 non
3130 4828 3248 4867 esse
3279 4812 3388 4867 Deo
3412 4812 3802 4878 adversarium,
3843 4832 3944 4870 ne-

2337 4926 2440 4980 que
2463 4909 2582 4962 ideo
2610 4909 2727 4963 illos
2753 4908 2851 4962 sibi
2877 4923 2980 4961 non
3004 4907 3247 4973 credere,
3277 4908 3369 4961 sed
3393 4907 3534 4977 quod
3560 4908 3722 4962 alieni
3745 4923 3940 4964 essignt

2337 5015 2365 5053 a
2401 4997 2528 5053 Deo.
2561 4999 2692 5053 Nam
2717 5013 2837 5053 eum
2866 4998 2955 5069 qui
2986 5007 3261 5068 peccatum
3286 5011 3391 5052 non
3426 4999 3567 5065 fecit,
3593 4999 3680 5069 qui
3715 4999 3850 5052 dicit
3880 5018 3943 5055 se

2337 5107 2366 5146 a
2405 5087 2512 5146 Deo
2543 5093 2723 5145 venire
2749 5100 2803 5145 et
2834 5088 2898 5145 ab
2936 5089 3051 5159 ipso
3090 5089 3314 5144 missum
3349 5105 3491 5156 esse,
3518 5089 3606 5160 qui
3641 5089 3936 5144 veritati-ni

2338 5183 2672 5252 loquebatur,
2702 5192 2756 5236 et
2786 5184 2854 5236 ita
2885 5182 3202 5251 loquebatur
3223 5218 3238 5247 ,
3269 5191 3326 5236 ut
3350 5196 3540 5236 omnes
3564 5181 3629 5235 ad
3658 5196 3717 5235 se
3741 5183 3940 5237 redar-

2336 5275 2600 5343 gueudum
2635 5282 2951 5342 provocaret
2972 5309 2987 5336 ,
3021 5285 3197 5343 neque
3226 5283 3402 5326 tamen
3433 5273 3758 5327 credebatur
3785 5294 3799 5328 :
3837 5290 3940 5342 pa-

2335 5365 2437 5417 latn
2480 5373 2593 5417 erat
2637 5364 2757 5418 ideo
2801 5379 2906 5416 non
2943 5363 3085 5418 credi
3114 5402 3127 5429 ,
3161 5363 3300 5433 quod
3334 5363 3406 5417 illi
3435 5361 3678 5417 carnales
3719 5373 3939 5420 essent.

2333 5460 2561 5514 Noverat
2587 5458 2727 5512 enim
2755 5499 2770 5522 ,
2805 5467 3024 5510 noverat
3058 5459 3238 5526 utique
3263 5468 3478 5523 peccata
3507 5456 3741 5510 animam
3771 5457 3938 5525 ahje-

2333 5562 2469 5604 tttatu
2503 5549 2745 5604 reddere.
2791 5549 2913 5602 Ideo
2938 5591 2948 5610 ,
2987 5549 3188 5617 inquit,
3225 5548 3476 5612 Quoniam
3504 5549 3777 5602 imbecilles
3803 5552 3942 5617 facti

2331 5636 2446 5696 estis
2473 5643 2538 5694 ad
2568 5641 2873 5694 audiendum
2902 5633 3104 5710 (Hebr.
3131 5641 3184 5694 5.
3214 5639 3269 5694 11
3301 5639 3339 5709 ).
3391 5639 3614 5707 Quando
3643 5639 3788 5693 enim
3825 5652 3940 5695 ter-

2331 5748 2455 5787 rena
2490 5749 2593 5786 non
2626 5741 2800 5801 potest
2831 5732 2950 5798 quis
2979 5738 3345 5794 contemnere,
3380 5729 3652 5799 quomodo
3677 5730 3745 5784 de
3773 5731 3944 5786 erle-

2332 5828 2500 5881 stihz;s
2530 5825 2638 5896 phil
2667 5825 2893 5894 .sophaii
2925 5820 3150 5893 poterit?
