4164 6330
684 347 790 404 Ξῦὖ

689 483 788 536 illis
818 479 1071 548 pudorem
1101 473 1336 529 inferret.
1366 469 1520 532 Sane,
1553 465 1739 535 inquit,
1771 461 1977 518 etiamsi
2004 459 2069 512 de
2101 456 2256 523 vulgo

684 585 883 632 essem,
917 583 1020 638 nop
1045 571 1312 634 oporteret
1341 559 1607 613 innoxium
1640 562 1811 608 morte
1837 548 2079 604 mulctari
2102 564 2117 612 ;
2139 559 2257 599 cum

689 673 863 714 autem
894 658 1161 709 veritatem
1189 652 1380 713 dicam,
1406 648 1714 715 nullumque
1733 639 2039 696 admiserim
2064 649 2252 707 pecca-

693 763 820 813 tum,
848 758 1002 817 atque
1022 762 1050 800 a
1081 745 1191 800 Deo
1221 743 1413 796 missus
1430 741 1598 808 major
1614 738 1711 792 sim
1733 732 2055 793 Abrahamo,
2083 741 2257 780 annon

693 843 864 896 furore
895 839 1030 908 pleni
1061 838 1252 890 frustra
1284 831 1557 894 laboratis,
1593 841 1713 882 cum
1745 839 1831 878 me
1855 820 2068 878 tentatis
2091 819 2257 872 inter-

695 931 886 984 licere?
914 927 1047 994 Quid
1076 940 1202 996 ergo
1225 923 1339 978 illi?
1370 921 1421 974 Ν
1427 936 1522 973 unc
1547 916 1889 988 cognoscimus
1922 914 2039 982 quia
2067 908 2259 996 dwtnof-

692 1022 831 1073 uium
861 1020 1029 1072 habes.
1064 1019 1129 1070 At
1150 995 1262 1069 non
1295 1014 1364 1066 ita
1384 1010 1710 1066 Samaritana
1733 1023 1748 1073 ;
1774 1017 1944 1074 nequc
1965 1002 2106 1056 enim
2131 995 2266 1052 dixit

695 1113 791 1174 illi,
826 1111 1146 1165 Daunonium
1171 1107 1367 1169 habes;
1401 1102 1491 1156 sed
1517 1109 1753 1162 tantum,
1783 1093 2046 1164 Numquid
2070 1102 2122 1144 tu
2149 1104 2260 1141 ma-

697 1205 774 1265 ior
799 1217 849 1256 es
878 1209 1019 1270 patre
1040 1205 1209 1251 nostro
1253 1191 1454 1248 Jacob?
1482 1191 1542 1246 lli
1573 1189 1770 1260 quippe
1813 1179 2184 1241 contumeliosi
2210 1187 2263 1232 et

697 1300 1000 1362 arrogantes
1030 1295 1219 1353 erant;
1252 1286 1338 1340 illa
1370 1299 1496 1338 vero
1522 1279 1760 1337 discendi
1785 1277 1996 1348 cupida.
2027 1272 2147 1328 Ideo
2169 1271 2265 1324 du-

697 1383 896 1447 bitavit,
926 1391 980 1436 et
1003 1379 1178 1434 debita
1202 1392 1321 1433 cum
1347 1375 1605 1430 modestia
1627 1369 1920 1442 reSpondit,
1954 1365 2260 1421 Dominum-

693 1492 796 1546 qnc
827 1483 980 1529 vocat
1004 1473 1171 1528 illum.
1197 1469 1297 1538 Qui
1322 1468 1463 1525 enim
1493 1468 1645 1536 longe
1673 1464 1874 1534 majora
1903 1459 2188 1530 pollicitus,

698 1545 800 1619 tide
821 1565 1010 1632 dignus
1032 1569 1165 1626 erat,
1194 1575 1300 1615 non
1321 1557 1641 1615 contumelia
1669 1551 2002 1615 afliciendus,
2033 1550 2140 1603 imo
2169 1545 2263 1599 ad-

699 1658 960 1712 mirationi
980 1654 1253 1710 habendus
1281 1659 1398 1707 crat
1425 1670 1436 1705 :
1468 1651 1519 1704 hi
1549 1664 1675 1703 vero
1705 1645 2087 1702 dmmoniacmn
2117 1639 2265 1694 illum

698 1749 984 1818 appellant.
1017 1745 1362 1802 Samaritana:
1410 1740 1567 1796 verba
1599 1738 1888 1794 dubitantis
1935 1743 2122 1799 erant;
2157 1733 2270 1788 haec

696 1851 870 1895 autem
920 1838 1311 1895 incredulorum
1365 1845 1419 1891 et
1473 1846 1866 1904 perversorum.
1924 1826 2186 1896 Numquid
2216 1835 2270 1878 tu

699 1932 862 2002 major
885 1947 934 1985 es
964 1938 1104 2001 patre
1132 1937 1298 1983 nostro
1327 1927 1581 1981 Abraham
1609 1925 1629 1996 (
1652 1923 1804 1977 Joan.
1827 1923 1889 1977 4.
1921 1917 2069 1990 ηγι
2093 1917 2271 1985 Itaque

703 2026 802 2078 hoc
825 2039 944 2078 eum
969 2022 1223 2092 majorem
1255 2019 1401 2083 facit,
1431 2034 1587 2089 quam
1616 2015 1997 2072 Abrahamum.
2022 2013 2152 2066 Cum
2182 2024 2272 2062 au-

705 2128 806 2170 tem
849 2116 993 2170 illum
1023 2115 1309 2169 exaltatum
1342 2112 1597 2176 videritis,
1643 2111 1812 2180 ipsum
1855 2107 2274 2176 majorem-csse

701 2203 1101 2258 contitebimini.
1137 2203 1261 2257 Ideo
1307 2200 1553 2267 dicebat,
1593 2199 1720 2255 Cum
1772 2198 2108 2253 exaltareiitis
2154 2210 2270 2258 me,

703 2306 817 2347 tunc
855 2293 1155 2364 cognoscetis
1181 2293 1300 2363 quia
1339 2309 1428 2363 ego
1452 2308 1581 2346 sum.
1633 2290 1700 2344 Et
1750 2289 1868 2344 vide
1921 2286 2270 2357 prudentiam.

703 2383 898 2449 Prin'io,
957 2382 1058 2437 illis
1106 2397 1135 2436 a
1186 2382 1500 2453 cognatione
1525 2379 1766 2446 semotis,
1816 2377 2048 2433 ostendit
2097 2391 2155 2431 se
2185 2376 2276 2430 illo

705 2476 956 2544 majorem
987 2488 1127 2542 esse,
1157 2483 1213 2527 ut
1256 2472 1528 2543 prophetis
1571 2472 1724 2541 longe
1765 2467 2116 2525 excellentior
2159 2481 2277 2522 esse

707 2566 1109 2634 intelligeretur.
1156 2564 1284 2619 Cum
1332 2564 1472 2618 enim
1528 2563 1674 2616 illum
1721 2575 1932 2630 semper
1962 2559 2276 2629 pr0phetam

708 2658 1054 2726 appellarent,
1090 2657 1210 2711 ideo
1256 2655 1501 2711 dicebat:
1536 2653 1714 2708 Sermo
1753 2668 1892 2706 meus
1931 2667 2032 2705 non
2062 2649 2198 2718 cupit
2229 2650 2279 2702 in

707 2749 844 2800 vobis
897 2747 971 2818 (υ.
998 2746 1121 2819 37).
1150 2747 1264 2801 illic
1311 2761 1472 2815 porro
1497 2743 1725 2811 diccbat,
1757 2757 1814 2798 se
1845 2751 2080 2797 mortuos
2113 2740 2282 2796 susci-

714 2850 860 2903 tare;
891 2839 972 2892 hic
995 2853 1139 2904 vero,
1171 2839 1316 2891 illum
1348 2838 1434 2907 qui
1480 2835 1739 2899 crederet,
1770 2849 1874 2888 non
1905 2834 2140 2886 visurum
2161 2846 2280 2887 esse

711 2941 931 2986 mortem
963 2950 975 2988 :
1005 2931 1143 3001 quod
1172 2932 1334 2984 multo
1361 2930 1532 2998 majus
1557 2937 1670 2984 erat
1691 2970 1705 2994 ,
1757 2941 1918 2998 quam
1949 2941 2055 2981 non
2083 2940 2280 2980 concc-

710 3023 837 3076 dere
868 3030 921 3074 ut
964 3037 993 3074 a
1021 3030 1189 3075 morte
1238 3021 1572 3075 retineretur.
1617 3017 1738 3071 Ideo
1791 3016 1957 3085 magis
1993 3028 2280 3084 exaspera-

715 3114 918 3166 hantnr.
953 3111 1086 3180 Quid
1123 3127 1250 3182 ergo
1278 3111 1497 3166 dicunt?
1529 3110 1686 3178 Quem
1740 3109 1953 3179 teipsum
1995 3107 2170 3178 facis?
2218 3107 2285 3161 Et

714 3205 811 3256 hoc
841 3203 1254 3265 contumeliose;
1287 3201 1383 3268 Tu,
1412 3201 1671 3272 inquiunt,
1703 3209 1753 3254 te
1779 3197 2039 3254 venditas.
2064 3197 2142 3252 Ad
2173 3198 2286 3251 haec

708 3294 949 3348 Christus
981 3310 994 3348 :
1025 3293 1202 3348 54.δὶ
1241 3310 1328 3363 ego
1382 3291 1610 3362 glori/iro
1657 3289 1933 3359 meipsum,
1982 3288 2147 3359 gloria
2177 3305 2286 3340 mea

715 3385 840 3437 nihil
866 3395 955 3438 est.

784 3474 838 3528 2.
881 3475 1014 3540 Quid
1069 3475 1156 3530 hic
1201 3475 1382 3528 dicunt
1430 3472 1709 3530 haeretici?
1756 3471 1989 3536 Audivit,
2029 3470 2287 3542 Numquid

718 3569 880 3637 major
904 3583 956 3619 es
976 3576 1117 3635 patre
1140 3575 1309 3619 nostro
1335 3564 1634 3618 Abraham?
1655 3577 1753 3618 nec
1778 3577 1940 3617 ausus
1960 3572 2040 3617 est
2061 3577 2286 3630 rCSpon-

719 3659 866 3722 dere,
903 3658 1074 3712 Etiam
1101 3674 1115 3721 ;
1167 3657 1260 3712 sed
1309 3656 1532 3710 obscure
1560 3653 1811 3724 loquitur.
1841 3652 1978 3721 Quid
2005 3652 2174 3722 ergo?
2207 3652 2290 3705 ni-

722 3750 861 3803 hilne
890 3759 971 3805 est
995 3749 1163 3819 gloria
1194 3747 1529 3818 ejusi°Apud
1563 3748 1691 3801 illos
1727 3747 1876 3800 nihil.
1931 3745 2289 3812 Quemadmo-

720 3843 846 3898 dum
891 3844 1030 3898 enim
1075 3841 1225 3908 dicit,
1271 3840 1630 3896 Testimonium
1671 3856 1836 3893 meum
1863 3857 1962 3894 non
1987 3850 2057 3893 est
2086 3856 2288 3904 verum,

720 3951 911 4006 nempe
937 3936 1226 3991 secundum
1259 3935 1463 3990 illorum
1491 3935 1793 4004 opinionem
1828 3952 1840 3989 τ
1873 3931 1951 3986 sic
1976 3930 2151 3987 ethoc
2175 3931 2292 3985 loco

719 4026 867 4089 dicit,
918 4025 1007 4080 Est
1055 4028 1139 4096 qui
1165 4026 1430 4097 glori/ient
1457 4043 1551 4079 me.
1607 4025 1667 4078 Et
1698 4039 1792 4077 cur
1822 4037 1924 4076 non
1951 4021 2104 4089 dixit,
2140 4021 2293 4076 Pater

720 4117 806 4186 qni
843 4117 984 4171 misit
1010 4117 1129 4171 me?
1160 4127 1213 4169 ut
1249 4130 1406 4184 supra
1432 4115 1584 4177 dixit,
1625 4112 1736 4177 sed,
1793 4113 1951 4180 Quem
1993 4129 2078 4168 vos
2129 4112 2293 4166 dicitis

723 4209 838 4274 quia
888 4206 1019 4261 Deus
1062 4217 1221 4261 vester
1270 4215 1359 4273 est,
1408 4216 1455 4260 et
1502 4222 1601 4260 non
1649 4205 1853 4259 novistis
1892 4205 2047 4260 eum!
2074 4203 2296 4259 Volebat

725 4297 1005 4354 ostendere
1030 4298 1176 4367 ipsos
1203 4312 1305 4353 non
1334 4297 1492 4352 modo
1531 4297 1766 4361 Patrem,
1800 4296 1891 4352 sed
1936 4295 2096 4350 etiam
2127 4296 2293 4351 Deum

727 4391 990 4459 ignorare.
1026 4387 1132 4460 Ego
1158 4398 1322 4443 autent
1345 4389 1458 4442 novi
1476 4404 1609 4442 eum.
1638 4388 1816 4456 Itaque
1828 4401 1961 4441 cum
1991 4386 2133 4454 dico,
2165 4385 2298 4440 Novi

725 4499 857 4545 mut,
890 4496 991 4534 non
1024 4490 1104 4534 est
1141 4480 1423 4548 iactantia;
1454 4479 1498 4532 si
1529 4477 1757 4534 dicerem
1802 4492 1887 4532 me
1943 4492 2047 4532 non
2101 4491 2294 4541 nosse,

731 4569 1059 4623 mendacium
1098 4577 1278 4636 esset;
1309 4583 1404 4624 vos
1433 4575 1608 4622 autem
1637 4582 1756 4622 cum
1786 4568 1962 4623 dicitis
2007 4583 2104 4623 vos
2149 4568 2295 4622 illum

727 4677 905 4727 nosse,
935 4663 1216 4716 mendaces
1236 4661 1367 4717 estis
1435 4661 1607 4731 Atque
1641 4669 1697 4714 ut
1730 4674 1830 4715 vos
1865 4674 2022 4715 nosse
2053 4659 2183 4715 falso
2211 4660 2297 4714 di-

726 4753 864 4818 citis,
893 4753 959 4805 ita
987 4767 1086 4822 ego
1111 4766 1198 4808 me
1222 4766 1327 4806 non
1355 4766 1514 4807 nosse
1535 4750 1679 4806 falso
1705 4749 1959 4806 dicerem.
1989 4749 2164 4821 Si-cgo
2190 4752 2298 4822 glo-

723 4845 865 4912 rifico
895 4843 1158 4913 mcipsum.
1181 4842 1315 4909 Quia
1361 4840 1624 4908 dicebant,
1681 4841 1839 4907 Quem
1882 4841 2093 4912 teipsum
2133 4841 2300 4910 facis?

726 4937 1011 5004 respondet
1041 4936 1148 5005 ille,
1179 4935 1240 4990 Si
1265 4950 1353 5004 ego
1383 4935 1627 5005 meipsum
1657 4933 1812 5002 facio,
1841 4934 2004 5007 gloria
2042 4951 2150 4988 mea
2173 4934 2300 4988 nihil

726 5040 817 5084 est.
863 5027 933 5084 Ut
980 5043 1108 5099 ergo
1157 5029 1303 5085 illum
1353 5029 1584 5100 perfecte
1632 5029 1777 5095 novi,
1808 5029 1886 5083 sic
1913 5044 2007 5086 vos
2041 5028 2296 5099 ignoratis

727 5123 923 5190 ipsum.
971 5120 1038 5176 Ut
1092 5135 1210 5175 cum
1242 5121 1309 5176 de
1358 5120 1662 5176 Abrahamo
1696 5130 1972 5192 ageretur,
2002 5136 2108 5174 non
2129 5129 2298 5174 totum

727 5211 958 5273 abstulit,
992 5209 1083 5266 sed
1113 5210 1263 5277 dixit,
1290 5210 1413 5265 Scio
1439 5211 1560 5279 quia
1589 5224 1771 5265 semen
1807 5210 2034 5263 Abrahae
2063 5211 2211 5273 estis,
2243 5219 2302 5264 ut

729 5300 851 5355 hinc
880 5302 1132 5369 majorem
1160 5299 1379 5356 inferret
1417 5301 1804 5355 accusationem
1832 5316 1844 5364 ;
1876 5300 1951 5354 sic
1977 5299 2154 5354 ethoc
2184 5300 2304 5367 loco

727 5409 830 5445 non
865 5402 1028 5446 totum
1051 5393 1286 5459 abstulit,
1337 5392 1428 5446 sed
1457 5391 1622 5463 quid?
1652 5392 1808 5458 Quem
1829 5409 1915 5445 vos
1943 5393 2127 5445 dicitis.
2153 5391 2296 5446 Illam

725 5482 1026 5537 concedens
1071 5484 1290 5551 gloriam
1313 5523 1328 5547 ,
1361 5483 1615 5553 majorem
1646 5482 1824 5538 ell'ecit
1847 5483 2296 5537 criminationem.

726 5573 1004 5641 Quomodo
1042 5582 1219 5627 autem
1257 5573 1408 5627 illum
1458 5573 1746 5644 ignoratis?
1799 5573 1933 5640 Quia
1981 5574 2158 5628 illum.
2209 5575 2298 5644 qui

728 5664 901 5716 omnia
933 5663 996 5717 ad
1023 5663 1137 5732 ejus
1161 5663 1382 5733 gloriam
1415 5662 1538 5718 facit
1561 5675 1615 5719 et
1639 5664 1785 5729 dicit,
1834 5664 2153 5718 contumelia
2185 5663 2303 5718 affi-

729 5753 873 5815 citis,
905 5753 1028 5808 licet
1057 5752 1124 5807 ab
1154 5754 1267 5823 ipso
1289 5753 1480 5808 missus
1514 5756 1599 5810 sit.
1632 5755 1822 5812 Verum
1853 5756 1956 5811 hoc
1983 5755 2096 5810 siue
2139 5755 2284 5809 testi-

1421 351 1475 406 S.
1514 347 1786 406 JOANNIS
1824 336 2290 400 CllRYSOSTOMl
2333 337 2651 392 AlitilllEP.
2681 333 3211 392 CONSTANTINUP.

3843 335 3948 392 3(ιὸ

2366 453 2545 522 monio
2572 461 2671 514 est,
2701 451 2792 504 sed
2820 450 2960 520 quod
2988 449 3228 518 sequitur
3251 449 3312 503 ad
3341 448 3464 502 illud
3495 447 3824 518 probandum
3849 463 3949 501 usu

2359 547 2562 599 veniet.
2591 546 2680 600 55.
2716 543 2778 596 Et
2801 558 3077 597 sermonem
3100 544 3208 611 ejus
3229 557 3388 595 serra.
3420 540 3516 594 llic
3547 541 3588 593 si
3614 539 3738 610 quid
3761 550 3948 594 contra

2367 635 2695 702 habuissent,
2741 633 2976 703 objicere
3007 642 3286 703 poterant;
3329 646 3578 702 magnum
3615 632 3808 700 quippe
3847 630 3950 684 hoc

2366 735 2480 780 erat
2508 726 2778 792 indicium,
2811 726 2980 794 ipsum
3009 739 3036 777 a
3072 724 3178 777 Deo
3205 723 3421 776 missmu
3453 721 3633 775 fuisse.
3668 722 3758 776 56.
3788 721 3943 773 Abra-

2367 819 2481 870 ham
2506 828 2646 886 pater
2666 827 2822 871 uester
2847 815 3111 870 exsultauit
3135 823 3187 868 ut
3209 815 3392 867 uideret
3417 814 3547 867 diem
3569 829 3731 866 meum
3756 829 3773 877 ,'
3795 823 3843 866 rt
3870 815 3942 866 ri-

2367 908 2461 974 dit,
2483 918 2527 960 et
2557 909 2755 978 gavisus
2792 916 2882 961 est.
2915 905 3145 960 Rursum
3177 906 3363 974 probat
3393 905 3508 959 illos
3546 903 3613 959 ab
3643 905 3952 959 Abrabatno

2367 1000 2568 1054 alienos
2599 1014 2740 1065 esse,
2768 997 2980 1068 quando
3001 998 3065 1050 de
3087 997 3279 1066 quibus
3307 997 3394 1050 ille
3417 996 3699 1066 gaudebat,
3728 997 3826 1069 ipsi
3857 996 3953 1050 do—

2364 1090 2500 1146 leut.
2525 1090 2669 1144 Diem
2697 1098 2875 1144 autem
2895 1088 3066 1142 crucis
3089 1087 3173 1142 hic
3192 1085 3427 1140 indicare
3451 1096 3595 1156 puto,
3624 1103 3782 1158 quam
3809 1088 3953 1140 aric-

2370 1184 2436 1236 tis
2462 1192 2514 1237 ct
2543 1181 2701 1236 lsaaci
2730 1179 2988 1235 sacrificio
3021 1179 3469 1249 pratfiguravcrat.
3499 1179 3636 1246 Quid
3666 1195 3795 1250 ergo
3841 1180 3956 1233 illi?

2366 1275 2458 1328 '57.
2497 1273 2890 1344 Quadraginta“
2920 1287 3081 1324 annos
3130 1272 3356 1325 nondum
3395 1271 3567 1338 habes,
3617 1283 3662 1326 et
3698 1271 3956 1324 Abraham

2369 1366 2578 1420 uidisti?
2621 1365 2800 1433 Itaque
2840 1363 3184 1434 quadraginta
3234 1378 3405 1417 annos
3435 1377 3602 1433 prope
3624 1363 3734 1433 jam
3761 1364 3956 1432 attige-

2371 1465 2450 1510 rat
2476 1455 2738 1511 Christus.
2782 1456 2920 1510 Dixit
2955 1457 3031 1509 cis
3080 1472 3094 1508 :
3140 1453 3447 1526 Priusquam
3497 1455 3752 1508 Abraham
3779 1456 3958 1523 ﬁeret,

2368 1563 2462 1618 ego
2485 1564 2614 1602 smn.
2645 1547 2728 1601 59.
2763 1546 2826 1599 Et
2852 1554 3149 1614 acceperunt
3177 1545 3390 1616 lapides,
3428 1555 3480 1598 ut
3498 1547 3795 1617 jacereutin
3822 1562 3958 1599 enin.

2379 1637 2560 1693 \‘iden’
2601 1636 2869 1708 quomodo
2905 1652 2962 1692 se
3000 1637 3302 1691 Abrahamo
3333 1636 3589 1705 majorem
3615 1651 3735 1690 esse
3763 1635 3960 1706 proha-

2376 1729 2668 1797 verit?Qui
2697 1731 2839 1783 enim
2879 1730 3091 1799 gavisus
3135 1737 3218 1782 cst
3256 1737 3312 1782 ut
3355 1728 3558 1783 videret
3604 1729 3770 1794 diem,
3819 1738 3874 1781 ct
3908 1730 3958 1780 ἰιι

2375 1820 2608 1890 Optabile
2637 1824 2861 1889 putavit,
2886 1820 3000 1874 sine
3027 1817 3188 1873 dubio
3211 1818 3260 1870 id
3293 1817 3555 1872 beneficio
3597 1832 3714 1872 esse
3735 1819 3960 1888 putavit,

2376 1910 2514 1980 quod
2543 1911 2630 1966 ille
2657 1911 2828 1978 major
2853 1919 3017 1964 esset.
3047 1908 3179 1962 Nam
3204 1923 3324 1962 cum
3356 1907 3527 1963 Juda-i
3560 1908 3706 1962 illum
3732 1907 3867 1962 fabri
3907 1913 3961 1960 ti-

2379 2002 2504 2056 lium
2532 2002 2769 2056 dicerent
2798 1999 3020 2072 (Matth.
3050 2000 3135 2054 15.
3167 1997 3274 2069 55)
3300 2040 3314 2064 ,
3347 2013 3518 2068 neque
3557 1999 3786 2066 amplius
3811 2000 3961 2067 quid-

2376 2108 2535 2162 quam
2559 2092 2626 2146 de
2653 2093 2742 2145 illo
2768 2091 3159 2155 existimarent,
3197 2089 3450 2160 paulatim
3475 2103 3567 2144 eos
3593 2090 3656 2143 ad
3687 2090 3968 2144 sublimiu-

2382 2200 2491 2238 rcm
2552 2184 2956 2254 intelligentiam
3005 2183 3178 2254 erigit.
3216 2182 3355 2237 Cum
3408 2196 3536 2251 ergo
3574 2181 3858 2236 audierunt
3909 2197 3966 2235 so

2384 2277 2546 2332 Deum
2578 2292 2682 2330 non
2712 2291 2887 2343 nosse,
2919 2275 2969 2328 id
2995 2289 3097 2330 non
3141 2290 3282 2345 {egre
3313 2274 3576 2340 tulerunt;
3625 2290 3744 2328 cum
3786 2285 3965 2328 autem

2380 2368 2692 2431 audierunt,
2739 2367 3015 2435 Antequam
3055 2366 3310 2422 Abraham
3338 2367 3500 2435 ﬁeret,
3531 2383 3622 2437 ego
3640 2384 3786 2432 sum,
3832 2383 3897 2422 ac
3923 2370 3967 2420 si

2382 2475 2564 2516 eorum
2589 2459 2834 2513 nobilitas
2861 2458 3232 2530 degeneraret,
3256 2467 3640 2528 cxasperantur
3663 2469 3718 2514 et
3763 2459 3968 2529 lapides

2381 2551 2600 2622 jaeinnt.
2644 2550 2774 2604 Vidit
2807 2552 2938 2604 diem
2965 2567 3147 2612 meum,
3177 2559 3223 2604 et
3265 2550 3464 2621 gavisus
3507 2561 3599 2604 est.
3626 2550 3874 2605 Ostendit
3905 2567 3964 2606 se

2387 2657 2490 2696 non
2525 2642 2741 2696 invitum
2774 2641 2840 2696 ad
2869 2656 3080 2696 erucem
3110 2642 3291 2697 venire
3319 2659 3331 2695 :
3357 2641 3616 2711 siquidem
3641 2643 3822 2697 laudat
3847 2659 3970 2698 eum

2385 2734 2474 2804 qui
2503 2733 2569 2788 de
2588 2748 2743 2788 eruee
2762 2733 2976 2804 gaudet,
3003 2747 3122 2803 qua:
3145 2732 3289 2787 salus
3313 2733 3496 2787 mundi
3523 2742 3656 2788 erat.
3686 2733 3767 2788 Illi
3794 2744 3972 2789 autem

2388 2825 2687 2895 lapidabant
2719 2843 2730 2877 :
2759 2825 2826 2877 ita
2858 2832 3012 2878 erant
3052 2824 3118 2877 ad
3146 2823 3321 2878 credes
3345 2825 3545 2893 parati,
3597 2833 3651 2880 et
3700 2826 3820 2880 sine
3863 2826 3976 2881 ullo

2387 2917 2631 2970 examine
2672 2915 2719 2968 id
2762 2930 2824 2968 ex
2848 2929 2905 2969 se
2937 2912 3221 2968 faciebant.

2462 3004 2524 3058 In
2555 3005 2751 3058 Christo
2767 3020 2880 3067 vox,
2917 3005 3068 3069 Sum,
3089 3005 3463 3074 perpetuitatem
3490 3003 3764 3075 significat.
3789 3006 3978 3060 —Cnr

2393 3113 2519 3152 vero
2543 3112 2644 3150 non
2674 3097 2825 3158 dixit,
2853 3096 3162 3164 Priusquam
3187 3094 3454 3149 Abraham
3482 3095 3652 3163 fieret,
3683 3112 3783 3167 ego
3806 3113 3977 3158 eram.

2393 3192 2509 3256 sed,
2545 3189 2653 3260 Ego
2679 3205 2788 3241 ειιηι
2807 3189 2832 3241 !
2851 3186 3002 3242 Sicut
3027 3187 3214 3257 ipsius
3239 3186 3398 3241 Pater
3428 3186 3515 3240 illa
3547 3202 3672 3243 usus
3695 3198 3776 3242 est
3808 3204 3943 3243 voce
3969 3231 3982 3254 ,

2395 3284 2540 3345 Sum,
2575 3282 2649 3335 sic
2671 3290 2723 3335 et
2751 3280 2859 3334 ille.
2888 3278 3010 3334 [hcc
3030 3279 3225 3349 quippe
3248 3294 3345 3332 vox
3374 3277 3635 3348 significat
3656 3281 3984 3352 ipsumper-

2394 3383 2547 3444 petua
2572 3387 2710 3434 esse,
2739 3372 2804 3422 ab
2834 3368 2978 3423 omni
2998 3368 3222 3422 liberum
3276 3377 3549 3438 tempore;
3592 3370 3817 3439 ideoque
3849 3374 3988 3442 ipsis

2396 3463 2699 3531 blaspltema
2713 3475 2810 3512 vox
2826 3474 2945 3520 esse
2958 3457 3253 3513 videbatur.
3270 3457 3366 3525 Qui
3384 3473 3510 3513 vero
3522 3462 3987 3529 comparationem

2397 3555 2536 3607 illam
2561 3567 2679 3606 cum
2703 3551 3140 3605 Abrahamo-non
3165 3548 3426 3613 ferebant,
3455 3550 3577 3604 licet
3601 3551 3687 3606 illa
3707 3569 3811 3606 non
3835 3562 3990 3608 tanta

2386 3657 2536 3700 esset
2563 3664 2576 3711 ;
2605 3647 2646 3699 si
2679 3659 2822 3714 srepc
2851 3657 2910 3698 se
2937 3642 3076 3697 Patri
3105 3651 3454 3711 cotequasset,
3479 3657 3657 3698 annon
3680 3643 3828 3699 illum
3864 3661 3992 3715 per-

2387 3747 2559 3805 .petuo
2617 3733 3006 3803 impctiissent?
3048 3732 3258 3787 Deinde
3313 3731 3442 3802 fugit
3494 3733 3685 3787 iterum
3749 3735 3994 3790 humano

2399 3843 2566 3892 more,
2596 3835 2649 3880 et
2673 3826 2952 3881 abscondit
2979 3841 3057 3892 se,
3085 3839 3203 3879 cum
3232 3825 3364 3879 satis
3383 3837 3477 3878 eos
3504 3825 3776 3883 docuisset
3803 3836 3862 3883 et
3894 3843 3994 3883 sua

2400 3919 2699 3988 implesset;
2751 3917 2910 3973 exivit
2943 3916 3010 3971 de
3038 3917 3260 3986 templo,
3292 3925 3348 3971 et
3383 3918 3612 3974 secessit
3631 3918 3698 3972 ad
3726 3919 3858 3974 caeci
3889 3935 3993 3975 cu-

2401 4011 2680 4075 rationem,
2703 4008 2952 4078 operibus
2977 4008 3133 4063 lidem
3159 4007 3260 4061 sibi
3288 4008 3601 4073 concilians,
3628 4008 3770 4079 quod
3797 4025 3996 4081 nempe

2399 4111 2524 4155 ante
2568 4101 2835 4154 Abraham
2864 4108 3026 4154 esset.
3059 4098 3161 4155 Sed
3195 4097 3329 4152 forte
3361 4099 3502 4154 dicet
3544 4099 3815 4169 quispiam
3843 4100 4000 4155 :~Cnr

2402 4193 2606 4247 illorum
2638 4199 2883 4245 conatum
2918 4204 3021 4244 non
3052 4189 3235 4259 fregit?
3275 4193 3353 4244 sic
3381 4190 3524 4245 enim
3547 4190 3684 4246 forte
3713 4192 3995 4247 credidis-

2401 4290 2540 4336 sent.
2583 4279 2936 4349 Paralyticum
2978 4279 3204 4345 sanavit,
3254 4293 3356 4334 nec
3412 4278 3794 4348 crediderunt;
3845 4284 3996 4338 mille

2404 4374 2551 4441 signa
2583 4373 2724 4439 fecit,
2748 4381 2802 4427 et
2829 4371 2880 4426 in
2922 4361 3032 4441 ipsa
3060 4373 3305 4442 passione
3331 4373 3553 4442 supinos
3598 4374 3720 4430 illos
3753 4385 3998 4444 prostra-

2407 4465 2501 4530 vit,
2533 4464 2742 4516 illorum
2772 4463 2955 4517 oculos
2985 4462 3377 4523 ohtcncbravit.
3404 4474 3456 4518 et
3475 4480 3584 4518 non
3609 4466 3995 4531 eredidemnt;

2405 4566 2458 4610 et
2487 4554 2750 4623 quomodo
2777 4553 3153 4622 credidissent,
3195 4555 3238 4609 si
3289 4556 3396 4609 vim
3439 4567 3492 4611 et
3516 4567 3772 4612 conatum
3804 4574 3996 4615 eorum

2403 4646 2682 4701 solvisset?
2707 4647 2899 4700 Animo
2929 4645 3135 4714 quippe
3180 4644 3464 4714 desperato
3494 4647 3623 4701 nihil
3647 4648 3800 4718 pejus
3835 4667 3849 4705 :
3885 4653 4000 4706 sive

2405 4741 2553 4808 signa
2585 4738 2798 4802 viderit,
2828 4737 2941 4791 sive
2967 4735 3230 4806 prodigia,
3262 4738 3311 4790 iu
3334 4737 3527 4792 eadem
3556 4749 3874 4808 perseverat
3898 4743 4001 4796 im-

2399 4828 2676 4898 pudentia.
2712 4825 2840 4880 Nam
2871 4827 3075 4880 Pharao
3101 4827 3245 4880 mille
3270 4828 3434 4898 plagis
3466 4831 3718 4899 acceptis,
3749 4847 3877 4887 cum
3913 4851 4002 4885 (τιο

2407 4921 2690 4990 stigaretur
2713 4927 2946 4984 tantum,
2976 4918 3346 4988 resipiseebat,
3379 4929 3434 4975 et
3457 4934 3624 4990 usque
3649 4921 3717 4975 ad
3749 4923 3999 4978 ultimum

2406 5011 2545 5066 diem
2575 5011 2711 5065 idem
2735 5011 2984 5079 perstitit,
3016 5011 3138 5065 illos
3157 5026 3293 5081 quos
3309 5011 3589 5068 dimiserat
3615 5027 4001 5086 persequutus.

2404 5103 2530 5157 Ideo
2579 5102 2773 5156 Paulus
2811 5117 2954 5171 sape
2991 5101 3139 5166 dicit,
3189 5101 3272 5156 Ne
3321 5102 3597 5158 obduretur
3620 5105 3734 5174 quis
3764 5123 3829 5160 ea:
3860 5111 4001 5164 vobis

2406 5194 2615 5264 fallacia
2669 5183 2863 5263 peccati
2899 5192 3094 5262 (Hebr.
3122 5195 3174 5248 '5.
3205 5194 3295 5263 8).
3337 5193 3801 5261 Quemadmodum
3851 5203 4001 5256 enim

2400 5286 2545 5339 vires
2566 5285 2804 5353 corporis
2829 5287 2846 5314 ¹
2869 5285 3084 5339 demum
3114 5286 3546 5355 exstinguuntur,
3569 5298 3621 5342 et
3638 5303 3857 5343 omnem
3878 5308 4002 5346 seu-

2472 5401 2486 5431 ι
2523 5399 2598 5464 sic
2620 5411 2791 5464 omnes
2814 5406 2918 5464 Mss.
2945 5405 2998 5448 et
3019 5396 3136 5464 Editi
3162 5398 3505 5464 Chrysgstomi,
3529 5408 3680 5464 atque
3703 5402 3770 5451 ita
3790 5402 3999 5464 legitur,

2402 5460 2646 5522 inquiunt,
2669 5461 2721 5507 in
2760 5460 2969 5522 quodam
3014 5459 3272 5509 Barherino
3314 5459 3506 5522 Culice.
3531 5459 3622 5511 Sed
3641 5459 3874 5512 aliorum"
3890 5459 4000 5516 Novi

2405 5520 2700 5570 Teistamenti
2727 5520 3082 5581 exemplarium
3098 5529 3299 5630 rec'qSta
3323 5521 3472 5571 lectio
3495 5531 3573 5573 est
3588 5559 3602 5580 ,
3625 5524 4000 5588 quinquaginta.

2468 5585 2488 5613 '
2521 5581 2631 5630 Hic.
2657 5583 2810 5630 inquit
2830 5582 2992 5630 savil..
3014 5583 3178 5630 insere
3246 5595 3326 5629 um
3349 5586 3540 5630 coniicit
3554 5586 3864 5630 doctissimus
3900 5594 4000 5630 nm.

2468 5585 2488 5613 ¹
2521 5581 2631 5641 Hic,
2657 5583 2810 5646 inquit
2830 5582 2992 5646 savi|_.,
3014 5581 3326 5646 inserendum
3349 5586 3540 5646 eoujicit
3554 5581 3867 5636 doctissimus
3900 5594 4000 5636 Boi-

2411 5645 2528 5709 sins,
2554 5643 2730 5709 morbis
2747 5643 2988 5709 diuturnis
3006 5643 3256 5709 exhausta!
3272 5682 3284 5698 ,
3313 5653 3363 5692 et
3385 5643 3583 5709 quidem
3616 5646 3795 5709 aliquid
3825 5650 3998 5707 huius-

2406 5704 2532 5752 modi
2554 5705 2820 5753 desiderari
2844 5703 3023 5753 clarum
3042 5714 3133 5753 est.
3149 5705 3328 5754 Verum
3351 5703 3617 5756 reclamant
3637 5703 3795 5758 ouiuia
3821 5703 3997 5760 exeru-

2413 5767 2574 5828 plaria,
2603 5774 2653 5815 et
2675 5769 2742 5813 sie
2767 5779 2909 5829 posse
2934 5777 3064 5816 stare
3090 5776 3279 5816 textum
3304 5769 3531 5819 arbitror.
