4164 6330
212 562 325 602 sum
356 540 611 597 amittunt
637 558 649 596 :
673 540 752 596 sic
776 548 830 595 et
858 536 1031 592 anima
1060 534 1241 591 multis
1262 531 1544 589 aﬂ'eetibus
1571 529 1810 591 detenta,

213 638 279 693 ad
304 639 559 691 virtutem
589 631 647 688 lit
679 632 822 687 velut
848 638 1080 685 mortua.
1104 625 1369 697 Quidquid
1402 624 1500 696 ipsi
1528 621 1809 687 obtuleris,

215 728 347 786 nihil
374 729 576 792 sentit;
610 724 707 780 sed
734 723 846 779 sive
891 722 1235 793 supplicium,
1278 721 1391 775 sive
1431 716 1645 789 quidvis
1667 714 1809 769 aliud

214 820 580 885 commincris,
606 819 724 873 sine
750 831 910 872 sensu
933 824 1134 871 manet.

284 914 337 969 5.
370 911 555 969 Contra
573 909 771 964 invidos
791 926 809 975 ,'
834 908 1034 962 invidus
1056 916 1112 961 ut
1133 906 1289 960 alium
1308 905 1637 975 perdat,-ipse
1656 900 1807 972 perit.

238 1036 284 1051 ο-
302 1003 664 1074 Quamobrem
688 1044 703 1067 ,
752 1002 977 1057 obsecro
1000 1042 1014 1067 ,
1055 999 1227 1055 donec
1253 1013 1401 1069 spem
1427 996 1615 1052 salutis
1647 994 1809 1049 habe-

215 1114 352 1162 mus,
376 1095 547 1151 donec
567 1092 805 1150 converti
831 1106 1136 1162 possumus,
1167 1091 1345 1146 omnia
1377 1089 1649 1145 faciamus.
1675 1085 1807 1141 Nam

208 1189 298 1260 qui
326 1201 485 1243 sensu
507 1196 711 1251 carent,
738 1194 1005 1256 tamquam
1024 1183 1412 1254 gubernatores
1437 1179 1802 1249 desperantes,

210 1293 399 1333 navem
431 1277 605 1332 ventis
633 1275 995 1340 committunt,
1025 1273 1154 1327 nihil
1195 1287 1259 1326 ex
1291 1285 1349 1325 se
1377 1270 1699 1333 all‘erentes;
1729 1267 1807 1322 sic

205 1384 265 1423 se
291 1368 526 1436 denique
551 1368 637 1421 isti
665 1374 875 1436 gerunt.
908 1364 1125 1419 Invidus
1171 1362 1271 1417 hoc
1300 1377 1461 1416 unum
1492 1368 1717 1428 spectat,
1750 1367 1834 1412 ut-

203 1462 557 1532 eupiditalcm
599 1475 751 1515 suam
786 1458 1006 1528 impleat
1049 1456 1193 1510 :ctsi
1234 1454 1554 1524 supplicium
1578 1459 1636 1506 ct
1658 1466 1803 1503 inor-

205 1563 312 1607 tein
338 1553 409 1605 sit
448 1552 742 1616 subiturus,
774 1548 1023 1603 morbum
1061 1546 1226 1601 animi
1253 1555 1401 1599 curat
1431 1544 1639 1608 solum;
1671 1550 1730 1597 ut
1753 1553 1806 1596 et

204 1643 506 1713 impudicus
549 1652 603 1697 et
659 1655 868 1695 avarus.
912 1638 965 1695 Si
1024 1655 1153 1695 vero
1194 1647 1337 1693 tanta
1376 1636 1447 1692 sit
1491 1635 1803 1690 morborum

199 1736 367 1790 animi
399 1734 657 1806 tyrannis,
694 1732 861 1787 multo
886 1731 1061 1802 major
1090 1730 1302 1785 virtutis
1333 1730 1413 1783 vis
1456 1743 1576 1783 esse
1620 1726 1797 1781 debet.

199 1826 259 1882 Si
310 1836 531 1897 promer
585 1826 673 1879 iila
716 1832 943 1879 mortem
998 1822 1325 1894 despicimus
1351 1863 1366 1889 ,
1410 1829 1627 1891 pr0pter
1667 1819 1803 1872 hanc

200 1920 371 1973 midto
401 1918 568 1987 magis
602 1916 979 1985 chpiciamus.
1011 1914 1067 1969 Si
1106 1929 1256 1968 suam
1289 1912 1360 1967 illi
1390 1912 1621 1965 animam
1650 1924 1802 1979 sper-

198 2022 357 2079 nunt,
384 2011 551 2064 multo
586 2010 754 2080 magis
785 2008 938 2063 nobis
966 2023 1061 2079 pro
1088 2008 1260 2061 salute
1292 2004 1471 2061 omnia
1497 2002 1799 2075 spernenda

194 2112 346 2156 sunt.
381 2102 509 2169 Qua:
537 2101 679 2154 enim
712 2100 863 2153 nolis
891 2100 996 2154 erit
1020 2098 1314 2163 excusatio,
1362 2098 1406 2152 si
1444 2110 1565 2150 cum
1612 2095 1683 2149 illi
1711 2095 1800 2165 qui

194 2203 447 2262 pereunt,
479 2200 677 2245 tantam
712 2190 964 2260 perniciei
992 2206 1106 2245 sum.
1132 2189 1262 2245 dant
1287 2203 1531 2259 operam,
1560 2202 1664 2242 non
1704 2202 1797 2256 pa-

194 2301 313 2341 rem
361 2298 458 2339 nos
500 2298 596 2355 pro
639 2284 809 2337 salute
845 2291 1025 2337 nostra
1053 2282 1424 2346 exhibeamus,
1458 2279 1551 2335 sed
1584 2294 1799 2350 semper

193 2378 398 2434 invidia
451 2376 829 2432 tabescantus?
871 2375 1013 2431 Nihil
1073 2375 1218 2431 enim
1260 2375 1456 2430 invidia
1508 2372 1695 2444 pejus;
1742 2380 1800 2426 ut

190 2471 361 2524 alium
394 2468 580 2539 perdat
606 2468 836 2535 invidus,
869 2470 985 2538 ipse
1026 2468 1181 2537 petit.
1208 2466 1375 2523 Invidi
1399 2467 1583 2521 oculus
1610 2465 1799 2520 dolore

190 2562 439 2627 tabescit,
476 2562 527 2616 in
556 2570 727 2617 moue
759 2562 886 2616 vivit
930 2572 1189 2631 perpetua
1213 2604 1225 2625 ,
1267 2577 1459 2617 omnes
1502 2561 1797 2616 arbitratur

188 2652 295 2706 sibi
327 2652 593 2718 inimicos,
621 2652 714 2723 qui
734 2653 895 2708 etiam
919 2652 1051 2707 nihil
1084 2668 1145 2707 se
1172 2653 1445 2707 lmserunt.
1479 2653 1628 2707 Dolet
1653 2650 1796 2722 quod

192 2746 336 2799 Deus
379 2745 693 2811 bonoretur,
725 2745 924 2817 gaudet
951 2745 1019 2800 de
1049 2746 1242 2813 quilms
1286 2746 1497 2801 lastatur
1529 2746 1790 2801 diabolus.

190 2837 288 2893 Ille
310 2836 605 2895 honoratur
637 2837 705 2893 ab
736 2837 1079 2894 hominibus?
1110 2838 1215 2893 Sed
1248 2855 1353 2893 non
1378 2848 1461 2894 est
1484 2838 1570 2897 hic
1602 2838 1797 2904 honor,

188 2945 258 2985 ue
304 2930 566 2986 invideas.
602 2929 708 2987 Sed
743 2946 773 2985 a
813 2931 924 2987 Deo
962 2930 1297 3003 honoratur?
1340 2932 1555 2987 Imitare
1600 2931 1773 2985 illum.

1278 418 1343 475 IN
1378 412 1693 474 JOANNEM
1762 407 1992 466 ιιωιιι.
2028 405 2161 463 LVI.
2203 403 2271 462 al.
2318 402 2427 463 bV.

3424 406 3529 464 506

1921 522 2025 579 Sed
2059 537 2164 577 non
2198 522 2315 577 vis?
2344 519 2455 576 Cur
2482 535 2614 593 ergo
2643 522 2873 593 tuipsmn
2926 522 3073 593 Itertii
3120 524 3142 577 ?
3171 538 3268 578 cur
3314 524 3527 595 projicis

1922 615 1973 670 id
1999 614 2141 686 quod
2174 614 2377 670 habes?
2404 613 2519 669 Non
2550 624 2705 686 potes
2732 615 2809 669 illi
2851 631 2946 685 par
2974 630 3099 671 esse
3120 656 3135 683 ,
3167 631 3341 687 neque
3368 616 3527 672 virtu-

1923 716 2025 761 tem
2054 704 2310 778 assequi?
2330 720 2427 760 cur
2444 705 2700 760 malitiam
2724 705 3111 776 amplecteris?
3136 706 3423 775 Oporteret
3451 708 3523 761 illi

1917 799 2196 870 gratulari,
2224 809 2279 852 ut
2308 798 2350 853 si
2379 813 2486 853 non
2508 799 2683 867 possis
2713 798 2954 853 laborum
2977 812 3207 853 consors
3237 813 3377 863 esse,
3417 799 3523 853 sal—

1919 903 2024 947 tem
2048 906 2111 947 es
2140 890 2601 961 congratulatione
2640 892 2882 947 lucreris.
2933 890 3090 961 Szepe
3136 906 3368 961 namque
3400 907 3523 962 pro-

1918 984 2148 1054 positum
2192 983 2389 1037 sufficit
2423 982 2488 1036 ad
2536 998 2789 1053 magnum
2839 983 3199 1053 prmstandum
3236 998 3393 1053 Opus.
3434 984 3523 1038 Ait

1916 1075 2111 1145 quippe
2138 1072 2384 1128 Ezechiel
2422 1074 2439 1144 (
2461 1071 2589 1143 Cap.
2617 1076 2706 1129 55.
2738 1075 2801 1132 l5
2834 1077 2871 1140 ),
2899 1074 3019 1129 ideo
3042 1075 3300 1130 Moabitas
3322 1074 3519 1145 puniri,

1914 1168 2058 1237 quod
2130 1164 2198 1221 de
2247 1164 2607 1221 lsraclitarum
2682 1167 2835 1221 malis
2900 1167 3224 1236 gauderent:
3281 1168 3522 1238 aliosque

1914 1258 2139 1312 salutem
2172 1257 2450 1328 consequi,
2476 1257 2616 1326 quod
2646 1257 2715 1313 de
2755 1258 2984 1312 aliorum
3014 1258 3168 1313 malis
3196 1259 3519 1330 ingemisce-

1914 1358 2051 1405 rent.
2082 1349 2234 1417 Quod
2262 1349 2305 1403 si
2328 1348 2535 1419 aliquid
2562 1349 2685 1404 boni
2714 1360 2769 1405 et
2793 1350 2972 1405 solatii
3002 1351 3071 1405 sit
3098 1351 3162 1406 iis
3182 1352 3271 1423 qui
3300 1363 3522 1423 gemunt

1910 1443 1985 1499 de
2004 1442 2230 1498 aliorum
2264 1443 2438 1510 malis,
2460 1443 2831 1514 multomagis
2859 1443 2925 1498 iis
2946 1444 3035 1513 qui
3067 1443 3135 1498 de
3157 1443 3385 1499 aliorum
3418 1445 3515 1497 ho-

1913 1535 2131 1590 noribus
2156 1534 2408 1605 gaudent.
2438 1534 2701 1590 Moabitas
2730 1535 3009 1590 incusabat
3037 1536 3189 1607 quod
3206 1535 3273 1614 de
3300 1534 3517 1592 Israeli-

1913 1637 2083 1694 tarum
2113 1628 2266 1681 malis
2293 1626 2593 1698 gauderent
2627 1647 2639 1682 :
2676 1629 2820 1699 atqui
2856 1629 2994 1683 Deus
3023 1629 3517 1701 castigabat-illos:

1909 1722 2002 1777 sed
2029 1737 2133 1777 non
2164 1723 2275 1777 vult
2299 1736 2398 1777 nos
2424 1722 2661 1795 gaudere
2698 1722 2764 1778 de
2796 1724 3072 1794 suppliciis
3102 1724 3169 1779 ab
3217 1739 3276 1779 se
3306 1724 3471 1779 illatis
3504 1744 3515 1777 :

1910 1832 2083 1887 neque
2108 1817 2251 1872 enim
2298 1817 2508 1872 laetatur
2551 1817 2677 1871 dum
2712 1817 3010 1871 ulciscitur.
3057 1801 3209 1885 Quod
3241 1816 3285 1873 si
3316 1817 3513 1872 condo-

1908 1908 2126 1963 lendum
2152 1917 2227 1963 est
2252 1909 2601 1978 patientibus,
2631 1908 2803 1962 multo
2832 1910 3002 1979 magis
3033 1918 3250 1979 oportet
3284 1908 3519 1963 honora-

1913 2002 1979 2056 tis
2002 2014 2109 2056 non
2140 2001 2403 2057 invidere.
2434 1999 2522 2057 Sic
2545 2002 2820 2071 perierunt
2860 2000 2999 2057 Core
3054 2009 3109 2056 et
3147 2000 3376 2066 Dathan,
3426 2003 3515 2071 qui

1908 2107 2021 2158 eos,
2050 2093 2246 2165 quibus
2271 2092 2601 2161 invidebant,
2624 2091 3016 2163 splendidiores
3034 2092 3410 2160 reddiderunt,
3430 2107 3519 2149 sc-

1907 2202 2072 2259 seque
2096 2188 2285 2243 ultioni
2319 2187 2680 2243 tradiderunt.
2724 2187 2859 2243 Fera
2891 2187 3089 2257 quippe
3128 2196 3213 2242 est
3244 2202 3515 2243 venenosa

1908 2284 2128 2352 invidia,
2159 2283 2269 2341 fera
2293 2283 2536 2353 impura;
2564 2282 2767 2337 malitia
2801 2280 3119 2347 voluntaria,
3152 2296 3273 2351 quae
3304 2282 3515 2336 veniant

1909 2392 2015 2431 non
2044 2385 2334 2439 mereatur,
2368 2375 2603 2446 nequitia
2632 2390 2751 2445 quae
2778 2374 2995 2430 defendi
3043 2374 3249 2444 nequit,
3275 2374 3513 2429 omnium

1908 2465 2171 2521 malorum
2196 2480 2354 2520 causa
2383 2472 2440 2521 et
2464 2474 2655 2520 mater.
2690 2465 2816 2521 Ideo
2856 2465 3006 2519 illam
3028 2464 3289 2520 radicitus
3313 2464 3514 2520 evella-

1906 2560 2099 2625 lamus,
2125 2567 2181 2613 ut
2210 2567 2264 2613 et
2288 2574 2315 2611 a
2345 2559 2703 2629 praesentibus
2730 2558 2886 2613 malis
2909 2558 3221 2624 liberemur,
3252 2571 3304 2615 et
3334 2557 3512 2613 futura

1904 2665 2301 2721 consequamur
2322 2650 2485 2718 bona,
2520 2651 2689 2721 gratia
2717 2659 2772 2705 et
2807 2650 3137 2720 benignitate
3179 2652 3387 2707 Domini
3418 2668 3515 2705 no-

1907 2744 2003 2799 stri
2029 2743 2158 2799 Jesu
2183 2742 2406 2811 Christi,
2440 2758 2535 2813 per
2559 2758 2722 2815 quem
2750 2752 2804 2799 et
2842 2758 2965 2800 cum
2994 2760 3102 2817 quo
3142 2744 3286 2800 Patri
3318 2745 3510 2816 gloria,

1906 2836 2175 2906 simulque
2200 2834 2422 2907 Spiritui
2446 2844 2658 2905 sancto,
2688 2851 2832 2893 nunc
2857 2846 2911 2893 et
2952 2851 3191 2910 semper,
3223 2846 3279 2894 et
3304 2838 3359 2893 in
3410 2851 3514 2893 εω-

1907 2928 2028 2983 cula
2054 2926 2397 2983 smculorum.
2432 2928 2624 2982 Amen.

1605 3133 1946 3198 HOMILIA
1981 3131 2144 3192 LVI.

188 3283 315 3339 Car.
366 3284 419 3341 9.
465 3299 519 3337 v.
554 3285 602 3340 Ι.
636 3283 1020 3355 Et‘pra'teriens
1056 3283 1209 3339 Jesus
1239 3284 1361 3339 vidit
1395 3284 1650 3338 hominem
1692 3297 1792 3336 ca:—

258 3393 374 3429 cum
405 3392 435 3428 α
467 3377 725 3430 nativitate
753 3374 844 3429 :2.
875 3386 923 3429 et
949 3376 1384 3445 interrogaverunt
1413 3390 1525 3428 eum
1550 3372 1791 3443 discipuli

259 3470 370 3537 ejus
389 3509 403 3532 ,
432 3468 655 3522 dicentes
681 3484 699 3523 :
730 3466 889 3522 Rabbi
906 3510 920 3533 ,
943 3468 1055 3539 quis
1079 3469 1318 3537 peccauit,
1338 3466 1441 3533 hic,
1469 3482 1535 3519 tm
1559 3473 1791 3535 parentes

260 3560 370 3627 ejus
387 3606 399 3621 ,
432 3568 489 3611 ut
514 3574 674 3614 cwcus
702 3559 1032 3613 nasceretur?

265 3650 315 3706 l.
355 3648 420 3703 Et
449 3651 743 3719 prteteriens
765 3649 919 3706 Iesus
943 3652 1065 3705 vidit
1092 3651 1348 3705 hominem
1374 3666 1563 3705 cwcum
1600 3666 1632 3703 a
1659 3648 1793 3703 nati-

187 3742 361 3795 ritate.
425 3741 702 3797 Numanus
750 3756 871 3797 cum
920 3744 1024 3807 sit,
1066 3753 1122 3797 et
1159 3752 1357 3798 nostra:
1398 3742 1587 3797 salutis
1636 3740 1789 3812 cupi-

186 3832 310 3897 das,
364 3842 424 3887 ut
473 3832 839 3902 improborum
891 3848 986 3888 ora
1035 3833 1361 3903 Obstrueret,
1412 3834 1543 3889 nihil
1594 3834 1792 3889 omittit

188 3940 378 3981 eorum
406 3941 525 3996 quas
564 3924 820 3980 adhibere
851 3941 945 3995 par
969 3936 1107 3995 erat,
1151 3927 1252 3983 etsi
1282 3943 1442 3983 nemo
1466 3928 1515 3983 ei
1543 3926 1789 3983 attende.

189 4024 293 4071 ret.
326 4014 438 4070 Hoc
476 4015 665 4071 videns
698 4017 955 4087 propheta
1002 4017 1213 4073 dicebat
1254 4037 1269 4075 :
1319 4018 1386 4074 Ut
1410 4019 1712 4090 justiﬁccris
1739 4018 1791 4072 in

186 4127 223 4163 s.
242 4108 505 4163 rmonibus
534 4108 653 4175 luis,
688 4120 742 4163 et.
764 4110 934 4165 vincas
961 4126 1075 4164 cum
1098 4110 1355 4181 judicaris
1386 4111 1559 4185 (Psot.
1593 4113 1681 4168 50.

190 4200 315 4254 Ideo
335 4214 487 4255 nurse
507 4242 521 4268 ,
555 4200 693 4270 quia.
716 4200 1013 4257 verborum
1053 4202 1434 4258 subiimitatem
1467 4221 1581 4259 non
1612 4209 1793 4276 capie-

186 4291 477 4359 b:uu,.sed'
496 4293 653 4348 etiam
684 4288 1079 4349 dactnoniacum
1122 4294 1269 4350 illum
1304 4296 1587 4365 vocabant,
1630 4306 1793 4369 atque

188 4384 497 4440 interﬁcere
525 4384 833 4453 tentabant,
862 4403 892 4442 e
934 4388 1133 4457 templo
1159 4403 1430 4459 egressus,
1466 4405 1669 4446 cmcum
1701 4406 1791 4447 sa-

188 4488 303 4543 nat,
339 4486 399 4533 ut
436 4487 491 4532 et
531 4478 775 4534 absentia
803 4493 898 4535 sua
936 4479 1151 4535 illorum
1180 4480 1418 4539 furorem
1448 4484 1696 4549 sedaret,
1739 4495 1793 4540 et

188 4570 344 4640 signo
370 4569 515 4624 facto
541 4569 792 4625 duritiem
820 4572 1030 4627 illorum
1062 4572 1555 4645 immanitatemque
1583 4578 1790 4631 emolli-

186 4672 308 4725 ret,
339 4676 401 4715 ae
432 4660 592 4716 ﬁdem
622 4663 776 4719 dictis
806 4666 1151 4731 conciliaret;
1194 4668 1513 4739 signumque
1548 4670 1658 4725 edit
1686 4687 1789 4724 non

187 4752 408 4823 vulgare
429 4794 443 4819 ,
474 4755 568 4807 sed
596 4754 898 4823 quod‘tunc
932 4757 1159 4826 primum
1196 4760 1369 4813 visum
1403 4759 1592 4815 fuerat.
1626 4764 1666 4815 Α
1696 4779 1790 4816 str-

186 4844 331 4910 culo,
355 4844 547 4915 inquit,
570 4862 671 4900 non
691 4854 763 4900 est
780 4848 1031 4915 auditum,
1056 4850 1192 4917 quod
1213 4854 1467 4921 aperuerit
1489 4854 1598 4917 quis
1616 4856 1791 4909 oculos

184 4938 312 4991 circi
339 4938 444 4992 nati
473 4937 663 5009 (Joan.
696 4940 750 4995 9.
777 4939 905 5011 52).
952 4941 1088 4996 Catci
1121 4943 1262 4997 enim
1291 4944 1475 4999 oculos
1503 4945 1639 5000 lbrte
1669 4951 1787 5016 quis

184 5031 496 5097 aperuerit;
528 5031 656 5086 (περὶ
688 5031 794 5086 nati
828 5073 844 5099 ,
872 5026 987 5087 non
1027 5032 1173 5088 item.
1202 5035 1280 5090 Ac
1309 5036 1451 5105 quod
1482 5052 1730 5106 egressus
1760 5054 1792 5093 e

184 5122 389 5191 templo
430 5123 497 5177 ad
530 5123 633 5180 hoc
662 5124 786 5180 data
815 5140 979 5194 opera
1013 5128 1215 5181 venerit
1245 5177 1257 5195 ,
1296 5129 1417 5184 inde
1450 5132 1624 5199 palam
1666 5141 1747 5186 est
1774 5185 1785 5199 ,

182 5215 331 5282 quod
361 5217 472 5285 ipse
506 5231 708 5272 caecum
740 5218 965 5283 viderit,
995 5234 1172 5276 crccus
1204 5236 1332 5275 vero
1360 5223 1424 5276 ad
1460 5224 1632 5292 ipsum
1680 5241 1787 5279 non

184 5308 415 5359 venerit.
463 5307 529 5361 Et
572 5318 677 5361 tam
724 5308 1008 5381 diligenter
1056 5311 1202 5366 illum
1247 5312 1468 5367 intuitus
1497 5325 1619 5379 est,
1648 5324 1706 5371 ut
1737 5318 1789 5371 id

183 5396 432 5467 discipuli
480 5401 863 5468 adverterent,
908 5413 962 5459 ct
1001 5405 1065 5457 ad
1098 5405 1531 5477 interrogandum
1562 5410 1785 5466 induce-

183 5498 392 5541 rentur.
425 5488 683 5546 Videutes
710 5494 852 5548 enim
882 5510 1005 5549 eum
1038 5495 1278 5551 studiose
1318 5500 1741 5568 conspicientem
1768 5546 1782 5569 ,

182 5578 658 5650 interrogaverunt
690 5600 811 5639 eum
844 5603 858 5641 :
891 5586 1015 5651 Quis
1041 5590 1282 5657 peccavit,
1308 5591 1409 5656 hic,
1441 5601 1530 5643 aut
1552 5604 1787 5660 parentes

181 5670 298 5741 ejus
320 5670 347 5724 .’
372 5671 524 5729 Falso
555 5676 676 5730 nixa
706 5677 1073 5748 interrogatio.
1100 5680 1380 5749 Quomodo
1400 5684 1541 5737 enim
1568 5700 1788 5754 peccas-

180 5774 265 5817 set
292 5773 576 5834 antequam
607 5774 1240 5843 nasceretur‘tqnomodo
1266 5774 1335 5829 ob
1359 5786 1637 5846 parentum
1665 5794 1785 5848 pec-

182 5867 366 5913 catum
411 5861 491 5916 hic
536 5865 748 5934 punitus
795 5868 974 5922 esset?
1025 5869 1305 5936 Quomodo
1354 5885 1482 5943 ergo
1530 5872 1594 5927 ad
1648 5870 1797 5931 hanc

1903 3283 2169 3332 venerunt
2194 3275 2710 3347 interrogationem?
2738 3276 2980 3331 Antehac
3006 3290 3127 3332 cum
3157 3278 3509 3351 paralyticum

1896 3371 2143 3438 sanavit,
2194 3370 2328 3424 dixit
2375 3387 2387 3423 :
2434 3368 2562 3425 Ecce
2599 3387 2756 3426 sanus
2804 3371 2969 3439 factus
3011 3388 3096 3437 es;
3143 3372 3251 3427 noli
3289 3374 3510 3444 autplius

1899 3478 2109 3533 peccare
2140 3460 2336 3533 (Joan.
2371 3461 2424 3517 5.
2463 3463 2531 3517 ll
2554 3462 2593 3531 ).
2632 3462 2886 3533 Discipuli
2930 3479 3061 3534 ergo
3102 3463 3509 3521 considerantes

1900 3554 2045 3608 illum
2070 3562 2291 3624 propter
2319 3561 2596 3624 peccatum
2616 3554 2670 3608 in
2695 3555 2963 3627 paralysin
2990 3556 3260 3620 incidisse.
3284 3556 3466 3614 dicunt
3496 3601 3508 3613 .

1900 3650 2051 3718 Esto,
2097 3648 2188 3704 ille
2215 3658 2435 3719 propter
2463 3658 2681 3718 peccata
2713 3650 2763 3703 in
2806 3650 3079 3721 paralysin
3124 3650 3411 3718 inciderit;
3443 3652 3511 3708 de

1898 3746 2002 3802 hoc
2043 3745 2171 3817 quid
2211 3744 2445 3800 dixeris?
2476 3760 2603 3799 num
2637 3745 2735 3801 hie
2770 3746 3053 3815 peccavit?
3095 3745 3290 3801 Verum
3321 3746 3371 3801 id
3403 3747 3510 3802 diei

1899 3840 2085 3908 nequit
2120 3854 2134 3891 :
2175 3853 2297 3892 nam
2329 3852 2359 3891 a
2404 3837 2683 3892 nativitate
2728 3850 2906 3892 caecus
2944 3846 3047 3892 est.
3080 3836 3217 3892 Num
3250 3837 3387 3893 forte
3415 3854 3510 3909 pa-

1899 3939 2078 3986 rentes
2112 3928 2268 3998 ejus?
2295 3927 2480 3998 Neque
2508 3927 2609 3983 hoc
2647 3928 2753 3983 dici
2796 3938 2970 3998 potest
3009 3946 3022 3982 :
3063 3928 3203 3983 illius
3234 3930 3377 3983 enim
3413 3946 3510 4000 pro

1900 4032 2049 4092 patre
2082 4037 2189 4076 non
2218 4020 2309 4074 dat
2338 4035 2548 4091 punias.
2586 4019 2654 4075 Ut
2701 4034 2831 4089 ergo
2866 4035 3089 4089 puerum
3132 4020 3323 4075 morbo
3356 4022 3499 4077 labo-

1900 4123 2106 4168 cantem
2148 4112 2394 4168 videntes
2422 4112 2652 4167 dicimus
2698 4130 2710 4166 :
2758 4113 2894 4181 Quid
2926 4113 2993 4169 de
3035 4114 3138 4169 hoc
3173 4114 3502 4183 dicendum,

1897 4204 2024 4273 quid
2076 4203 2200 4257 fecit
2246 4204 2332 4258 hic
2382 4204 2551 4273 puer?
2596 4219 2701 4258 non
2746 4204 3007 4274 rogando,
3042 4205 3136 4259 sed
3167 4205 3504 4266 dubitando;

1896 4295 1975 4349 sic
2006 4294 2258 4365 discipuli
2290 4310 2393 4349 non
2428 4304 2535 4349 tam
2568 4294 3133 4366 interrogaudomiam
3166 4296 3504 4365 dubitando,

1900 4386 1949 4441 id
1974 4386 2251 4443 dicebant.
2282 4386 2581 4457 Quid-"ergo
2605 4386 2855 4442 Christus
2877 4386 2900 4412 ⁸³
2925 4388 2977 4443 3.
3010 4386 3191 4459 Neque
3221 4389 3303 4443 hic
3328 4407 3508 4461 pecca-

1896 4478 1989 4544 rit,
2020 4495 2177 4547 neque
2208 4487 2437 4549 parentes
2467 4478 2599 4548 ejus.
2622 4477 2777 4546 Quod
2806 4493 2914 4533 non
2942 4478 3109 4544 dicit,
3142 4490 3199 4534 ut
3227 4496 3323 4535 eos
3354 4497 3497 4551 pror-

1896 4584 1989 4623 sus
2030 4571 2267 4639 peccatis
2296 4570 2497 4625 liberos
2535 4570 2734 4625 indicet
2766 4570 2983 4642 (neque
3013 4574 3157 4627 enim
3189 4573 3509 4643 simpliciter

1895 4660 2067 4724 dixit,
2115 4660 2293 4731 Neque
2334 4663 2415 4715 Itic
2453 4663 2713 4733 peccavit,
2765 4680 2924 4731 neque
2954 4676 3188 4733 parentes
3219 4668 3366 4737 ejus;
3410 4670 3505 4723 scd

1897 4752 2102 4807 addidit
2125 4771 2157 4806 -:
2194 4753 2262 4809 Ut
2292 4768 2467 4809 czecus
2495 4755 2846 4827 nasceretur)
2880 4755 2991 4828 (a)_
3024 4758 3119 4813 sed
3152 4768 3209 4813 ut
3233 4761 3506 4829 gloriﬁce-

1899 4854 1984 4897 tur
2012 4844 2180 4899 Filius
2212 4844 2328 4899 Dei.
2356 4844 2603 4901 Peccavit
2627 4863 2857 4918 namque
2888 4846 2975 4904 hic
3000 4858 3055 4905 et
3082 4861 3333 4919 parentes
3356 4853 3502 4923 ejus:

1896 4934 1988 4989 sed
2023 4950 2127 4989 non
2162 4935 2286 4991 inde
2316 4937 2531 4993 caacitas
2562 4939 2727 4992 venit.

1968 5026 2135 5081 Nemo
2175 5029 2239 5083 de
2272 5030 2491 5098 peccatis
2520 5032 2759 5097 aliorum,
2799 5044 2861 5087 ire
2900 5033 2973 5087 de
3010 5046 3275 5111 parentum
3304 5039 3503 5107 quidem

1894 5121 1981 5171 dat
2010 5137 2187 5187 pensa.
2217 5151 2287 5162 -—
2320 5122 2441 5177 llmc
2472 5138 2632 5193 porro
2657 5124 2808 5190 dicit,
2846 5142 2951 5182 non
2983 5138 3041 5183 ut
3073 5129 3357 5197 indicaret,
3396 5149 3504 5189 non

1896 5206 2037 5263 hunc
2066 5211 2314 5278 quidem,
2348 5212 2441 5268 sed
2474 5215 2611 5270 alios
2656 5214 2739 5271 his
2766 5216 2833 5273 de
2876 5219 3055 5275 causis
3090 5237 3265 5276 cmcos
3298 5224 3495 5302 fuisse.

1895 5315 2090 5370 nempe
2118 5302 2189 5356 ob
2219 5313 2497 5373 parentum
2531 5306 2863 5376 iniquitatem
2896 5329 2914 5363 τ
2941 5326 3115 5382 neque
3142 5313 3287 5367 enim
3332 5316 3489 5383 licet,

1894 5394 1999 5447 alio
2028 5405 2283 5462 peccante
2308 5440 2319 5461 ,
2349 5398 2513 5453 alium
2542 5401 2825 5471 castigare.
2857 5402 2987 5458 Nam
3019 5407 3063 5460 si
3097 5407 3198 5461 hoc
3231 5408 3488 5462 conceda-

1894 5501 2032 5550 mus,
2079 5486 2207 5540 illud
2252 5489 2412 5542 etiam
2459 5490 2821 5547 concedamus
2852 5504 3083 5563 oportet,
3132 5497 3304 5566 ipsum
3343 5507 3496 5552 ante-

1892 5592 2051 5644 quam
2082 5591 2397 5634 nasecrctur
2425 5581 2753 5650 peccavisse.
2790 5583 2855 5641 Ut
2877 5601 3005 5656 ergo
3034 5602 3155 5641 cum
3183 5589 3308 5642 dicit
3338 5631 3352 5655 ,
3390 5589 3499 5643 Ne-

1891 5686 1986 5739 que
2028 5669 2109 5723 Itic
2159 5673 2404 5741 peccauit,
2456 5689 2563 5729 non
2612 5675 2861 5748 intelligit
2903 5677 2973 5733 ab
3020 5689 3139 5736 ortu
3190 5682 3497 5753 quempiam

1955 5824 2033 5885 (α),
2058 5827 2191 5902 \tqui
2226 5827 2521 5902 lucc‘verha,
2566 5836 2614 5882 ut
2639 5845 2799 5885 aecus
2842 5843 3112 5889 nasceretur
3180 5851 3417 5902 nusquam
3442 5844 3489 5892 in

1894 5889 2155 5949 ΕιιωειεΙιυ
2182 5889 2515 5952 reperiuntur.
