4164 6330
697 399 793 451 ,ςιιῖ

699 522 917 575 peccare
938 517 985 559 et
1017 504 1187 574 ptuiiii
1220 524 1231 557 :
1260 503 1337 556 sic
1362 515 1487 554 cum
1509 500 1658 561 dicit,
1687 498 1860 568 Neque
1887 506 2116 566 parentes
2140 511 2267 563 ejus,

697 616 799 651 non
826 595 1059 650 declarat
1088 593 1388 660 quempiam
1420 590 1487 644 de
1517 591 1747 660 peccatis
1781 597 2056 655 parentum
2089 598 2274 654 punias

694 689 836 737 dare.
888 681 1018 737 Nam
1074 681 1366 734 Ezechielis
1416 694 1509 734 ore
1554 679 1691 733 hanc
1740 677 1875 732 tollit
1923 676 2268 746 opinionem:

706 777 822 828 l'ivo
852 791 941 844 ego
967 815 979 835 ,
1009 773 1128 825 dicit
1159 771 1402 825 Dominus
1422 813 1438 838 ,
1464 772 1509 824 si
1531 772 1623 823 erit
1649 770 1754 823 luet:
1782 766 2024 838 parabole
2051 767 2265 819 dicens:

698 865 874 920 Patres
919 865 1244 920 conatui-erunt
1281 864 1428 918 uvam
1457 863 1688 916 acerbam
1709 903 1724 927 ,
1766 872 1813 915 et
1852 863 2021 914 dentes
2046 859 2270 927 filiorum

693 960 1054 1027 obstupuerunt
1082 953 1494 1024 (f‘fzerlt.l8.5et
1515 952 1588 1022 2).
1618 953 1826 1022 Moyses
1855 952 1980 1005 item
2010 950 2080 1002 ait
2108 966 2120 1000 :
2147 947 2269 1001 Non

694 1048 934 1099 morietur
965 1056 1106 1112 pater
1131 1061 1222 1112 pro
1250 1044 1358 1111 [ilio
1386 1042 1562 1105 (Deut.
1589 1041 1679 1096 2i.
1709 1042 1818 1110 16.).
1856 1041 1916 1094 Et
1944 1041 2010 1094 de
2038 1037 2271 1108 quodam

695 1152 818 1206 rege.
846 1137 988 1198 dicit,
1023 1134 1161 1204 quod
1191 1141 1467 1203 propterea
1499 1132 1550 1187 id
1579 1148 1682 1186 non
1713 1132 1912 1196 fecerit,
1944 1142 2161 1185 servans
2190 1128 2268 1182 le-

694 1243 809 1296 gem
838 1227 1029 1296 )loysis
1053 1226 1125 1296 (l.
1158 1224 1282 1295 fieg.
1320 1224 1404 1278 M.
1434 1224 1511 1293 6).
1545 1222 1698 1290 Quod
1741 1223 1782 1277 si
1823 1222 1942 1292 quis
1967 1220 2215 1289 ohjecerit
2251 1236 2264 1274 :

693 1320 972 1386 Quomodo
1005 1334 1132 1387 ergo
1172 1318 1402 1371 dicitur:
1435 1316 1534 1382 Qui
1561 1316 1726 1370 reddit
1767 1325 1966 1383 peccata
2007 1322 2270 1381 parentum

692 1413 742 1462 in
791 1408 927 1475 ﬁlios
966 1426 1123 1479 usque
1165 1410 1232 1462 ad
1279 1408 1478 1460 tertiam
1522 1415 1570 1460 et
1622 1416 1858 1476 quartam
1898 1403 2274 1473 generationem

693 1500 864 1566 (Di-ut.
900 1501 951 1555 ὅ.
982 1500 1076 1564 9)?
1109 1513 1426 1568 reponemus
1451 1540 1464 1564 ,
1508 1497 1826 1551 sententiam
1872 1509 1974 1547 non
2004 1507 2120 1546 esse
2151 1492 2267 1543 nni-

694 1594 986 1655 vi-rsalem;
1035 1591 1128 1646 sed
1179 1591 1246 1644 de
1296 1590 1610 1661 quibusdam
1656 1588 1780 1652 diei,
1825 1587 1911 1656 qui
1942 1601 2006 1639 ex
2036 1583 2269 1651 Aigvpto

692 1684 963 1746 exierant;
1014 1681 1110 1735 hoc
1141 1689 1241 1746 est,
1284 1680 1417 1747 Quia
1460 1680 1491 1733 ii
1535 1679 1621 1748 qui
1650 1694 1712 1731 ex
1742 1676 1968 1747 Aﬂgypto
1995 1675 2265 1736 exierant,

692 1782 812 1843 post
842 1782 914 1826 tot
943 1775 1086 1842 signa
1110 1782 1162 1826 et
1187 1771 1420 1842 prodigia
1441 1770 1746 1840 parentibus
1775 1769 1885 1822 suis
1907 1767 2113 1836 pejores
2140 1780 2265 1819 cva-

691 1875 895 1926 setmnt,
927 1866 1013 1934 qui
1062 1875 1242 1918 tamen
1286 1872 1539 1933 parentes
1578 1861 1714 1914 nihil
1755 1860 1941 1913 horum
1991 1857 2264 1919 viderant,

691 1955 876 2008 eadem
910 1956 994 2009 illa
1031 1956 1316 2024 patientur,
1345 1935 1531 2022 inquit.
1562 1967 1679 2021 qua:
1706 1951 1776 2004 illi
1810 1949 1947 2019 passi
1979 1958 2120 2011 sunt,
2146 1947 2266 2016 quia

691 2047 875 2099 eadem
906 2046 1106 2099 scelera
1156 2052 1550 2114 pet-petrarum.
1579 2042 1640 2095 Et
1678 2040 1818 2110 quod
1854 2055 1937 2092 res
1964 2040 2039 2091 sic
2071 2037 2266 2092 intelli-

691 2137 863 2205 genda
889 2137 955 2190 sit
985 2178 1006 2202 ,.
1033 2135 1196 2204 probe
1229 2136 1422 2204 capiet,
1448 2135 1489 2188 si
1521 2133 1638 2203 quis
1666 2133 1840 2185 loetnn
1871 2131 2130 2198 exploret.
2159 2128 2268 2181 Cur

689 2246 816 2298 ergo
843 2244 1018 2282 NPCIIS
1046 2239 1196 2282 natus
1226 2227 1347 2281 est?
1378 2226 1444 2282 Ut
1474 2226 1909 2295 manifestaretur,
1945 2220 2130 2288 inquit,
2157 2219 2261 2288 glo-

690 2323 766 2373 ria
799 2320 907 2373 Dei.
931 2320 1060 2373 llinc
1092 2334 1273 2374 rursus
1296 2318 1399 2372 alia
1428 2317 1662 2385 exsurgit
1683 2313 1908 2384 qinestio
1938 2329 1948 2361 :
1975 2310 2106 2363 Nom
2138 2311 2259 2362 alis-

693 2428 801 2482 que
826 2411 979 2480 hujus
1010 2411 1279 2480 inmitione
1314 2449 1328 2472 ,
1361 2423 1464 2462 non
1497 2414 1703 2476 poterat
1747 2403 1912 2473 gloria
1962 2401 2051 2453 ltei
2097 2413 2261 2467 appa-

692 2504 852 2557 lere?
877 2503 1035 2557 Certe
1061 2518 1166 2556 non
1195 2501 1390 2556 dicitur
1417 2514 1529 2554 non
1551 2496 1821 2567 potuisse;
1853 2502 2056 2562 poterat
2082 2492 2220 2545 enim
2244 2507 2262 2542 :

688 2595 787 2650 sed
809 2603 864 2649 ut
903 2595 952 2648 in
985 2594 1084 2650 hoc
1109 2594 1266 2649 etiam
1313 2599 1608 2661 appareret.
1644 2588 1852 2658 Ergone
1873 2628 1887 2652 ,
1919 2586 2124 2655 inquies
2144 2627 2156 2649 ,
2187 2586 2264 2638 in-

685 2685 876 2756 iuriam
917 2697 1130 2755 prOpter
1161 2685 1250 2740 Dei
1282 2684 1504 2754 gloriam
1545 2681 1788 2750 accepit?
1813 2680 2016 2746 Quam,
2046 2694 2226 2746 quasso
2245 2717 2261 2743 ,

688 2777 930 2846 injuriam
951 2778 973 2828 ?
997 2779 1105 2846 qui,
1133 2775 1177 2829 si
1205 2789 1469 2844 nunquam
1495 2773 1640 2826 illum
1666 2772 1807 2825 nasci
1834 2769 2130 2823 voluisset?
2153 2769 2266 2838 Ego

687 2883 813 2923 vero
857 2868 1014 2920 etiam
1060 2882 1125 2921 ex
1170 2866 1406 2920 ca'citate
1447 2861 1762 2918 beneficium
1795 2859 2065 2928 accepisse
2102 2859 2259 2924 dico;

686 2975 807 3014 nam
855 2957 1192 3012 interioribus
1231 2969 1442 3026 quoque
1496 2953 1624 3008 vidit
1662 2951 1852 3006 oculis.
1897 2951 2030 3019 Quid
2078 2949 2264 3020 juvant

685 3051 823 3104 oculi
869 3049 1116 3103 Judteos?
1164 3048 1332 3116 Majas
1379 3045 1520 3101 enim
1566 3043 1881 3113 supplicium
1930 3042 2259 3105 habuerunt,

686 3139 825 3210 quod
857 3138 1080 3192 videndo
1108 3137 1232 3191 cmci
1260 3143 1456 3190 essent.
1490 3133 1626 3202 Quid
1658 3148 1784 3188 vero
1814 3132 1936 3187 huic
1963 3133 2140 3187 damni
2165 3132 2265 3186 fuit

686 3248 748 3285 ex
793 3230 1070 3284 accitate?
1102 3229 1324 3297 Propter
1353 3226 1494 3280 illam
1522 3226 1690 3278 visum
1734 3224 1955 3292 accepit.
1999 3223 2178 3291 itaque
2206 3231 2263 3277 ut.

685 3323 818 3378 mala
852 3323 1004 3392 hujus
1029 3323 1169 3387 vitae,
1201 3320 1338 3374 maia
1381 3334 1486 3372 non
1531 3327 1688 3380 sunt;
1731 3318 1808 3370 sic
1836 3318 1971 3370 bona
2004 3331 2106 3368 non
2137 3323 2260 3368 sunt

685 3416 853 3478 luunt;
899 3413 990 3468 sed
1024 3428 1183 3467 unum
1213 3419 1486 3481 peccatum
1524 3409 1720 3463 malum
1747 3416 1823 3463 est
1846 3449 1870 3472 ,,
1890 3408 2101 3461 cmeitas
2133 3422 2260 3461 vero

685 3522 787 3559 tum
816 3505 971 3558 mala.
1005 3504 1107 3571 Qui
1129 3515 1304 3558 autem
1327 3517 1393 3557 ex
1426 3501 1592 3556 nihilo
1623 3500 1884 3570 producit,
1917 3498 2086 3568 potuit
2110 3498 2256 3552 illum

683 3600 759 3652 sic
785 3597 1102 3666 relinquere.
1132 3595 1355 3662 Quidam
1384 3608 1510 3648 vero
1552 3592 1735 3647 dicunt
1779 3591 1914 3644 hane
1945 3589 2256 3658 particulam

686 3706 790 3744 non
842 3705 959 3744 esse
1003 3689 1294 3754 causalem,
1324 3687 1416 3742 sed
1459 3702 1522 3742 ex
1566 3694 1757 3739 eventu
1789 3683 1933 3748 diei;
1967 3692 2022 3735 ut
2047 3681 2258 3751 quando

681 3783 805 3836 dii-it
835 3800 850 3836 :
875 3781 941 3834 In
964 3781 1213 3851 judicium
1244 3781 1351 3832 τωιί
1395 3779 1445 3831 in
1485 3777 1618 3829 hunc
1649 3774 1920 3837 mundum,
1956 3782 2010 3826 ut
2039 3789 2137 3825 non
2179 3774 2255 3826 ri-

679 3876 851 3926 dentes
893 3872 1108 3934 rideant,
1140 3880 1184 3922 et
1210 3870 1294 3939 qui
1322 3869 1507 3930 rident,
1537 3867 1655 3919 ταϊὶ
1686 3866 1810 3933 [iant
1839 3863 2016 3934 (Joan.
2051 3865 2104 3918 9.
2138 3863 2252 3932 '59).

681 3965 791 4019 Non
819 3964 958 4017 enim
985 3963 1126 4017 venit
1168 3970 1222 4015 ut
1265 3961 1503 4014 videntes
1548 3957 1674 4012 czrci
1708 3958 1912 4012 fierent.
1949 3956 2014 4011 Et
2045 3971 2256 4010 rursum

681 4057 873 4110 l‘aulus
907 4071 924 4109 ξ
965 4055 1098 4107 Nam
1129 4053 1264 4123 quod
1289 4061 1463 4105 uotum
1487 4060 1562 4103 est
1599 4048 1720 4108 Dei.
1752 4051 2072 4118 manifestum
2101 4057 2172 4100 est
2203 4047 2254 4100 in

679 4151 803 4213 iliis,
832 4159 886 4200 ut
916 4149 1014 4200 sint
1043 4147 1402 4201 inexcusabile:
1431 4145 1605 4213 (Rom.
1642 4144 1689 4197 l.
1725 4141 1832 4208 19).
1864 4140 1974 4195 Etsi
2001 4157 2104 4195 non
2137 4141 2255 4194 ideo

679 4241 1130 4300 uianifestaverit,
1183 4247 1237 4291 ut
1282 4220 1624 4290 excusatione
1671 4234 2026 4302 privarentur,
2073 4232 2165 4286 sed
2200 4242 2256 4286 ut

678 4335 818 4386 illam
849 4331 1123 4385 haberent.
1160 4329 1225 4380 Et
1257 4343 1462 4380 rursum
1493 4325 1651 4389 alibi,
1686 4322 1793 4376 Lex.
1821 4332 1986 4375 autem
2015 4323 2257 4375 subintro-

677 4424 769 4487 νει,
813 4431 862 4474 ιιι
906 4419 1182 4473 abundaret
1227 4417 1457 4469 delictum
1491 4413 1509 4484 (
1535 4413 1681 4465 Rom.
1715 4412 1766 4467 5.
1799 4411 1872 4465 9.0
1895 4412 1933 4480 ).
1965 4411 2122 4481 Atqui
2151 4427 2255 4466 non

678 4515 797 4569 ideo
821 4512 1158 4575 su-hintravit,
1185 4509 1274 4563 sed
1309 4518 1362 4561 ut
1387 4507 1724 4561 cohiberetnr
1757 4511 2052 4572 peccatum.

747 4605 801 4658 2.
850 4602 1032 4656 Viden‘
1063 4600 1256 4670 ubique
1301 4597 1608 4652 adverbium
1644 4611 1710 4649 ex
1739 4603 1929 4647 eventu
1978 4592 2140 4663 poni?
2189 4592 2252 4648 Ut

679 4697 816 4748 enim
861 4693 1183 4745 architectus
1231 4691 1462 4760 optimus
1510 4698 1709 4758 partem
1765 4686 1956 4739 mdium
2006 4685 2247 4755 perfecit,

679 4794 879 4855 partem
923 4781 1282 4850 imperfectam
1313 4781 1557 4848 reliquit,
1587 4787 1640 4830 ut
1668 4794 1729 4831 ex
1762 4776 1974 4831 residuo
2003 4775 2139 4845 apud
2173 4777 2252 4829 in-

679 4875 924 4930 credulos
963 4875 1029 4926 tle
1069 4884 1178 4926 toto
1222 4886 1340 4924 sese
1369 4869 1612 4922 defendat
1643 4886 1655 4920 :
1686 4869 1752 4921 ita
1795 4877 1847 4920 et
1889 4867 2028 4921 Deus
2057 4882 2251 4935 corpus

676 4975 912 5020 nostrum
959 4964 1287 5033 conglutth
1341 4970 1394 5014 et
1445 4960 1664 5029 perlicit,
1723 4969 1988 5028 tamquam
2033 4957 2248 5012 domum

674 5057 951 5124 quamdam
982 5056 1270 5118 labantem,
1295 5067 1414 5105 cum
1446 5066 1657 5103 mantnn
1679 5049 1880 5103 aridam
1903 5057 2076 5112 sanat,
2101 5063 2251 5115 para-

678 5149 817 5218 lytiei
839 5147 1072 5200 membra
1097 5147 1288 5206 firmat.
1315 5141 1531 5197 claudos
1554 5141 1726 5210 erigit,
1749 5140 1987 5209 leprosos
2009 5137 2248 5202 mundat,

675 5255 846 5308 u'gros
871 5247 1040 5302 sanat,
1070 5250 1220 5291 crura
1248 5234 1439 5288 debilia
1467 5230 1767 5292 continuat,
1805 5237 2045 5283 mortuos
2076 5228 2247 5282 susci-

676 5344 743 5384 tat
771 5372 784 5393 ,
817 5329 1026 5383 clausos
1053 5328 1231 5381 oculos
1261 5326 1454 5395 aperit,
1487 5338 1591 5376 non
1625 5321 1839 5375 habenti
1869 5319 2053 5374 oculos
2077 5319 2246 5372 visum

675 5425 781 5476 dat.
813 5424 942 5489 Qua:
970 5420 1144 5474 omnia
1177 5419 1395 5471 infirma:
1439 5427 1641 5470 natura:
1674 5413 1795 5466 vitia
1834 5411 1959 5466 dum
1991 5409 2244 5480 corrigit,

678 5521 991 5582 potestatem
1027 5509 1262 5565 ostendit
1289 5524 1457 5563 suam.
1486 5509 1617 5562 Cum
1647 5506 1776 5559 dicit
1803 5513 1977 5559 autem
1997 5545 2010 5567 ,
2044 5502 2110 5556 Ut
2136 5521 2245 5556 ma-

673 5608 932 5672 infestetur
959 5604 1118 5674 gloria
1161 5601 1293 5665 Dei,
1334 5600 1399 5655 de
1439 5616 1529 5666 se,
1563 5614 1667 5653 non
1697 5598 1764 5653 de
1794 5597 1952 5651 Patre
1993 5595 2243 5664 loquitur.

675 5697 817 5748 Illius
848 5695 1038 5764 quippe
1064 5694 1228 5763 gloria
1261 5693 1536 5746 manifesta
1565 5701 1700 5746 erat.
1729 5690 1861 5755 Quia
1888 5686 2029 5742 enim
2058 5686 2243 5740 audie-

673 5798 809 5855 rant,
849 5787 1048 5854 Deum,
1083 5801 1200 5841 cum
1248 5785 1515 5841 hominem
1563 5783 1835 5850 formaret,
1878 5781 2149 5851 accepisse
2176 5780 2239 5835 li-

1432 389 1486 440 S.
1528 387 1803 442 JOXN'NIS
1841 381 2313 440 CllllYSUbTOill
2347 382 2656 436 AllCllilil’.
2697 382 3230 436 CONSTANTINUP.

3871 390 3970 443 .‘t'lr’t

2382 510 2526 546 tttttm
2556 496 2621 548 de
2651 505 2793 550 terra
2820 512 2834 552 :
2867 495 2989 550 ideo
3016 497 3093 548 sic
3121 497 3205 548 ille
3235 496 3404 548 lutum
3449 497 3715 551 formavit.
3741 500 3796 551 Si
3828 504 3971 555 en'in

2377 584 2598 639 dixisset
2626 605 2638 639 :
2669 587 2779 656 ligo
2806 602 2921 640 sum
2959 589 3046 656 qui
3093 588 3271 656 accepi
3308 589 3575 655 pulverem
3601 588 3669 642 de
3711 600 3851 644 terra
3873 635 3888 657 ,
3919 604 3972 646 et

2379 674 2646 730 hominem
2686 679 2943 739 formavi,
2983 679 3032 731 id
3064 677 3396 732 auditoribus
3422 679 3701 734 offensioni
3746 681 3968 747 fuisset;

2377 766 2462 819 ubi
2495 784 2620 822 vero
2646 767 2696 822 id
2726 770 2840 839 ipso
2869 784 3031 838 opere
3052 769 3306 837 ostendit,
3333 786 3439 825 non
3468 787 3765 844 repugnare
3788 784 3967 843 potue-

2378 870 2522 911 runt.
2555 861 2786 930 Accepto
2813 863 2988 930 itaque
3013 863 3258 932 pulvere,
3291 878 3449 933 quem
3478 879 3598 920 cum
3629 874 3790 935 sputo
3815 883 3964 922 com-

2377 950 2609 1014 miscuit,
2637 951 2712 1005 sic
2738 951 3003 1005 occultam
3032 953 3258 1021 gloriam
3287 968 3436 1006 suam
3467 955 3806 1010 manifestam
3842 959 3960 1012 red-

2374 1039 2526 1094 didit.
2575 1041 2688 1095 Non
2733 1058 2891 1110 parva
2935 1044 3078 1097 enim
3127 1043 3293 1113 gloria
3336 1052 3471 1107 erat,
3511 1047 3653 1115 quod
3701 1057 3969 1102 creatura:

2374 1131 2550 1199 ομπος
2583 1142 2874 1202 putaretur.
2927 1135 2998 1188 Ea
3031 1134 3132 1189 hoc
3157 1135 3299 1188 enim
3331 1144 3525 1189 ett-tera
3553 1138 3927 1205 sequebantur
3956 1157 3966 1191 :

2373 1235 2436 1273 ex
2485 1232 2635 1289 parte
2679 1232 2844 1276 totum
2876 1224 3214 1278 credebatur.
3248 1224 3464 1293 Majoris
3489 1241 3719 1296 namque
3747 1226 3888 1282 fides
3921 1230 3968 1281 id

2373 1311 2510 1378 quod
2540 1312 2711 1365 minus
2736 1324 2850 1366 crat
2870 1314 3241 1367 conlirnmbat.
3270 1315 3582 1370 Creatarutn
3609 1319 3754 1372 enim
3785 1336 3966 1373 rerum

2373 1400 2607 1453 onniium
2651 1404 3119 1468 prtestantissimus
3153 1413 3234 1459 est
3265 1404 3460 1471 homo,
3503 1415 3557 1461 ct
3599 1409 3966 1463 membrorum

2377 1491 2816 1558 pretiosissimum
2858 1503 2940 1546 cst
2977 1495 3165 1549 oculus
3197 1514 3210 1548 :
3241 1495 3441 1549 idcirco
3471 1513 3578 1550 non
3610 1498 3932 1568 simpliciter
3952 1543 3964 1555 .

2373 1584 2464 1638 scd
2512 1585 2601 1638 illo
2633 1585 2791 1640 modo
2822 1585 2906 1640 hic
2938 1588 3120 1642 oculos
3147 1589 3366 1643 creavit.
3415 1590 3523 1643 Etsi
3555 1592 3696 1644 enim
3739 1607 3966 1659 parvum

2373 1676 2439 1728 sit
2484 1677 2800 1739 membrum,
2847 1688 3126 1733 esttamen
3175 1680 3405 1734 maxime
3449 1682 3810 1735 necessarium
3841 1699 3966 1736 cor.

2375 1769 2483 1836 pori
2523 1783 2536 1820 :
2568 1768 2667 1822 hoc
2697 1768 2892 1823 Paulus
2918 1770 3150 1823 declarat
3181 1788 3193 1822 :
3225 1768 3290 1820 Et
3335 1771 3380 1823 si
3420 1771 3604 1823 dixerit
3641 1774 3813 1836 auris,
3848 1772 3968 1825 Non

2371 1875 2480 1910 sum
2501 1861 2676 1912 oculus
2695 1902 2708 1925 ,
2741 1877 2840 1912 non
2868 1878 2978 1912 sum
3007 1862 3069 1913 de
3097 1878 3308 1929 corpore
3337 1878 3355 1915 :
3387 1879 3507 1915 num
3533 1864 3645 1916 itfro
3673 1882 3773 1917 non
3801 1878 3877 1917 est
3909 1869 3969 1918 de

2371 1966 2576 2019 corpore
2602 1952 2674 2022 (l.
2709 1950 2828 2005 Cor.
2861 1951 2944 2004 l9...
2974 1951 3096 2021 lli)?
3123 1951 3312 2006 Omnia
3345 1954 3541 2022 quippe
3569 1971 3687 2022 quo
3723 1956 3775 2008 in
3809 1957 3965 2009 nobis

2371 2051 2514 2106 sunt,
2546 2042 2780 2095 divinam
2816 2044 3100 2111 potentiam
3133 2043 3536 2108 demonstrant;
3584 2046 3750 2098 n‘mlto
3794 2048 3966 2116 magis

2369 2135 2590 2199 oculus,
2638 2136 2724 2204 qui
2760 2145 2924 2188 totum
2953 2150 3144 2204 corpus
3175 2136 3455 2204 gubernat,
3489 2138 3575 2206 qui
3623 2139 3716 2192 toti
3750 2143 3963 2209 corpori

2370 2224 2813 2293 pulchritudinem
2846 2226 3011 2291 indit,
3050 2227 3140 2296 qui
3173 2227 3360 2282 faciem
3390 2238 3580 2292 ornat,
3622 2231 3708 2298 qui
3743 2230 3963 2284 lucerna

2367 2324 2444 2367 est
2476 2317 2711 2369 «omnium
2745 2317 3131 2371 membrorum.
3169 2317 3298 2370 Nam
3333 2318 3473 2386 quod
3507 2320 3583 2372 snt
3612 2330 3692 2372 cst
3717 2320 3833 2373 orbi
3864 2364 3878 2384 ,
3915 2324 3962 2374 id

2367 2406 2550 2458 oculus
2575 2417 2653 2460 est
2683 2407 2914 2475 corpori.
2943 2407 2998 2462 Si
3034 2409 3200 2462 silem
3234 2409 3559 2477 exstinguas,
3583 2410 3760 2463 omnia
3787 2414 3965 2480 pcrdi-

2368 2495 2511 2562 disti,
2553 2500 2727 2551 omnia
2781 2499 3001 2551 turbasti
3045 2499 3131 2552 :si
3177 2500 3486 2568 exstinguas
3529 2501 3748 2560 oculos.
3801 2503 3964 2570 [K'IIUS

2368 2597 2491 2639 sont
2518 2587 2751 2650 inutiles,
2786 2603 2994 2649 manus,
3022 2589 3146 2642 item
3172 2589 3281 2656 ipsa
3315 2589 3512 2641 anima.
3541 2587 3788 2658 Cognitio
3819 2595 3961 2644 cnun

2368 2677 2448 2729 his
2497 2678 2825 2733 labefactalis
2870 2681 2978 2734 abit
3020 2699 3031 2733 :
3077 2681 3158 2732 his
3206 2695 3434 2749 namque
3487 2681 3649 2734 Deum
3691 2685 3961 2736 novimus.

2367 2769 2648 2822 luvisibilia
2679 2771 2807 2822 enim
2848 2771 3034 2838 ipsius,
3078 2787 3108 2822 a
3138 2781 3370 2824 creatura
3409 2772 3612 2838 mundi,
3647 2788 3735 2841 per
3763 2790 3821 2825 ea
3851 2791 3965 2838 qua?

2367 2864 2499 2930 facta
2523 2870 2662 2929 sunt,
2691 2863 2961 2928 intellecta,
2994 2863 3374 2931 conspiciuntur
3408 2865 3580 2932 (Rom.
3614 2866 3663 2918 l.
3693 2864 3809 2933 ΞΟ).
3847 2865 3963 2918 Non

2366 2967 2493 3022 ergo
2524 2955 2734 3022 corpori
2781 2954 2954 3009 solum
3003 2953 3212 3009 lucerna
3264 2964 3347 3008 est
3394 2955 3600 3019 oculus,
3643 2955 3736 3009 sed
3765 2957 3965 3011 anima:

2368 3044 2485 3112 plus
2510 3060 2668 3113 quam
2697 3047 2926 3113 corpori.
2960 3045 3298 3114 Quapropter
3332 3061 3428 3100 ceu
3461 3047 3512 3100 in
3545 3049 3693 3116 regio
3723 3050 3963 3117 quodam

2368 3137 2486 3189 loco
2515 3149 2750 3204 superne
2780 3136 3004 3200 locatur,
3035 3138 3350 3205 eti-terisque
3379 3139 3759 3206 superponitur
3786 3144 3964 3194 sensi.

2365 3225 2483 3280 bus.
2511 3226 2659 3279 llunc
2686 3227 2862 3294 itaque
2891 3226 3105 3280 fortun.
3142 3227 3341 3281 Deinde
3369 3243 3433 3280 ne
3457 3239 3609 3295 putes
3633 3229 3810 3297 ipsum
3845 3247 3963 3284 ma-

2367 3319 2495 3372 teria
2538 3332 2674 3386 opus
2711 3317 2962 3372 Ιιειὶιιιὶδεϐ
3004 3319 3067 3371 ad
3098 3319 3382 3388 agendum,
3416 3328 3469 3373 et
3499 3318 3675 3375 discas
3709 3337 3818 3375 non
3853 3325 3968 3377 luto

2363 3425 2496 3479 opus
2525 3410 2770 3465 habuisse
2802 3411 2951 3463 initio
2979 3411 3120 3480 (nam
3148 3412 3234 3480 qui
3263 3411 3591 3467 substantias
3622 3415 3862 3481 majores
3895 3434 3960 3471 ex

2363 3503 2530 3556 nihilo
2571 3501 2837 3571 produxit,
2884 3503 3049 3556 multo
3091 3507 3257 3572 magis
3284 3503 3421 3558 hanc
3462 3507 3578 3559 sine
3607 3509 3806 3574 praevia
3841 3525 3965 3564 ma-

2364 3596 2497 3646 teria
2541 3593 2821 3662 fecisset):
2876 3603 2931 3646 ut
2973 3609 3100 3662 ergo
3140 3594 3314 3649 discas
3360 3595 3443 3672 illa
3477 3611 3582 3649 non
3626 3598 3966 3667 indiguisse,

2361 3686 2560 3740 docens
2609 3701 2668 3741 se
2715 3686 3022 3742 Creatorem
3080 3687 3130 3740 in
3177 3689 3436 3757 principio
3481 3689 3668 3758 fuisse,
3711 3695 3974 3761 apposito

2363 3779 2472 3833 luto
2514 3777 2641 3833 dicit
2697 3778 2776 3848 (υ.
2809 3779 2880 3850 7)
2913 3798 2925 3833 :
2961 3778 3128 3844 l'ud‘e,
3175 3781 3363 3845 lavare,
3399 3789 3451 3834 Ill
3486 3781 3747 3850 intelligas
3779 3798 3874 3838 me
3904 3784 3970 3838 ad

2363 3871 2668 3924 formandos
2696 3872 2881 3925 oculos
2913 3872 3021 3924 luto
3049 3885 3182 3938 opus
3215 3887 3319 3924 non
3363 3870 3559 3926 habere
3582 3913 3598 3936 ,
3627 3872 3718 3926 sed
3756 3885 3816 3926 ut
3846 3891 3970 3928 nta-

2362 3963 2640 4018 nifestctnr
2679 3965 2728 4017 in
2771 3965 2886 4032 ipso
2931 3963 3096 4033 gloria
3141 3979 3278 4017 mea.
3309 3962 3459 4030 Quod
3492 3964 3633 4018 cnim
3679 3964 3747 4019 de
3773 3967 3971 4036 seipSo

2362 4057 2605 4126 loquatur
2631 4071 2752 4111 cum
2785 4056 2932 4121 dicit,
2964 4055 3031 4110 Ut
3058 4055 3404 4123 manifestetur
3431 4056 3596 4126 gloria
3637 4056 3766 4124 Dei,
3816 4060 3972 4112 intu-

2361 4150 2449 4210 lit,
2483 4150 2535 4203 4.
2573 4147 2658 4201 Me
2684 4156 2878 4218 oportet
2918 4151 3086 4218 facere
3131 4162 3286 4214 opera
3317 4148 3427 4215 ejus
3470 4147 3557 4214 qui
3594 4147 3730 4199 misit
3761 4165 3883 4209 me;
3920 4152 3971 4203 id

2360 4250 2477 4304 cst,
2507 4238 2728 4308 Oportet
2759 4255 2845 4292 me
2876 4237 3216 4291 manifestare
3245 4238 3506 4306 meipsum
3534 4252 3548 4302 ;
3582 4246 3636 4290 et
3658 4253 3720 4291 ea
3753 4238 3970 4308 facere,

2361 4349 2478 4398 quae
2519 4332 2891 4385 demonstrare
2919 4329 3125 4397 possint
3155 4343 3240 4382 me
3267 4328 3453 4382 eadem
3495 4328 3672 4383 facere
3704 4347 3830 4399 quas
3864 4334 3972 4385 Pa-

2364 4435 2442 4474 ter
2471 4421 2624 4487 facit;
2660 4437 2763 4474 non
2797 4420 3016 4483 similia,
3056 4419 3149 4473 sed
3176 4421 3385 4483 eadem,
3414 4420 3554 4489 quod
3589 4423 3858 4485 majorem
3892 4427 3972 4477 si-

2360 4515 2575 4583 gnificat
2620 4513 2999 4584 aequalitatem,
3046 4513 3344 4581 diciturqui:
3391 4512 3459 4566 de
3510 4513 3604 4577 iis,
3648 4517 3738 4584 qui
3777 4534 3849 4570 ne
3888 4523 3970 4571 \el

2359 4607 2621 4660 t:nitillum
2650 4605 2939 4674 inatqnales
2970 4613 3113 4657 sunt.
3157 4603 3285 4672 Quis
3315 4618 3440 4673 ergo
3463 4603 3573 4673 jam
3606 4609 3972 4664 contradixe-

2358 4701 2460 4760 rit,
2492 4696 2676 4751 videns
2707 4710 2827 4750 eum
2857 4694 3045 4751 eadem
3073 4708 3230 4764 posse
3261 4709 3381 4763 qua:
3413 4694 3569 4749 Pater
3597 4702 3814 4765 potesr?
3847 4700 3970 4754 Non

2359 4787 2518 4841 modo
2547 4787 2687 4840 enim
2716 4785 2902 4839 oculos
2934 4784 3210 4847 formavit,
3245 4799 3344 4838 nec
3389 4785 3562 4844 solum
3591 4789 3832 4855 aperuit,
3869 4790 3970 4846 sed

2358 4889 2411 4932 et
2441 4878 2607 4931 visum
2640 4877 2858 4946 largitus
2902 4883 3003 4940 est,
3051 4873 3192 4943 quod
3219 4885 3590 4944 argumentum
3633 4877 3801 4931 etiam
3838 4892 3969 4947 est,

2358 4971 2528 5040 ipsum
2559 4969 2790 5023 animam
2815 4981 3025 5038 quoque
3051 4966 3362 5035 inspirasse.
3394 4965 3485 5020 Illa
3518 4968 3658 5021 enim
3684 4984 3806 5022 non
3836 4986 3973 5041 ope-

2359 5071 2530 5128 rante,
2583 5060 2910 5131 oculusetsi
2944 5073 3105 5112 sanus
3135 5068 3187 5112 et
3217 5058 3422 5127 integer
3450 5059 3628 5120 fuerit.
3665 5062 3802 5116 nihil
3841 5081 3972 5119 uin-

2357 5166 2514 5221 qnam
2547 5150 2758 5204 viderit.
2795 5149 2975 5218 Itaque
3002 5149 3195 5203 anima:
3224 5149 3383 5203 etiam
3413 5151 3784 5219 operationem
3833 5158 3846 5185 ¹
3883 5157 3970 5210 in-

2355 5241 2506 5305 didit,
2530 5249 2584 5294 et
2609 5241 2909 5295 membrum
2931 5239 3077 5294 dedit
3098 5240 3347 5295 omnibus
3369 5241 3683 5295 instructum
3711 5249 3963 5311 arteriis,

2357 5333 2556 5395 nervis,
2590 5334 2757 5396 venis,
2792 5331 3070 5400 sanguine,
3101 5332 3416 5400 caeterisqne
3444 5333 3712 5398 onmilms,
3743 5349 3820 5389 ex
3850 5341 3971 5408 qui.

2355 5424 2455 5477 bus
2497 5438 2690 5491 corpus
2718 5433 2957 5477 nostrum
2989 5419 3348 5476 constituitui.
3374 5424 3457 5477 Me
3491 5437 3688 5493 oportet
3715 5435 3944 5497 aperari
3962 5466 3977 5488 .

2354 5516 2476 5569 dum
2503 5515 2608 5567 dies
2638 5525 2726 5567 est.
2753 5514 2889 5580 Quid
2921 5514 3033 5566 lucc
3077 5514 3174 5567 sibi
3215 5515 3444 5568 volunt?
3473 5525 3527 5568 et
3556 5531 3712 5584 quam
3749 5518 3971 5577 habent

2354 5607 2830 5679 consequentiam?
2861 5605 3098 5659 Multam.
3134 5605 3244 5660 lloc
3282 5607 3423 5659 enim
3463 5607 3577 5661 vult
3603 5609 3968 5679 significare:

2421 5789 2437 5818 ί
2478 5785 2636 5836 Morel.
2666 5786 2805 5848 legit,
2828 5786 3134 5846 nobilitatem,
3160 5799 3266 5848 pro,
3292 5785 3630 5850 operationem.
