4164 6330
234 554 412 606 [hinec
458 546 578 603 dies
624 553 727 613 est,
768 544 935 600 donec
970 548 1196 609 pessnut
1221 536 1466 590 homines
1504 534 1553 587 in
1584 548 1671 587 me
1699 542 1819 584 cre-

230 643 381 706 dere,
411 639 541 694 dum
565 638 707 703 vivo,
737 632 1069 705 eperaudum
1100 630 1227 685 mihi
1254 637 1355 685 est.
1396 626 1541 681 Venit
1570 640 1693 689 nox,
1719 620 1821 676 hoc

230 743 310 788 est
344 731 580 786 futurum
612 740 838 798 tempus,
866 727 1069 794 quando
1094 740 1239 777 nemo
1269 731 1428 793 potest
1456 734 1675 788 operari.
1707 716 1820 770 Non

228 823 383 888 dixit,
411 820 639 888 Quando
659 834 758 890 ego
786 817 994 887 operari
1025 832 1128 869 non
1155 828 1369 885 possum
1394 829 1407 876 ;
1439 810 1533 866 sed
1561 851 1576 876 ,
1605 807 1821 876 Quando

229 930 377 966 nemo
414 921 576 984 potest
610 909 843 980 operari;
871 908 920 961 id
947 916 1050 972 est,
1081 904 1306 973 Quando
1336 917 1443 956 non
1473 910 1557 955 cst
1593 898 1822 967 amplius

228 1004 381 1066 iidcs,
416 1018 521 1057 non
551 1001 783 1063 labores,
817 1014 920 1052 non
950 996 1282 1068 ptenitentia.
1311 991 1459 1061 Quod
1489 992 1631 1046 enim
1662 990 1818 1043 iidem

225 1109 365 1163 Opus
389 1094 653 1165 appellat,
683 1090 864 1147 dicunt
892 1090 939 1146 ei
960 1130 975 1154 ,
1012 1089 1149 1156 Quid
1173 1088 1445 1160 faciemus,
1481 1096 1535 1137 ut
1556 1099 1822 1155 operemur

225 1200 384 1252 opera
423 1182 522 1239 Dei
538 1185 564 1238 .’
588 1180 926 1251 Respondet,
973 1177 1085 1232 Hoc
1113 1188 1187 1232 est
1215 1194 1343 1248 opus
1374 1174 1487 1240 Dei,
1520 1184 1576 1228 ut
1606 1173 1820 1232 credatis

225 1277 277 1329 in
318 1292 434 1329 eum
462 1291 609 1346 quem
639 1272 726 1330 ille
754 1272 909 1332 misit.
950 1270 1128 1339 Quare
1170 1283 1299 1338 ergo
1340 1266 1441 1321 ltoc
1484 1280 1625 1336 Opus,
1662 1278 1820 1318 nemo

224 1375 405 1439 potest
430 1374 558 1425 tunc
576 1362 787 1435 operari
807 1362 831 1417 ἲ
854 1361 987 1438 Quia
1018 1370 1143 1416 tunc
1170 1359 1301 1414 fides
1330 1373 1437 1421 non
1463 1358 1582 1423 erit,
1613 1355 1705 1409 sed
1732 1370 1820 1410 ve-

224 1458 345 1523 lint,
394 1457 591 1523 nolint,
634 1468 821 1510 omnes
864 1452 1105 1512 audient.
1132 1450 1211 1506 Ne
1248 1450 1368 1521 quis
1398 1450 1541 1504 enim
1575 1447 1815 1513 diceret,

223 1547 373 1606 illum
394 1546 688 1607 ambitione
713 1552 915 1605 motum
941 1542 1043 1605 hoc
1063 1542 1259 1607 facere,
1286 1540 1519 1597 ostendit
1545 1554 1604 1595 se
1629 1552 1815 1593 eorum

219 1639 390 1709 gratia
437 1637 617 1692 omnia
660 1634 858 1699 facere,
907 1632 1105 1705 quippe
1143 1633 1231 1703 qui
1260 1631 1346 1686 hic
1373 1630 1545 1690 solum
1586 1628 1817 1683 habeant

220 1730 484 1788 credendi
508 1728 840 1796 facultatem,
868 1741 970 1783 nec
997 1726 1268 1797 quidpiam
1294 1723 1366 1780 ibi
1398 1722 1529 1778 lucri
1557 1720 1813 1790 consequi

221 1822 452 1901 possint.
498 1820 626 1883 Ideo
664 1835 762 1877 nec
790 1819 1136 1881 accedentem
1181 1832 1383 1876 czecttm
1410 1816 1634 1872 curavit.
1659 1813 1813 1883 Quod

222 1918 368 1973 enim
389 1917 591 1986 dignus
604 1923 749 1971 esset
767 1914 855 1985 qui
882 1924 1161 1969 curaretur
1186 1930 1199 1966 :
1226 1909 1477 1981 quodque
1500 1909 1545 1964 si
1574 1908 1810 1974 vidisset,

221 2011 545 2065 credidisset
577 2008 1034 2077 accessissetqne;
1077 2013 1132 2063 et
1169 2005 1214 2061 si
1252 2004 1320 2060 ab
1353 2003 1535 2074 aliquo
1578 2002 1817 2057 audisset

223 2108 566 2170 tit-testantem,
584 2114 700 2153 ‘non
729 2098 1073 2170 neglexisset,
1102 2111 1166 2150 ex
1200 2094 1262 2149 iis
1292 2109 1411 2165 qpre
1439 2100 1668 2164 sequuta
1692 2100 1817 2147 sunt

222 2191 398 2260 palam
428 2205 529 2253 est,
553 2204 618 2247 ex
650 2188 959 2243 fortitudine
984 2201 1176 2255 nempe
1196 2195 1249 2241 et
1269 2200 1335 2248 ex
1369 2183 1472 2238 tlde
1500 2183 1635 2254 ejus.
1661 2183 1817 2243 Poto.

220 2293 302 2338 rat
332 2283 478 2339 enim
508 2298 691 2338 secum
736 2282 975 2358 cogitare
1016 2294 1079 2334 ac
1116 2279 1295 2335 dicere
1325 2295 1338 2333 :
1372 2277 1507 2347 Quid
1540 2278 1640 2331 hoc
1682 2285 1763 2332 est
1789 2276 1813 2324 τ

220 2374 389 2428 lutum
433 2374 575 2441 fecit,
619 2382 675 2429 et
716 2372 900 2428 lenivit
930 2373 1115 2427 oculos
1153 2384 1341 2438 meos;
1385 2379 1439 2426 et
1480 2369 1614 2426 dixit
1643 2368 1811 2433 mihi,

227 2463 392 2528 Vade,
434 2466 626 2520 lavare.
668 2465 859 2519 Annon
891 2471 1099 2533 poterat
1126 2477 1316 2520 curare
1357 2476 1479 2527 tne,
1524 2469 1579 2515 et
1606 2467 1731 2514 tunc
1762 2460 1813 2513 in

219 2558 422 2614 Siloam
453 2559 666 2615 mittere
686 2557 710 2613 τ
731 2556 885 2626 Smpe
911 2556 981 2613 ibi
1011 2571 1098 2610 me
1126 2555 1226 2610 lavi
1255 2569 1377 2610 cum
1405 2554 1543 2619 aliis,
1578 2551 1814 2622 nihilque

220 2650 351 2708 mihi
382 2648 597 2726 profuit.
645 2648 701 2703 Si
742 2663 902 2719 quam
933 2656 1253 2718 potestatem
1286 2644 1545 2711 haberet,
1576 2657 1815 2715 prresens

218 2756 303 2796 tne
349 2741 669 2799 sanavisset.
701 2738 856 2805 Quod
891 2739 1059 2794 etiam
1076 2737 1285 2795 dicebat
1312 2736 1549 2795 Naatnau
1593 2734 1811 2790 Eliszco.

216 2832 409 2892 jussus
438 2833 581 2887 enim
610 2831 787 2886 lavare
813 2846 873 2889 se
900 2830 950 2883 in
978 2827 1233 2893 Jordaue,
1259 2843 1362 2882 non
1385 2826 1662 2890 credebat,
1688 2840 1813 2880 cum

219 2933 399 2977 tamen
450 2931 591 2977 tanta
638 2930 781 2977 esset
824 2920 1001 2978 Elistci
1044 2918 1179 2975 fama
1212 2919 1288 2990 (ι.
1322 2918 1449 2991 Reg.
1493 2918 1541 2972 5.
1600 2916 1713 2986 ll).
1746 2915 1816 2970 At

218 3028 393 3070 aecus
420 3028 527 3067 non
571 3010 670 3068 fuit
710 3011 1043 3073 incredulus,
1076 3025 1175 3065 nec
1203 2992 1567 3072 contradixit,
1598 3023 1695 3062 t.ec
1723 3020 1812 3061 se-

218 3122 335 3162 cum
383 3104 693 3175 reputavit:
730 3104 869 3175 Quid
900 3104 1001 3161 hoc
1042 3104 1171 3161 est?
1212 3118 1278 3156 an
1319 3104 1490 3157 lutum
1539 3102 1813 3171 imponere

217 3196 495 3271 oportuit?
518 3196 618 3251 hoc
642 3198 819 3266 potius
841 3210 1041 3251 επιειιιιι
1066 3194 1358 3249 reddiderit
1385 3212 1397 3247 :
1421 3193 1540 3265 quis
1561 3206 1812 3262 umquam

218 3291 292 3349 sic
332 3289 507 3344 visum
550 3287 795 3359 recepit?
834 3288 936 3343 Sed
980 3286 1110 3341 nihil
1141 3287 1328 3340 horum
1358 3285 1628 3355 cogitavit.
1664 3282 1811 3345 Vidi-

216 3381 336 3435 stitt'
372 3378 532 3437 ﬁdem
564 3389 620 3435 et
652 3379 887 3433 animum
928 3378 1182 3433 ﬁrmum?
1218 3376 1360 3430 Venit
1396 3393 1515 3431 nam.
1560 3375 1694 3430 llinc
1719 3390 1811 3430 os-

219 3474 407 3539 tendit,
453 3473 614 3533 etiam
650 3482 770 3543 post
799 3451 1013 3527 crucem
1043 3485 1102 3526 se
1129 3469 1414 3540 impiorum
1446 3482 1626 3523 curam
1656 3465 1812 3520 habi-

218 3577 395 3622 turum
423 3562 564 3630 esse,
598 3564 901 3634 multosque
929 3571 1304 3617 altracturtttn.
1334 3561 1519 3615 Adhuc
1562 3559 1669 3613 dies
1713 3566 1809 3619 est.

218 3658 451 3715 Posthac
497 3672 623 3714 vero
672 3656 796 3711 illos
843 3657 1056 3727 penitus
1099 3653 1409 3719 abscindat,
1439 3650 1581 3730 quod
1612 3651 1682 3705 ita
1711 3649 1809 3707 de-

216 3753 384 3814 clarat
413 3770 435 3808 ε
470 3751 522 3807 5.
559 3749 815 3821 Quamdiu
853 3750 906 3803 in
948 3749 1138 3802 mundo
1165 3760 1299 3809 sum.
1338 3745 1431 3801 [ex
1470 3761 1583 3799 sum
1610 3742 1806 3796 mundi.

216 3841 373 3910 Quod
410 3842 570 3897 etiam
616 3839 736 3895 aliis
777 3838 951 3894 dixit:
980 3837 1202 3903 Credite,
1244 3838 1402 3893 donec
1435 3836 1528 3891 tua:
1556 3832 1810 3891 vobiscum

215 3942 286 3989 ut
308 3932 490 4004 (Joan.
522 3932 608 3988 te.
639 3931 755 4003 36).

285 4031 342 4092 5.
386 4028 495 4084 Cur
520 4040 650 4101 ergo
679 4025 877 4082 Paulus
908 4030 1227 4096 presentem
1258 4022 1421 4079 vitam
1451 4029 1666 4080 noctem
1714 4035 1813 4077 vo-

215 4122 376 4189 cavit,
411 4120 554 4175 illam
580 4128 761 4177 autem
782 4118 943 4175 vitam
960 4116 1143 4173 diem?
1172 4115 1288 4171 Non
1314 4119 1583 4176 contraria
1610 4114 1809 4171 Christi

224 4214 417 4277 verbis,
462 4211 556 4267 sed
602 4210 791 4266 eadem
840 4210 955 4281 ipsa
999 4207 1184 4267 dicens
1231 4215 1433 4275 mente,
1485 4220 1592 4261 non
1631 4205 1808 4271 litera,

216 4319 412 4376 nempe
438 4344 454 4369 ,
505 4302 629 4358 Nox
673 4302 946 4372 pracessit,
1013 4300 1121 4355 dies
1168 4309 1335 4353 autem
1387 4298 1811 4369 appropinquavit

215 4396 393 4467 (Rom.
423 4398 509 4452 13.
541 4394 651 4467 l2).
689 4394 911 4450 Noctem
952 4392 1093 4448 enim
1124 4406 1364 4463 prmsens
1391 4401 1602 4461 tempus
1631 4400 1807 4456 vocat,

216 4498 438 4559 propter
464 4503 559 4543 eos
583 4486 670 4557 qui
700 4486 753 4540 in
800 4483 1036 4541 tenebris
1078 4483 1287 4548 sedent,
1334 4484 1417 4540 vel
1447 4482 1811 4553 comparando

215 4596 330 4635 eam
358 4596 482 4636 eum
511 4579 597 4634 illa
625 4577 713 4633 die
740 4595 754 4631 :
782 4578 1027 4631 Christus
1056 4590 1182 4630 vero
1210 4584 1423 4631 noctem
1455 4575 1689 4647 appellat
1727 4574 1809 4628 fu-

216 4683 398 4728 turum
426 4680 656 4741 tempus,
684 4670 826 4740 quod
855 4679 979 4724 tunc
1004 4682 1033 4722 a
1066 4667 1338 4738 peccando
1376 4679 1636 4724 cessetur.
1669 4666 1809 4721 Pau-

215 4767 296 4823 lus
326 4782 460 4822 vero
506 4772 821 4835 prmscntem
866 4764 1028 4817 vitam
1075 4772 1285 4816 noctem
1328 4760 1583 4830 appellat,
1626 4759 1746 4829 quia
1775 4759 1807 4812 ii

214 4863 298 4930 qui
330 4862 386 4916 in
434 4857 667 4929 nequitia
712 4866 766 4912 et
812 4855 1183 4911 incredulitate
1222 4856 1423 4914 vivunt,
1472 4853 1525 4905 itt
1577 4848 1811 4906 tenebris

214 4962 359 5009 sunt.
390 4952 603 5008 Fideles
632 4950 790 5019 igitur
814 4950 1091 5019 alloquens
1116 4950 1211 5011 ait,
1252 4946 1373 5001 Nox
1402 4946 1676 5017 prweessit,
1705 4944 1811 4997 dies

214 5054 380 5099 autem
427 5041 869 5114 apprttpinquavit,
926 5049 1109 5109 utpote
1156 5040 1244 5109 qui
1297 5038 1416 5095 lucc
1466 5036 1553 5090 illa
1600 5035 1807 5089 fruituri

214 5138 318 5194 sint
343 5154 362 5191 :
394 5145 611 5192 noctem
654 5149 785 5193 vero
826 5146 1064 5190 veterem
1110 5132 1270 5185 vitam
1297 5130 1553 5200 appellat.
1583 5128 1808 5197 Abjicia-

217 5246 345 5294 mus,
398 5227 590 5298 inquit,
641 5242 798 5297 opera
845 5224 1161 5279 tenebrarum
1200 5220 1419 5300 (Ibid).
1450 5220 1637 5275 Viden’
1658 5218 1809 5273 illum

216 5332 431 5378 noctem
461 5320 592 5391 ipsis
634 5334 756 5379 esse
784 5318 1003 5373 dicere?
1027 5320 1203 5391 Quare
1232 5315 1380 5369 addit
1411 5333 1424 5368 :
1472 5311 1618 5367 Sicut
1647 5312 1699 5363 in
1727 5310 1812 5363 die

217 5415 420 5467 honeste
445 5411 780 5474 ambulemus,
813 5418 872 5463 ιιι
917 5411 1002 5462 illa
1032 5407 1271 5461 fruamur
1313 5406 1451 5459 luce.
1486 5403 1615 5458 Nam
1645 5404 1688 5457 si
1720 5401 1807 5455 lux

218 5501 331 5558 nec
358 5515 464 5557 tam
496 5500 717 5576 pulchra
745 5509 846 5565 est,
874 5500 1045 5569 cogita
1074 5497 1244 5569 qualis
1271 5497 1371 5551 erit
1398 5496 1506 5551 illa.
1540 5496 1808 5562 Quantum

216 5594 357 5650 enim
382 5594 572 5650 solaris
600 5592 783 5649 radius
824 5600 907 5646 est
956 5592 1187 5645 lucenuc
1230 5588 1429 5643 lutnine
1459 5585 1807 5656 splendidior,

220 5697 383 5753 tanto,
428 5688 534 5742 imo
560 5686 718 5755 longe
759 5686 927 5755 magis
955 5684 1055 5738 erit
1081 5684 1164 5736 lux
1211 5682 1298 5735 illa
1327 5683 1425 5735 hac
1448 5678 1805 5749 praestantior.

224 5778 287 5833 Et
310 5779 409 5834 hoc
449 5775 783 5849 significabat
826 5776 906 5831 his
938 5774 1132 5842 verbis,
1171 5774 1263 5829 So!
1298 5772 1727 5835 obtencbrubitnr;
1758 5768 1807 5822 id

1258 418 1323 476 IN
1359 414 1672 475 JUANNEM
1746 407 1977 466 llOMlL.
2021 407 2152 463 LVI.
2194 405 2267 460 al.
2310 404 2422 461 LV.

3420 417 3521 475 8N

1932 532 2035 591 est,
2072 525 2143 581 ob
2174 528 2278 582 vim
2323 528 2621 599 splendoris
2654 529 2798 585 illius
2843 545 2947 584 non
2976 529 3271 601 apparebit.
3301 532 3453 599 Quod
3478 535 3523 590 si

1929 635 2070 676 nunc
2111 630 2167 676 ut
2213 622 2522 690 splendidas
2550 631 2603 677 et
2644 622 2787 677 bono
2829 638 2955 679 aere
2982 623 3219 679 [ruentes
3257 624 3401 681 ardes
3432 626 3524 682 ha-

1929 711 2170 777 beamus,
2220 713 2455 768 inilnitas
2503 728 2635 784 opes
2662 714 3017 783 expendimus
3064 716 3259 772 misere
3286 718 3537 772 exa‘dili—

1926 804 2099 860 cando
2128 820 2141 859 :
2174 806 2345 874 cogita
2392 812 2523 874 quot
2568 805 2673 860 sint
2704 805 2967 860 subeundi
2998 808 3243 876 corporei
3290 808 3539 867 labores.

1929 904 1985 949 ut
2014 895 2323 965 splendidas
2342 897 2489 951 ardes
2516 895 2739 953 nobisin
2760 896 2908 951 ea-lEs
2930 905 3292 964 exstruamus,
3322 899 3410 954 ubi
3438 900 3526 956 luit

1927 985 2014 1039 illa
2039 986 2340 1041 ineffabilis.
2374 986 2470 1041 llic
2496 986 2638 1042 enim
2668 998 2723 1043 et
2753 1003 2941 1059 pugna:
2980 998 3035 1043 et
3063 990 3433 1046 contentiones
3462 993 3494 1047 d
3514 1010 3542 1044 ιλ

1928 1079 2168 1134 terminis
2216 1088 2271 1135 et
2319 1080 2649 1148 parietibus:
2685 1080 2754 1135 ibi
2802 1096 2928 1136 vero
2972 1081 3107 1135 nihil
3150 1082 3345 1149 simile,
3378 1086 3530 1141 nulla

1928 1171 2122 1225 invidia
2170 1173 2250 1226 vel
2293 1169 2463 1237 livor;
2512 1186 2672 1228 nemo
2700 1172 2768 1227 de
2799 1173 3042 1228 terminis
3073 1174 3351 1230 nobiscum
3390 1191 3521 1231 con-

1927 1264 2127 1326 tendet,
2188 1264 2313 1320 llaec
2360 1280 2522 1336 porro
2570 1267 2875 1321 necessario
2934 1267 3283 1338 relinquenda
3334 1269 3525 1325 domus

1923 1365 2041 1422 est;
2074 1358 2158 1413 illa
2190 1366 2449 1427 perpetuo
2476 1368 2657 1413 manet
2685 1376 2697 1411 :
2723 1358 2838 1414 lure
2860 1370 3099 1427 tempore
3128 1362 3335 1427 teritur,
3363 1362 3516 1417 innu-

1923 1448 2194 1520 merisque
2235 1447 2464 1505 obnoxia
2494 1458 2573 1504 est
2604 1450 2970 1517 detrimentis;
3005 1451 3089 1507 illa
3134 1466 3353 1523 semper
3378 1462 3507 1507 stat:

1924 1549 2060 1594 hanc
2106 1531 2310 1609 pauper.
2349 1540 2589 1595 excitare
2637 1540 2853 1609 nequit;
2888 1539 2975 1595 illa
3004 1540 3085 1596 vel
3113 1541 3320 1598 duobus
3348 1542 3521 1598 obolis

1920 1631 2267 1697 construitur,
2320 1639 2376 1685 ut
2406 1630 2559 1685 vidua
2592 1632 2677 1685 illa
2724 1633 3043 1692 construxit,
3076 1631 3200 1691 ideo
3236 1632 3521 1700 pm-focor,

1920 1724 2062 1795 quod
2087 1734 2163 1778 tet
2191 1723 2345 1787 nobis
2373 1724 2663 1794 propositis
2686 1722 2859 1781 bonis.
2894 1725 2965 1779 ita
2988 1740 3181 1794 segnes
3202 1724 3524 1796 tlesidesque

1919 1816 2108 1882 simus,
2142 1812 2381 1884 nihilque
2410 1828 2515 1883 non
2545 1828 2787 1883 agamus,
2819 1825 2875 1869 ut
2917 1813 3003 1875 hic
3030 1816 3332 1884 conspicuis
3376 1815 3523 1873 frua-

1920 1925 2041 1975 mur
2070 1908 2292 1974 aalihus,
2346 1906 2473 1961 dum
2507 1908 2637 1970 nihil
2665 1922 2918 1964 curamus
2943 1918 3000 1961 ut
3032 1908 3084 1961 in
3116 1908 3265 1965 cmlis
3307 1909 3389 1963 vel
3422 1911 3520 1965 mi-

1922 2008 2124 2070 nimum
2153 2022 2403 2076 paremus
2431 2004 2584 2061 nobis
2609 2005 2986 2061 diversorium.
3036 2005 3150 2074 Dic,
3194 2019 3397 2075 qna-so,
3432 2003 3523 2060 ubi

1921 2101 2008 2160 hic
2047 2101 2266 2157 domum
2312 2102 2511 2157 habere
2558 2100 2757 2157 velles?
2788 2100 2839 2155 in
2868 2099 3104 2167 deserto,
3132 2108 3223 2153 aut
3261 2100 3311 2153 in
3340 2098 3523 2170 aliquo

1920 2208 2085 2263 parvo
2111 2193 2404 2263 oppidulo?
2432 2192 2548 2247 Non
2578 2201 2705 2262 puto
2733 2208 2747 2244 :
2777 2190 2872 2246 sed
2921 2191 2972 2245 in
3004 2191 3210 2261 magnis
3254 2191 3521 2261 regiisque

1922 2286 2162 2350 urbibus,
2195 2284 2282 2339 tibi
2307 2284 2479 2354 majus
2509 2284 2917 2348 commercium,
2948 2283 3035 2338 ubi
3066 2282 3321 2353 splendor
3349 2282 3522 2352 major

1919 2387 2022 2432 est.
2052 2377 2166 2446 Ego
2196 2376 2247 2430 in
2287 2376 2445 2431 talem
2494 2385 2545 2430 te
2587 2376 2727 2431 duco
2755 2375 3051 2441 civitatem,
3079 2390 3231 2444 copis
3258 2374 3433 2442 opifex
3468 2384 3521 2429 et

1918 2478 2108 2525 auctor
2136 2479 2219 2526 est
2250 2470 2410 2525 Deus.
2441 2469 2557 2535 Hic,
2589 2484 2795 2541 qumso,
2824 2480 3221 2535 eoustruamus,
3259 2467 3343 2521 hic
3369 2482 3507 2522 exat-7

1918 2562 2199 2617 dilleemus
2227 2563 2435 2617 minore
2478 2570 2690 2631 sumptu
2719 2569 2775 2616 et
2816 2561 3050 2617 labore'.
3080 2560 3187 2617 llas
3216 2560 3359 2615 a‘des
3385 2574 3515 2615 con-

1920 2663 2133 2709 struunt
2161 2668 2351 2707 manus
2364 2668 2677 2724 pauperum,
2707 2652 2809 2707 hoc
2831 2653 3090 2722 optimum
3114 2652 3517 2717 estatdillcium;

1918 2760 2035 2816 qua:
2066 2753 2241 2799 autem
2276 2744 2360 2798 hic
2383 2746 2766 2810 construimus,
2797 2752 3051 2799 extrema:
3080 2752 3214 2798 sunt
3233 2743 3518 2799 dementia.-

1918 2847 2313 2906 argumentum.
2343 2836 2477 2891 Nam
2509 2837 2552 2890 si
2584 2837 2701 2906 quis
2734 2844 2784 2891 te
2814 2835 2868 2891 in
2899 2835 3171 2891 Persidem
3203 2845 3405 2905 ageret,
3435 2836 3511 2889 vi.

1916 2942 2101 2983 surum
2134 2928 2277 2982 illam
2314 2927 2585 2998 regionem
2614 2938 2666 2983 et
2696 2942 2821 2981 mox
2870 2941 3245 2989 reversurum;
3278 2934 3437 2996 atque
3466 2935 3536 2980 to.

1919 3020 2026 3074 illie
2071 3019 2284 3090 juberet
2338 3018 2482 3074 mdes
2520 3028 2797 3074 exstruere
2839 3036 2852 3072 :
2908 3031 3084 3072 annon
3143 3016 3517 3072 stultissimum

1918 3111 2068 3166 illum
2110 3110 2336 3177 diceres,
2385 3111 2475 3179 qui
2509 3110 2602 3165 tibi
2648 3112 2863 3165 inanem
2912 3118 3182 3178 sumptum
3228 3106 3518 3163 suaderet?

1917 3216 2014 3260 cur
2038 3216 2166 3270 ergo
2193 3201 2245 3255 in
2278 3209 2419 3256 terra
2446 3200 2678 3269 idipsuni
2713 3198 2862 3265 .‘acis,
2895 3199 3037 3255 unde
3067 3198 3213 3254 brevi
3259 3199 3517 3269 migratu-

1919 3307 2013 3347 rus
2039 3292 2141 3347 es?
2166 3293 2255 3355 At,
2290 3291 2519 3362 inquies,
2556 3289 2676 3344 filiis
2709 3289 3029 3360 relinquam.
3062 3288 3256 3344 Verum
3282 3289 3353 3343 illi
3384 3304 3518 3360 quo-

1916 3400 2021 3455 que
2049 3393 2101 3439 te
2124 3383 2280 3454 paulo
2311 3391 2430 3452 post
2475 3380 2755 3455 sequutnri
2800 3387 2957 3447 sunt;
2992 3380 3101 3435 imo
3127 3394 3270 3450 sa~pe
3298 3387 3351 3435 te
3376 3394 3515 3450 prm-

1916 3475 2129 3541 cedettt,
2186 3474 2507 3545 illorumque
2560 3471 2810 3529 similiter
2859 3473 3097 3540 posteri;
3150 3471 3378 3543 hincque
3422 3471 3519 3526 tibi

1917 3570 2164 3625 maeroris
2180 3582 2361 3633 causa,
2381 3582 2504 3623 cum
2523 3566 2749 3621 heredes
2768 3582 2872 3620 non
2892 3564 2988 3619 tibi
3008 3579 3290 3634 superesse
3311 3563 3514 3621 videas.

1917 3662 1990 3717 lbi
2024 3676 2152 3717 vero
2183 3660 2316 3715 nihil
2344 3657 2648 3729 hujusmodi
2682 3656 2998 3723 timendum,
3032 3656 3129 3712 sed
3159 3656 3375 3711 immota
3401 3672 3515 3710 ma-

1918 3766 2009 3811 net
2034 3754 2298 3809 hereditas
2330 3752 2445 3818 tibi,
2478 3751 2621 3818 iiliis,
2649 3750 2954 3821 nepotibus,
2998 3750 3042 3805 si
3071 3748 3313 3804 eamdem
3346 3749 3512 3804 virtu.

1918 3858 2023 3905 tem
2053 3847 2416 3903 imitabuntur.
2450 3846 2599 3906 [llam
2628 3842 2871 3902 Christus
2901 3842 3161 3897 ardilieat:
3194 3856 3300 3913 quo
3326 3842 3519 3913 opillce

1916 3942 2089 4003 nullis.
2130 3940 2489 4003 curatoribus,
2539 3938 2678 3993 nulla
2730 3937 3091 3993 sollicitudine
3120 3946 3199 3992 est
3228 3952 3383 4007 opus.
3417 3936 3517 3991 Ubi

1917 4034 2060 4093 enim
2121 4032 2272 4086 Deus.
2314 4030 2365 4085 in
2412 4044 2473 4087 se
2525 4028 2749 4099 ευενῙοὶι
2803 4042 2973 4099 opus,
3026 4026 3153 4097 quid
3210 4028 3348 4081 ultra
3414 4040 3514 4081 cu-

1916 4123 2181 4181 randum?
2246 4121 2339 4183 Ille
2385 4122 2563 4177 omnia
2616 4118 2867 4191 colligit,
2920 4126 2975 4174 et
3020 4116 3238 4173 donttuu
3293 4116 3513 4171 excitat.

1917 4218 2099 4288 Neque
2154 4216 2204 4275 id
2251 4216 2425 4270 solum
2481 4212 2726 4268 mirabile
2770 4220 2884 4277 est;
2930 4209 3023 4265 sed
3064 4208 3209 4279 quod
3252 4208 3321 4263 ita
3372 4208 3521 4262 illam

1916 4320 2158 4365 exstruat
2190 4316 2262 4362 ut
2314 4316 2520 4379 optare,
2579 4305 2689 4361 t‘tno
2734 4303 2929 4359 melius
2972 4317 3130 4372 quam
3173 4310 3359 4373 optare
3391 4314 3518 4371 pos-

1916 4406 2011 4459 sis.
2072 4401 2167 4457 Est
2205 4400 2347 4455 enim
2392 4398 2584 4453 artifex
2628 4395 3032 4465 Optimus,'qui
3090 4394 3184 4448 tibi
3237 4392 3517 4447 utilissima

1916 4504 2087 4552 curat.
2114 4493 2167 4549 Si
2199 4506 2400 4564 pauper
2425 4491 2521 4555 sis,
2550 4498 2606 4545 et
2628 4488 2768 4543 hanc
2788 4494 3102 4543 construere
3121 4484 3338 4539 domum
3362 4485 3516 4549 velis,

1918 4588 2116 4642 nullam
2166 4584 2441 4647 invidiam,
2487 4580 2692 4636 nullum
2744 4578 2836 4633 tibi
2866 4576 3034 4648 pariet
3075 4575 3319 4633 livorem.
3348 4574 3519 4628 Nemo

1916 4680 2059 4736 enim
2088 4678 2298 4734 invidus
2329 4675 2471 4729 illam
2501 4672 2703 4737 videt’,
2747 4670 2841 4726 sed
2869 4667 3042 4736 angeli
3073 4676 3298 4732 tantum,
3330 4666 3418 4737 qui
3452 4670 3520 4721 de

1921 4772 2073 4827 bonis
2098 4772 2201 4825 tuis
2231 4768 2464 4839 gaudent
2493 4786 2506 4821 :
2542 4780 2702 4820 nemo
2730 4764 2872 4818 illius
2904 4763 3037 4817 ilnes
3080 4759 3334 4815 invadere
3362 4767 3517 4827 pote-

1918 4868 2007 4927 rit,
2033 4865 2158 4935 quia
2186 4864 2287 4916 hoc
2319 4860 2508 4915 morbo
2550 4857 2904 4913 laborantium
2954 4854 3131 4908 nullus
3162 4852 3367 4905 vicinus
3393 4850 3514 4905 erit.

1920 4958 2133 5013 Vicinos
2160 4957 2267 5010 illic
2293 4954 2513 5009 habebis
2554 4960 2788 5016 sanctos,
2840 4948 3081 5012 Paulum,
3116 4946 3355 5008 Petrum,
3391 4959 3516 5012 pro-

1920 5053 2107 5121 phetas
2127 5064 2337 5114 omnes,
2363 5054 2642 5116 martyres,
2668 5043 2977 5112 angelo't'um
3003 5049 3056 5093 et
3074 5036 3518 5105 archangelorum

1918 5154 2110 5200 coetus.
2144 5142 2238 5196 llis
2262 5154 2390 5195 vero
2413 5137 2480 5193 de
2506 5138 2680 5192 causis
2703 5134 2982 5189 facultates
3006 5128 3325 5200 pauperibus
3351 5126 3522 5181 etfau-

1918 5236 2129 5300 damus,
2180 5242 2238 5287 ttt
2285 5231 2372 5284 illa
2418 5228 2754 5284 tabernacula
2799 5236 3212 5292 consequamur,
3263 5230 3387 5288 qua:
3422 5232 3519 5271 nos

1919 5342 2105 5387 omnes
2125 5322 2345 5393 adipisci
2366 5319 2659 5389 contingat,
2679 5316 2848 5387 gratia
2870 5325 2925 5369 et
2952 5312 3279 5383 benignitate
3309 5309 3520 5364 Domini

1919 5420 2086 5474 nostri
2107 5415 2466 5481 Jesquristl,
2499 5428 2593 5483 per
2608 5426 2767 5483 quem
2796 5419 2849 5465 et
2878 5423 2999 5463 cum
3030 5422 3137 5475 quo
3153 5404 3296 5459 Patri
3324 5402 3515 5473 gloria,

1918 5513 2182 5582 simulque
2203 5508 2420 5577 Spiritui
2440 5515 2645 5571 sancto,
2679 5504 2729 5557 in
2750 5500 2941 5558 smcula
2957 5499 3296 5556 sreeulorum.
3326 5499 3513 5549 Amen.

1985 5650 1998 5680 ¹
2037 5647 2172 5699 llaec.
2200 5652 2244 5694 ei
2269 5644 2446 5698 labore,
2474 5640 2655 5689 desunt
2680 5638 2726 5687 in
2752 5635 3179 5699 quibus-lauisse.
3259 5692 3269 5699 _

1983 5713 2002 5741 ¹
2038 5683 2476 5768 iEEL-iiiuiiﬁuiit
2500 5700 2688 5749 tloisius
2709 5683 2861 5748 itt'nol
2874 5700 2913 5745 is
2936 5683 3216 5753 saviliauis,
3255 5692 3300 5739 in
3324 5688 3405 5741 illa
3437 5683 3515 5733 In:-

1923 5773 2055 5831 bt'tut,
2086 5764 2206 5828 loco,
2232 5764 2365 5817 illum
2392 5764 2535 5814 ridet.
