4164 6330
663 401 755 455 5n
1383 396 1439 452 s.
1480 390 1753 449 IOANNIS
1790 380 2267 443 CllltYSOSTUlll
2307 378 2625 434 AlttllilEP.
2660 379 3193 437 coxsrsm'mor.

1410 518 2087 542 ______________.

1163 529 1406 545 ...σι-δ...-

2832 200 2839 259 ὶ

2712 296 2733 325 πί

3846 385 3956 437 ’5ιὲ

3184 520 3194 527 .
3215 520 3455 529 ———-
3471 521 3547 529 ..ο
3562 520 3931 534 _—.L——.__——

2005 607 2342 675 llOMlLlA
2388 610 2572 672 LVII.

657 808 783 860 Car.
830 802 884 858 9.
942 815 1000 855 ν.
1032 797 1085 855 6.
1134 796 1259 852 Iltrc
1304 810 1418 848 cum
1468 792 1673 846 dixisset
1718 786 1891 850 lusus,
1942 778 2139 847 exspuit
2188 775 2243 826 in

731 895 939 957 terram,
967 900 1013 945 et
1041 888 1157 959 fecit
1184 887 1346 941 lutum
1370 901 1430 939 es
1455 893 1621 953 sputo,
1647 893 1693 931 τι
1711 876 1869 932 Iinieit
1897 874 2058 926 lutum
2089 882 2241 935 super

729 984 901 1038 oculos
945 981 1085 1050 caci,
1134 986 1181 1033 et
1225 976 1351 1032 dixit
1385 991 1403 1029 :
1441 976 1494 1029 7.
1546 970 1703 1035 Vade,
1736 969 1903 1023 luvare
1941 964 1993 1015 in
2046 960 2242 1032 piscina

733 1077 897 1131 Siloa.

732 1169 783 1224 l.
817 1164 1099 1234 Scriptum
1128 1178 1229 1216 non
1257 1157 1592 1229 perfunctorie
1622 1150 1861 1223 (egentior.
1890 1148 1989 1201 Cur
2012 1145 2242 1199 Cltristtts

657 1275 844 1315 cretum
886 1264 1154 1310 sanaturus
1196 1254 1250 1307 in
1290 1261 1472 1304 terram
1500 1244 1772 1315 respuerit.
1802 1239 1934 1297 Ca'ci
1986 1237 2089 1290 nati
2115 1235 2242 1303 fides

658 1358 866 1416 quanta.
892 1376 963 1388 —
988 1344 1088 1414 Qui
1118 1343 1347 1413 aliquam
1379 1355 1441 1394 ex
1479 1335 1791 1391 lectionibus
1819 1331 2099 1386 utilitatem
2126 1340 2242 1380 car-

659 1456 782 1511 pere
810 1439 1010 1503 volunt,
1036 1450 1102 1490 ne
1124 1435 1400 1503 minimum
1428 1429 1637 1501 quid-tn
1661 1430 2087 1497 prmtercurraut.
2119 1418 2243 1473 ideo

660 1544 886 1599 namque
912 1527 1215 1595 Scripturas
1242 1523 1463 1578 scrutari
1486 1521 1754 1590 jnbemnr,
1781 1514 1902 1585 quia
1930 1512 2093 1567 multa
2122 1525 2240 1579 qttzt:

660 1623 839 1676 statim
896 1618 1068 1674 facilia
1119 1616 1394 1679 videntur,
1449 1626 1691 1681 magnam
1747 1608 1943 1661 habent
1989 1604 2239 1658 latentem

658 1710 937 1766 sententia:
982 1706 1415 1778 profunditatem.
1450 1702 1579 1756 Vide
1608 1712 1835 1768 namque
1861 1695 1984 1766 quid
2027 1694 2076 1747 iu
2105 1708 2241 1764 prm-

658 1805 793 1860 senti
844 1810 1189 1873 proponatur.
1223 1798 1349 1853 Ηωε
1394 1814 1506 1849 cum
1556 1796 1783 1853 dixisset,
1832 1792 2021 1861 inquit,
2048 1787 2243 1856 exspuit

658 1898 707 1947 in
734 1906 918 1949 terram
950 1893 1019 1966 (ιι.
1048 1894 1084 1949 5
1126 1902 1170 1945 et
1197 1892 1275 1962 4).
1316 1888 1423 1944 Cur
1452 1887 1581 1941 hoc?
1614 1885 1678 1941 Ut
1717 1883 2085 1937 manifestctur
2123 1879 2242 1949 glo-

660 1986 735 2041 ria
766 1985 881 2054 Dei,
930 1994 983 2041 et
1026 1984 1166 2055 quod
1211 1991 1455 2053 oporteat
1499 1996 1584 2034 me
1616 1978 1789 2033 facere
1817 1991 1980 2046 opera
2009 1974 2122 2043 ejus
2153 1974 2261 2043 qui-

658 2077 804 2132 misit
852 2092 956 2131 me.
1006 2075 1186 2145 Neque
1234 2075 1374 2129 enim
1425 2074 1537 2127 sine
1590 2085 1746 2125 causa
1790 2069 1901 2122 luce
1931 2067 2255 2121 tnetnoravit-

660 2168 1005 2238 evangelista,
1033 2166 1338 2236 addiditque
1385 2164 1554 2234 ipsum
1599 2162 1909 2230 exspuissc;
1938 2159 2031 2213 sed
2063 2167 2118 2213 ιιι
2146 2159 2241 2211 de-

659 2261 887 2315 clararet
929 2259 1113 2315 Jcsum
1159 2259 1409 2329 operibus
1449 2271 1751 2312 sermonem
1799 2256 2137 2310 confirmare.
2178 2253 2244 2308 Et

659 2369 754 2407 cur
784 2369 887 2407 non
913 2367 1047 2423 aqua
1072 2366 1201 2407 usus
1228 2361 1329 2415 est,
1357 2350 1449 2405 sed
1470 2360 1627 2420 sputo
1653 2348 1716 2403 ad
1737 2350 1901 2403 lutum
1922 2346 2244 2402 faciendum?

661 2444 915 2498 Missurus
955 2444 1098 2497 illum
1136 2452 1248 2498 erat
1282 2442 1332 2496 in
1376 2440 1540 2498 Siloe.
1574 2439 1649 2495 Nc
1675 2440 1801 2510 quid
1833 2454 1961 2510 ergo
1988 2438 2119 2492 fonti
2146 2438 2246 2491 ad-

661 2535 998 2599 scriberetur,
1018 2533 1110 2590 sed
1125 2533 1376 2597 disceres,
1405 2548 1467 2586 ex
1501 2547 1596 2586 ore
1616 2531 1731 2601 ejus
1758 2531 1952 2587 exiisse
1972 2531 2261 2595 virtutem,_

663 2650 779 2701 qua:
809 2631 1108 2686 elformavit
1146 2638 1202 2685 et
1232 2630 1439 2699 aperuit
1468 2628 1673 2692 oculos,
1698 2627 1909 2693 exspuit
1944 2626 1994 2678 in
2027 2634 2244 2678 terram.

666 2724 776 2777 lloc
806 2722 1109 2792 significans
1135 2720 1458 2789 evangelista
1489 2718 1718 2782 dicebat,
1758 2715 1818 2770 Et
1853 2716 2011 2769 tutum
2040 2715 2155 2785 fecit
2181 2729 2244 2767 ea:

664 2824 828 2883 sputo.
863 2812 1059 2867 Deinde
1090 2826 1156 2867 ne
1182 2820 1457 2882 putaretur
1480 2824 1615 2879 opus
1636 2823 1713 2862 ex.
1736 2816 1873 2861 terra
1896 2804 2240 2875 processisse,

666 2905 840 2958 lavare
879 2903 1056 2972 jussit.
1106 2900 1215 2955 Cur
1257 2916 1384 2969 ergo
1415 2914 1519 2957 non
1548 2898 1724 2953 statim
1758 2895 1859 2951 hoc
1887 2894 2029 2963 fecit,
2069 2893 2163 2948 sed
2192 2893 2245 2947 in

664 2992 860 3047 Siloam
890 2991 1069 3047 misit?
1096 2989 1168 3047 Ut
1191 2991 1315 3044 etcci
1345 2990 1502 3044 fidem
1527 2988 1720 3051 discas,
1755 2996 1915 3056 utque
1940 2984 2245 3040 Judzeorum

670 3086 1013 3155 pt-rvicaeitas
1055 3083 1455 3153 reprimeretur.
1487 3080 1754 3136 Credibile
1783 3079 1925 3134 enim
1955 3088 2033 3133 est
2062 3092 2249 3133 omnes

669 3180 864 3235 vidisse
907 3179 1051 3231 illum
1087 3176 1393 3251 abeuntem,
1441 3173 1742 3243 illitumque
1788 3172 1955 3225 lutum
2004 3171 2054 3224 in
2081 3169 2249 3224 oculis

670 3272 971 3325 habentem.
1008 3269 1116 3323 Res
1141 3268 1284 3323 enim
1313 3268 1674 3336 inexspectata
1704 3266 1939 3319 omnimn
1972 3263 2152 3318 oeulos
2182 3261 2247 3316 ad

669 3364 838 3427 ipsum
866 3358 1131 3414 convertit
1157 3373 1171 3414 :
1203 3367 1310 3412 tum
1337 3356 1425 3427 qui
1474 3355 1738 3420 viderunt,
1787 3362 1895 3408 tum
1922 3353 2009 3424 qui
2042 3353 2252 3423 ignora-

670 3453 811 3512 haut.
842 3450 905 3505 ad
928 3450 1002 3505 rei
1028 3449 1231 3505 exitum
1258 3449 1441 3502 intenti
1471 3455 1639 3501 erant.
1662 3444 1793 3513 Quia
1815 3444 1956 3501 enim
1976 3459 2079 3498 non
2096 3444 2250 3499 facile

668 3544 871 3599 credilu
902 3552 1018 3598 erat
1058 3556 1257 3598 caecum
1306 3540 1474 3594 visum
1504 3552 1869 3608 recuperasse.
1916 3552 2009 3606 per
2041 3538 2248 3605 longam

671 3639 807 3690 viam
840 3637 1031 3690 multos
1058 3642 1207 3704 parat
1232 3642 1415 3695 testes,
1444 3642 1496 3686 et
1527 3642 1631 3684 tam
1680 3630 1905 3683 insolita:
1933 3628 2005 3682 rei
2044 3637 2252 3696 specta-

674 3738 847 3792 tores;
896 3734 952 3779 nt
991 3724 1303 3779 attentiores
1345 3722 1490 3784 facti,
1528 3722 1638 3789 jam
1669 3736 1772 3774 non
1804 3728 2020 3790 possent
2051 3718 2249 3783 dicere,

674 3819 768 3873 l‘lic
792 3826 895 3882 est,
929 3831 1031 3870 non
1062 3825 1145 3871 est
1192 3815 1295 3869 hic.
1348 3813 1427 3869 Ad
1457 3813 1575 3869 luce
1604 3828 1731 3867 vero
1777 3812 1883 3866 vult
1913 3811 2042 3865 illud
2074 3819 2275 3866 ostcn-.

672 3910 818 3973 dere,
870 3922 929 3963 se
975 3907 1141 3961 veteri
1197 3905 1298 3974 legi
1355 3905 1678 3959 contrarium
1725 3920 1828 3960 non
1870 3917 2008 3966 esse,
2041 3902 2167 3957 dum
2200 3903 2251 3957 in

670 4000 812 4054 Siloe
853 3998 1034 4051 mittit.
1084 3995 1267 4067 Neque
1296 3997 1438 4052 enim
1480 3995 1825 4051 metuendum
1872 4004 2009 4061 erat,
2042 4009 2107 4049 ne
2131 3994 2251 4048 facti

671 4088 835 4157 gloria
856 4086 997 4142 Siloe
1028 4086 1337 4142 referretur.
1366 4087 1772 4157 Multi'namque
1804 4086 1921 4141 iStie
1961 4086 2145 4141 oculos
2174 4086 2253 4139 la-

603 4211 610 4222 -
674 4186 879 4243 verant,
910 4179 997 4248 qni
1021 4177 1151 4231 nihil
1181 4178 1303 4233 inde
1332 4178 1451 4232 boni
1475 4186 1599 4232 sunt
1626 4178 1937 4248 consequuti
1989 4178 2085 4233 llic
2110 4178 2253 4232 enim

674 4269 839 4323 virtus
866 4268 1062 4324 Christi
1104 4270 1279 4323 ontnia
1324 4280 1622 4339 Operatur:
1667 4269 1892 4338 ideoque
1935 4269 2253 4337 interpreta-

674 4360 873 4414 tionem
904 4358 989 4413 hic
1016 4359 1196 4428 adjicit
1218 4344 1559 4428 evangelista.
1591 4358 1722 4413 Cutn
1751 4359 1971 4412 dixisset
1998 4357 2167 4422 enim,
2189 4358 2257 4411 In

677 4454 836 4514 Siloe,
866 4450 1064 4519 adjicit,
1083 4450 1192 4504 Hoc
1204 4450 1521 4519 est,Missus,
1542 4460 1597 4505 ut
1616 4452 1874 4520 intelligas
1887 4451 1992 4503 illic
2005 4465 2031 4501 a
2046 4448 2257 4523 Christo

675 4552 913 4597 curatum
934 4558 1075 4609 esse,
1094 4552 1149 4597 ut
1172 4542 1363 4597 Paulus
1375 4544 1447 4595 ait
1468 4560 1479 4593 :
1501 4542 1740 4596 Bibebont
1753 4550 1916 4594 autem
1933 4542 2257 4610 despirituali

674 4645 999 4704 consequente
1024 4635 1137 4689 illos
1163 4644 1302 4701 petra
1321 4650 1339 4687 :
1354 4644 1494 4701 petra
1517 4643 1682 4687 autent
1699 4644 1803 4687 erat
1815 4632 2101 4705 Christus“
2118 4632 2251 4689 .Cor.

680 4725 763 4779 l0.
778 4724 856 4795 4).
879 4724 948 4780 Ut
973 4740 1100 4793 ergo
1113 4725 1350 4778 Christus
1372 4735 1486 4779 erat
1508 4724 1757 4792 spiritalis
1770 4734 1941 4795 petra.
1956 4725 2024 4779 ita
2037 4725 2258 4795 etspiri-

681 4818 799 4871 taiis
829 4817 989 4872 Siloe.
1032 4816 1252 4871 Videtur
1279 4825 1455 4872 autem
1488 4817 1617 4871 mihi
1649 4819 1935 4887 repentina.
1973 4820 2061 4875 illa
2106 4835 2258 4891 aquae

682 4909 960 4976 prsvsentia
1027 4923 1280 4961 arcanum
1346 4908 1498 4963 nobis
1548 4909 1848 4979 significare
1924 4914 2255 4982 mysterium.
2306 4918 2313 4927 '

680 4999 955 5066 Quodnam
986 4998 1157 5053 illud?
1185 4999 1610 5071 lncxspcctatnm
1640 5013 1836 5072 przeter
1862 5018 2010 5072 spem
2044 5018 2258 5060 omnem

685 5090 989 5146 adventum.
1023 5090 1127 5147 Sed
1174 5092 1294 5147 vide
1332 5092 1460 5148 mihi
1491 5094 1618 5148 ί)ωεὶ
1664 5098 1897 5149 animum
1930 5096 1983 5150 in
2014 5098 2260 5152 omnibus

683 5184 1079 5253 obsequentem.
1104 5183 1285 5253 Neque
1314 5183 1455 5239 enim
1478 5184 1630 5248 dixit,
1656 5185 1712 5239 Si
1744 5185 1909 5240 lutum
1938 5196 2027 5240 ant
2047 5176 2258 5255 Sputum

683 5273 810 5328 mihi
846 5274 1123 5327 oculorum
1152 5288 1303 5329 usum
1337 5274 1641 5339 restituunt,
1673 5274 1796 5345 quid
1828 5291 1959 5344 opus
1982 5286 2061 5331 est
2084 5277 2262 5333 Siloe?

681 5368 721 5417 si
754 5378 882 5419 vero
911 5363 1075 5429 Siloe,
1114 5365 1238 5435 quid
1287 5382 1418 5436 opus
1456 5376 1537 5422 est
1583 5367 1777 5437 sputo?
1807 5383 1902 5421 cur
1930 5368 2121 5435 linivit,
2168 5386 2262 5426 cur

684 5457 862 5509 lavare
881 5456 1078 5526 jussit?
1099 5456 1239 5511 Nihil
1273 5456 1458 5512 horum
1488 5459 1570 5514 vel
1599 5459 1874 5528 cogitavit;
1905 5459 1996 5515 sed
2022 5476 2178 5515 unum
2212 5462 2260 5515 in

686 5547 956 5616 proposito
1002 5546 1252 5614 habebat,
1302 5556 1358 5601 ιιι
1402 5548 1603 5616 jubenti
1655 5549 2082 5619 obtemperaret:
2133 5551 2261 5605 nihil

687 5640 855 5706 ipsum
890 5640 1130 5705 retinuit,
1156 5639 1286 5693 nihil
1313 5639 1552 5695 oﬂ'endit.
1582 5639 1634 5695 Si
1665 5643 1782 5711 quis
1808 5658 1934 5696 vero
1960 5641 2120 5706 dicat,
2148 5643 2263 5710 Quo

686 5740 838 5798 pacto
870 5730 978 5784 luto
1006 5730 1250 5798 deposito
1276 5732 1444 5785 visum
1485 5734 1724 5801 recepit?
1753 5734 1882 5788 nihil
1912 5751 1941 5787 a
1988 5735 2140 5789 nobis
2166 5751 2261 5789 au-

687 5820 792 5874 diet
819 5819 979 5887 aliud,
1012 5837 1165 5891 quam
1200 5837 1297 5877 nos
1328 5822 1540 5877 modum
1567 5826 1789 5882 nescire.
1827 5825 1891 5879 Et
1921 5826 2045 5895 quid
2074 5827 2262 5882 mirum

2348 777 2391 831 si
2415 780 2737 846 nesciamus,
2765 781 2978 851 quando
3010 795 3078 835 ne
3119 780 3443 850 evangelista
3473 778 3689 849 quidem
3718 778 3956 841 sciebat.

2348 884 2524 940 neque
2565 870 2724 926 etiam
2769 871 2882 941 ipse
2902 872 2996 941 qui
3025 880 3243 924 sanatus
3272 870 3406 950 fuit?
3435 869 3539 925 Sed
3568 870 3693 939 quid
3744 869 3952 926 factum

2349 959 2539 1016 fuisset
2564 971 2803 1027 noverat,
2837 961 3053 1017 modum
3084 976 3211 1017 vero
3239 960 3647 1030 deprehendere
3667 976 3775 1015 non
3795 971 3945 1031 pote

2348 1061 2450 1107 rat.
2483 1051 2617 1107 Illud
2651 1067 2778 1107 vero
2805 1054 3161 1122 interrogatus
3191 1051 3403 1107 dicebat
3429 1069 3443 1105 :
3474 1051 3661 1106 Lutum
3699 1052 3953 1120 imposuit

2345 1143 2505 1199 orulis
2526 1146 2669 1211 meis,
2696 1154 2742 1199 et
2763 1145 2883 1209 lari,
2912 1155 2958 1198 et
2988 1145 3150 1200 video.
3175 1144 3228 1199 Id
3247 1153 3425 1200 autem
3453 1145 3721 1214 quomodo
3746 1144 3949 1199 factum

2347 1234 2437 1301 sit,
2492 1235 2673 1291 dicere
2725 1236 2936 1306 nequit,
2979 1236 3187 1291 etiamsi
3239 1234 3434 1291 millies
3488 1235 3845 1305 interrogent.
3890 1236 4003 1290 8..

2348 1325 2532 1397 Itaque
2576 1329 2747 1396 ricini,
2799 1330 2987 1400 inquit,
3027 1340 3073 1384 et
3100 1331 3188 1401 qui
3227 1330 3456 1384 viderant
3493 1347 3605 1383 eum
3633 1330 3795 1400 prius,
3824 1331 3958 1399 quia

2346 1417 2604 1471 mendicus
2643 1421 2807 1485 erat’,
2831 1421 3062 1474 dicebant
3088 1435 3109 1475 :
3133 1419 3323 1475 Nonne
3361 1421 3445 1475 hic
3492 1431 3564 1475 est
3603 1424 3688 1487 qui
3716 1422 3952 1488 sedebat,

2346 1517 2395 1560 et
2432 1508 2783 1564 mendicabat?
2808 1510 2862 1567 9.
2902 1511 3005 1564 Alii
3024 1511 3278 1577 dicebant,
3321 1509 3420 1565 Hie
3446 1522 3539 1565 est.
3571 1511 3666 1567 [lci
3698 1512 3953 1567 insolen-

2351 1598 2418 1652 tia
2466 1598 2532 1654 ad
2576 1600 3002 1657 inerudelitatcm
3033 1601 3260 1658 ducebat
3299 1617 3418 1667 eos,
3464 1602 3585 1658 licet
3618 1612 3725 1657 tam
3775 1602 3953 1657 multa

2351 1688 2559 1758 provisa
2590 1700 2792 1758 essent,
2823 1708 2942 1761 qua:
2973 1692 3118 1763 ipsos
3156 1691 3221 1747 ad
3246 1693 3570 1748 credendum
3602 1692 3947 1747 inducerent.

2349 1781 2451 1837 Alii
2489 1793 2667 1839 autem
2697 1784 2947 1841 dicebant
2978 1802 2991 1839 :
3025 1783 3213 1841 Nonne
3254 1786 3336 1839 hic
3378 1796 3450 1841 est
3495 1786 3583 1854 qui
3630 1785 3859 1852 sedebat,
3900 1794 3955 1839 et

2349 1873 2663 1927 ntendicubat
2678 1875 2703 1929 .9

2419 1965 2516 2019 Dei
2542 1967 2821 2039 benignitas
2870 1985 2989 2040 erga
3037 1985 3211 2024 omnes
3258 1969 3477 2040 cujusvis
3520 1970 3847 2024 conditionis.
3879 2002 3957 2013 --

2350 2059 2507 2129 Papa:
2529 2102 2544 2126 ,
2573 2070 2768 2131 quanta
2816 2062 2909 2117 Dei
2961 2064 3299 2118 humanitas!
3331 2063 3621 2134 Quousque
3663 2064 3956 2119 descendit

2349 2149 2474 2204 dum
2506 2168 2627 2206 eum
2662 2162 2804 2208 tanta
2833 2155 3201 2210 benevolentia
3234 2155 3508 2210 mendicos
3534 2164 3707 2221 curat,
3740 2168 3794 2209 et
3822 2157 3958 2211 hinc

2347 2241 2547 2298 iudicis
2577 2244 2845 2299 silentium
2875 2245 3138 2315 imponit,
3164 2248 3286 2316 quia
3333 2262 3438 2302 non
3470 2246 3680 2311 claros,
3706 2247 3957 2302 illustres

2349 2349 2410 2387 ae
2435 2335 2699 2403 principes
2725 2336 2886 2401 viros,
2909 2338 3001 2392 sed
3023 2338 3278 2393 obscuros
3300 2342 3459 2393 etiam
3489 2355 3583 2395 sua
3609 2340 3953 2410 providentia

2350 2424 2665 2495 dignabatur
2700 2446 2714 2482 :
2746 2444 2864 2482 nam
2894 2428 2958 2483 ad
2989 2430 3227 2484 omnium
3258 2430 3485 2485 salutem
3518 2442 3759 2487 venerat.
3789 2431 3954 2498 Quod

2352 2529 2531 2572 autem
2559 2519 2753 2574 accidit
2783 2521 2833 2573 in
2866 2520 3158 2592 paralytico
3179 2562 3196 2588 ,
3232 2521 3318 2578 hic
3346 2538 3560 2594 quoque
3589 2524 3787 2579 evenit.
3838 2524 3957 2579 Ne-

2352 2624 2456 2678 que
2484 2609 2628 2663 enim
2659 2610 2745 2665 ille
2774 2610 2892 2680 quis
2919 2625 2979 2666 se
3017 2621 3255 2667 curasset
3277 2602 3454 2679 norat,
3486 2628 3660 2683 neque
3686 2613 3794 2669 hic.
3834 2614 3958 2669 lloc

2354 2711 2531 2752 autem
2550 2700 2825 2754 aceiditoh
2850 2700 3045 2755 Christi
3075 2700 3521 2771 discessumzqni
3552 2717 3671 2757 enin
3699 2703 3955 2771 curabat,

2355 2804 2567 2857 semper
2590 2790 2845 2845 secedere
2876 2791 3114 2854 solebat,
3148 2800 3206 2845 ut
3257 2793 3397 2846 circa
3431 2793 3585 2861 signa
3627 2795 3801 2850 onnds
3851 2810 3955 2849 su-

2355 2882 2522 2948 Spieio
2553 2882 2847 2936 tolleretur.
2877 2882 2976 2950 Qui
3004 2883 3146 2938 enim
3178 2900 3282 2938 non
3310 2898 3569 2940 novequ
3616 2888 3734 2957 quis
3762 2901 3957 2955 esset,

2353 2973 2622 3042 quomodo
2654 2974 2704 3027 in
2735 2976 2849 3044 ejus
2869 2976 3090 3046 gratiam
3115 2978 3255 3032 circa
3286 2993 3371 3033 res
3395 2989 3574 3048 gestas
3604 2980 3799 3051 aliquid
3850 2982 3961 3035 fin-

2357 3064 2599 3118 xissent?
2628 3064 2811 3136 Neque
2836 3068 2976 3121 enim
3010 3066 3096 3123 hic
3128 3083 3302 3123 catcns
3327 3085 3451 3125 erro
3484 3070 3747 3139 quispiam
3786 3083 3917 3126 erat
3940 3116 3957 3137 ,

2357 3156 2448 3211 sed
2475 3158 2540 3211 ad
2575 3158 2754 3229 templi
2775 3160 2967 3228 januas
2993 3160 3233 3216 sedebat.
3268 3161 3642 3217 DnbitautLbns
3672 3179 3798 3233 ergo
3822 3178 3923 3218 οιιι

2359 3249 2681 3304 nibuscirca
2712 3250 2856 3305 illum
2882 3293 2897 3316 ,
2925 3251 3052 3322 quid
3083 3252 3257 3307 dicit?
3288 3251 3403 3324 Ego
3427 3271 3562 3310 smn.
3604 3254 3716 3309 Non
3762 3256 3967 3325 puduit

2360 3339 2597 3409 pristina:
2622 3340 2913 3407 catcitatis,
2945 3333 3049 3397 non
3092 3342 3401 3399 formidavit
3447 3347 3625 3416 populi
3672 3346 3918 3401 furorem
3948 3393 3962 3414 ,

2359 3448 2531 3502 neque
2562 3434 2759 3488 veritus
2789 3444 2867 3489 est
2892 3450 3011 3491 sese
3040 3437 3361 3503 ostendere,
3394 3448 3452 3491 ut
3479 3439 3955 3511 beneficumprar-

2361 3523 2585 3578 dicaret.
2616 3523 2706 3578 10.
2737 3523 2926 3580 Dicunt
2949 3527 3013 3588 ei,
3050 3527 3320 3593 Quomodo
3340 3530 3503 3599 aperti
3522 3542 3637 3585 sunt
3666 3533 3751 3585 tibi
3777 3535 3923 3586 oeuli
3943 3536 3969 3589 ἓ

2368 3618 2451 3671 ll.
2486 3616 2768 3685 Respondit
2796 3617 2866 3671 eis
2902 3632 2922 3671 :
2967 3617 3132 3672 llomo
3152 3620 3241 3692 qui
3263 3619 3453 3674 dicitur
3487 3620 3656 3677 Iesus.
3694 3623 3828 3691 Quid
3875 3626 3969 3679 di-

2362 3708 2482 3761 cis?
2508 3724 2575 3763 an
2608 3710 2767 3764 homo
2794 3709 2908 3767 hare
2936 3712 3233 3781 operatur?
3262 3713 3369 3769 Sed
3398 3713 3528 3769 nihil
3559 3714 3735 3772 adhuc
3777 3716 3847 3770 de
3894 3734 3971 3773 eo

2362 3816 2607 3870 magnum
2640 3802 2976 3871 epinabatnr.
3016 3802 3181 3859 llouto
3225 3807 3312 3875 qui
3359 3806 3544 3859 dicitur
3579 3806 3729 3862 Jssus
3749 3808 3793 3875 ’,
3837 3812 3972 3878 [erit

2363 3892 2523 3945 lutum
2546 3903 2589 3944 et
2615 3893 2777 3947 unxit.

2432 3982 2487 4039 ‘2.
2521 3982 2649 4037 Cteci
2676 4001 2706 4036 a
2731 3984 2925 4038 Christo
2955 3987 3118 4039 sanati
3148 3987 3409 4042 ueracitas.
3446 3986 3510 4040 In
3555 3989 3615 4042 iis
3659 4005 3773 4060 qua:
3801 3990 3971 4043 rideri

2362 4086 2630 4145 nequeunt,
2654 4075 2756 4143 ﬁde
2782 4086 2853 4130 est
2874 4092 3020 4147 opus.
3052 4077 3183 4133 Vide
3205 4094 3365 4150 quam
3396 4095 3559 4134 veras
3589 4082 3679 4135 sit.
3724 4080 3837 4135 Non
3871 4082 3967 4135 di-

2364 4166 2439 4218 xit
2470 4166 2610 4220 unde
2638 4166 2820 4221 fecerit
2849 4182 2861 4219 :
2892 4168 3030 4237 quod
3059 4169 3201 4223 enim
3224 4185 3329 4223 non
3360 4170 3597 4238 viderat,
3655 4188 3761 4227 non
3803 4173 3969 4230 dicit.

2363 4256 2545 4323 Neque
2567 4258 2711 4311 enim
2745 4258 2949 4312 viderat
2980 4259 3129 4313 illum
3160 4261 3437 4330 esspnisse
3478 4262 3529 4315 in
3574 4271 3769 4317 terram
3796 4305 3811 4330 ,
3861 4267 3968 4320 sed

2364 4347 2503 4415 quod
2540 4350 2783 4404 nnxissct
2804 4391 2819 4415 ,
2846 4366 3009 4405 sensu
3037 4361 3087 4406 et
3117 4366 3183 4406 ex
3212 4362 3363 4407 tactu
3385 4365 3714 4425 perceperat.
3743 4356 3807 4410 Et
3827 4358 3972 4413 dixit

2365 4442 2488 4494 tui/ti
2511 4483 2526 4507 ,
2566 4440 2744 4509 Vade,
2772 4443 2942 4497 lavare
2966 4444 3017 4497 in
3043 4446 3293 4499 natatoria
3324 4446 3486 4501 Siloa.
3520 4447 3629 4502 lloc
3663 4465 3728 4504 ex
3773 4451 3971 4506 auditi;

2366 4533 2767 4588 testificabatur.
2803 4533 2868 4589 Et
2910 4536 3049 4591 unde
3094 4536 3291 4591 Christi
3339 4554 3523 4592 vorem
3572 4544 3836 4596 noverat?
3887 4545 3966 4599 Ex

2364 4626 2482 4693 ejus
2511 4640 2630 4680 cum
2661 4626 2938 4696 discipulis
2988 4629 3278 4697 colquuio.
3332 4630 3455 4684 lla‘c
3505 4633 3683 4686 (Illltlla
3731 4647 3963 4701 narrat,

2364 4716 2525 4770 allato
2547 4732 2610 4771 ex
2643 4717 2894 4786 operibus
2924 4719 3227 4774 testimonio
3256 4737 3269 4772 :
3299 4721 3513 4775 inodum
3541 4722 3723 4779 dicere
3751 4727 3959 4795 nequit.

2365 4809 2515 4876 Quod
2547 4809 2591 4863 si
2625 4810 2674 4863 in
2708 4809 2773 4865 iis
2803 4826 2923 4881 qua:
2948 4826 3109 4866 sensu
3141 4822 3194 4867 ot
3220 4821 3361 4868 tactu
3409 4814 3808 4885 percipiuntur,
3851 4819 3964 4873 [ide

2366 4910 2453 4955 est
2475 4916 2646 4971 opus;
2677 4901 2848 4957 multo
2876 4902 3046 4973 magis
3074 4903 3126 4957 in
3163 4902 3228 4958 iis
3276 4920 3395 4975 quae
3443 4905 3610 4961 videri
3659 4923 3953 4978 nequeunt.

2368 4992 2454 5045 1‘2.
2480 4991 2665 5045 Dicunt
2688 4993 2752 5058 ei,
2784 4991 2882 5047 Ubi
2907 5003 2980 5047 est
3001 4993 3125 5048 ille?
3155 4992 3455 5064 Respondit,
3482 4996 3687 5051 Nescio.
3716 4997 3769 5053 ld
3798 5015 3962 5068 porro

2367 5082 2654 5147 dicebant,
2698 5083 2795 5137 Ubi
2815 5094 2888 5139 est
2915 5085 3043 5140 ille?
3072 5084 3351 5141 occidendi
3378 5090 3581 5144 animo.
3619 5089 3748 5147 Vide
3777 5103 3961 5146 autem

2370 5174 2453 5229 hie
2480 5191 2637 5244 quam
2663 5175 2995 5232 sitChristus
3022 5193 3051 5232 a
3080 5177 3217 5233 fastu
3245 5180 3451 5235 alienus
3470 5223 3484 5247 ,
3532 5186 3804 5253 quomodo
3850 5203 3961 5241 non

2366 5266 2548 5321 aderat
2572 5279 2692 5337 post
2716 5272 3014 5323 restitutam
3048 5272 3328 5327 sanitatem
3351 5315 3366 5340 ,
3412 5289 3517 5328 non
3546 5275 3777 5345 gloriam
3804 5317 3817 5341 ,
3849 5293 3959 5330 non

2368 5359 2544 5428 populi
2595 5360 2835 5428 plausum
2867 5361 3165 5429 quaerebat.
3203 5362 3333 5417 Vide
3358 5374 3536 5418 autem
3564 5382 3724 5435 quam
3755 5370 3965 5424 veraci-

2370 5459 2453 5505 ter
2498 5452 2564 5506 ad
2611 5454 2787 5508 omnia
2844 5469 3020 5511 eteeus
3072 5458 3414 5527 respondeat.
3468 5459 3790 5525 Quaerebam
3830 5478 3963 5533 ergo

2368 5543 2669 5614 Christum,
2700 5556 2758 5601 ut
2800 5545 2867 5601 ad
2912 5549 3219 5604 sacerdotes
3266 5547 3558 5618 ducerent;
3604 5568 3726 5607 eum
3779 5567 3961 5611 auem

2393 5713 2407 5723 ‘
2434 5654 2449 5684 ι
2485 5652 2694 5723 Vulgata
2716 5659 2896 5723 latina,
2920 5657 3036 5719 quia
3080 5656 3331 5723 meridiem
3367 5666 3491 5710 erat.
3518 5659 3573 5709 In
3597 5660 3754 5713 Editis
3773 5664 3961 5719 Grates

2370 5713 2619 5788 Evangelii
2648 5716 2827 5780 legitur
2852 5731 2913 5769 δτι
2931 5713 3075 5788 ξτδτμος
3099 5725 3157 5778 ἦν,
3180 5721 3294 5783 quia
3317 5733 3475 5788 arens
3490 5728 3614 5788 erat,
3716 5728 3717 5731 “

2370 5780 2459 5887 ⁵1δέ
2492 5778 2633 5842 llaec,
2679 5778 2827 5831 Homo
2858 5780 2940 5843 qui
2973 5778 3153 5830 dicitur
3175 5778 3345 5844 Jesus,
3386 5784 3563 5835 desunt
3593 5782 3642 5837 in
3667 5788 3967 5851 quilusdam
