4164 6330
220 333 330 390 515

222 458 329 495 non
381 440 723 507 invenirent,
768 455 970 497 cmcum
1004 440 1206 495 ducunt
1244 440 1309 494 ad
1358 441 1694 506 Phariszcos,
1736 439 1826 510 qui

223 533 477 601 asperius
499 532 916 603 interrogarent.
950 531 1074 586 Ideo
1103 546 1334 600 namque
1360 530 1690 600 evangelista
1719 531 1825 585 sab-

222 623 409 677 batum
445 623 609 679 fuisse
640 622 803 689 dicit,
836 632 894 677 ut
915 638 1136 692 pravum
1165 637 1352 677 eorum
1374 623 1611 675 animqu
1648 629 1832 675 osten-

221 712 418 781 deret,
448 726 501 770 et
531 731 692 785 qnam
723 715 1082 769 calumniandi
1115 714 1429 768 miraculum
1472 728 1660 767 ansam
1710 727 1829 783 cap-

224 814 437 871 tarent,
467 807 608 876 quod
655 806 862 860 scilicet
911 806 1083 875 legem
1128 814 1493 873 transgressus
1535 802 1828 857 videretur.

223 897 470 967 llincqnc
492 898 665 967 palam
694 905 805 963 est,
836 898 976 967 quod
1003 896 1090 950 ubi
1125 896 1354 966 primum
1390 895 1539 948 illum
1560 894 1827 958 viderunt,

221 988 354 1042 nihil
400 988 543 1042 aliud
594 986 869 1051 dixerint,
919 1002 1118 1057 quam,
1178 987 1267 1041 15.
1317 984 1582 1051 Quomodo
1631 985 1828 1055 aperuit

221 1080 402 1133 oculos
431 1078 592 1131 tuos?
622 1078 688 1131 Et
714 1077 1085 1132 animadverte
1116 1092 1221 1131 non
1252 1076 1453 1130 dixisse
1478 1075 1600 1131 illos
1624 1115 1638 1138 ,
1684 1074 1828 1141 Quo-

218 1173 387 1227 modo
416 1172 589 1226 visunt
625 1171 872 1240 recepisti
900 1188 914 1237 ;
944 1169 1039 1225 sed
1066 1210 1080 1235 ,
1118 1168 1384 1235 Quomodo
1406 1168 1605 1239 aperuit
1654 1166 1827 1220 oculos

215 1274 332 1317 tuos
357 1263 385 1316 7
410 1262 748 1318 occasionem
782 1262 880 1330 ipsi
907 1260 1199 1316 oll‘erentes
1242 1259 1606 1315 calumniandi
1650 1259 1821 1329 ipsum

214 1356 285 1408 ob
314 1368 455 1423 opus
488 1354 713 1409 editum.
746 1353 838 1408 llle
863 1366 992 1408 vero
1014 1351 1165 1422 quasi
1205 1366 1310 1406 non
1356 1351 1554 1421 ignaris
1607 1349 1825 1405 brevius

215 1446 459 1517 loquitur
493 1464 506 1501 :
542 1462 647 1500 non
681 1461 873 1499 nomen
910 1444 1164 1514 protulit,
1201 1460 1303 1499 non
1332 1445 1442 1509 ait,
1480 1444 1620 1498 Dixit
1649 1442 1777 1497 mihi
1803 1484 1819 1510 ,

226 1538 368 1592 Vuae
392 1580 405 1602 ,
439 1539 654 1604 luvare;
686 1537 780 1592 sed
812 1540 992 1592 statim
1024 1538 1133 1603 ait,
1167 1536 1353 1590 Lutum
1392 1535 1628 1606 imposuit
1671 1552 1823 1605 super

211 1632 394 1685 oculos
417 1647 554 1685 meos
579 1670 592 1694 ,
622 1640 667 1683 et
694 1629 829 1697 lavi,
878 1640 923 1683 et
970 1629 1136 1683 video.
1180 1628 1375 1698 Ulpote
1414 1644 1543 1685 eum
1588 1628 1695 1697 jam
1745 1628 1818 1682 illi

212 1723 447 1777 nrultum
473 1722 779 1777 calumniati
807 1731 989 1777 essent
1012 1721 1382 1792 dixissentque
1406 1762 1421 1787 ,
1454 1720 1590 1775 Vide
1619 1730 1816 1790 quarua

208 1815 369 1871 Jesus
397 1825 653 1884 operetur
683 1814 735 1869 in
764 1815 1026 1879 sabbato;
1056 1814 1221 1869 lutum
1253 1813 1429 1868 illinit.
1461 1812 1539 1867 Tu
1554 1828 1681 1868 vero
1701 1828 1819 1882 per-

211 1906 389 1975 pende
419 1906 695 1976 quomodo
725 1920 829 1960 non
861 1905 1109 1961 turbetur
1136 1920 1334 1961 caecus.
1388 1904 1523 1961 Nam
1568 1903 1656 1959 ubi
1711 1904 1818 1973 pri-

210 2017 357 2056 mum
387 2001 749 2071 interrogatus
780 2001 896 2056 sine
930 1999 1169 2071 periculo
1200 1998 1519 2069 respondit,
1550 2013 1659 2053 non
1708 2007 1815 2052 tam

208 2108 407 2165 magna
432 2108 526 2148 res
552 2102 671 2148 erat
701 2093 981 2148 veritatem
1012 2093 1252 2163 proﬁteri
1284 2110 1298 2147 :
1335 2091 1437 2149 hoc
1467 2106 1593 2147 vero
1619 2090 1813 2147 mirum

206 2197 325 2253 est,
360 2186 412 2239 in
437 2184 625 2255 majori
654 2186 1000 2240 constitutum
1040 2193 1185 2239 metu
1210 2226 1226 2252 ,
1274 2199 1381 2239 non
1435 2198 1634 2254 negare
1657 2224 1673 2247 ,
1707 2199 1812 2237 non

205 2277 478 2333 contraria
507 2276 777 2345 prioribus
806 2276 1006 2332 dicere.
1034 2275 1171 2344 Quid
1193 2290 1324 2346 ergo
1354 2273 1613 2330 Phariswi
1637 2273 1659 2327 ?
1705 2274 1817 2329 imo

206 2371 370 2424 etiam
421 2367 552 2423 alii?
598 2368 953 2423 Adduxerunt
995 2383 1118 2423 cum
1157 2377 1421 2438 tanquam
1466 2376 1807 2437 negaturum.

205 2459 404 2515 Contra
434 2475 564 2515 vero
584 2460 761 2514 evenit
792 2475 949 2530 quam
982 2459 1239 2529 optabant
1262 2459 1398 2528 ipsi,
1428 2466 1482 2512 et
1508 2457 1811 2513 accuratius

206 2568 316 2607 rem
346 2551 654 2607 didicerunt
688 2570 698 2606 :
733 2552 781 2605 id
811 2552 952 2622 quod
982 2552 1084 2605 illis
1111 2550 1473 2620 ubiquc‘cirea
1519 2550 1669 2619 signa
1714 2565 1806 2605 ac-

203 2644 372 2708 cidit;
405 2644 458 2697 in
488 2644 838 2711 sequentibus
879 2652 1055 2698 autem
1100 2642 1150 2697 id
1193 2643 1391 2696 clarius
1435 2642 1805 2695 ostendemus.

202 2735 340 2802 Quid
368 2750 499 2806 ergo
522 2736 813 2790 Pharisa-i?
847 2734 1096 2790 Dixerunt
1133 2735 1342 2805 quidam
1383 2733 1530 2806 (non
1573 2749 1763 2789 omnes
1788 2776 1802 2799 ,

201 2828 293 2889 sed
326 2825 752 2896 petulantiores)
787 2841 799 2876 :
846 2824 933 2881 i6.
974 2824 1073 2879 Hic
1118 2825 1269 2879 homo
1310 2842 1409 2878 non
1458 2834 1531 2878 est
1576 2840 1607 2876 a
1654 2822 1802 2890 Deo,

200 2918 315 2985 quia
337 2916 603 2970 sabbatum
631 2933 731 2970 non
771 2915 1008 2970 custodit.
1060 2916 1165 2969 Alii
1210 2916 1483 2980 dicebant,
1539 2914 1805 2981 Quomodo

200 3017 365 3075 potest
395 3008 547 3063 homo
573 3016 807 3077 peccator
834 3007 940 3061 lucc
967 3008 1114 3079 signa
1142 3008 1349 3078 facere?
1380 3006 1567 3062 Viden’
1610 3007 1731 3062 illos
1772 3022 1802 3060 a

200 3103 367 3172 signis
395 3098 821 3156 allectos?Nam
866 3100 956 3171 qui
996 3101 1293 3168 miserant,
1340 3110 1397 3155 nt
1444 3101 1804 3156 adduceretur

200 3193 319 3245 audi
352 3192 484 3262 quid
512 3207 652 3245 lttlllc
682 3190 901 3258 dicant,
935 3191 1035 3247 etsi
1065 3206 1171 3247 non
1214 3206 1428 3247 omnes.
1474 3191 1609 3247 Cum
1655 3194 1799 3248 enim

206 3285 477 3352 principes
504 3292 689 3339 essent
712 3325 727 3348 ,
757 3299 821 3337 ex
848 3284 1030 3354 glor'ue
1056 3284 1347 3353 cupiditate
1372 3285 1421 3338 in
1454 3284 1802 3340 incredulita-

199 3385 303 3430 lt'llt
331 3375 669 3430 deciderunt.
704 3377 951 3430 Attamen
980 3390 1044 3431 ex
1078 3375 1409 3445 principibus
1438 3376 1591 3430 multi
1622 3377 1800 3431 credi-

197 3468 390 3522 derunt
423 3468 474 3521 in
502 3482 622 3522 cum
648 3508 663 3534 ,
693 3483 866 3538 neque
894 3477 1071 3522 tmnen
1101 3466 1517 3523 conﬁtebantur.
1564 3466 1799 3538 Populus

196 3561 471 3631 despectui
499 3572 613 3617 erat
635 3604 649 3627 ,
683 3570 740 3615 nt
764 3562 856 3633 qui
888 3561 1015 3617 nihil
1044 3562 1220 3633 magni
1246 3564 1517 3618 conferret
1550 3562 1600 3617 in
1630 3576 1796 3635 syna-

197 3669 410 3724 gogam.
442 3654 719 3723 Principes
745 3665 921 3708 autem
946 3654 1221 3710 difﬁcilius
1251 3670 1311 3710 se
1353 3654 1577 3711 credere
1626 3656 1793 3726 proli-

200 3746 485 3810 Iehautur,
518 3744 605 3798 alii
638 3745 965 3815 principatus
992 3760 1211 3813 amore,
1243 3746 1333 3801 alii
1374 3758 1519 3802 metu
1562 3757 1791 3803 caetero-

195 3850 309 3889 rum
342 3835 567 3889 detenti.
598 3834 775 3904 Quare
803 3834 1017 3891 dicebat
1058 3853 1072 3889 :
1109 3835 1377 3903 Quomodo
1431 3839 1638 3909 potestis
1686 3856 1796 3893 cre-

194 3928 348 3990 dere,
380 3929 468 3993 qui
501 3929 717 3998 gloriam
754 3929 816 3982 ab
865 3929 1153 3983 hominibus
1202 3931 1432 4000 accipitis
1480 3932 1684 4004 (Joan.
1737 3933 1791 3989 5.

194 4017 259 4071 ιι
280 4015 345 4089 )?
377 4017 439 4071 Et
470 4017 568 4086 ipsi
608 4017 824 4087 quidem
854 4020 943 4089 qui
971 4018 1167 4089 injuste
1190 4020 1496 4077 interﬁcere
1523 4022 1794 4079 conaban-

194 4119 277 4161 tur
302 4149 323 4175 ,
354 4124 413 4163 se
449 4108 545 4163 Dei
572 4124 691 4164 esse
719 4108 1008 4175 dicebant;
1061 4111 1208 4165 illum
1264 4127 1391 4167 vero
1416 4153 1431 4178 ,
1480 4112 1569 4183 qui
1619 4128 1794 4171 cmcos

191 4200 451 4267 curabat;
502 4214 607 4255 non
646 4215 810 4271 posse
862 4218 928 4257 ex
980 4202 1089 4257 Deo
1132 4218 1293 4267 esse,
1332 4204 1459 4274 quia
1509 4205 1790 4262 sabbatum

192 4306 294 4345 non
318 4292 587 4347 servabat.
620 4291 713 4346 llis
740 4293 1083 4363 apponebant
1114 4293 1237 4361 isti,
1273 4310 1377 4349 non
1412 4310 1569 4366 posse
1600 4312 1793 4367 pecca-

192 4394 358 4440 tnrcni
406 4386 534 4439 talia
579 4382 757 4441 facere
797 4387 970 4457 signa.
1014 4386 1095 4442 illi
1134 4398 1350 4445 versute
1391 4390 1555 4444 tacito
1591 4391 1744 4461 signo
1773 4432 1788 4458 ,

189 4490 344 4543 quam
380 4477 860 4546 transgressionem
898 4477 1160 4531 vocabant
1183 4520 1197 4543 ,
1246 4479 1297 4532 in
1330 4478 1564 4533 medium
1592 4480 1788 4536 affere-

191 4568 337 4621 bant.
366 4567 486 4623 Non
529 4568 674 4622 enim
705 4567 953 4623 dicebant
981 4609 996 4634 ,
1034 4568 1088 4623 In
1140 4569 1363 4626 sabbato
1402 4581 1594 4636 curat;
1645 4574 1738 4628 sed
1772 4618 1786 4639 ,

191 4659 475 4714 Sabbatnm
500 4676 603 4713 non
629 4660 871 4714 custodit.
892 4659 954 4715 lli
979 4675 1193 4716 rursum
1223 4661 1413 4731 ignave
1441 4673 1623 4733 agunt.
1654 4663 1786 4719 Cum

188 4751 332 4805 enim
364 4751 692 4821 oportuisset
733 4751 1025 4807 ostendere
1072 4768 1178 4805 non
1228 4752 1412 4807 violari
1462 4754 1785 4822 sabbatum,

188 4858 249 4896 ex
301 4842 471 4914 signis
519 4850 727 4897 hintum
771 4852 1039 4914 argmmt;
1085 4853 1138 4899 et
1177 4845 1299 4915 jure
1328 4846 1565 4917 quidem.
1600 4848 1788 4903 Adhuc

185 4936 327 4989 enim
361 4936 511 4991 illum
541 4949 661 4991 esse
693 4936 965 4991 hominem
1008 4937 1289 5006 frenabant.
1332 4939 1582 5008 Alioquin
1634 4952 1786 5011 pote-

189 5034 307 5080 rant
331 5025 478 5079 illum
510 5026 619 5079 alio
645 5024 805 5081 modo
835 5025 1125 5081 defendere
1149 5068 1165 5093 ,
1198 5026 1341 5098 quod
1365 5044 1558 5098 nempe
1579 5030 1785 5086 sabbati

191 5115 447 5171 Dominus
463 5124 627 5182 esset,
662 5116 751 5186 qui
782 5116 913 5171 illud
942 5116 1221 5173 statuisset
1250 5134 1264 5172 :
1297 5119 1392 5173 sed
1422 5119 1661 5176 nondum
1684 5121 1787 5178 hac

187 5217 338 5264 erant
368 5209 634 5264 sententia
654 5211 695 5260 ί.
721 5207 892 5264 Nemo
926 5220 1074 5265 certe
1099 5224 1287 5265 eorum
1317 5211 1546 5268 audebat
1576 5229 1638 5269 tm
1664 5230 1785 5285 qua:

189 5302 446 5357 sentiebat
471 5310 656 5371 aperte
684 5302 919 5371 profiteri
940 5342 955 5368 ,
985 5302 1079 5356 sed
1110 5302 1403 5357 dubitando
1426 5308 1781 5375 proponebat,

188 5393 271 5445 alii
326 5404 469 5447 metu
524 5392 756 5462 repressi
807 5402 1001 5459 erant,
1053 5393 1141 5447 alii
1192 5396 1521 5463 principatus
1574 5412 1780 5454 amore.

189 5486 418 5540 Scliisma
439 5487 593 5557 igitur
614 5494 721 5539 erat
747 5486 879 5539 inter
902 5486 1036 5539 illos.
1072 5486 1222 5553 Quod
1269 5488 1412 5556 prius
1444 5488 1543 5543 fuit
1586 5492 1638 5544 in
1685 5508 1781 5560 po-

192 5578 310 5645 pulo
330 5621 344 5643 ,
379 5578 572 5634 deinde
597 5578 651 5633 in
677 5579 1025 5648 principibus.
1053 5579 1155 5632 Alii
1181 5579 1412 5634 dicebant
1432 5624 1447 5651 ,
1476 5581 1648 5637 Bonus
1671 5595 1781 5651 est;

250 5739 263 5764 '
302 5736 572 5795 suspicatur
594 5732 798 5783 Sat-ilius
818 5733 1106 5791 legentium,
1130 5735 1343 5784 nondum
1383 5735 1509 5786 hunc
1548 5737 1781 5793 /t(.bt°b.’?lil

192 5796 507 5858 cognitiwtcm.
535 5800 625 5848 sed
651 5800 806 5858 locus,
828 5806 982 5848 utest
1007 5800 1053 5845 in
1079 5806 1237 5858 textu,
1266 5798 1380 5847 ferri
1410 5810 1586 5861 lotest.

1304 328 1366 384 IN
1406 327 1718 383 J0..i\'.\"FAl
1762 327 1993 384 nomn.
2042 330 2194 387 LV‘d.
2229 334 2309 391 nl.
2355 335 2482 392 LVI.

3442 349 3543 408 3N

1942 445 2055 513 alii,
2088 446 2227 516 Non,
2258 450 2349 505 sed
2370 452 2562 507 seducit
2589 454 2793 509 turbam
2842 456 3035 528 (διαίτη.
3085 458 3138 512 7.
3188 457 3311 529 η).
3364 461 3557 530 Viden,

1940 538 2097 607 plebe
2126 539 2580 611 imprudentiores
2608 548 2877 619 principes
2907 549 3211 607 discissos?
3240 552 3349 608 Sed
3396 571 3544 624 pos»

1939 645 2099 701 quam
2134 633 2204 687 ita
2235 636 2389 691 scissi
2431 648 2596 706 sunt,
2642 639 2776 695 nihil
2830 658 3152 710 generosum
3210 646 3542 712 exhibuere,

1938 738 2062 778 cum
2092 724 2294 781 instare
2322 727 2629 786 Pbarismos
2662 731 2923 787 viderent.
2970 733 3069 801 Qui
3100 735 3144 788 si
3179 738 3391 805 penitus
3436 739 3544 793 dis-

1938 814 2063 868 cissi
2100 815 2361 885 fuissent,
2392 820 2573 874 statim
2606 822 2887 877 veritatem
2919 826 3182 894 cognituri
3202 837 3387 883 erant.
3433 829 3543 884 Po—

1939 914 2040 959 test
2072 908 2215 962 enim
2238 908 2504 964 dissensio
2528 922 2671 969 recta
2703 930 2847 971 esse.
2877 915 3001 971 Ideo
3034 917 3123 973 ille
3155 919 3386 987 dicebat,
3421 922 3543 977 Non

1937 997 2050 1049 veni
2075 1014 2250 1065 pacem
2282 1000 2478 1054 mittere
2498 1003 2548 1056 in
2572 1012 2783 1071 terram,
2812 1005 2901 1057 sed
2923 1006 3152 1075 gladium
3184 1009 3408 1080 (Matth.
3452 1014 3537 1068 10.

1934 1087 2004 1142 5i
2028 1085 2072 1160 ).
2105 1089 2197 1143 Est
2231 1091 2373 1145 enim
2406 1092 2569 1147 etiam
2603 1096 2742 1151 mala
2791 1100 3118 1167 concordia,
3170 1111 3223 1156 et
3272 1102 3541 1159 discordia

1934 1180 2097 1237 b0na.
2126 1182 2260 1238 Nam
2284 1188 2372 1255 qui
2407 1189 2596 1243 turrim
2624 1189 2959 1246 mdiﬁcabant
2978 1234 2992 1257 ,
3025 1193 3077 1247 in
3100 1194 3355 1250 damnum
3378 1213 3540 1251 suum

1931 1274 2232 1330 concordes
2283 1287 2470 1339 erant:
2520 1290 2680 1348 atque
2727 1282 2886 1337 iidem
2926 1284 3063 1353 ipsi,
3108 1285 3231 1341 licet
3256 1287 3442 1355 inviti,
3489 1290 3540 1343 iu

1932 1366 2279 1421 commodum
2313 1384 2467 1423 suum
2496 1370 2653 1426 divisi
2682 1384 2826 1428 sunt.
2858 1374 2998 1431 Core
3020 1386 3199 1433 autem
3227 1396 3349 1434 eum
3378 1384 3541 1438 sociis

1932 1456 2073 1511 male
2105 1472 2492 1516 consenserant
2519 1478 2534 1528 ;
2572 1464 2692 1519 ideo
2719 1464 2855 1521 bene
2877 1467 3035 1523 divisi
3053 1479 3194 1523 sunt.
3215 1470 3380 1527 Judas
3401 1490 3534 1541 quo-

1928 1564 2034 1615 que
2077 1564 2198 1603 cum
2244 1550 2446 1606 Iud-.eis
2491 1556 2631 1610 male
2676 1558 2973 1613 consensit.
3014 1560 3197 1617 Potest
3226 1578 3356 1631 ergo
3399 1565 3536 1620 bona

1928 1642 2225 1711 discordia,
2259 1652 2313 1700 et
2343 1647 2484 1703 mala
2514 1650 2804 1706 concordia
2836 1667 2977 1707 esse.
3006 1653 3133 1708 Ideo
3161 1655 3255 1719 ait,
3282 1656 3343 1711 Si
3359 1658 3538 1712 acutus

1928 1744 2046 1786 tuus
2068 1735 2384 1790 scmtdulizu‘t
2414 1746 2462 1792 te
2486 1780 2501 1805 ,
2534 1755 2653 1796 erue
2674 1757 2787 1795 cum
2810 1756 2830 1805 ς
2858 1752 2907 1797 et
2928 1744 2973 1797 si
3001 1760 3089 1813 pes
3113 1737 3231 1800 titus
3254 1787 3270 1811 ,
3300 1747 3539 1803 abscinde

1931 1824 2158 1894 (Matth.
2193 1828 2246 1883 5.
2279 1827 2374 1885 29.
2404 1839 2452 1884 et
2482 1832 2569 1886 18.
2614 1832 2706 1904 8).
2754 1834 2809 1890 Si
2862 1837 3162 1892 membrum
3212 1839 3353 1895 male
3401 1856 3536 1897 cou-

1922 1919 2167 1984 jmrctum
2196 1922 2620 1981 abscindendum
2648 1968 2663 1992 ,
2698 1943 2879 1984 nonne
2908 1930 3081 1985 multo
3116 1933 3287 2001 magis
3317 1934 3384 1988 ab
3407 1937 3537 1990 ami-

1924 2016 2000 2065 cis
2029 2013 2169 2068 male
2207 2015 2520 2085 conjunctis
2566 2017 2811 2075 abseindi
2862 2023 3118 2091 oportet?
3166 2023 3351 2096 itaque
3398 2040 3534 2082 con-

1922 2102 2106 2168 cordia
2136 2121 2241 2161 nou
2271 2122 2489 2178 semper
2514 2109 2652 2165 bona
2684 2119 2801 2181 est,
2833 2121 2891 2168 ut
2925 2128 3025 2170 nec
3059 2128 3275 2187 semper
3322 2118 3535 2174 discor-

1920 2197 2004 2250 dia
2034 2199 2194 2253 mala.

1994 2291 2046 2345 5.
2079 2291 2203 2346 llaec
2224 2292 2346 2348 dico
2371 2305 2428 2350 ut
2460 2296 2630 2351 malos
2672 2296 2936 2368 fugiamus
2956 2342 2972 2369 ,
3014 2315 3307 2369 sequamur
3337 2305 3529 2361 honos.

1920 2381 2050 2436 Nam
2079 2385 2121 2437 si
2153 2386 2388 2440 membra
2418 2388 2627 2456 putrida
2659 2391 2976 2446 incurabiia
3008 2394 3381 2451 exscindimns
3407 2439 3421 2461 ,
3455 2413 3521 2451 ne

1920 2475 2180 2543 reliquum
2210 2492 2406 2546 corpus
2435 2480 2659 2548 perdant
2686 2498 2700 2546 ;
2736 2481 2897 2552 idque
2931 2482 3159 2539 facimus
3184 2526 3198 2548 ,
3230 2502 3336 2541 non
3380 2489 3524 2558 quod

1920 2569 2219 2623 membrum
2260 2570 2659 2641 despiciamus,
2709 2574 2803 2629 sed
2855 2584 2913 2630 ut
2964 2585 3159 2632 cmtera
3206 2593 3524 2636 servemus:

1916 2674 2118 2731 quanto
2149 2666 2319 2734 magis
2346 2666 2448 2722 hoc
2476 2669 2745 2738 agendum
2774 2672 2917 2727 circa
2943 2686 3039 2725 eos
3065 2674 3155 2743 qni
3189 2675 3327 2729 male
3373 2677 3529 2731 nobis

1911 2754 2084 2822 juncti
2124 2757 2296 2811 sunt?
2334 2758 2488 2826 Quod
2523 2760 2566 2814 si
2600 2762 2868 2831 possimus
2907 2764 3012 2819 illis
3037 2767 3360 2835 emendatis,
3394 2769 3525 2822 nihil

1916 2844 2094 2900 damni
2126 2849 2409 2919 arripere;
2446 2851 2496 2906 id
2523 2854 2669 2906 omni
2700 2864 2895 2910 conatu
2932 2856 3246 2911 tentandum
3280 2876 3297 2912 ι
3330 2859 3414 2912 sin
3450 2860 3522 2913 illi

1912 2938 2106 3008 corrigi
2140 2950 2439 3009 nequeant,
2490 2933 2753 3015 nobisque
2797 2956 3065 3010 noceant,
3104 2946 3425 3003 exscindere
3464 2961 3525 3004 et

1912 3029 2149 3098 abjicere
2175 3042 2411 3101 Oportet.
2444 3033 2578 3087 llinc
2596 3036 2739 3089 enim
2765 3035 2839 3089 illi
2863 3052 3009 3106 sa‘pe
3036 3039 3206 3109 magis
3237 3038 3525 3093 lucraban-

1913 3128 2017 3174 tur.
2056 3120 2207 3177 Uude
2232 3123 2429 3179 Paulus
2454 3126 2532 3179 sic
2564 3127 2810 3183 hortatur
2840 3145 2853 3181 :
2881 3128 3094 3198 Auferte
3107 3132 3298 3184 malum
3319 3132 3381 3185 de
3411 3150 3521 3187 me-

1910 3211 1995 3265 dio
2026 3222 2245 3265 vestrum
2268 3214 2295 3285 ·(
2325 3213 2344 3267 l
2379 3213 2498 3267 Cor.
2527 3214 2581 3269 8.
2608 3216 2675 3270 1'5
2697 3216 2748 3287 ),
2773 3225 2829 3271 et
2850 3257 2865 3281 ,
2900 3215 2971 3272 Ut
2998 3220 3209 3273 todatur
3250 3221 3316 3275 de
3351 3224 3518 3277 medio

1907 3314 2126 3356 oestrum
2150 3308 2237 3374 qui
2262 3305 2357 3358 hoc
2386 3321 2517 3375 opus
2548 3306 2666 3375 fecit
2705 3305 2881 3378 (Ibid.
2914 3324 2961 3363 υ.
3008 3310 3042 3364 2
3063 3310 3108 3383 ).
3153 3311 3518 3370 Perniciosunt

1907 3394 2052 3448 enim
2079 3435 2096 3459 ,
2140 3394 2503 3464 perniciosum
2528 3397 2713 3467 utique
2738 3406 2821 3453 est
2852 3414 3139 3468 pravorum
3162 3406 3516 3459 consortium.

1907 3485 2023 3541 Non
2042 3495 2156 3541 tam
2191 3488 2487 3557 eito'pestis
2513 3499 2790 3559 grassatur
2811 3532 2826 3558 ,
2874 3501 2933 3547 et
2974 3493 3184 3549 scabies
3216 3498 3519 3566 corrumpit

1908 3581 1993 3636 illa
2022 3580 2265 3646 affectos,
2290 3592 2347 3637 ul
2375 3598 2665 3652 pravorum
2696 3584 2934 3652 nequitia
2975 3601 3142 3653 {nam
3171 3585 3519 3657 Corrumpunt

1906 3674 2062 3728 bonos
2093 3690 2256 3729 mores
2274 3676 2533 3747 colloquia
2558 3693 2717 3745 prava
2759 3678 2857 3746 (i.
2906 3675 3027 3733 Cor.
3075 3679 3167 3734 15.
3209 3679 3338 3751 55).
3385 3680 3520 3736 Pro-

1907 3766 2065 3834 pheta
2098 3782 2331 3837 quoque,
2367 3768 2686 3839 Egredimini
2715 3768 2779 3823 de
2808 3770 2975 3824 medio
3004 3787 3182 3825 eorum
3206 3813 3220 3836 ,
3255 3782 3301 3826 et
3340 3788 3516 3843 segre-

1902 3859 2097 3929 gamini
2122 3858 2139 3928 (
2166 3857 2277 3913 ἔον.
2316 3859 2406 3913 5i.
2446 3859 2578 3931 45).
2616 3859 2788 3914 Nemo
2820 3861 2997 3931 itaque
3047 3862 3296 3933 improbo
3339 3872 3518 3919 utatur

1902 3950 2101 4007 amico.
2135 3950 2267 4005 Nam
2299 3952 2344 4007 si
2369 3967 2569 4023 pravos
2596 3954 2737 4008 ﬁlios
2764 3954 3159 4011 exheredamus
3183 3998 3198 4023 ,
3224 3971 3397 4029 neque
3419 3974 3517 4013 na-

1901 4052 2077 4097 turam
2099 4057 2441 4109 reveremur,
2469 4044 2554 4099 vel
2584 4045 2731 4115 leges
2757 4046 2876 4117 ejus
2902 4087 2918 4111 ,
2955 4063 3128 4117 neque
3160 4049 3515 4103 necessitudi-

1902 4148 2024 4188 nem
2052 4135 2300 4203 quamvis
2330 4151 2342 4186 :
2375 4136 2543 4191 multo
2564 4138 2734 4207 magis
2758 4148 2988 4193 notoset
3014 4139 3306 4195 familiares
3331 4139 3515 4211 fugere

1901 4235 2137 4296 oportet,
2166 4226 2209 4281 si
2230 4226 2354 4282 mali
2383 4227 2512 4282 sint.
2537 4228 2797 4295 Quamvis
2823 4232 2968 4286 enim
2991 4231 3141 4287 nullo
3164 4232 3289 4288 hinc
3312 4234 3513 4290 damno

1900 4319 2201 4375 afﬁciamur
2225 4362 2239 4385 ,
2274 4321 2468 4375 malam
2500 4331 2676 4376 tamen
2703 4324 2899 4378 famam
2929 4325 3101 4381 vitare
3150 4342 3257 4382 non
3312 4329 3514 4398 poteri-

1896 4430 2041 4469 mus.
2072 4414 2326 4469 Extranei
2357 4430 2594 4484 namque
2625 4431 2731 4470 non
2761 4418 2924 4471 vitam
2957 4418 3275 4489 explorant,
3304 4419 3398 4474 sed
3444 4436 3511 4475 ex

1902 4506 2066 4561 sociis
2089 4504 2355 4575 judicant.
2392 4506 2517 4561 lla'c
2547 4508 2735 4576 ipsaet
2761 4520 2953 4578 nuptas
2980 4518 3035 4563 et
3076 4510 3312 4579 virgines
3356 4526 3507 4581 rogo.

1901 4594 2251 4663 Providentes,
2279 4597 2481 4666 inquit,
2512 4603 2642 4651 bona
2665 4638 2680 4663 ,
2715 4616 2816 4652 non
2868 4600 3036 4653 solum
3073 4617 3247 4654 coram
3287 4600 3511 4656 Domino

1897 4689 1987 4742 sed
2012 4688 2164 4742 etiam
2190 4705 2361 4742 corum
2391 4689 2680 4744 hominibus
2716 4691 2902 4761 (Rom.
2932 4692 3015 4746 12.
3054 4693 3117 4747 17
3142 4692 3182 4764 ).
3217 4693 3357 4751 Nihil
3380 4711 3510 4765 ergo

1899 4795 2004 4834 non
2046 4794 2300 4849 agamus,
2358 4797 2423 4834 ne
2474 4782 2720 4850 proximo
2770 4782 3096 4838 offendicula
3149 4786 3339 4840 siinus.
3392 4786 3507 4841 Vita

1896 4873 2038 4928 cnim
2067 4915 2080 4937 ,
2109 4875 2209 4928 etsi
2248 4874 2545 4929 rectissima
2574 4918 2587 4940 ,
2619 4875 2663 4930 si
2696 4875 3024 4932 oll'entlieulo
3051 4878 3172 4932 aliis
3200 4879 3303 4942 sit,
3335 4888 3507 4936 totmn

1896 4964 2151 5034 perdidit.
2208 4966 2273 5019 Et
2318 4967 2592 5035 quomodo
2639 4976 2818 5036 poteSt
2865 4980 3010 5022 recta
3065 4970 3171 5023 vita
3222 4970 3509 5027 oll'ensioni

1892 5059 2057 5113 esse?
2086 5059 2218 5114 Cum
2250 5060 2512 5114 malorum
2541 5062 2876 5116 consortium
2909 5062 3104 5117 malam
3124 5064 3261 5133 parit
3283 5065 3503 5120 famam.

1892 5152 2025 5209 Cum
2052 5153 2194 5209 enim
2213 5152 2447 5209 ﬁdenter
2473 5170 2595 5209 cum
2626 5155 2888 5224 improbis
2914 5170 3219 5221 versamur,
3248 5158 3347 5213 etsi
3374 5160 3500 5215 nihil

1894 5243 2050 5299 nobis
2080 5244 2262 5303 damni
2296 5243 2544 5310 accidat,
2588 5246 2709 5300 aliis
2753 5244 3080 5301 oﬂ'endicnlo
3129 5261 3335 5303 sumus.
3382 5250 3507 5305 lla-c

1894 5337 2060 5402 viris,
2119 5337 2470 5402 mulieribus,
2530 5338 2830 5408 virginibus
2894 5338 3057 5406 dico,
3119 5355 3307 5396 eorum
3372 5358 3497 5395 con-

1892 5429 2133 5485 seientiu:
2156 5429 2545 5497 explorandum
2580 5430 2920 5499 relinquens,
2954 5441 3150 5501 quanta
3182 5433 3305 5487 hinc
3321 5433 3496 5486 orian«

1892 5531 1977 5576 tur
2034 5523 2193 5575 mala.
2244 5523 2359 5592 Ego
2409 5522 2628 5592 quidem
2682 5524 2813 5577 nihil
2856 5524 2980 5579 mali
3015 5526 3291 5593 suspicor,
3329 5542 3496 5595 neque

1890 5616 2027 5669 alius
2056 5614 2283 5671 fortasse
2311 5614 2693 5686 perfectiorum
2724 5632 2739 5681 ;
2771 5617 2865 5671 sed
2898 5619 3198 5688 simplicior
3227 5619 3391 5673 frater
3436 5622 3488 5674 in

1892 5720 1978 5763 tua
2007 5708 2298 5763 olleudilur
2324 5708 2677 5777 perfectione.
2703 5708 2925 5778 Oportet
2955 5720 3133 5764 autem
3182 5710 3323 5763 illius
3361 5727 3498 5765 con-

1892 5800 2471 5857 sulercimbeciliitali.
2505 5800 2729 5855 Etiamsi
2775 5800 2898 5857 hinc
2951 5801 3040 5856 ille
3084 5815 3189 5857 non
3227 5800 3495 5871 iiCtiﬂllll',
