4164 6330
680 332 803 412 δίς

677 467 768 520 sed
796 464 1007 535 gentilis
1040 459 1352 516 offendetur.
1383 455 1540 509 Juhct
1575 460 1752 505 autem
1795 449 1988 503 l‘anlus
2029 447 2143 501 sine
2167 444 2252 499 of-

679 560 919 613 fensione
956 567 1073 607 esse
1099 544 1334 613 Judaris,
1379 556 1433 599 ct
1478 542 1708 607 Cra‘cis,
1759 548 1812 593 et
1856 538 2111 591 Ecclesia:
2163 534 2251 587 Dei

681 656 697 717 (
729 651 774 703 Ι.
808 648 921 698 (ζον.
954 644 1037 697 10.
1066 642 1099 695 5
1124 642 1162 709 ).
1200 640 1306 708 ligo
1331 636 1459 690 nihil
1490 634 1612 688 mali
1636 633 1701 686 de
1733 630 1931 698 virgine
1968 626 2251 693 SttSl‘tiCttl‘;

679 738 1027 808 virginitatem
1061 734 1257 802 quippe
1282 744 1436 791 amo;
1470 725 1667 780 Caritas
1703 730 1878 776 autem
1926 735 2024 771 non
2067 718 2255 785 cogitat

678 807 905 896 maium(
938 829 985 881 ί.
1020 807 1141 880 Cor.
1182 824 1262 876 l3.
1290 823 1306 888 )
1339 820 1449 874 Hoc
1481 818 1777 871 institutum
1813 813 1934 865 ViltU
1964 808 2255 863 admodum

676 922 839 991 diligo
863 961 878 985 ,
912 929 1082 984 neque
1108 912 1395 968 absurdum
1428 909 1552 977 quid
1585 907 1823 976 cogitare
1858 917 2094 972 possunt.
2120 901 2256 966 Quo-

676 1011 834 1067 modo
864 1011 913 1063 id
941 1006 1175 1063 externis
1208 998 1685 1074 persuadebimus?
1721 996 1945 1065 Oportet
1967 994 2107 1048 cnim
2133 993 2253 1048 illo-

676 1121 793 1159 rmn
814 1103 970 1158 etiam
1001 1098 1257 1153 rationem
1286 1094 1500 1147 habere.
1530 1089 1620 1145 Sic
1642 1090 1819 1158 itaque
1857 1094 2037 1141 nostra
2070 1084 2257 1153 dispo-

676 1207 902 1258 namus,
948 1204 1015 1244 ne
1042 1188 1160 1257 quis
1182 1184 1473 1239 inﬁdelium
1502 1190 1688 1237 contra
1732 1192 2056 1239 nos,ansam
2104 1190 2259 1245 repe-

1472 1295 1654 1303 _.._——
1662 1294 1897 1303 *ιη
1910 1292 2035 1299 -..ι-..-

1662 1294 1891 1303 .._—_——m

1078 1299 1315 1310 ...μ-...-

1407 345 1462 397 S.
1506 336 1779 397 JOMVNIS
1816 332 2285 390 CHRYSOSTOMI
2326 332 2642 387 Alitilill-ZP.
2684 323 3222 383 (LUNS'I'AN'I‘INUI'.

3855 330 3954 382 διδ

2364 461 2472 500 rtre
2500 448 2686 516 possit.
2714 444 2864 499 Sicut
2890 460 3032 496 υιιυιιι
3061 443 3093 496 ii
3117 443 3207 511 qui
3234 441 3393 495 vitam
3421 451 3621 496 ret-tam
3651 443 3911 499 exhibeant
3936 486 3951 507 .

2368 540 2475 591 Deo
2500 539 2719 607 gloriam
2750 538 2987 591 referunt
3020 554 3031 590 :
3065 536 3134 588 ita
3162 535 3251 604 qtti
3280 549 3435 588 secus
3466 544 3667 605 agunt,
3704 537 3756 590 in
3797 552 3955 593 causa

2365 640 2490 684 sunt
2514 646 2607 683 cur
2638 629 3055 697 ldaspbenu-tur.
3098 626 3295 682 Verum
3345 626 3483 680 absit
3528 638 3585 681 ut
3632 628 3769 683 tates
3819 633 3956 699 apud

2367 735 2465 774 nos
2495 721 2599 775 sint
2629 737 2642 783 ;
2672 720 2765 773 scd
2792 720 2860 771 ita
2888 720 3101 770 luceant
3123 731 3289 785 opera
3318 725 3499 771 nostra
3535 727 3587 770 ut
3629 718 3962 785 gleriﬁcetur

2368 812 2527 867 Pater
2556 820 2737 866 noster
2761 811 2850 881 qui
2878 810 2928 864 in
2954 811 3102 864 ca-lis
3130 816 3243 869 est.
3276 817 3329 863 ct
3359 825 3456 863 nos
3480 808 3597 876 ejus
3614 810 3786 879 gloria
3816 808 3961 864 frua-

2367 918 2487 956 mur
2514 920 2527 955 :
2560 918 2718 971 quam
2742 902 2941 955 utinam
2976 916 3073 954 nos
3106 914 3296 954 omnes
3325 914 3756 967 consequantur,
3794 904 3960 971 gratia

2367 1002 2422 1047 et
2452 993 2776 1063 benignitate
2809 991 3015 1045 lietnini
3044 991 3216 1044 nostri
3248 989 3375 1044 Jesu
3402 986 3603 1044 Christi
3630 1032 3644 1056 ,
3683 1007 3782 1059 per
3806 1008 3961 1060 quem

2368 1090 2567 1138 etcum
2596 1066 2703 1153 quo
2733 1081 2873 1136 Patri
2900 1081 3067 1150 gloria
3092 1120 3108 1147 ,
3140 1094 3355 1163 unaque
3393 1090 3580 1135 sancto
3614 1081 3841 1153 Spiritui
3861 1124 3873 1147 ι
3915 1086 3961 1137 in

2370 1175 2563 1228 smcula
2595 1172 2933 1225 sa-culorum.
2969 1174 3160 1224 Amen.

2917 1285 3068 1296 ρ-ι--σ

3533 1296 3955 1309 —-——.—.___.

2056 1364 2402 1425 HOMILIA
2466 1366 2681 1425 LVIII.

672 1528 798 1579 tiae.
848 1522 901 1577 9.
940 1536 989 1572 v.
1029 1520 1110 1576 Π.
1139 1516 1324 1572 Dicunt
1355 1530 1484 1569 (ατο
1511 1514 1691 1565 iterum
1733 1526 1750 1564 :
1800 1508 1872 1563 Tu
1898 1507 2019 1579 quid
2044 1506 2171 1559 dicis
2196 1506 2262 1557 de

743 1616 852 1681 illo,
883 1613 969 1683 qui
998 1610 1192 1679 aperuit
1222 1607 1393 1660 oculos
1421 1604 1573 1657 tuost?
1601 1602 1702 1656 Ille
1728 1609 1892 1654 autem
1921 1600 2048 1653 dixit
2069 1640 2083 1660 ,
2126 1597 2259 1665 Quia

745 1706 983 1775 propheta
1009 1712 1096 1755 est.
1131 1699 1213 1754 IS.
1252 1696 1369 1751 Non
1394 1696 1710 1748 crediderunt
1739 1707 1856 1762 (rgo
1884 1689 2077 1743 Juda't'.

744 1824 794 1875 1.
838 1819 1122 1887 Scriptura:
1166 1829 1267 1869 non
1306 1813 1619 1882 simpliciter
1649 1824 1819 1878 neque
1861 1805 2256 1877 perfunctorie,

673 1913 764 1967 sed
795 1926 949 1982 quam
982 1906 1381 1977 diligentissime
1412 1902 1647 1973 legenda:
1673 1911 1815 1965 sunt,
1844 1914 1909 1953 uc
1939 1896 2063 1967 quid
2091 1895 2258 1951 obicis

673 2006 892 2057 oriatur.
925 1999 1131 2054 Etenim
1156 1998 1264 2065 jam
1292 1997 1410 2066 quis
1438 1995 1628 2049 merito
1656 1991 2004 2061 quzestiouem
2027 1997 2258 2051 moveat,

674 2092 983 2158 Quomodo,
1019 2098 1292 2163 postquam
1337 2086 1617 2145 dixerunt,
1672 2082 1768 2134 llic
1810 2099 1909 2133 non
1950 2089 2021 2131 est
2059 2096 2090 2131 α
2132 2078 2255 2141 Deo,

674 2185 791 2250 quia
817 2182 1075 2235 sabbatum
1105 2193 1201 2231 non
1232 2187 1392 2230 servat
1417 2220 1425 2236 ,
1454 2175 1560 2240 jam
1601 2172 1781 2227 dicunt
1812 2172 1857 2225 ci
1880 2212 1894 2233 ,
1932 2168 2009 2222 Tu
2036 2170 2156 2235 quid
2182 2169 2255 2221 di-

674 2276 744 2328 eis
770 2273 831 2326 de
857 2273 965 2336 illo,
998 2271 1085 2339 qui
1110 2268 1305 2337 aperuit
1336 2266 1505 2319 oculos
1534 2265 1684 2317 tuos?
1712 2262 1823 2315 Non
1854 2261 2140 2323 dixerunt,
2182 2258 2260 2311 'l'u

676 2362 799 2433 quid
830 2362 962 2415 dicis
990 2360 1058 2413 de
1088 2360 1196 2423 illo,
1239 2356 1326 2424 qui
1357 2354 1633 2409 sabbatum
1666 2351 1860 2405 solvit?
1902 2349 1994 2402 sed
2038 2363 2259 2401 excusa-

676 2458 873 2509 tionem
916 2465 1051 2505 nunc
1096 2465 1190 2517 pro
1230 2448 1568 2503 accusatione
1599 2453 1819 2513 ponunt.
1852 2442 1987 2507 Quid
2029 2455 2154 2510 ergo
2181 2439 2263 2492 di-

674 2542 937 2599 cendum?
964 2541 1073 2595 Non
1105 2540 1260 2593 iidem
1290 2546 1413 2592 sunt
1434 2537 1520 2606 qui
1547 2534 1814 2598 dicebant,
1854 2532 1947 2585 llic
1978 2548 2076 2584 non
2105 2540 2175 2583 est
2203 2546 2263 2583 ex

680 2636 816 2696 Deo;
848 2632 938 2687 sed
972 2632 1004 2684 ii
1033 2631 1119 2700 qui
1150 2630 1216 2685 ab
1246 2628 1374 2699 ipsis
1402 2626 1662 2681 sententia
1693 2623 1943 2692 disjuncﬁ
1971 2622 2218 2676 dicebant
2250 2640 2261 2673 :

682 2726 845 2779 Homo
874 2734 1099 2793 percator
1124 2738 1222 2774 non
1252 2728 1410 2789 potest
1438 2718 1542 2771 Iure
1571 2719 1714 2786 signa
1745 2719 1928 2786 facere.
1959 2711 2089 2767 Cum
2121 2714 2262 2765 enim

681 2816 874 2869 vellent
907 2814 937 2867 ii
972 2828 1031 2865 os
1056 2800 1436 2880 comprimere,
1467 2823 1531 2862 ne
1553 2808 1820 2861 Christum
1853 2804 1949 2873 ipsi
1978 2801 2264 2856 defendere

678 2908 999 2968 viderentur,
1034 2903 1179 2956 illum
1210 2902 1297 2970 qui
1330 2900 1537 2954 virtutis
1566 2900 1682 2966 ejus
1710 2895 2138 2965 experimentum
2169 2909 2259 2947 ce-

678 3006 823 3067 perat
846 3035 861 3060 ,
894 2996 944 3048 in
969 2994 1197 3047 medium
1225 2990 1493 3045 adducunt
1517 2999 1569 3043 ct
1598 2989 1947 3056 interrogant.
1980 2983 2110 3038 Vide
2134 2998 2263 3053 ergo

679 3086 925 3157 pauperis
956 3084 1299 3159 sapientiam,
1333 3083 1419 3151 qui
1454 3081 1763 3151 prudentius
1789 3094 1950 3149 quam
1978 3078 2051 3133 illi
2074 3090 2265 3132 omnes

679 3180 926 3247 loquutus
966 3186 1065 3231 est.
1112 3177 1177 3231 Et
1218 3166 1642 3244 pritno‘quidem
1687 3173 1758 3224 ait
1795 3185 1813 3224 :
1849 3170 2105 3238 Propheta
2144 3177 2263 3222 est:

681 3285 851 3341 neque
882 3269 1179 3324 formidavit
1209 3281 1512 3337 perversum
1545 3265 1846 3319 Judtcorum
1873 3261 2154 3329 judicium,
2184 3274 2267 3314 rc-

682 3363 1024 3433 pngnantium
1056 3361 1452 3428 dicclttiumquc
1478 3376 1490 3411 :
1525 3357 1788 3425 Quomodo
1815 3365 1974 3425 potest
2002 3355 2083 3406 hic
2104 3370 2134 3405 a
2156 3351 2265 3405 Deo

680 3471 810 3518 esse,
842 3453 926 3522 qui
959 3452 1219 3507 sabbatum
1254 3466 1352 3504 non
1381 3448 1638 3502 custodit!
1666 3448 1760 3501 sed
1794 3445 1928 3501 dixit
1948 3486 1963 3507 ,
2006 3442 2267 3513 Prop/tcta

680 3558 769 3601 est.
808 3546 869 3600 fit
898 3562 995 3599 non
1026 3544 1342 3599 crediderunt
1369 3540 1542 3595 Judtei
1571 3539 1704 3609 quod
1731 3555 1893 3593 circus
1926 3537 2100 3606 fuisset
2126 3546 2171 3590 et
2202 3537 2267 3587 oi-

682 3639 867 3701 disset,
918 3636 1074 3689 (fauce
1113 3641 1410 3688 vocaverunt
1453 3640 1680 3700 parentes
1716 3630 1844 3699 ejus.
1890 3626 2269 3681 Animadverte

681 3739 809 3797 quot
840 3728 1010 3789 modis
1038 3726 1351 3781 tniractdum
1382 3724 1630 3797 obtegere
1654 3731 1708 3776 et
1747 3720 1962 3774 abolere
1986 3726 2262 3771 conentur.

688 3820 877 3873 Verum
903 3819 1012 3885 ipsa
1034 3815 1271 3871 veritatis
1294 3796 1481 3868 natitra
1505 3799 1689 3866 iisdem
1716 3809 1844 3879 ipsis
1867 3807 2124 3871 ﬁrmatur,
2152 3807 2269 3875 qui-

686 3914 782 3968 bus
805 3911 871 3965 ab
898 3907 1297 3965 insidiatoribus
1324 3905 1625 3977 impetitur;
1658 3901 1845 3957 iisdem
1874 3900 2057 3971 fulget,
2078 3899 2271 3969 quibus

685 4001 955 4057 obscurari
1003 4007 1250 4055 tentatur.
1286 3996 1395 4052 Nisi
1425 3997 1566 4050 enim
1607 3993 1719 4048 luce
1750 3995 1885 4047 facta
1924 4000 2137 4054 essent,
2170 3988 2271 4042 mi-

686 4091 919 4145 racnlmn
946 4088 1084 4158 apud
1110 4087 1307 4142 muttos
1330 4092 1631 4154 suspectum
1661 4096 1781 4137 esse
1806 4080 2099 4151 potuisset:
2134 4094 2273 4132 nttnc

690 4198 816 4237 vero
842 4197 904 4236 ac
935 4182 977 4235 si
1015 4180 1251 4234 studiose
1278 4178 1551 4232 veritatem
1591 4174 1901 4243 intlagarcnt
1924 4213 1938 4237 ,
1984 4172 2053 4225 ita
2093 4170 2271 4224 ontuia

689 4275 915 4338 faciunt,
962 4288 1132 4343 neque
1172 4272 1325 4326 aliter
1369 4268 1647 4332 fecissent,
1696 4268 1739 4321 si
1781 4282 1877 4335 pro
1919 4264 2134 4320 Christo
2160 4263 2275 4318 ha'c

687 4366 888 4435 operati
918 4372 1115 4419 essent.
1144 4362 1235 4417 llis
1257 4372 1430 4415 tamen
1455 4361 1627 4431 ipsum
1650 4358 1949 4426 deprimere
1976 4354 2271 4418 tentabant,

687 4471 808 4511 cum
839 4456 1108 4521 dicerent,
1144 4452 1406 4519 Quomodo
1445 4451 1641 4519 aperuit
1668 4448 1839 4502 oculos
1878 4447 2028 4500 tuos.’
2064 4445 2112 4500 id
2158 4454 2274 4509 est,

691 4548 824 4602 Num
856 4544 1169 4615 quibusdam
1200 4541 1516 4614 ιιι-ξιξειίςίίεῖ
1564 4539 1693 4594 Nam
1739 4538 1859 4594 alibi
1900 4552 2111 4607 quoque
2154 4550 2274 4589 cum

692 4638 821 4692 nihil
850 4637 1204 4707 objiciendum
1238 4635 1527 4696 haberent,
1576 4630 1789 4685 tnodum
1823 4627 2041 4682 curandi
2076 4628 2278 4681 ratum-

693 4732 823 4786 niari
851 4740 1111 4785 conantur
1136 4728 1372 4783 dicentes
1412 4744 1425 4779 :
1472 4724 1588 4778 Non
1630 4724 1763 4788 eiieit
1803 4721 2053 4775 tite-nonin
2095 4719 2192 4772 nisi
2226 4719 2278 4771 in

695 4822 965 4877 Beelzebub
985 4823 999 4852 ¹
1025 4820 1235 4891 (Matth.
1271 4820 1356 4873 12.
1374 4814 1501 4889 Si)?
1520 4818 1581 4869 Et
1601 4814 1685 4869 hic.
1711 4813 1869 4868 etiam
1887 4826 2007 4866 cum
2032 4810 2159 4864 nihil
2182 4824 2279 4877 op-

694 4914 994 4985 ponendum
1024 4911 1282 4978 habeant,
1314 4910 1379 4965 ad
1412 4920 1619 4976 tempus
1644 4915 1699 4961 ct
1722 4906 1927 4960 sabbati
1956 4902 2277 4959 solutionem

692 5006 1028 5075 confugiunt,
1063 5002 1379 5071 dicuntque,
1414 4999 1576 5054 Solvit
1605 4996 1901 5059 sabbatum;
1930 5003 2003 5059 et,
2038 4991 2282 5047 Peccator

692 5107 782 5151 est.
817 5096 972 5165 Atqui
1005 5095 1092 5149 ille
1124 5108 1220 5147 vos
1248 5089 1473 5154 invidos,
1496 5088 1584 5158 qui
1605 5096 1751 5158 gesta
1777 5086 1892 5154 ejus
1919 5098 2141 5154 carpere
2168 5091 2281 5136 stu-

695 5186 923 5251 debatis,
957 5184 1046 5240 ille
1073 5192 1257 5255 aperte
1285 5179 1650 5249 interrogavit,
1683 5176 1807 5242 Quis
1844 5192 1908 5231 ea:
1942 5175 2077 5230 vobis
2105 5182 2283 5244 arguet

695 5297 773 5332 me.
804 5280 868 5333 de
912 5288 1111 5347 peccato
1157 5275 1349 5345 (Joau.
1394 5272 1449 5327 8.
1495 5268 1642 5339 46)?
1668 5268 1733 5323 Et
1772 5282 1929 5323 nemo
1967 5265 2243 5336 respondit
2268 5306 2282 5329 ,

702 5384 876 5438 neque
923 5366 1088 5430 dixit,
1121 5363 1483 5434 Blaspbemas,
1510 5359 1634 5414 dum
1679 5367 1730 5412 te
1775 5355 2172 5425 intpcccabilem
2203 5353 2286 5408 di-

704 5465 799 5515 ris.
834 5459 988 5529 Atqui
1038 5458 1080 5510 si
1113 5458 1289 5511 dicere
1320 5455 1647 5523 potuissent,
1676 5451 1813 5504 haud
1855 5450 2013 5503 dubie
2060 5463 2163 5501 non
2202 5457 2285 5500 ta-

705 5554 958 5608 cuissent.
993 5550 1123 5604 Nam
1156 5547 1243 5618 qui
1274 5546 1555 5611 dicentem,
1589 5559 1646 5599 se
1675 5553 1799 5599 ante
1830 5541 2096 5595 Abraham
2134 5554 2284 5605 esse,

708 5772 740 5819 α
795 5712 811 5743 ³
849 5718 925 5780 us.
966 5703 1223 5757 Orientalis
1262 5701 1399 5753 Savil.
1428 5710 1533 5765 post
1566 5698 1840 5757 Beelzebub,
1876 5696 2030 5756 addit,
2070 5688 2287 5754 pt'ituipe

742 5784 1066 5819 ειίηοηιιτωη.

742 5784 1066 5821 ειίηοηιωωη.

2374 1506 2636 1578 lapidibus
2666 1510 3041 1580 impeticrunt,
3072 1521 3126 1567 et
3152 1512 3324 1582 ipsum
3359 1529 3387 1566 ιι
3436 1514 3545 1570 Deo
3584 1530 3691 1570 non
3724 1531 3882 1583 esse,
3907 1533 3964 1573 se

2369 1615 2497 1655 vero
2520 1615 2640 1656 esse
2665 1617 2693 1655 a
2726 1602 2838 1658 Deo
2863 1603 3073 1674 gloriati
3101 1612 3259 1670 sunt,
3293 1606 3415 1660 licct
3442 1604 3727 1661 homicida:
3753 1618 3962 1671 essent;

2367 1700 2421 1746 et
2448 1709 2570 1748 eum
2601 1694 2690 1763 qui
2722 1694 3026 1764 huiusmodi
3056 1696 3203 1766 signa
3235 1698 3587 1765 operabatur,
3617 1714 3682 1754 ex
3726 1698 3839 1755 Deo
3864 1717 3963 1755 non

2366 1800 2485 1841 csse
2512 1784 2789 1852 dicebant,
2821 1788 2943 1857 quia
2975 1787 3252 1842 sabbatum
3294 1804 3397 1842 non
3437 1788 3734 1844 custodiret
3767 1809 3780 1844 :
3811 1791 3856 1844 si
3889 1793 3964 1844 vel

2367 1876 2650 1932 accusandi
2680 1877 2921 1933 umbram
2956 1878 3286 1947 habuissent,
3313 1895 3415 1933 non
3446 1880 3839 1950 praacriisscnt
3870 1882 3966 1936 uti-

2366 1986 2488 2039 quc.
2523 1970 2577 2025 Si
2609 1980 2788 2025 autem
2820 1971 2940 2024 ideo
2968 1979 3301 2040 peccatorum
3337 1980 3561 2035 vocant,
3602 1972 3729 2042 quia
3773 1972 3965 2028 sabba-

2369 2072 2477 2116 tqu
2510 2063 2721 2118 solvere
2751 2064 3050 2129 videbatur,
3082 2064 3227 2118 futile
3267 2072 3412 2118 eerte
3450 2065 3657 2119 crimen
3698 2075 3815 2119 erat
3837 2106 3851 2127 ,
3886 2066 3965 2119 vel

2366 2158 2631 2210 sociorum
2656 2156 2888 2226 judicio,
2927 2159 3015 2226 qui
3060 2167 3115 2210 ut
3162 2156 3408 2219 l'rigidmn
3440 2155 3565 2209 illud
3596 2165 3653 2210 ct
3682 2172 3746 2211 cx
3779 2158 3964 2210 sitnttl-

2369 2256 2475 2301 tate
2519 2247 2812 2316 profectum
2860 2248 3201 2301 damnahant.
3249 2245 3494 2313 Undique.
3539 2263 3669 2315 ergo
3712 2248 3961 2308 cohibiti,

2367 2336 2510 2391 aliud
2533 2337 2799 2406 quidpiam
2830 2337 3192 2406 impudentius
3212 2352 3275 2389 ac
3302 2336 3623 2405 petulantius
3647 2338 3967 2407 aggrediun-

2370 2436 2473 2480 tur.
2504 2428 2779 2494 Quodnam
2803 2427 2927 2481 illttd
2947 2428 2968 2481 ?
2986 2427 3107 2481 Non
3127 2428 3464 2494 crediderunt,
3494 2429 3686 2498 inquit,
3711 2432 3849 2497 quod
3870 2446 3965 2483 ra:-

2368 2536 2455 2571 rus
2488 2521 2689 2588 fuisset,
2723 2530 2768 2572 et
2809 2521 3036 2574 vidisset.

2443 2610 2765 2663 Mendacium
2794 2612 2972 2677 ubique
2999 2612 3051 2664 iu
3082 2612 3305 2680 seipsum
3331 2612 3670 2682 impingit.-
3689 2610 3804 2666 Cur
3843 2626 3967 2681 ergo

2369 2710 2690 2755 accusarunt
2717 2700 2859 2768 quod
2888 2703 3165 2755 sabbatum
3196 2715 3299 2754 non
3327 2701 3651 2765 custodiret,
3692 2702 3797 2756 nisi
3841 2702 3967 2755 illud

2368 2794 2754 2848 credidissent?
2775 2809 2872 2849 cur
2893 2808 2999 2847 non
3028 2793 3185 2849 ﬁdem
3210 2792 3415 2848 habetis
3437 2800 3598 2847 tantm
3617 2794 3967 2857 multitudini,

2367 2896 2424 2943 ct
2454 2888 2773 2956 vicinisqui
2816 2891 2987 2956 ipsum
3029 2885 3397 2957 cognoscunt?
3438 2884 3674 2952 Verum,
3721 2896 3781 2940 ut
3823 2886 3968 2949 disi,

2371 2978 2567 3047 ubique
2596 2977 2931 3032 mendacium
2967 2977 3018 3031 in
3049 2978 3285 3046 seipsum
3318 2976 3594 3046 impingit,
3628 2991 3725 3045 per
3749 2991 3814 3032 ea
3856 2976 3971 3046 ipsa

2368 3072 2521 3139 queis
2572 3069 2846 3125 veritatem
2877 3078 3182 3139 oppugnat;
3224 3069 3501 3139 ipsamque
3539 3068 3819 3124 veritatem
3856 3069 3971 3122 cia-

2372 3162 2568 3215 riorcm
2597 3160 2760 3215 clﬁcit
2793 3178 2806 3214 ε
2837 3160 2978 3229 quod
3006 3160 3164 3214 etiam
3194 3175 3335 3214 nunc
3363 3159 3561 3215 evenit.
3580 3159 3659 3215 Nc
3686 3159 3805 3230 quis
3826 3161 3969 3214 enim

2371 3251 2575 3306 diceret
2604 3253 2806 3306 vicinos
2834 3260 2889 3305 et
2913 3259 3240 3321 spectatores
3272 3250 3403 3306 nihil
3440 3260 3688 3307 accurate
3728 3251 3933 3308 dixisse
3954 3294 3970 3319 ,

2372 3344 2464 3399 sed
2493 3345 2561 3399 dc
2589 3344 2747 3399 simili
2781 3344 3030 3414 loquutus
3058 3359 3179 3399 esse.
3200 3385 3215 3409 ,
3252 3354 3503 3413 parentes
3531 3346 3585 3400 in
3611 3344 3848 3400 medium
3876 3344 3975 3399 ad-

2371 3438 2609 3501 ducunt,
2646 3446 2699 3490 ct
2725 3436 2802 3490 sic
2834 3436 2982 3490 inviti
3014 3436 3293 3491 veritatem
3324 3435 3711 3508 patefecerunt.
3742 3435 3876 3490 Nam
3919 3435 3973 3489 bi

2376 3529 2611 3583 maxime
2637 3530 2875 3582 enutiqu
2900 3526 3063 3581 ﬁlium
3082 3542 3236 3581 smtnt
3258 3539 3538 3582 noverant.
3563 3527 3696 3593 Quia
3720 3528 3865 3581 enim
3892 3527 3974 3596 ip-

2346 3634 2492 3673 sum
2525 3617 2943 3688 pcrtcrrefaccrc
2974 3632 3079 3673 non
3119 3627 3368 3688 pateram
3392 3658 3407 3683 ,
3449 3618 3542 3672 sed
3573 3617 3827 3671 audacter
3860 3616 3975 3686 ipse

2376 3710 2669 3765 bcuclicum
2697 3708 3040 3780 praedicabat.
3074 3723 3169 3777 per
3200 3716 3446 3777 parentes
3470 3722 3529 3762 sc
3552 3706 3874 3761 miraculum
3898 3708 3976 3760 in-

2378 3808 2591 3861 firmare
2621 3819 2779 3875 posse
2805 3803 3113 3872 sperabant.
3148 3802 3212 3855 Et
3256 3800 3376 3854 vide
3416 3800 3847 3869 interrogationis
3880 3814 3976 3852 ue-

2376 3900 2617 3969 quitiam.
2649 3896 2785 3964 Quid
2814 3897 2955 3951 enim
2981 3894 3097 3949 ait?
3146 3892 3267 3947 Illos
3306 3892 3357 3945 in
3400 3890 3634 3946 medium
3676 3889 3973 3949 adductos.

2380 4001 2436 4045 ut
2464 4002 2722 4045 terrorem
2751 3990 3073 4051 incuterent,
3106 3999 3225 4040 cum
3253 3983 3587 4039 vehementia
3619 3980 3862 4038 furentes
3893 3982 3976 4036 in-

2380 4092 2652 4155 terrogant
2682 4102 2695 4139 :
2734 4082 2822 4138 19.
2856 4080 2954 4135 llic
2983 4089 3054 4135 est
3082 4080 3218 4147 ﬁlias
3248 4075 3446 4131 uester?
3475 4074 3584 4130 Nec
3622 4074 3805 4129 dicunt
3825 4116 3841 4140 ,
3874 4073 3976 4141 Qui

2383 4176 2585 4247 pridem
2616 4190 2788 4231 crocus
2817 4183 2934 4228 erat
2972 4190 2985 4225 :
3018 4170 3111 4225 sed
3140 4167 3452 4237 quomodo?
3494 4164 3656 4230 Quem
3694 4181 3780 4218 vos
3808 4164 3978 4217 dicitis

2379 4270 2498 4338 quia
2536 4282 2699 4320 ca'eus
2738 4275 2888 4318 natus
2917 4272 3026 4322 est;
3052 4277 3116 4316 ac
3144 4260 3189 4315 si
3221 4258 3294 4312 illi
3335 4267 3546 4312 versute
3581 4257 3840 4327 ﬁngerent
3862 4297 3878 4319 ,
3921 4262 3978 4307 ut

2382 4374 2541 4429 opera
2577 4356 2775 4411 Christi
2815 4353 3215 4410 conﬁrmarent.
3267 4349 3312 4404 Ο
3361 4347 3709 4413 cxsccrandi,
3760 4357 3816 4403 ct
3861 4348 3979 4417 plus

2383 4466 2538 4520 quam
2566 4446 2876 4503 exsecrandi
2900 4448 2913 4499 ε
2945 4444 3139 4514 Ecquis
3166 4452 3313 4513 pater
3344 4442 3456 4497 haec
3481 4441 3548 4496 de
3570 4439 3681 4495 ﬁlio
3702 4441 3979 4495 conﬁnxe-

2385 4544 2487 4597 rit?
2508 4546 2583 4596 Ac
2609 4543 2651 4595 si
2679 4541 2918 4595 dicerent
2945 4556 2957 4591 :
2982 4538 3149 4604 Quem
3182 4550 3274 4589 vos
3305 4549 3505 4588 c;ccnm
3525 4531 3775 4597 dixistis;
3804 4546 3979 4602 neque

2386 4636 2433 4688 id
2479 4645 2713 4695 tantum;
2743 4632 2835 4686 sed
2885 4631 2987 4684 hoc
3016 4628 3212 4698 ubique
3240 4625 3532 4696 Sparsistis.
3565 4624 3837 4689 Quomodo
3861 4638 3981 4693 ergo

2385 4742 2519 4778 nunc
2543 4724 2714 4777 videt?
2740 4722 2784 4778 Ο
2808 4721 3085 4776 stultitiam
3109 4723 3123 4774 ι
3160 4718 3403 4774 Vestrum
3430 4727 3535 4783 est,
3565 4715 3843 4784 inquiunt,
3882 4715 3981 4768 hoc

2384 4827 2743 4871 eorumcntum
2767 4857 2782 4878 ,
2832 4814 2945 4868 haec
2982 4811 3248 4868 sinndatio
3275 4817 3470 4863 vestra.
3497 4807 3790 4877 Dupliciter
3821 4806 3889 4861 ad
3933 4806 3983 4860 id

2386 4909 2685 4979 negandum
2728 4907 3015 4972 inducunt,
3043 4914 3097 4961 et
3128 4903 3210 4958 his
3236 4902 3433 4965 verbis,
3468 4899 3631 4966 Quem
3660 4915 3748 4954 uos
3778 4898 3947 4953 dicitis
3966 4939 3983 4964 ,

2386 5012 2441 5059 et
2470 5002 2590 5065 illis,
2619 5000 2884 5065 Quomodo
2917 5013 3035 5069 ergo
3059 5012 3193 5050 nunc
3217 4994 3348 5049 videt
3366 4992 3394 5047 2

2456 5092 2509 5147 2.
2541 5091 2670 5147 Cum
2704 5100 2813 5144 tres
2836 5098 3019 5144 essent
3047 5072 3510 5155 interrogationes,
3542 5081 3587 5137 si
3628 5081 3770 5136 titius
3797 5095 3986 5137 eorum

2390 5194 2559 5250 esset,
2592 5183 2637 5238 si
2666 5194 2840 5237 camus
2866 5178 3072 5245 fuisset,
3100 5185 3154 5233 et
3176 5173 3446 5246 quomodo
3469 5172 3643 5227 visum
3669 5173 3986 5242 recepisset,

2391 5277 2496 5332 duo
2528 5284 2729 5330 tantum
2759 5271 3097 5333 conﬁtentur,
3130 5269 3341 5323 tertium
3367 5280 3475 5320 non
3496 5264 3719 5319 addunt.
3744 5262 3991 5332 llludque

2392 5369 2457 5424 ad
2503 5371 2778 5423 veritatem
2823 5362 3135 5417 ﬁrmandam
3177 5358 3467 5422 conduxit,
3513 5365 3571 5410 ut
3614 5370 3774 5411 nemo
3814 5356 3988 5410 alius.

2392 5478 2548 5532 quam
2580 5473 2756 5514 cmcus
2784 5466 3022 5517 curatus,
3054 5453 3142 5523 qui
3173 5451 3276 5506 ﬁde
3300 5450 3492 5521 dignus
3515 5456 3632 5503 erat
3652 5488 3667 5512 ,
3700 5447 3817 5502 hmc
3857 5462 3990 5501 eon-

2395 5554 2653 5607 ﬁteretur.
2684 5550 2748 5604 Et
2774 5545 3043 5617 quomodo
3068 5543 3133 5599 ad
3163 5542 3386 5614 gratiam
3431 5539 3633 5609 loquuti
3671 5549 3856 5593 essent
3901 5554 3993 5608 p.1-

2397 5657 2607 5709 rentes,
2645 5642 2734 5713 qui
2763 5642 2921 5695 etiam
2955 5636 3198 5708 qua-dam
3239 5650 3305 5689 ex
3338 5635 3421 5697 iis,
3454 5647 3572 5703 quae
3598 5630 3842 5686 sciebant
3870 5673 3887 5690 .
3920 5642 3995 5681 ta-

2401 5749 2623 5793 cuerunt
2672 5744 2886 5808 prepter
2927 5745 3123 5785 metum
3165 5727 3518 5783 Judatorum?
3556 5724 3700 5793 Quid
3740 5722 3889 5777 enim
3917 5722 3991 5777 di-
