4164 6330
241 533 408 592 cunt?
432 531 523 586 ΞΘ.
560 529 710 596 Quod
737 527 817 581 hic
838 534 915 580 est
939 524 1077 592 ﬁlius
1114 528 1300 585 noster,
1345 518 1530 573 scimus
1553 558 1568 582 ,
1606 523 1659 570 et
1692 514 1826 585 quod

241 641 407 681 aecus
443 632 593 678 natus
628 622 732 686 sit;
762 619 852 674 2|.
884 614 1132 687 quomodo
1156 622 1323 667 autem
1351 626 1485 664 nunc
1522 607 1713 673 uideat,
1742 614 1828 659 aut

240 717 353 785 quis
378 714 573 784 aperuit
597 714 709 783 ejus
733 709 923 774 oculos,
954 721 1047 759 nos
1075 702 1343 758 nescimus.
1371 699 1492 771 Ipse
1518 706 1711 754 tetatem
1734 696 1827 747 Ita-

232 810 318 863 bet
335 849 350 873 ,
382 810 490 878 ipse
517 806 579 859 de
604 822 657 859 se
684 805 935 873 loquatur.
962 797 1094 852 Fide
1120 796 1336 865 dignum
1369 792 1517 847 illum
1552 794 1821 882 statuunt,

237 909 293 955 et
339 900 420 955 sic
447 914 506 954 se
536 902 790 952 excusant
820 909 833 944 :
864 891 980 946 Non
1010 895 1093 945 est
1134 902 1288 957 puer,
1328 884 1569 955 inquiunt
1590 921 1603 943 ,
1649 892 1824 949 neque

230 989 453 1055 infans;
483 994 658 1058 potest
680 983 747 1039 de
772 997 831 1037 se
870 978 1229 1037 teStimonium
1263 976 1421 1031 ferre.
1449 973 1538 1026 22.
1577 969 1699 1025 Hec
1724 986 1820 1023 au-

231 1092 337 1137 tem
366 1081 603 1135 dixerunt
631 1082 833 1146 propter
853 1081 1037 1125 metum
1060 1063 1535 1124 Judceorum.-Vide
1554 1059 1821 1133 quomodo

234 1170 560 1242 evangelista
590 1167 801 1221 illorum
838 1163 1154 1219 sententiam
1184 1157 1619 1229 pr0positumque
1648 1168 1820 1209 enun-

226 1263 352 1317 tiet.
385 1260 511 1315 Ilaec
539 1257 659 1313 dico
684 1256 754 1310 ob
773 1254 996 1309 verbum
1034 1250 1161 1307 illud
1193 1257 1316 1305 ante
1344 1249 1542 1303 dictum
1562 1286 1579 1313 ,
1609 1244 1818 1317 quua-

222 1354 327 1406 lem
350 1366 407 1406 se
431 1350 556 1419 facit
577 1346 705 1403 Deo.
734 1346 865 1412 Quia
885 1345 930 1399 si
959 1345 1048 1397 illa
1075 1342 1261 1397 fuisset
1285 1338 1500 1418 Judaica
1528 1336 1812 1401 sententia,

223 1457 335 1497 non
362 1450 543 1495 autem
562 1435 758 1492 Christi
779 1435 1036 1505 judicium
1056 1474 1071 1497 ,
1093 1431 1150 1488 id
1175 1440 1321 1486 certe
1342 1428 1631 1483 addidisset
1654 1441 1815 1481 evan-

217 1532 436 1603 gelista,
462 1528 789 1595 dixissetque
812 1538 928 1579 eam
948 1522 1113 1577 fuisse
1140 1519 1444 1575 Judasorum
1474 1517 1811 1572 sententiam.

220 1623 361 1678 Cum
392 1621 552 1692 igitur
572 1626 819 1689 parentes
844 1616 964 1670 illos
985 1613 1053 1668 ad
1079 1626 1279 1667 caecum
1303 1617 1546 1667 sanatum
1578 1607 1815 1663 remisis-

217 1724 378 1775 sent,
412 1711 604 1765 iterum
631 1713 953 1761 vocaverunt
985 1718 1126 1760 eum.
1173 1700 1285 1757 Nec
1323 1709 1499 1756 tamen
1540 1699 1714 1769 palam
1759 1706 1814 1753 et

215 1800 560 1873 impudenter
582 1798 804 1863 dicunt,
834 1796 979 1866 Nega
1015 1793 1287 1849 Christum
1328 1801 1381 1847 te
1420 1804 1674 1857 sanasse,
1715 1789 1811 1845 sed

217 1893 321 1949 sub
347 1892 558 1963 pietatis
582 1890 761 1959 specie
788 1888 842 1943 id
868 1888 1053 1942 volunt
1076 1884 1311 1955 assequi.
1353 1883 1443 1937 24.
1477 1882 1559 1936 Da
1596 1882 1811 1952 gloriam

215 1982 328 2038 Deo
348 2024 364 2049 ,
393 1982 659 2051 inquiunt.
698 1978 828 2033 Nam
854 1979 900 2033 si
932 1976 1240 2047 parentibus
1277 1975 1573 2040 dixissent,
1610 1972 1810 2042 Negate

210 2074 385 2129 ﬁlium
414 2081 651 2128 vestrum
674 2084 794 2126 esse
818 2111 832 2136 ,
861 2079 916 2125 et
938 2083 1137 2125 caecum
1166 2075 1379 2131 natum,
1411 2080 1497 2121 res
1521 2065 1808 2119 admodum

212 2168 440 2223 ridicula
466 2166 577 2219 visa
607 2172 771 2229 esset,
801 2163 1135 2233 idipsnmque
1164 2160 1271 2214 ﬁlio
1298 2159 1496 2222 dicere,
1528 2156 1806 2213 manifesta

206 2259 406 2314 fuisset
426 2255 773 2327 impudentia.
798 2253 921 2309 Ideo
942 2269 1048 2308 non
1067 2253 1143 2307 sic
1164 2252 1380 2315 dicunt;
1404 2250 1497 2304 sed
1518 2250 1623 2304 alio
1648 2248 1807 2303 modo

212 2348 437 2404 insidias
464 2356 680 2418 parant,
716 2346 954 2402 dicentes
984 2362 997 2397 :
1028 2342 1108 2396 Da
1144 2341 1357 2412 gloriam
1397 2338 1543 2406 Deo;
1586 2339 1639 2393 id
1681 2349 1802 2404 est,

208 2439 486 2494 Conﬁtere
523 2438 697 2507 ipsum
743 2435 871 2490 nihil
920 2433 1127 2490 fecisse.
1174 2430 1287 2485 Nos
1333 2431 1520 2485 scimus
1564 2429 1683 2499 quia
1724 2429 1806 2483 hic

207 2535 363 2585 homo
394 2540 629 2600 peccator
657 2537 747 2583 est.
781 2527 888 2582 Cur
913 2539 1041 2596 ergo
1084 2539 1186 2578 non
1225 2520 1646 2593 reprehendistis
1682 2534 1803 2575 eum

203 2639 334 2677 cum
361 2623 582 2686 diceret,
618 2620 741 2687 Quis
768 2637 828 2674 ea:
850 2620 987 2673 vobis
1012 2628 1193 2688 arguet
1210 2632 1289 2669 me
1312 2615 1374 2668 de
1399 2622 1601 2683 peccato
1616 2610 1799 2685 (Joan.

210 2719 261 2770 8.
293 2716 366 2770 46
386 2716 451 2786 )3
490 2713 631 2768 unde
656 2713 803 2767 scitis
829 2712 977 2766 illum
1004 2725 1125 2765 esse
1153 2718 1488 2778 peccatorem
1509 2708 1533 2760 ἲ
1557 2707 1690 2761 Cum
1718 2706 1803 2762 di-

203 2816 397 2863 cerent
441 2814 617 2860 autem
660 2804 763 2868 illi,
808 2802 889 2855 Da
927 2802 1141 2871 gloriam
1168 2800 1296 2865 Deo,
1328 2808 1382 2854 et
1410 2800 1524 2870 ipse
1552 2798 1684 2853 nihil
1712 2813 1802 2853 re-

210 2897 539 2969 spondisset,
568 2911 854 2952 occurrens
878 2894 1122 2951 Christus
1148 2892 1381 2948 laudavit
1407 2908 1550 2957 eum,
1582 2906 1680 2947 nec
1712 2907 1800 2945 re-

209 2988 500 3059 prehendit
525 2987 666 3058 quod
694 2988 915 3058 gloriam
949 2987 1058 3041 Deo
1088 3002 1196 3041 non
1221 2985 1489 3050 dedisset;
1518 2986 1611 3039 sed
1636 2984 1800 3052 quid?

203 3080 388 3135 Credis
414 3084 467 3134 in
495 3079 688 3133 Filium
718 3078 815 3134 Dei
833 3079 887 3133 ίῖ
916 3078 987 3134 Ut
1008 3078 1183 3133 discas
1210 3078 1339 3133 illud
1366 3091 1505 3144 esse,
1534 3077 1662 3133 dare
1687 3080 1800 3148 glo-

205 3173 343 3227 riam
378 3172 508 3227 Deo.

280 3262 455 3317 Filius
478 3263 688 3333 (squalis
722 3260 888 3315 Patri.
932 3260 1065 3316 Caici
1108 3262 1445 3314 testimonium
1492 3260 1794 3329 explicatur.

208 3352 441 3420 —Quod
466 3354 510 3407 si
542 3354 655 3421 ipse
683 3367 787 3407 non
837 3360 979 3407 esset
1019 3351 1239 3420 aequalis
1268 3350 1408 3404 Patri
1439 3390 1455 3415 ,
1491 3342 1604 3403 haec
1631 3350 1797 3417 gloria

207 3460 321 3499 non
349 3453 514 3499 esset.
549 3442 655 3498 Sed
685 3444 939 3513 quoniam
969 3442 1059 3512 qui
1090 3441 1279 3496 Filium
1306 3441 1555 3505 honorat,
1581 3440 1794 3494 Patrem

206 3550 428 3604 quoque
469 3534 731 3599 honorat,
759 3532 881 3603 jure
928 3547 1033 3587 non
1080 3534 1383 3600 increpatur
1418 3546 1613 3585 caecus.
1662 3530 1795 3585 Cum

205 3642 342 3697 ergo
358 3625 740 3694 exspectabant
766 3636 822 3679 ut
852 3634 1102 3695 parentes
1130 3631 1425 3677 annuerent
1445 3632 1789 3692 ctnegarent,

208 3719 349 3772 nihil
372 3718 721 3773 dicebantisti
742 3733 890 3772 :cum
914 3732 1042 3771 vero
1063 3732 1120 3770 se
1145 3715 1277 3770 nihil
1295 3716 1415 3769 hinc
1431 3726 1796 3785 consequutos

206 3810 483 3874 viderunt,
507 3808 617 3877 jam
644 3807 767 3863 huic
794 3807 978 3862 dicunt
1011 3849 1026 3872 ,
1066 3805 1165 3859 llic
1196 3815 1427 3873 peccator
1449 3815 1543 3860 est.
1572 3804 1659 3860 25.
1696 3805 1799 3859 Re-

201 3902 414 3973 spondit
439 3902 525 3955 ille
552 3911 597 3954 et
618 3900 768 3966 dixit,
798 3899 860 3955 Si
884 3910 1115 3968 peccator
1136 3907 1227 3963 est,
1250 3899 1417 3953 nescio
1440 3914 1458 3951 :
1487 3914 1643 3951 unum
1670 3899 1794 3963 scio,

204 3996 347 4062 quod
389 4009 504 4047 cunt
526 4002 697 4046 ctecus'
712 4008 903 4056 essem,
949 4008 1083 4045 nunc
1119 3992 1280 4044 uideo.
1330 3990 1594 4058 Numquid
1626 3990 1798 4044 timuit

204 4100 389 4141 caecus
416 4085 441 4139 7
472 4084 705 4140 Minime.
755 4083 943 4144 Etcur
972 4084 1058 4152 qui
1091 4083 1298 4137 dixerat
1323 4122 1340 4147 ,
1388 4082 1647 4150 Propheta
1676 4091 1749 4136 est
1778 4122 1795 4147 ,

203 4191 356 4231 nunc
380 4175 512 4231 dicit
541 4217 556 4241 ,
604 4175 665 4230 Si
700 4185 931 4245 peccator
957 4185 1029 4229 est
1052 4216 1066 4241 ,
1103 4174 1309 4228 nescio?
1334 4173 1449 4228 Non
1470 4163 1547 4227 ita
1572 4173 1796 4230 allectus

202 4279 324 4322 erat
366 4282 539 4336 neque
578 4266 630 4321 id
662 4265 879 4336 putabat
907 4283 921 4330 ;
951 4266 1045 4321 sed
1070 4266 1212 4335 quod
1240 4265 1402 4321 vellet
1428 4266 1507 4320 rei
1529 4266 1695 4333 ipsius
1721 4274 1801 4320 te-

201 4359 468 4414 stimonio
494 4399 509 4423 ,
542 4373 647 4412 non
679 4372 810 4413 voce
839 4372 934 4412 sua
964 4359 1008 4421 ⁸,
1033 4357 1181 4411 illum
1208 4373 1239 4411 a
1266 4356 1489 4411 crimine
1520 4356 1750 4412 liberare
1780 4396 1795 4421 .

201 4460 255 4503 et
284 4449 397 4503 ﬁde
411 4448 624 4517 dignam
648 4445 839 4502 eﬁ‘erre
854 4447 1219 4503 delensionem
1241 4488 1256 4512 ,
1288 4462 1354 4502 ex
1383 4446 1627 4502 beneﬁcii
1655 4448 1799 4515 ipsos

202 4539 517 4593 damnantis
538 4537 865 4592 testimonio.
887 4536 1019 4592 Nam
1031 4536 1077 4592 si
1097 4545 1215 4607 post
1240 4538 1403 4591 multa
1415 4537 1576 4592 verba
1588 4537 1801 4592 dicente

201 4631 322 4695 illo,
364 4628 483 4684 Nisi
502 4638 628 4684 esset
650 4628 745 4684 Dei
773 4630 937 4684 cultor
958 4671 973 4695 ,
1005 4646 1107 4683 non
1133 4630 1374 4700 potuisset
1399 4630 1523 4683 talia
1551 4631 1697 4700 signa
1720 4633 1800 4702 fa-

202 4739 347 4789 cere,
381 4721 452 4776 ita
479 4720 733 4791 indignati
760 4730 887 4776 sunt
913 4730 970 4775 ut
998 4720 1239 4777 dicerent
1264 4765 1278 4789 ,
1302 4722 1369 4776 In
1399 4723 1620 4792 peccatis
1648 4732 1799 4778 natus

198 4829 258 4868 es
288 4821 430 4867 totus
458 4852 474 4878 ,
505 4821 550 4865 et
577 4821 631 4865 tu
661 4811 809 4866 doces
850 4828 942 4866 nos
963 4812 989 4864 2
1017 4812 1062 4865 si
1088 4812 1158 4867 ab
1196 4812 1348 4867 initio
1374 4810 1491 4866 haec
1525 4812 1749 4868 dixisset
1780 4855 1795 4879 ,

200 4902 341 4973 quid
374 4919 480 4958 non
510 4902 811 4959 fecissent?
854 4903 981 4973 quid
1007 4918 1114 4959 non
1141 4904 1402 4960 dixissent
1430 4905 1453 4958 τ
1480 4903 1542 4959 Si
1568 4914 1802 4975 peccator

201 5007 303 5065 est,
340 4997 551 5062 nescio;
581 4996 633 5050 id
658 5005 760 5061 est;
793 4995 935 5051 Nihil
960 5011 1025 5051 ea
1063 4996 1131 5052 de
1169 5012 1230 5051 re
1260 5011 1404 5052 nunc
1428 4998 1549 5052 dico
1582 5040 1597 5063 ,
1625 5013 1801 5066 neque

199 5090 539 5143 sententiam
581 5085 730 5141 fero:
776 5086 906 5141 illud
946 5086 1111 5157 probe
1145 5087 1258 5141 scio
1300 5095 1355 5141 et
1385 5089 1672 5157 pronuntio
1706 5129 1721 5155 ,
1755 5089 1803 5143 si

202 5174 469 5247 peceator
498 5184 644 5232 esset
671 5217 687 5242 ,
719 5191 824 5232 non
856 5177 979 5231 talia
1009 5177 1239 5232 fecisset.
1272 5178 1474 5246 Quibus
1520 5179 1703 5233 verbis
1743 5193 1802 5233 se

201 5277 261 5322 et
290 5270 664 5324 testimonium
710 5282 864 5323 suum
904 5270 1050 5323 omni
1084 5269 1387 5337 suspicione
1412 5268 1695 5336 liberavit,
1743 5278 1800 5323 ut

206 5360 305 5429 qni
337 5374 451 5415 non
481 5360 547 5415 ad
587 5361 811 5430 gratiam
839 5376 954 5417 rem
976 5370 1179 5431 gestam
1206 5371 1471 5417 narraret.
1514 5361 1645 5429 Quia
1674 5378 1802 5433 ergo

204 5464 324 5503 non
369 5457 617 5516 poterant
644 5449 787 5504 illam
814 5460 1058 5507 evertere
1096 5452 1178 5506 vel
1208 5452 1425 5507 abolere
1460 5493 1473 5517 ,
1525 5468 1709 5507 rursus
1736 5454 1802 5508 ad

208 5538 441 5594 modum
493 5538 785 5595 curationis
826 5542 1213 5611 explorandum
1257 5544 1520 5610 redeunt,
1564 5545 1707 5599 velut
1758 5546 1802 5600 si

275 5741 295 5773 ι
337 5740 505 5801 ﬂoret.
522 5740 660 5801 legit,
680 5738 731 5790 in
755 5738 907 5789 lilium
927 5740 1148 5790 humatis.

274 5804 296 5831 '
336 5800 506 5849 ﬂoret.
531 5800 672 5862 legit,
695 5809 741 5851 et
764 5813 873 5853 uoce
894 5812 1002 5851 sua.

558 5887 828 5947 Pnnoc.
869 5892 985 5948 Cn.
1036 5894 1199 5956 LIX.

1229 403 1301 460 IN
1336 398 1647 459 JOANNEII
1682 396 1918 455 110M"...
1954 396 2136 456 'LVlII.
2177 402 2249 457 al.
2293 401 2444 462 LVII.

3428 415 3533 471 3I8

1938 513 2171 581 quipiam
2199 512 2372 571 feram
2393 516 2625 588 undique
2657 523 3078 591 pervestiganzcs
3112 526 3159 591 ί,
3186 525 3347 581 modo
3374 526 3477 584 huc
3508 571 3529 598 ,

1936 603 2095 658 modo
2120 605 2245 660 illuc
2273 621 2576 663 accurrant.
2611 610 2690 664 Ad
2722 612 2929 681 priores
2956 629 3084 683 ergo
3124 631 3407 675 sermones
3436 635 3524 675 re-

1934 692 2098 748 deunt
2130 736 2144 759 ,
2173 696 2225 750 id
2248 708 2509 755 curantes
2532 709 2587 754 ut
2611 701 2733 755 illos
2761 717 2859 773 per
2896 704 3117 761 crebras
3146 706 3526 779 interrogatio-

1932 796 2029 837 nes
2059 783 2330 840 inlirment
2358 826 2374 853 ,
2420 789 2708 859 dicuntque
2740 810 2752 845 :
2782 792 2873 847 26.
2916 793 3052 858 Quid
3077 794 3193 865 fecit
3223 798 3311 852 tibi
3332 799 3359 852 .9
3402 817 3528 871 quo-

1930 872 2081 925 modo
2142 878 2341 945 aperuit
2414 879 2504 933 tibi
2574 883 2802 935 oculos?
2845 883 2984 951 Quid
3042 900 3173 955 ergo
3216 888 3365 956 ille?
3413 891 3527 945 Illis

1929 961 2153 1021 devictis
2196 977 2250 1022 et
2280 972 2561 1038 prostratis
2594 1014 2609 1039 ,
2656 989 2762 1028 non
2810 977 2945 1029 ultra
2992 978 3218 1033 remisse
3266 980 3519 1049 loquitur.

1929 1050 2112 1108 Donec
2128 1055 2269 1110 enim
2296 1073 2383 1113 res
2407 1062 2654 1117 examine
2676 1073 2728 1118 et
2750 1066 3134 1133 perquisitione
3154 1083 3287 1138 opus
3315 1069 3519 1138 habuit,

1927 1142 2203 1201 moderate
2234 1163 2347 1202 rem
2374 1149 2666 1206 declaravit
2697 1172 2712 1207 :
2747 1162 3026 1225 postquam
3066 1166 3247 1212 autem
3280 1160 3519 1216 illosce-

1926 1235 2026 1304 pit,
2054 1237 2497 1312 splendidamque
2524 1244 2803 1300 victoriam
2833 1234 3019 1302 retulit
3050 1289 3066 1314 ,
3118 1251 3375 1307 audacter
3401 1253 3520 1307 illos

1924 1329 2251 1396 aggreditur,
2278 1332 2459 1403 aitque
2486 1351 2500 1387 :
2529 1334 2619 1389 27.
2647 1334 2774 1391 Dixi
2800 1338 2936 1391 vobis
2956 1342 3110 1393 semel
3137 1382 3151 1405 ,
3183 1352 3230 1395 et
3255 1360 3353 1397 non
3370 1344 3522 1397 audi-

1923 1418 2014 1470 stis
2038 1435 2059 1483 ;
2084 1421 2207 1489 quid
2236 1433 2419 1478 iterum
2455 1427 2604 1481 uultis
2626 1429 2809 1481 audire
2832 1431 2857 1483 Ρ
2884 1429 3130 1486 Vidistin‘
3154 1435 3387 1497 mendici
3414 1437 3510 1491 ad-

1922 1523 2109 1565 versus
2148 1513 2355 1569 scribas
2382 1524 2443 1571 et
2469 1518 2775 1597 Pharisaeos
2799 1521 3179 1578 conﬁdentiam
3206 1525 3233 1580 τ
3263 1527 3392 1582 Tam
3422 1530 3514 1583 ﬁr-

1920 1614 2005 1655 ma
2043 1617 2131 1657 res
2153 1612 2238 1657 est
2267 1606 2463 1661 veritas
2485 1648 2500 1672 ,
2530 1620 2636 1662 tam
2684 1609 2955 1666 inﬁrmum
3005 1615 3367 1672 mendacium.
3414 1619 3507 1674 llla

1920 1692 2061 1748 enim
2090 1696 2234 1751 viros
2262 1712 2327 1752 ex
2359 1699 2568 1755 inﬁrma
2596 1702 2753 1771 plebe
2778 1704 2954 1759 claros
2997 1705 3165 1761 efﬁcit
3190 1725 3206 1772 ;
3240 1708 3344 1765 hoc
3383 1727 3515 1767 vero

1918 1784 2085 1842 fortes
2108 1786 2379 1856 deprimit.
2407 1790 2464 1845 Id
2496 1807 2659 1861 porro
2687 1796 2802 1849 vult
2829 1809 3005 1851 caecus
3034 1798 3340 1868 signjﬁcare
3370 1819 3382 1854 :
3419 1802 3513 1857 Di-

1917 1878 2019 1932 ctis
2067 1892 2175 1933 non
2220 1881 2530 1948 attenditis;
2574 1883 2697 1939 ideo
2740 1900 2847 1941 non
2890 1887 3027 1943 ultra
3057 1889 3248 1959 loquar
3273 1933 3288 1957 ,
3338 1908 3514 1963 neque

1913 1970 2121 2025 crebris
2162 1980 2219 2027 et
2248 1974 2397 2028 vanis
2437 1976 2947 2047 interrogationibus
2978 1982 3317 2049 respondebo
3343 2026 3358 2050 ,
3388 2000 3511 2039 cum

1916 2076 2021 2116 non
2047 2061 2286 2119 discendi
2316 2080 2478 2121 causa
2498 2067 2751 2135 audiatis,
2782 2068 2875 2124 sed
2902 2080 2959 2124 ut
2986 2071 3127 2126 dicta
3152 2072 3509 2129 insectemini.

1917 2152 2184 2225 Numquid
2208 2167 2255 2211 et
2276 2174 2362 2213 uos
2386 2160 2537 2213 vultis
2572 2161 2812 2231 discipuli
2838 2165 2950 2232 ejus
2976 2165 3090 2231 ﬁeri
3112 2164 3137 2217 Ρ
3164 2164 3282 2220 iam
3308 2182 3368 2221 se
3397 2168 3513 2223 dis-

1914 2244 2107 2315 cipulis
2132 2258 2473 2303 annumerat.
2509 2250 2645 2305 Illud
2679 2253 2847 2316 enim,
2879 2252 3151 2322 Numquid
3180 2264 3225 2308 et
3254 2272 3339 2310 vos
3372 2299 3387 2321 ,
3414 2259 3508 2323 _si-

1912 2335 2129 2404 gniﬁcat
2152 2338 2327 2407 ipsum
2360 2354 2481 2395 esse
2508 2340 2849 2412 discipulum.
2876 2343 3082 2399 Deinde
3112 2360 3241 2402 vero
3273 2346 3392 2403 illos
3417 2362 3510 2403 sa-

1912 2428 1979 2482 tis
2008 2429 2235 2485 traducit
2259 2441 2314 2486 et
2338 2432 2576 2488 incessit.

1980 2519 2033 2574 3.
2070 2520 2201 2576 Cum
2221 2523 2364 2577 enim
2387 2525 2551 2579 sciret
2581 2523 2684 2580 hoc
2711 2526 2833 2580 illos
2854 2528 3085 2583 maxime
3115 2544 3351 2601 pungere
3379 2573 3395 2598 ,
3425 2533 3504 2588 la-

1909 2612 2157 2667 cessendi
2216 2629 2377 2669 causa
2424 2616 2611 2683 dixit;
2658 2618 2801 2688 quod
2857 2629 2973 2675 erat
3029 2622 3195 2677 animi
3242 2624 3459 2682 ﬁdentis
3488 2667 3504 2692 ,

1909 2702 2174 2769 sublimis,
2204 2704 2525 2777 illorumque
2548 2707 2785 2764 furorem
2816 2709 3161 2779 despicientis
3187 2755 3202 2781 ,
3248 2723 3409 2786 atque
3437 2716 3504 2771 il—

1909 2795 2033 2861 lius,
2064 2798 2117 2851 in
2143 2813 2249 2868 quo
2270 2799 2487 2867 ﬁdebat,
2519 2801 2831 2875 dignitatem
2857 2804 3203 2872 celebrantis,
3234 2814 3293 2861 ut
3319 2816 3504 2863 osten-

1907 2887 2073 2944 deret-
2104 2891 2249 2960 ipsos
2276 2892 2453 2947 virum
2492 2894 3223 2955 admirabilemcontumelia
3253 2900 3500 2967 afﬁcere;

1908 2980 2083 3050 ipsum
2110 2992 2286 3038 autem
2314 3000 2420 3039 non
2450 3001 2577 3043 vere
2604 2986 2746 3041 afﬁci
2778 2990 3105 3044 contumelia
3133 3032 3148 3056 ,
3179 2991 3273 3045 sed
3305 3000 3501 3047 contu-

1907 3076 2122 3131 meliam
2151 3076 2351 3131 illatam
2374 3078 2425 3131 in
2456 3078 2717 3134 honorem
2738 3080 2838 3135 sibi
2866 3096 3074 3149 rapere.
3096 3081 3187 3137 28.
3218 3080 3297 3136 Tu
3318 3100 3370 3137 es
3396 3085 3504 3137 dis-

1904 3167 2106 3235 cipulus
2122 3170 2531 3241 ejus,inquiunt;
2555 3188 2646 3225 nos
2667 3182 2835 3226 autem
2852 3173 3093 3243 discipuli
3105 3174 3499 3247 sumusHoysis.

1907 3257 2102 3313 Verum
2124 3259 2173 3313 id
2192 3275 2297 3314 non
2315 3263 2524 3316 ratione
2542 3264 2723 3317 nixum
2746 3273 2849 3318 est.
2871 3265 2977 3319 Vos
3003 3266 3145 3320 enim
3164 3282 3336 3337 neque
3356 3268 3504 3340 Moy-

1908 3346 2003 3412 sis,
2038 3364 2213 3419 neque
2237 3349 2394 3419 hujus
2415 3352 2663 3421 discipuli
2688 3356 2838 3409 estis.
2864 3355 2919 3410 Si
2950 3356 3147 3427 Moysis
3181 3360 3373 3414 essetis
3399 3402 3415 3427 ,
3448 3372 3504 3417 et

1904 3436 2101 3492 Christi
2156 3441 2367 3494 essetis.
2422 3441 2547 3497 Ideo
2593 3442 2842 3498 Christus
2887 3461 3049 3514 supra
3100 3447 3315 3503 dicebat
3345 3450 3497 3504 illis:

1906 3527 1967 3582 Si
1994 3529 2262 3584 crederetis
2307 3531 2475 3601 Moysi
2508 3574 2521 3598 ,
2550 3536 2815 3589 crederetis
2841 3538 3011 3606 utique
3054 3548 3100 3592 et
3139 3540 3265 3593 mihi
3292 3557 3310 3593 :
3339 3544 3401 3595 de
3422 3558 3503 3595 me

1904 3621 2037 3673 enim
2058 3621 2143 3674 ille
2171 3624 2371 3691 scripsit
2390 3624 2567 3693 (Joan.
2600 3628 2654 3683 5.
2690 3627 2815 3699 46):
2848 3630 3103 3698 quoniam
3134 3631 3201 3685 ad
3230 3632 3327 3687 hos
3356 3648 3503 3688 sem-

1904 3727 2003 3781 per
2051 3728 2330 3770 sermones
2372 3717 2771 3787 confugiebant.
2823 3720 2916 3775 29.
2965 3720 3078 3775 Nos
3125 3724 3310 3778 scimus
3358 3727 3496 3795 quod

1907 3801 2078 3871 Moysi
2098 3804 2331 3874 loquutus
2357 3816 2428 3859 est
2454 3807 2614 3861 Dens.
2646 3810 2764 3874 Quo
2795 3812 3085 3865 narrante?
3113 3828 3219 3882 quo
3244 3817 3498 3870 nuntian-

1905 3902 1956 3947 te
1983 3894 2004 3946 ?
2030 3894 2338 3964 Majoribus,
2365 3899 2533 3964 aiunt,
2559 3900 2779 3953 nostris.
2810 3902 3003 3954 Annon
3027 3900 3134 3955 illis
3162 3902 3266 3958 ﬁde
3288 3904 3500 3973 dignior

1903 3996 2005 4053 est,
2034 3988 2125 4056 qui
2152 3987 2255 4043 hoc
2284 4004 2380 4059 per
2407 3990 2558 4060 signa
2588 3992 2910 4059 conﬁrmat,
2933 4007 3055 4047 cum
3082 3993 3213 4049 dicit
3242 4010 3301 4050 se
3330 4011 3361 4050 a
3389 3997 3502 4052 Deo

1902 4080 2087 4135 venire
2114 4089 2168 4136 et
2186 4081 2418 4137 cmlestia
2446 4082 2590 4154 loqui
2616 4084 2640 4136 i
2670 4082 2853 4153 Neque
2874 4084 3146 4152 dixerunt,
3177 4086 3501 4145 Audivimus

1902 4170 2045 4240 quod
2077 4171 2246 4243 Moysi
2270 4172 2522 4242 loquutus
2549 4174 2619 4229 sit
2654 4174 2833 4239 Deus;
2866 4175 2982 4240 sed,
3012 4175 3239 4232 Scimus.
3269 4177 3401 4246 Qua:
3431 4195 3497 4234 ex

1900 4254 2093 4311 auditu
2122 4258 2299 4323 scitis,
2332 4274 2365 4313 o
2386 4257 2581 4327 Judaei,
2612 4260 2929 4330 aﬁirmatis;
2955 4273 3009 4318 et
3032 4279 3155 4334 quae
3184 4265 3305 4321 visu
3332 4270 3507 4337 perci-

1899 4346 2050 4416 pitis,
2086 4352 2301 4406 minora
2331 4353 2538 4421 putatis
2560 4353 2718 4409 esse?
2740 4356 2904 4425 Atqui
2930 4355 3023 4410 illa
3044 4356 3265 4427 quidem
3290 4373 3402 4414 non
3426 4362 3511 4417 vi-

1899 4435 2083 4506 distis,
2119 4440 2214 4497 sed
2245 4444 2501 4509 audistis,
2538 4442 2663 4500 haec
2698 4460 2830 4501 vero
2862 4462 2970 4501 non
3012 4446 3267 4515 audistis,
3300 4450 3394 4505 sed
3424 4451 3510 4508 vi-

1905 4533 2077 4589 distis.
2103 4534 2238 4601 Quid
2265 4549 2391 4604 ergo
2416 4550 2591 4591 caecus
2620 4536 2758 4601 7.50.
2790 4535 2855 4590 In
2885 4540 2980 4591 hoc
3004 4538 3137 4591 enim
3157 4548 3230 4593 est
3249 4541 3502 4605 mirabile,

1904 4624 2042 4695 quod
2074 4640 2161 4679 vos
2190 4626 2392 4680 nescitis
2419 4628 2555 4681 unde
2586 4630 2691 4696 sit,
2740 4638 2795 4684 et
2824 4629 2946 4684 talia
2976 4630 3127 4699 signa
3158 4629 3284 4685 facit
3315 4650 3327 4683 :
3358 4633 3502 4701 quod

1905 4715 1987 4770 vir
2006 4730 2113 4770 non
2141 4717 2365 4787 insignis
2394 4704 2535 4788 apud
2568 4734 2663 4773 vos
2689 4760 2705 4783 ,
2737 4735 2912 4790 neque
2939 4720 3119 4775 clarus
3148 4720 3231 4775 vel
3258 4721 3502 4788 illustris,

1909 4806 2034 4861 talia
2056 4810 2259 4877 possit:
2290 4818 2346 4862 ut
2366 4810 2586 4863 omnino
2610 4810 2954 4865 manifestum
2995 4812 3103 4878 sit,
3132 4827 3257 4868 esse
3286 4812 3453 4867 Deum
3482 4854 3499 4878 ,

1908 4898 1997 4968 qui
2037 4914 2104 4953 ne
2139 4899 2362 4954 minimo
2403 4901 2617 4971 quidem
2661 4902 2896 4957 humano
2937 4912 3093 4974 egeat
3140 4889 3361 4959 auxilio.
3410 4904 3503 4960 3t.

1910 4989 2114 5045 Scimus
2133 5003 2300 5045 autem
2326 4992 2465 5063 quod
2492 4992 2634 5048 Deus
2664 5003 2950 5064 peccatores
2979 5011 3081 5049 non
3106 4995 3335 5049 exaudit.
3366 4994 3502 5053 Cum

1909 5083 2051 5138 enim
2079 5093 2232 5137 antea
2265 5083 2562 5139 dixissent:
2597 5084 2867 5150 Quomodo
2896 5095 3058 5155 potest
3093 5085 3245 5140 homo
3272 5096 3505 5156 peccator

1911 5176 2035 5229 talia
2057 5175 2205 5247 signa
2230 5178 2397 5247 facere
2421 5176 2448 5230 .9
2466 5190 2653 5231 eorum
2686 5177 2877 5231 nititur
2900 5176 3126 5247 judicio,
3146 5186 3202 5234 et
3231 5178 3349 5235 htec
3376 5179 3505 5248 ipsis

1910 5268 1966 5323 in
1994 5278 2225 5324 mentem
2249 5280 2484 5325 revocat.
2521 5270 2647 5325 limo
2674 5271 2966 5338 sententia,
2996 5270 3189 5341 inquit,
3212 5280 3269 5327 et
3299 5272 3428 5327 mihi
3452 5283 3507 5327 et

1910 5359 2064 5413 vobis
2099 5361 2402 5416 communis
2425 5369 2509 5415 est
2538 5378 2550 5413 :
2587 5362 2637 5415 in
2673 5363 2772 5417 hac
2812 5362 3105 5431 persistite.
3133 5362 3204 5417 Et
3229 5360 3348 5419 vide
3377 5361 3505 5417 mihi

1911 5449 2272 5517 prudentiam.
2304 5450 2525 5519 Signum
2560 5466 2775 5522 semper
2818 5454 2872 5508 in
2905 5468 2998 5507 ore
3043 5465 3257 5518 versat,
3289 5453 3409 5523 quia
3437 5454 3506 5506 il-

1912 5540 2003 5597 lud
2036 5542 2221 5597 tollere
2244 5558 2349 5598 non
2378 5554 2644 5611 poterant,
2673 5556 2727 5599 et
2750 5546 2874 5601 inde
2916 5546 3282 5600 ratiocinator.
3318 5544 3505 5600 Vlden'

1910 5649 2033 5689 eum
2061 5676 2076 5699 ,
2097 5649 2225 5690 cum
2268 5635 2420 5690 initio
2444 5637 2685 5694 diceret.
2718 5636 2776 5690 Si
2807 5648 3041 5707 peccator
3066 5646 3139 5691 est
3165 5680 3179 5704 ,
3212 5636 3377 5689 nescio
3404 5676 3418 5700 ,
3449 5636 3504 5691 id

1977 5746 1994 5777 ⁸
2032 5744 2121 5795 Alli
2155 5745 2347 5817 legunt,
2366 5746 2490 5798 velut
2513 5748 2554 5799 si
2570 5761 2713 5798 canes
2730 5750 2883 5800 feram
2905 5748 2954 5797 in
2980 5754 3078 5797 tuto
3102 5748 3325 5796 latentem
3362 5743 3513 5797 undi-

1916 5820 2007 5872 que
2029 5814 2411 5872 perveniamus.

3074 5901 3155 5960 20
