4164 6330
659 423 761 479 M9

663 549 770 588 non
797 530 1087 588 dubitando
1113 527 1340 584 dixisse?
1370 525 1549 594 absit,
1583 533 1740 581 norat
1779 523 1922 580 enim
1962 536 2067 577 non
2112 534 2229 575 esse

665 634 1016 694 peccatorem.
1047 619 1196 676 Nunc
1223 603 1318 674 ubi
1335 625 1692 690 opportunum
1713 624 1797 672 est
1823 625 2033 686 tempus
2065 655 2079 679 ,
2109 611 2230 666 vide

661 713 926 783 quomodo
953 710 1285 780 respondeat.
1315 709 1518 766 Scimus
1542 720 1707 763 autem
1732 709 1868 778 quod
1888 708 2026 762 Deus
2049 721 2230 777 pecca-

665 816 795 859 tores
825 820 923 858 non
947 793 1160 865 audiat;
1183 801 1271 855 sed
1294 802 1337 855 si
1360 802 1471 870 quis
1501 799 1595 854 Dei
1621 800 1785 853 cultor
1806 809 1881 852 est
1906 839 1922 864 ,
1965 807 2011 851 et
2041 797 2224 850 volun-

664 902 812 946 latent
835 893 948 963 ejus
968 892 1109 961 facit.
1134 890 1229 944 llic
1252 904 1355 944 non
1379 888 1538 944 modo
1557 903 1585 940 a
1614 887 1843 956 peccatis
1859 886 2107 951 absolvit,
2139 882 2231 938 scd

663 992 717 1036 et
761 982 873 1036 Deo
909 989 1182 1050 acceptum
1214 1019 1231 1045 ,
1264 988 1318 1034 et
1357 978 1448 1032 Dei
1489 993 1649 1046 opera
1694 978 1973 1032 facientem
2023 977 2230 1047 probat.

661 1072 796 1139 Quia
818 1071 959 1126 enim
983 1070 1054 1124 illi
1086 1085 1144 1124 se
1168 1070 1256 1123 Dei
1289 1069 1520 1124 cultores
1542 1067 1829 1134 dicebant,
1858 1067 1978 1123 ideo
2007 1065 2230 1132 addidit,

665 1159 731 1215 lt't
761 1166 1061 1216 voluntatem
1087 1161 1196 1229 ejus
1215 1162 1357 1230 facit.
1386 1157 1500 1212 Non
1522 1159 1652 1213 satis
1673 1167 1757 1213 est
1783 1199 1798 1224 ,
1826 1159 1994 1228 inquit
2023 1199 2039 1225 ,
2065 1158 2231 1213 Deum

661 1267 1000 1322 cognoscere,
1032 1250 1126 1305 sed
1150 1249 1264 1318 ejus
1282 1258 1363 1304 est
1381 1248 1617 1304 facienda
1635 1247 2046 1305 voluntasdnde
2067 1249 2232 1302 mira-

662 1343 837 1396 culum
867 1340 1092 1394 extollit.
1126 1339 1210 1394 32.
1238 1339 1280 1392 Α
1306 1339 1489 1393 εωειιιο
1505 1356 1604 1394 non
1623 1350 1692 1394 est
1713 1340 1941 1393 auditum
1963 1341 2098 1409 quod
2112 1355 2236 1407 ape-

657 1435 815 1486 ruerit
852 1432 964 1501 quis
997 1433 1168 1484 oculos
1222 1431 1342 1484 cteci
1391 1431 1516 1483 nati.
1561 1431 1616 1485 Si
1661 1447 1788 1502 ergo
1838 1431 2160 1486 confitemini
2191 1431 2231 1496 ⁸,

666 1527 827 1579 Deum
858 1539 961 1578 non
993 1504 1245 1579 exaudire
1278 1533 1618 1592 peccatores;
1647 1524 1732 1578 hic
1771 1539 1897 1579 vero
1923 1522 2232 1578 miraculum

665 1617 888 1683 patravit
913 1656 928 1679 ,
975 1625 1028 1669 et
1060 1615 1160 1669 tale
1190 1614 1532 1680 miraculum,
1565 1615 1725 1685 quale
1764 1630 1920 1669 nemo
1948 1614 2108 1669 fecit:
2143 1628 2234 1683 pa-

664 1710 763 1759 lum
788 1717 866 1760 est
895 1708 1037 1758 illum
1065 1705 1258 1759 virtute
1284 1706 1458 1760 omnia
1480 1720 1763 1775 superasse
1781 1746 1797 1771 ,
1831 1706 2052 1775 ejusque
2080 1714 2232 1772 pote-

661 1806 846 1850 Stilum
876 1797 989 1865 plus
1017 1809 1171 1864 quam
1203 1795 1488 1850 humanam
1511 1811 1649 1851 esse.
1676 1795 1810 1863 Quid
1839 1811 1967 1865 ergo
2001 1796 2118 1849 illi?
2143 1795 2232 1849 54.

665 1885 726 1938 ιη
757 1886 970 1955 peccatis
997 1896 1144 1938 natus
1171 1901 1220 1939 es
1238 1893 1388 1948 totus,
1416 1896 1462 1940 et
1488 1895 1540 1938 tu
1562 1886 1708 1940 doces
1726 1903 1816 1939 nos
1834 1887 1860 1939 ?.
1884 1887 2066 1940 Donec
2093 1888 2233 1939 enim

661 1987 971 2045 negaturum
1001 1992 1120 2031 eum
1150 1977 1453 2045 sperabant,
1479 1976 1582 2032 ﬁde
1607 1976 1820 2047 dignum
1853 1987 2117 2046 putantes,
2147 1990 2234 2030 se-

665 2070 768 2122 mel
820 2079 871 2120 et
921 2069 1108 2122 iterum
1151 2077 1428 2122 vocarunt.
1471 2068 1622 2135 Quod
1659 2071 1703 2123 si
1743 2069 1843 2123 ﬁde
1880 2069 2096 2139 dignum
2130 2084 2238 2122 non

665 2161 826 2226 putab
868 2162 932 2213 tis
962 2163 1001 2220 ³,
1036 2161 1266 2227 ἰιιιμιιηι,
1305 2175 1402 2214 cur
1436 2161 1667 2213 vocastis
1707 2171 1761 2213 et
1807 2159 2042 2214 secundo
2069 2160 2235 2212 inter-

662 2253 884 2321 rngastis
915 2252 936 2304 ?
964 2252 1092 2305 Cum
1134 2267 1290 2320 porro
1319 2252 1448 2305 nihil
1481 2253 1702 2318 veritus,
1728 2267 1849 2306 vera
1879 2252 2187 2322 loqueretur
2217 2292 2233 2318 ,

661 2359 872 2414 quando
911 2345 1141 2399 maxime
1187 2343 1367 2397 mirari
1399 2343 1548 2397 illum
1575 2343 1907 2412 oportebat,
1930 2352 2054 2398 tunc
2085 2344 2233 2398 illum

661 2439 928 2488 damnant.
962 2434 1096 2500 Quid
1127 2449 1283 2503 porro
1310 2433 1409 2487 sibi
1440 2434 1551 2487 vult
1575 2433 1724 2500 illud,
1758 2431 1822 2486 In
1848 2435 2064 2504 peccatis
2086 2443 2238 2488 natus

655 2545 712 2581 cs
734 2528 896 2579 totus?
920 2526 1011 2580 llic
1043 2526 1113 2579 illi
1143 2525 1433 2579 cmeitatem
1451 2524 1792 2594 exprobrant,
1823 2538 1886 2580 ac
1906 2525 1948 2578 si
1971 2523 2235 2578 die-rent:

663 2619 703 2669 Α
740 2616 904 2686 prima
935 2627 1093 2669 :ntatc
1121 2616 1170 2668 in
1202 2615 1433 2684 peccatis
1454 2628 1546 2678 es;
1577 2629 1639 2669 ac
1684 2613 1730 2668 si
1769 2613 1889 2668 ideo
1912 2628 2087 2668 caecus
2109 2611 2241 2667 fuis-

665 2717 763 2769 set,
795 2705 933 2775 quod
965 2699 1158 2774 p‘rmter
1179 2704 1437 2760 rationem
1466 2714 1567 2760 est.
1599 2704 1707 2759 Hac
1737 2704 1787 2758 in
1816 2719 1874 2760 re
1903 2705 2074 2774 ipsum
2105 2719 2238 2758 eon-

663 2801 844 2852 snlans
872 2797 1111 2851 Christus
1127 2795 1336 2850 dicebat
1367 2812 1380 2848 :
1411 2793 1477 2848 In
1495 2795 1744 2866 judicium
1771 2812 1860 2868 ego
1892 2796 2066 2848 venint
2097 2811 2242 2848 mutt-

663 2891 802 2954 tfttm,
838 2896 890 2940 ut
939 2904 1036 2941 non
1065 2887 1284 2940 videntes
1315 2885 1532 2950 videant,
1560 2895 1605 2938 et
1626 2886 1711 2954 qui
1740 2885 1925 2950 vident,
1949 2886 2065 2938 (arci
2090 2885 2235 2951 limit.

666 2980 728 3032 In
751 2979 961 3050 peccatis
991 2988 1136 3030 natus
1157 2993 1207 3030 es
1230 2986 1379 3039 totus,
1404 2986 1450 3030 et
1473 2986 1525 3029 tu
1543 2977 1690 3030 doces
1708 2992 1798 3029 nos
1821 2974 1998 3046 (Joan.
2023 2976 2076 3029 9.
2109 2974 2239 3045 59)?

673 3073 807 3139 Quid
841 3072 1050 3125 dixetat
1083 3070 1214 3123 ille?
1248 3083 1372 3121 nmn
1400 3083 1550 3122 suam
1582 3067 1900 3122 sententiam
1936 3066 2185 3120 attulerat
2216 3065 2241 3114 ?

665 3178 842 3216 nnnon
869 3162 1040 3230 potius
1066 3175 1402 3214 communem
1430 3200 1443 3222 ,
1471 3174 1593 3213 cum
1625 3159 1846 3223 diceret,
1879 3157 2082 3213 Scimus
2103 3157 2241 3229 quod

666 3253 804 3306 Dens
826 3260 1107 3320 peccatores
1135 3266 1232 3303 non
1259 3248 1506 3303 exaudit?
1541 3263 1716 3303 nonne
1745 3263 1809 3302 ea
1839 3263 1957 3318 qua:
1978 3262 2071 3301 vos
2093 3247 2242 3301 dixe-

666 3343 795 3397 ratis
818 3345 867 3395 in
898 3341 1131 3395 medium
1155 3339 1362 3393 attulit?
1393 3338 1456 3391 Et
1485 3340 1733 3409 ejccerunt
1761 3355 1874 3392 eum
1906 3341 2064 3410 foras.
2100 3338 2243 3392 Vidi-

665 3437 790 3488 stin‘
817 3435 1055 3489 veritatis
1080 3447 1375 3502 praeconem
1399 3471 1414 3497 ,
1443 3439 1496 3485 et
1517 3430 1783 3500 quomodo
1805 3439 2094 3501 paupertas
2121 3429 2241 3499 phi-

669 3525 961 3593 iOSOphSam
995 3539 1096 3576 non
1128 3521 1512 3576 interturbarit.
1552 3519 1732 3574 Viden’
1758 3529 1889 3589 quot
1909 3527 1962 3574 et
1990 3530 2184 3590 quanta
2213 3535 2241 3574 a

665 3617 924 3685 principio
962 3614 1188 3669 audierit
1223 3624 1276 3668 et
1309 3627 1498 3684 passus
1533 3611 1649 3667 sit?
1678 3621 1732 3666 et
1759 3610 2029 3682 quomodo
2063 3611 2242 3666 verbis

671 3718 722 3761 ct
751 3707 1003 3776 operibus
1036 3705 1344 3760 tcsuﬁcatns
1369 3705 1437 3758 sit
1465 3705 1486 3756 τ

739 3799 792 3852 ι.
826 3797 947 3851 llmc
977 3811 1135 3864 porro
1161 3797 1355 3864 scripta
1383 3802 1545 3855 sunt,
1591 3802 1645 3848 ιιι
1687 3808 1785 3848 nos
1821 3793 1910 3847 illa
1942 3793 2237 3849 imitemur.

669 3892 797 3946 Nam
821 3891 865 3946 si
901 3889 1196 3954 mendicus,
1229 3874 1421 3952 σώους»,
1453 3887 1540 3956 qui
1568 3885 1838 3941 Christum
1870 3901 1972 3940 non
2004 3886 2241 3952 viderat,

671 3993 874 4038 tantum
927 3981 1131 4036 ﬁduciae
1173 3980 1352 4034 statim
1390 3979 1627 4035 ostendit
1671 3989 1794 4032 ante
1827 3979 2020 4034 Christi
2067 3980 2244 4032 horta-

671 4087 873 4141 menta,
899 4081 1045 4128 stans
1079 4081 1264 4127 contra
1295 4070 1546 4140 populum
1585 4078 1776 4135 totum,
1805 4070 2005 4125 cmdem
2030 4072 2242 4140 Spit-an-

671 4175 775 4218 tem
806 4204 822 4229 ,
857 4179 896 4216 .a
959 4161 1203 4216 daemone
1245 4169 1419 4214 actum
1449 4200 1465 4224 ,
1498 4158 1758 4214 furentem
1786 4202 1799 4225 ,
1837 4175 1903 4214 ex
1949 4160 2065 4229 ejus
2115 4175 2246 4214 voce

669 4255 939 4311 Christum
966 4252 1219 4306 damnare
1235 4251 1536 4320 cupientem
1568 4267 1581 4304 :
1614 4265 1785 4320 neque
1807 4250 1973 4304 cessit
1996 4250 2084 4304 ille
2111 4292 2124 4313 ,
2155 4266 2246 4304 ne-

669 4363 771 4416 que
794 4344 1032 4410 recessit,
1058 4342 1152 4399 sed
1182 4342 1407 4396 fidenter
1439 4343 1560 4396 illos
1587 4341 1879 4395 confutavit
1907 4384 1921 4406 ,
1956 4342 2248 4409 maluitque

671 4438 811 4490 foras
838 4435 956 4503 ejici
983 4475 997 4499 ,
1030 4447 1187 4502 quam
1226 4432 1506 4485 veritatem
1538 4430 1765 4499 prodere
1800 4447 1813 4481 ε
1848 4439 2046 4498 quanto
2075 4432 2244 4500 magis

673 4542 792 4591 nos,
814 4527 899 4595 qui
929 4523 1124 4578 tamdiu
1148 4525 1197 4576 in
1223 4521 1324 4576 ﬁde
1348 4522 1591 4584 viximus,
1617 4521 1703 4591 qui
1730 4537 1820 4589 per
1842 4521 2000 4576 ﬁdem
2028 4536 2250 4576 sexcen-

673 4628 723 4674 ta
747 4617 996 4672 miracula
1028 4615 1256 4670 vidimus
1291 4655 1305 4681 ,
1343 4614 1432 4684 qui
1459 4613 1662 4682 majora
1691 4629 1848 4682 quam
1878 4615 1964 4668 ille
1992 4614 2246 4670 beneﬁcia

672 4709 974 4776 accepimus
999 4747 1016 4772 ,
1061 4705 1151 4775 qui
1187 4703 1531 4759 interioribus
1561 4703 1729 4757 oculis
1760 4719 1950 4758 arcana
1994 4706 2246 4775 mysteria

674 4799 923 4862 vidimus,
953 4807 1005 4851 et
1031 4797 1098 4850 ad
1127 4805 1333 4850 tantum
1374 4795 1630 4850 honorem
1679 4796 1850 4850 vocati
1891 4810 2076 4851 sumus
2097 4838 2111 4859 ,
2135 4812 2251 4852 om-

676 4906 795 4944 nem
852 4889 1097 4944 ﬁduciam
1142 4886 1394 4942 exhibere
1441 4897 1655 4956 oportet
1704 4887 1961 4942 adversus
2009 4902 2105 4943 eos
2159 4890 2249 4957 qui

675 4981 1005 5036 Christianos
1036 4988 1284 5035 accusant
1312 5021 1326 5044 ,
1359 4979 1581 5050 illosque
1606 4979 1886 5036 confutare
1918 5020 1934 5047 ,
1965 4995 2140 5052 neque
2172 4983 2251 5036 eis

685 5085 886 5129 temere
913 5073 1176 5143 parcere?

748 5171 1129 5241 Scriptttrarttm
1157 5169 1357 5224 lectioni
1375 5170 1449 5224 vel
1471 5169 1715 5223 aitditioni
1734 5171 1934 5224 assidue
1951 5170 2249 5223 vacandum.

675 5263 864 5319 Contra
888 5263 1288 5332 spectaculorum
1315 5263 1672 5333 frequentiam.
1689 5293 1762 5303 —
1790 5263 1900 5318 Hoc
1923 5279 2053 5318 vero
2076 5263 2253 5318 facere

674 5356 991 5427 poterimus,
1022 5356 1068 5410 si
1109 5355 1353 5411 ﬁduciam
1386 5369 1719 5410 assumamus
1759 5365 1814 5408 et
1848 5354 2138 5425 Scripturis
2167 5366 2250 5410 at-

678 5449 958 5504 tendamus
983 5491 996 5510 .
1031 5463 1201 5516 neque
1227 5447 1582 5517 perfunctorie
1611 5447 1728 5501 illas
1771 5447 2068 5501 audiamus.
2121 5446 2253 5502 Nam

743 5543 759 5574 ⁸
795 5540 937 5592 Hunc
961 5539 1118 5589 locum
1144 5539 1216 5587 sic
1263 5537 1408 5588 eﬁ‘ert
1440 5545 1524 5588 Its.
1547 5537 1690 5588 Savil.
1736 5537 2052 5588 Orientalis...
2087 5557 2109 5584 ιι
2140 5553 2255 5599 trpe-

677 5603 957 5662 rnm'tqnis
994 5598 1294 5662 oculoscteci
1316 5599 1413 5649 nati
1434 5617 1482 5648 ν.
1513 5599 1693 5650 Deinde
1737 5600 2092 5662 ratiocinator:
2114 5598 2255 5652 siille

680 5677 771 5732 nan
806 5660 924 5714 esset
947 5675 978 5712 tt
1007 5670 1102 5713 Deo
1123 5660 1242 5712 nihil
1265 5667 1414 5725 posset
1438 5663 1530 5710 tale
1551 5662 1729 5724 fruere.
1755 5660 1886 5720 Quod
1909 5661 1951 5712 si
1974 5660 2022 5711 in
2045 5663 2255 5723 con/csso

688 5735 764 5818 ’δι’
792 5739 921 5834 ιά¹ιῗιὶι
948 5794 1024 5836 its.
1049 5786 1217 5848 habet,
1244 5783 1485 5848 putabunt,
1512 5794 1562 5835 ct
1586 5798 1716 5847 mox,
1739 5783 2109 5852 utlcrrogarttnt.

1396 415 1450 471 S.
1489 409 1763 470 JOANNIS
1781 400 2252 465 GllRYSOSTOMI
2291 399 2605 459 ARCIHEP.
2645 403 3174 465 CONSIANTINOP.

3814 411 3916 469 339

2342 514 2386 570 si
2417 515 2538 584 quis
2563 515 2775 572 assidue
2799 518 3022 587 veniat,
3061 519 3270 576 etiamsi
3296 518 3438 575 domi
3468 535 3571 576 non
3605 522 3746 594 legat
3773 565 3790 592 ,
3822 528 3917 582 sed

2342 605 2430 662 hic
2456 604 2612 662 dictis
2641 608 2880 664 attendat
2905 627 2919 663 :
2949 611 3074 664 anni
3115 611 3272 667 unius
3301 612 3475 681 spatio
3517 616 3714 684 poterit
3757 617 3919 671 multa

2339 697 2564 755 discere.
2595 700 2776 770 Neque
2801 703 2943 756 enim
2972 703 3131 759 hodie
3160 704 3255 759 has
3276 745 3289 770 ,
3310 720 3431 761 cras
3455 705 3588 762 alias
3617 704 3922 776 Scriptum

2341 791 2587 860 tegimus,
2620 792 2712 848 sed
2743 809 2954 864 semper
2974 795 3211 850 easdem.
3242 798 3490 852 Attamen
3535 799 3684 852 multi
3717 800 3787 852 ita
3817 803 3921 854 mi-

2342 895 2465 936 sere
2491 882 2666 938 affecti
2686 893 2830 951 sunt,
2861 895 2917 939 ut
2939 893 3058 954 post
3080 895 3276 941 tantam
3301 887 3585 943 lectionem
3608 905 3677 946 ne
3703 892 3924 946 nomina

2341 972 2556 1040 quidem
2585 974 2838 1030 librorum
2879 978 3088 1044 sciant;
3132 993 3234 1034 nec
3271 990 3523 1034 verentur
3554 1021 3570 1046 ,
3601 997 3780 1052 neque
3810 982 3924 1038 fur—

2342 1063 2546 1117 midant
2564 1073 2667 1118 tam
2690 1067 3019 1136 negligenter
3038 1069 3101 1124 ad
3119 1069 3352 1124 divinam
3370 1071 3569 1140 ingredi
3584 1075 3924 1129 concionem

2343 1153 2449 1209 Sed
2475 1156 2519 1210 si
2545 1155 2898 1224 cithartedus,
2922 1161 2967 1214 si
2998 1160 3221 1217 saltator
3245 1164 3327 1218 vel
3357 1165 3492 1218 alius
3521 1165 3693 1234 quivis
3719 1166 3787 1219 ad
3818 1181 3928 1221 sce-

2343 1259 2464 1298 nam
2492 1248 2696 1302 vocarit
2719 1249 2987 1304 civitatem
3025 1291 3041 1316 ,
3079 1252 3359 1324 diligenter
3378 1270 3566 1310 omnes
3589 1266 3880 1311 act-orrum
3910 1298 3927 1321 ,

2343 1345 2392 1388 et
2418 1335 2615 1403 gratias
2642 1336 2840 1392 habent
2860 1340 3073 1393 vocanti
3097 1383 3111 1407 ,
3141 1343 3374 1411 atquein
3407 1346 3714 1413 spectaculo
3744 1345 3933 1414 hujus-

2345 1427 2485 1479 tnudi
2529 1427 2807 1482 dimidium
2847 1429 2954 1485 diei
2998 1433 3269 1486 insumunt
3301 1451 3314 1486 :
3361 1435 3468 1489 Deo
3491 1443 3670 1490 autem
3703 1453 3805 1492 nos
3835 1453 3933 1508 per

2346 1517 2630 1586 prophetas
2678 1527 2734 1572 et
2773 1521 3049 1588 apostolos
3084 1523 3388 1594 alloquente
3414 1567 3430 1592 ,
3460 1528 3750 1583 oscitamus
3778 1571 3794 1595 ,
3831 1546 3932 1585 nos

2343 1608 2649 1676 scalpimus,
2686 1609 3002 1668 fastidimus.
3034 1614 3088 1669 in
3120 1626 3304 1672 :estate
3321 1619 3533 1687 quidem
3555 1629 3609 1674 et
3645 1631 3778 1675 restu
3810 1638 3932 1676 ma-

2342 1714 2446 1770 gno
2471 1702 2486 1731 ι
2520 1702 2691 1757 forum
2719 1704 2985 1772 petimus;
3018 1708 3067 1762 in
3101 1707 3274 1764 hieme
3302 1726 3430 1766 vero
3464 1727 3496 1767 a
3525 1714 3697 1782 plur...
3734 1726 3787 1768 et
3819 1716 3936 1769 lum

2345 1789 2485 1845 domi
2510 1795 2866 1849 continemur.
2894 1797 2958 1850 At
2994 1799 3042 1851 in
3073 1798 3440 1869 hippodromis
3463 1844 3477 1869 ,
3502 1805 3591 1858 ubi
3617 1806 3820 1860 nultum
3851 1816 3936 1861 est

2347 1889 2546 1936 tectum
2577 1884 2716 1953 quod
2745 1900 2773 1938 a
2809 1886 2982 1954 pluvia
3010 1888 3283 1956 defendat,
3309 1893 3492 1957 multi,
3531 1894 3703 1951 imbre
3737 1914 3936 1953 urcea-

2348 1973 2437 2026 tim
2469 1974 2698 2041 labente,
2735 1988 2892 2032 vento
2916 1994 3105 2049 aquam
3129 1981 3182 2035 in
3206 1983 3407 2038 vultum
3441 1984 3644 2042 ferente
3671 2029 3685 2051 ,
3721 1989 3936 2044 insania

2345 2063 2487 2118 ducti
2521 2075 2682 2132 stant,
2713 2065 2933 2139 frigore,
2964 2070 3163 2140 pluvia,
3188 2073 3319 2140 luto,
3345 2077 3444 2131 vim
3474 2078 3810 2148 longitudine
3830 2083 3935 2136 de-

2345 2159 2574 2223 spet:.is;
2609 2158 2739 2212 nihil
2762 2176 2855 2215 eos
2872 2161 3017 2216 domi
3050 2168 3264 2230 retinet,
3300 2167 3428 2222 nihil
3453 2184 3481 2222 a
3511 2173 3822 2240 spectaculo
3842 2190 3936 2226 ea-

2348 2242 2532 2298 ltibc"c
2589 2257 2808 2314 potest:
2844 2248 2947 2304 huc
3002 2267 3180 2307 autem
3235 2256 3324 2310 ubi
3377 2267 3573 2313 tectum
3606 2301 3620 2321 ,
3658 2260 3748 2316 ubi
3798 2264 3940 2318 mire

2350 2342 2676 2403 temperatus
2701 2337 2851 2393 calor
2874 2379 2888 2401 .
2937 2343 3119 2397 venire
3147 2342 3456 2414 refugiunt,
3490 2363 3610 2402 cum
3643 2349 3711 2405 de
3741 2353 3940 2406 anima:

2347 2425 2517 2479 sainte
2560 2435 2765 2496 agatur.
2816 2427 3062 2485 llaeccine
3088 2473 3102 2499 ,
3131 2449 3314 2503 quasso
3339 2478 3352 2501 ,
3384 2436 3695 2493 toleranda?
3721 2439 3848 2495 Ideo
3883 2443 3941 2496 in

2350 2513 2455 2568 illis
2481 2517 2719 2585 apprime
2749 2519 2945 2584 edocti,
2970 2522 3020 2576 in
3045 2526 3363 2581 necessariis
3389 2527 3748 2597 imperitiores
3774 2549 3938 2602 quam

2349 2605 2556 2674 pueruli
2585 2622 2787 2662 sumus.
2815 2609 2965 2677 Quod
2991 2612 3032 2665 si
3053 2613 3170 2682 quis
3195 2624 3246 2669 te
3263 2617 3498 2687 aurigam
3522 2620 3602 2674 vel
3622 2621 3940 2678 saltatorem

2349 2695 2582 2763 appellet
2615 2738 2629 2761 ,
2677 2697 2728 2752 id
2751 2701 3127 2756 contumeliam
3159 2703 3294 2759 dicis
3323 2747 3336 2769 ,
3373 2707 3492 2762 licet
3517 2709 3648 2764 nihil
3673 2726 3778 2766 non
3811 2728 3942 2781 agas

2349 2793 2406 2839 ut
2436 2786 2529 2840 tibi
2571 2787 2672 2842 hoc
2699 2791 3016 2857 vituperium
3045 2796 3285 2852 attrahas
3313 2814 3326 2862 ;
3350 2799 3393 2853 si
3441 2816 3570 2855 vero
3596 2803 3663 2856 ad
3696 2806 3775 2858 rei
3817 2822 3942 2877 spe-

2347 2878 2612 2932 clnculum
2641 2891 2848 2949 evocet,
2874 2899 2975 2939 non
3006 2886 3218 2954 resilis;
3245 2898 3541 2961 artemque,
3563 2894 3719 2964 cujus
3742 2911 3940 2952 nomen

2349 2966 2548 3038 refugis
2582 3011 2596 3036 ,
2651 2981 2817 3026 totam
2844 2973 2954 3029 fere
2985 2979 3347 3048 prosequeris.
3380 2981 3479 3037 libi
3505 2999 3634 3039 vero
3661 2995 3716 3040 et
3738 3002 3853 3041 rem
3882 2999 3937 3042 et

2351 3071 2543 3113 nomen
2577 3069 2758 3116 tenere
2781 3062 2947 3118 debes
2975 3067 3023 3131 ‘,
3052 3076 3213 3137 atque
3237 3084 3359 3127 esse
3384 3081 3438 3126 et
3465 3076 3641 3130 vocari
3672 3077 3941 3133 Christia-

2352 3164 2473 3213 nus,
2496 3153 2776 3221 nequidetn
2804 3156 2929 3224 quid
2955 3156 3005 3211 id
3028 3158 3096 3213 sit
3120 3161 3394 3232 intelligis.
3420 3163 3554 3232 Quid
3573 3165 3675 3224 hac
3697 3172 3938 3224 amentia

2353 3243 2502 3310 pejus
2529 3244 2552 3295 2
2584 3243 2707 3300 llaec
2737 3244 3046 3316 frequenter
3065 3251 3214 3306 vobis
3237 3252 3417 3311 dicere
3439 3257 3626 3323 velim;
3653 3260 3750 3314 sed
3773 3261 3942 3316 timeo

2352 3345 2417 3384 ne
2445 3331 2638 3388 fru5tra
2670 3345 2722 3391 et
2745 3337 2861 3392 sine
2889 3339 2998 3394 ullo
3026 3341 3203 3398 fructu
3231 3345 3383 3401 vobis
3424 3348 3524 3402 sim
3551 3349 3796 3406 odiosus.
3848 3354 3938 3408 Vi-

2351 3419 2454 3476 deo
2495 3440 2724 3496 namque
2768 3428 3092 3488 insanientes
3123 3475 3138 3496 ,
3169 3450 3276 3490 non
3329 3437 3490 3494 modo
3529 3439 3764 3509 juvenes
3796 3485 3809 3508 ,
3842 3445 3937 3498 sed

2351 3515 2511 3569 etiam
2539 3530 2697 3572 senes
2726 3535 2740 3572 :
2781 3535 3005 3589 quorum
3035 3526 3266 3579 maxime
3288 3541 3446 3583 causa
3474 3531 3736 3586 erubesco
3768 3574 3779 3594 .
3808 3551 3937 3589 cum

2351 3606 2523 3660 virum
2545 3623 2708 3664 cerno
2727 3612 2921 3666 canitie
2949 3616 3334 3684 venerandum,
3359 3634 3523 3674 canos
3551 3621 3937 3687 dehonestare.

2353 3709 2399 3750 et
2432 3697 2598 3751 ﬁlium
2630 3714 2811 3756 secum
2841 3702 3072 3758 trahere.
3097 3705 3236 3773 Quid
3268 3710 3435 3778 magis
3458 3708 3740 3767 ridiculum
3767 3714 3940 3784 ?qnid

2354 3788 2558 3855 turpius
2584 3792 2606 3841 ἲ
2637 3789 2776 3845 ﬁlius
2813 3806 2842 3845 a
2890 3803 3041 3862 patre
3065 3796 3289 3865 turpiter
3319 3813 3480 3868 agere
3501 3797 3751 3856 docetur.

2423 3882 2474 3935 5.
2503 3882 2919 3950 Spectaculorum
2939 3897 3187 3942 amatores
3231 3891 3639 3960 redargnuntur:
3677 3895 3940 3963 quodnam

2354 3971 2414 4023 sit
2461 3974 2859 4040 spectaculorum
2907 3979 3519 4036 damnum—Mordent
3565 3982 3681 4039 haec
3727 3987 3940 4040 verba?

2354 4060 2467 4116 Hoc
2491 4079 2589 4132 ego
2617 4065 2739 4118 volo
2762 4106 2776 4129 ,
2809 4075 2868 4121 ut
2905 4083 3190 4124 maerorem
3220 4072 3380 4126 verba
3412 4073 3648 4143 pariant,
3671 4087 3738 4130 ut
3763 4078 3938 4145 rcipsa

2354 4167 2380 4204 a
2415 4162 2556 4207 tanta
2612 4157 2934 4224 turpitudine
2966 4159 3287 4216 libet-emitti.
3338 4163 3476 4217 Sunt
3501 4165 3644 4218 enim
3695 4168 3941 4221 nonnulli

2355 4242 2437 4295 his
2468 4244 2623 4314 longe
2670 4244 2991 4314 frigidiores,
3025 4265 3160 4318 quos
3191 4251 3492 4319 hujusmodi
3521 4255 3805 4310 verborum
3835 4273 3941 4312 non

2357 4333 2535 4402 pudet,
2562 4334 2655 4388 sed
2688 4335 2898 4404 longam
2931 4346 3117 4393 texunt
3141 4339 3239 4396 hac
3267 4340 3334 4396 de
3363 4357 3420 4397 re
3450 4345 3770 4400 orationem.
3795 4348 3944 4414 Quos

2358 4425 2400 4476 si
2435 4425 2845 4495 interrogaveris
2874 4429 2993 4496 quis
3022 4429 3091 4484 sit
3134 4432 3300 4486 Amos
3323 4473 3338 4498 ,
3367 4435 3487 4504 quis
3528 4434 3729 4490 Abdias
3750 4480 3763 4501 ,
3813 4451 3947 4508 quot.

2359 4514 2652 4583 prophetae,
2685 4525 2811 4586 quot
2840 4520 3089 4588 apostoli,
3113 4537 3179 4576 ne
3210 4523 3417 4579 hiscere
3442 4525 3654 4595 quidem
3689 4542 3943 4597 possunt;

2348 4606 2450 4660 sed
2481 4606 2623 4662 circa
2663 4624 2830 4679 equus
2857 4620 2911 4665 et
2937 4615 3184 4683 aurigas,
3220 4616 3518 4684 graviorem
3549 4634 3710 4690 quan.
3755 4622 3944 4691 sophi-

2355 4707 2452 4751 sta:
2481 4707 2536 4752 et
2565 4701 2810 4756 rhetores
2858 4703 3087 4759 afferunt
3129 4705 3499 4765 defensionem
3531 4726 3547 4764 :
3577 4722 3632 4767 et
3663 4723 3784 4784 post
3829 4715 3947 4772 iure

2356 4790 2532 4843 omnia
2560 4789 2741 4845 dicunt
2765 4809 2778 4845 :
2812 4792 3015 4864 Ecquid
3045 4797 3167 4852 hinc
3194 4797 3544 4856 detrimenti?
3573 4804 3699 4874 quid
3727 4805 3950 4862 damni!

2358 4878 2482 4936 Ideo
2525 4882 2848 4952 ingemisco,
2881 4888 3022 4956 quod
3070 4893 3284 4943 noxiam
3329 4905 3450 4947 esse
3491 4908 3604 4949 rem
3646 4899 3896 4952 nesciatis
3932 4943 3948 4965 ,

2361 4988 2533 5043 neque
2565 4974 2615 5027 in
2665 4990 2881 5031 sensum
2913 4979 3174 5034 malormn
3220 4984 3496 5038 veneritis.
3549 4985 3682 5040 Vita:
3733 4997 3951 5058 tempus

2359 5064 2502 5127 dedit
2531 5065 2621 5120 tibi
2651 5065 2823 5132 Deus,
2853 5078 2907 5123 ut
2939 5069 3108 5139 ipsum
3148 5071 3295 5127 colas
3336 5091 3350 5129 :
3400 5083 3455 5129 ttt
3488 5090 3618 5131 vero
3659 5076 3854 5133 frustra
3885 5093 3950 5135 et

2358 5154 2620 5210 inutiliter
2670 5171 2993 5215 consumens
3037 5161 3167 5216 illud
3191 5205 3206 5229 ,
3234 5165 3434 5234 quarris
3463 5165 3639 5221 adhuc
3661 5209 3676 5231 ,
3704 5170 3844 5238 quod
3873 5173 3954 5225 sit

2359 5244 2646 5301 damnum?
2693 5247 2746 5303 Si
2779 5252 3043 5307 tantillum
3092 5254 3287 5310 frustra
3320 5257 3556 5313 insumas
3587 5263 3856 5329 pecuniae.
3894 5263 3951 5318 id

2359 5338 2612 5393 ilatnnum
2639 5356 2798 5396 vocas
2826 5359 2839 5407 ;
2877 5342 3004 5396 dum
3034 5358 3163 5399 vero
3203 5345 3320 5401 dies
3350 5347 3588 5419 integros
3615 5350 3668 5404 in
3693 5353 3956 5409 satanivis

2361 5433 2568 5501 pompis
2596 5433 2821 5488 insumis
2846 5476 2861 5499 ,
2894 5434 3027 5490 nihil
3056 5436 3286 5493 absurde
3316 5449 3367 5493 te
3390 5441 3564 5497 facere
3588 5441 3781 5512 putas?
3808 5441 3952 5500 Cum

2358 5535 2630 5595 oporteret
2674 5527 2917 5596 precibus
2945 5527 2965 5559 ³
2996 5537 3050 5583 et
3097 5531 3562 5589 obsecrationibus
3591 5543 3753 5591 totam
3780 5535 3953 5612 vitam

2423 5665 2441 5730 ξ
2476 5660 2566 5730 Alii
2587 5660 2758 5730 legunt
2781 5670 2997 5730 tantum:
3016 5670 3066 5730 In
3090 5669 3209 5714 testu
3230 5676 3402 5730 magno

2422 5725 2447 5789 ξ
2478 5726 2768 5789 timenem.
2794 5724 2933 5789 Savtl.
2963 5724 3443 5789 babet,_cttpis,'pro,
3464 5727 3630 5781 debes.

2431 5787 2451 5817 ³
2488 5784 2613 5835 Edtti
2638 5785 2838 5848 habent,
2863 5785 3190 5851 elemosynis,
3212 5784 3316 5853 pro,
3338 5784 3578 5853 precibus.
