4164 6330
216 402 319 463 εει

211 509 525 587 ’ἱιυρειιιιοιε
548 552 564 578 ,
595 520 653 567 t‘u
678 510 730 565 in
760 501 1114 566 clamoribus,
1146 498 1198 551 in
1232 493 1458 550 tumultu
1479 531 1495 556 ,
1523 486 1797 546 obscaenis

214 578 386 662 verbis
404 646 420 670 ,
452 602 644 675 pugnis
665 638 684 664 ,
731 590 1121 664 intempestivis
1150 583 1508 656 voluptatibus
1533 622 1549 647 ,
1583 578 1796 650 praesti-

208 699 341 771 giis,
372 672 539 751 totam
567 693 728 747 vitam
759 684 1031 743 consumis
1056 697 1070 747 ;
1110 681 1268 750 idque
1289 675 1485 730 frustra
1514 681 1569 727 et
1591 672 1642 725 in
1675 684 1795 771 per-

212 756 408 844 niciem
449 795 619 840 tuam.
666 781 732 836 Et
760 786 880 849 post
904 774 1021 830 haec
1067 769 1246 825 omnia
1275 766 1610 834 interrogas,
1656 756 1800 829 quod

207 880 281 933 ait
308 877 567 933 damnum
596 891 611 927 :
640 883 813 939 neque
834 862 1110 933 intelligis,
1129 856 1261 914 nihil
1290 855 1501 927 parcius
1529 853 1803 906 insumen-

210 966 341 1023 dum
372 980 496 1022 esse
523 977 683 1034 quam
712 968 922 1026 tempus
944 955 985 1007 ⁸.
1017 953 1222 1006 Aurum
1250 948 1294 1003 si
1323 942 1682 1014 impenderis,
1714 950 1805 994 re-

212 1071 476 1129 cuperare
497 1052 729 1124 poteris;
751 1048 1010 1103 amissum
1029 1052 1239 1112 tempus
1258 1035 1477 1093 difficile
1492 1044 1792 1104 recuperes.

214 1128 387 1207 Breve
412 1159 644 1215 namque
670 1142 787 1213 ejus
827 1137 1055 1211 spatium
1078 1135 1131 1189 in
1158 1132 1259 1188 hac
1284 1131 1391 1187 vita
1434 1128 1590 1183 nobis
1613 1138 1805 1181 conce-

215 1243 401 1309 ditur;
432 1254 539 1310 quo
569 1237 673 1294 nisi
710 1243 765 1289 ut
796 1247 891 1303 par
916 1238 1000 1286 est
1039 1237 1285 1293 utamur,
1328 1220 1457 1294 quid
1501 1218 1806 1310 illohadve-

216 1307 766 1389 trientes—dicemus?
812 1322 948 1389 Dic,
996 1331 1182 1389 quaeso
1208 1357 1223 1381 ,
1273 1315 1317 1369 si
1367 1325 1527 1383 quem
1578 1307 1809 1363 filiorum

217 1433 433 1478 tuorum
457 1418 680 1489 iuberes
705 1421 877 1470 artem
922 1409 1229 1481 quampiam
1258 1404 1532 1469 ediscere,
1564 1400 1652 1457 ille
1679 1412 1810 1453 vero

218 1513 305 1568 vel
349 1509 501 1566 domi
539 1508 624 1562 vel
650 1504 779 1561 alibi
820 1511 1033 1571 tempus
1075 1505 1304 1563 tereret,
1336 1509 1516 1550 annon
1561 1490 1813 1562 magister

215 1601 369 1659 illum
419 1597 695 1654 deferret?
726 1607 903 1649 annon
943 1591 1145 1646 diceret
1173 1588 1264 1642 tibi
1297 1603 1311 1641 :
1343 1584 1561 1640 Pactum
1603 1595 1811 1637 mecum

220 1693 424 1761 scripto
453 1687 659 1752 fecisti,
693 1694 1011 1755 tempusque
1039 1677 1323 1735 deliuivisti
1370 1694 1382 1730 :
1422 1674 1467 1731 si
1496 1689 1623 1729 vero
1676 1671 1817 1726 filius

221 1796 347 1842 tuus
373 1797 483 1839 non
514 1781 645 1837 velit
687 1789 897 1848 tempus
934 1772 1075 1844 apud
1106 1786 1207 1827 nos
1232 1771 1541 1832 insumere,
1569 1764 1664 1821 sed
1689 1764 1816 1818 alibi

223 1887 402 1932 terere
425 1914 441 1940 ,
469 1868 739 1944 quomodo
764 1866 1061 1938 poterimus
1101 1862 1196 1917 tibi
1223 1858 1546 1927 discipulum
1583 1855 1819 1912 sistere?

224 1966 354 2023 Haec
391 1979 494 2022 nos
524 1976 739 2034 quoque
780 1958 961 2014 dicere
1004 1954 1270 2024 cogimur.
1299 1949 1433 2006 Nam
1478 1947 1627 2003 dicet
1665 1945 1822 2002 nobis

228 2057 370 2112 Deus
408 2072 422 2108 :
463 2053 700 2122 Tempus
728 2046 993 2117 assignavi
1023 2045 1215 2108 vobis,
1244 2055 1353 2113 quo
1396 2038 1613 2110 pietatis
1651 2044 1823 2092 artem

224 2146 575 2211 cdisceretis;
622 2158 720 2199 cur
760 2140 961 2196 frustra
992 2146 1048 2193 et
1098 2136 1369 2190 incassum
1426 2140 1641 2200 tempus
1692 2127 1823 2183 illud

227 2236 595 2307 iusumpsistis
612 2235 634 2289 ?
651 2248 748 2289 cur
768 2247 873 2287 non
896 2228 1208 2300 magistrum
1235 2223 1449 2279 assidue
1472 2221 1715 2277 adiistis?
1730 2234 1825 2275 cur

226 2327 389 2382 dictis
419 2340 530 2381 non
557 2321 900 2379 attendistis?
926 2317 1079 2387 Quod
1108 2316 1248 2372 enim
1271 2314 1442 2385 pietas
1470 2313 1540 2368 sit
1566 2326 1654 2367 ars
1675 2326 1825 2383 quae-

231 2418 353 2472 dam
374 2458 390 2481 ,
435 2414 558 2470 audi
591 2412 908 2484 prophetam
940 2410 1210 2465 dicentem
1242 2424 1255 2460 :
1313 2403 1489 2460 Venite
1512 2444 1528 2469 ,
1555 2403 1653 2473 filii
1674 2444 1691 2470 ,
1728 2418 1825 2456 au-

234 2507 340 2561 dite
365 2521 446 2559 me
464 2545 481 2571 ,
504 2505 735 2558 timorem
759 2500 977 2555 Domini
1007 2498 1192 2553 docebo
1221 2512 1307 2552 vos
1338 2493 1526 2567 (Psal.
1566 2494 1655 2550 53.
1700 2490 1828 2565 12);

238 2608 299 2652 et
337 2598 571 2659 iterum,
605 2592 793 2648 Beatus
817 2592 892 2646 vir
927 2606 1074 2662 quem
1100 2599 1155 2643 tu
1196 2586 1476 2651 erudieris,
1506 2583 1757 2649 Domine,
1786 2592 1832 2637 et

239 2691 302 2745 de
333 2686 445 2759 lege
485 2696 574 2741 tua
615 2686 850 2740 docueris
893 2700 1007 2739 eum
1049 2680 1219 2754 (Psol.
1254 2680 1343 2735 95.
1383 2676 1492 2750 12).
1524 2677 1657 2732 Cum
1704 2692 1832 2749 ergo

276 2824 279 2825 ⁷
306 2823 323 2853 ι
361 2820 421 2870 In
443 2819 619 2870 iisdem
649 2818 731 2868 hic
746 2818 817 2867 sic
838 2816 1047 2880 habetur
1069 2812 1222 2868 locus,
1246 2821 1398 2880 neque
1420 2807 1647 2877 attendis,
1661 2814 1707 2859 te
1729 2822 1837 2859 ma»

238 2882 373 2936 sime
395 2880 626 2945 ternporis
646 2893 763 2930 usus
786 2876 1023 2928 rationem
1044 2887 1146 2926 esse
1168 2875 1498 2923 redditurum.

1242 378 1308 435 IN
1344 374 1652 434 JUANNEM
1693 368 1922 427 ilOlllL.
1967 360 2103 424 L’IX‘.
2144 364 2213 421 al.
2257 359 2439 419 CVIII.

3393 359 3497 417 529
3532 376 3541 383 ‘

1906 490 2118 550 tempus
2149 476 2411 533 inutiliter
2434 474 2875 544 consumpseris,
2896 484 3063 543 quam
3093 477 3496 529 excusationem

1905 569 2171 625 habebis?
2202 567 2270 623 Et
2296 582 2413 633 cur,
2437 565 2650 633 inquies
2673 606 2690 632 ,
2722 564 2879 619 nobis
2906 565 3071 620 breve
3100 573 3313 633 tempus
3354 579 3495 633 pra:-

1904 660 2162 732 scripsit?
2198 659 2243 715 Ο
2273 656 2669 728 insipientiam!
2698 669 2731 711 ο
2762 656 3030 726 ingratum
3058 654 3337 711 animum?
3364 653 3498 721 Quia

1908 754 2001 808 tibi
2034 752 2247 807 labores
2276 751 2608 819 sudoresque
2635 748 2827 802 minuit
2852 790 2867 815 ,
2900 762 2964 803 ac
2994 749 3234 818 requiem
3264 746 3357 802 tibi
3384 747 3506 802 diuo

1909 854 2118 898 turnam
2146 850 2200 897 et
2227 840 2583 897 immortalem
2616 838 2823 909 paravit
2849 878 2865 904 ,
2897 837 3021 894 idco
3052 839 3266 894 incusas
3290 846 3345 894 et
3390 852 3507 892 mo-

1906 932 2041 988 leste
2062 932 2209 987 fers?
2229 930 2337 987 Sed
2358 930 2543 986 nescio
2570 928 2840 1000 quomodo
2868 943 3175 985 sermonem
3202 927 3308 985 huc
3332 940 3508 984 trans-

1912 1024 2151 1091 tulimus,
2177 1031 2234 1079 et
2254 1022 2455 1078 tamdiu
2482 1036 2819 1092 peroramus.
2851 1020 3321 1092 Quapropterjam
3347 1020 3509 1079 linem

1870 1138 1875 1141 ·
1912 1114 2095 1172 facere
2140 1128 2278 1185 opus
2311 1121 2414 1169 est.
2466 1111 2599 1168 Nam
2646 1110 2747 1166 hoc
2794 1125 3008 1181 quoque
3049 1111 3282 1167 miseria:
3312 1123 3513 1169 nostra:

1912 1204 2295 1271 tribuendum,
2344 1202 2483 1275 quod
2530 1202 2575 1258 si
2625 1201 2714 1257 hic
2771 1201 2930 1272 longa
2978 1202 3049 1257 sit
3104 1203 3513 1272 oratio,'illam

1914 1314 2103 1355 omnes
2148 1297 2507 1363 fastidiamus;
2542 1294 2654 1350 illic
2703 1309 2833 1350 vero
2862 1308 2895 1349 a
2939 1294 3166 1351 meridie
3196 1296 3348 1365 orsi,
3390 1312 3515 1352 cum

1916 1389 2153 1447 lucernis
2194 1387 2470 1444 recedant.
2524 1385 2725 1442 Verum
2776 1400 2845 1441 ne
2892 1399 3109 1455 semper
3160 1386 3471 1449 incusemus
3500 1429 3515 1453 ,

1917 1497 2169 1554 rogamus
2195 1495 2291 1536 vos
2319 1488 2375 1535 et
2408 1480 2755 1535 obsecramus
2787 1496 2802 1534 :
2849 1478 2988 1533 hanc
3016 1486 3070 1534 et
3099 1477 3255 1534 nobis
3284 1488 3339 1535 et
3365 1480 3518 1536 vobis

1919 1575 2146 1647 gratiam
2171 1572 2452 1630 concedite
2471 1612 2486 1637 ,
2516 1580 2574 1625 ut
2598 1570 2717 1625 aliis
2746 1570 2965 1625 omissis
2990 1569 3243 1625 omnibus
3268 1610 3283 1636 ,
3314 1570 3398 1625 his
3430 1572 3513 1626 in-

1921 1665 2261 1721 cumbamus.
2319 1661 2595 1732 Siquidem
2656 1661 2770 1715 hazc
2820 1675 2889 1715 ex
2947 1659 3102 1715 vobis
3148 1660 3520 1730 lucrabimur,

1922 1754 2173 1827 gaudium
2197 1794 2214 1821 ,
2242 1752 2483 1808 imtitiam
2508 1792 2523 1816 ,
2554 1750 2767 1805 laudem
2793 1791 2809 1816 ,
2838 1749 3063 1820 gloriam
3091 1759 3149 1806 et
3189 1752 3522 1807 mercedem.

1925 1847 2121 1903 Totum
2146 1853 2326 1899 autem
2367 1841 2643 1913 prarmium
2674 1855 2770 1895 vos
2794 1840 3131 1895 lucrabimini
3153 1882 3169 1907 ,
3200 1840 3345 1912 quod
3372 1852 3525 1897 ante-

1928 1937 2030 1992 hac
2076 1934 2144 1990 ad
2190 1926 2425 1989 furorem
2474 1946 2646 2002 usque
2676 1929 2974 1986 orchestra:
3018 1930 3256 1997 addicti;
3311 1930 3383 1986 ob
3432 1930 3527 1987 Dei

1930 2027 2182 2082 timorem
2209 2032 2263 2079 et
2279 2022 2708 2079 cohortationem
2731 2030 2994 2087 nostram,
3018 2036 3115 2076 vos
3132 2020 3201 2077 ab
3222 2020 3529 2091 huiusmodi

1930 2115 2121 2172 morbo
2144 2114 2392 2171 erueritis
2412 2154 2427 2179 ,
2448 2122 2501 2168 et
2531 2111 2761 2167 vinculis
2787 2110 2978 2167 solutis
2998 2150 3012 2176 ,
3036 2110 3104 2166 ad
3144 2110 3317 2168 Deum
3342 2125 3533 2167 accur-

1931 2206 2131 2263 reritis.
2163 2204 2347 2276 Neque
2370 2204 2445 2261 ibi
2474 2202 2651 2260 solum
2679 2201 2985 2258 mercedem
3012 2203 3281 2273 recipietis
3305 2220 3321 2269 ;
3344 2218 3532 2261 verum

1933 2296 2177 2353 etiamin
2208 2294 2312 2352 hac
2350 2294 2455 2350 vita
2487 2308 2669 2349 veram
2722 2293 3129 2364 consequemini
3181 2294 3533 2365 voluptatem.

1935 2388 2081 2444 Talis
2109 2388 2309 2459 quippe
2335 2387 2506 2441 virtus
2536 2393 2622 2441 est
2672 2403 2687 2441 :
2740 2395 2939 2456 praeter
2968 2400 3199 2442 coronas
3248 2386 3405 2455 illas,
3451 2386 3540 2444 hic

1936 2494 2151 2553 quoque
2178 2494 2401 2537 suavem
2430 2478 2585 2535 nobis
2601 2478 2764 2533 vitam
2792 2489 2963 2548 parat.
2991 2477 3157 2533 Dictis
3174 2492 3303 2550 ergo
3329 2479 3539 2535 obtem-

1937 2564 2229 2644 bercmus,
2258 2579 2315 2626 ut
2343 2569 2461 2625 lucc
2500 2578 2556 2625 et
2586 2569 2674 2625 illa
2716 2584 3114 2640 consequamur
3155 2568 3333 2638 bona,
3366 2570 3541 2641 gratia

1940 2672 1996 2718 et
2041 2661 2413 2719 misericordia
2443 2660 2659 2716 Domini
2688 2660 2860 2716 nostri
2888 2660 3020 2716 .lesu
3045 2658 3246 2718 Christi
3272 2700 3289 2730 ,
3322 2663 3542 2734 quicum

1944 2742 2332 2825 Patri'gloria,
2381 2752 2651 2823 simulque
2693 2751 2915 2822 Spiritui
2967 2760 3193 2820 sancto,
3247 2753 3301 2808 in
3346 2754 3545 2810 satcula

1944 2844 2287 2900 saeculorum.
2323 2846 2519 2900 Amen.

1569 3040 1918 3103 HOMILIA
1962 3040 2125 3102 LIX.

242 3194 383 3253 Eae.
412 3194 468 3250 9.
495 3209 548 3248 ν.
580 3192 669 3249 55.
693 3190 759 3245 Et
788 3190 1037 3261 ejecerunt
1067 3202 1181 3241 eum
1210 3188 1449 3257 foras:et
1479 3184 1669 3238 audivit
1700 3184 1852 3240 Jesus

323 3303 448 3358 quia
468 3286 720 3356 ejecerunt
740 3298 849 3337 eum
873 3284 1011 3348 [oras
1036 3294 1053 3332 :
1074 3286 1121 3333 et
1139 3293 1253 3331 cum
1272 3276 1540 3331 invenisset
1560 3291 1695 3341 eum,
1719 3276 1851 3330 dixit

319 3378 369 3432 ei
393 3373 513 3431 :Tu
548 3374 709 3429 credis
737 3375 791 3428 in
822 3370 1015 3426 Filium
1044 3368 1176 3424 Dei?
1204 3367 1293 3423 56.
1324 3366 1607 3437 Respondit
1652 3368 1697 3421 ei
1721 3408 1739 3436 ,
1785 3367 1854 3422 Et

325 3471 444 3540 quis
470 3476 565 3534 est,
595 3466 833 3529 Domine,
859 3473 913 3519 ut
938 3452 1139 3517 credam
1161 3460 1215 3515 in
1242 3459 1395 3515 eum?
1427 3466 1534 3515 etc.

328 3562 385 3616 1.
418 3557 763 3614 Contumelias
796 3554 984 3611 Christi
1022 3568 1177 3607 causa
1216 3551 1461 3621 patientes
1498 3550 1751 3619 quomodo
1776 3566 1863 3606 re-

250 3660 603 3709 munerentur.
642 3648 818 3706 Cacus
846 3656 1001 3701 natus
1039 3645 1093 3698 in
1137 3642 1501 3710 discipulorum
1529 3641 1740 3695 chorum
1764 3642 1859 3696 ad-

246 3748 435 3801 scitus.
455 3772 527 3784 —
545 3741 645 3811 Qui
674 3748 894 3813 propter
925 3737 1205 3793 veritatem
1247 3741 1301 3789 et
1328 3731 1529 3787 Christi
1558 3731 1857 3788 confessio-

248 3851 407 3902 netu,
456 3832 600 3888 malo
642 3831 725 3885 vel
772 3827 1099 3885 contumelia
1136 3823 1367 3895 quadam
1412 3823 1752 3889 afliciuntur,
1806 3824 1859 3878 lii

249 3927 499 3983 niaxime
518 3938 550 3979 a
574 3923 684 3979 Deo
708 3921 1060 3977 honorantur.
1089 3916 1155 3973 Ut
1179 3915 1321 3971 enim
1344 3914 1435 3984 qui
1456 3923 1677 3984 propter
1696 3914 1860 3968 Deum

249 4016 523 4088 pecunias
553 4011 818 4084 perdidit,
861 4010 948 4066 hic
992 4008 1226 4064 maxime
1268 4006 1385 4059 illas
1428 4005 1662 4070 invenit;
1693 4012 1747 4059 et
1772 4005 1861 4073 qui

249 4108 381 4163 odit
408 4106 645 4161 animam
676 4118 826 4159 suam
850 4142 865 4168 ,
908 4101 997 4157 hic
1021 4099 1359 4172 potissimum
1382 4096 1557 4168 diligit
1579 4096 1723 4150 illam
1749 4113 1762 4149 :
1786 4097 1866 4153 sic

249 4200 357 4272 qui
382 4196 711 4255 contumelia
743 4193 974 4249 afﬁcitur
994 4233 1008 4258 ,
1062 4192 1149 4246 hic
1175 4189 1509 4260 putissimum
1536 4187 1740 4244 honore
1768 4203 1864 4243 cu-

251 4293 538 4355 snulatur;
568 4288 620 4345 id
649 4286 794 4358 quod
819 4299 963 4342 caeco
982 4282 1194 4339 accidit.
1218 4281 1372 4338 Illum
1400 4280 1559 4351 igitur
1582 4295 1646 4349 ex
1670 4279 1868 4349 templo

250 4382 444 4441 Mati
472 4381 775 4450 eiecerunt,
804 4387 860 4434 et
889 4376 1093 4432 invenit
1117 4374 1265 4430 illum
1294 4372 1478 4443 templi
1511 4370 1789 4426 Dominus.
1822 4370 1869 4424 Α

250 4470 533 4545 pestifero
557 4482 815 4526 consessu
848 4468 1103 4523 liberatus
1123 4505 1139 4533 ,
1185 4462 1516 4519 salutiferam
1564 4461 1762 4516 fontem
1790 4468 1873 4515 est

251 4570 641 4634 consequutus
674 4577 690 4616 :
724 4559 1110 4615 dehonestatus
1152 4563 1239 4611 est
1273 4555 1342 4609 ab
1381 4553 1444 4609 iis
1481 4552 1569 4622 qui
1600 4550 1871 4607 Christum

250 4654 703 4715 dehonestarunt
726 4692 744 4719 ,
788 4659 845 4706 et
888 4651 1181 4705 honoratus
1222 4655 1304 4702 est
1331 4645 1401 4701 ab
1428 4644 1737 4715 angelorum
1764 4644 1873 4698 Do-

251 4748 447 4806 mino.
485 4743 613 4800 [lac
652 4749 782 4799 sunt
820 4739 1063 4799 veritatis
1103 4738 1343 4809 praemia.
1371 4735 1461 4793 Sic
1486 4743 1539 4791 et
1568 4749 1668 4791 nos
1705 4735 1749 4789 si
1790 4734 1876 4789 hic

252 4835 540 4912 pacandas
561 4834 900 4899 amittamus,
930 4831 1042 4887 illic
1071 4829 1318 4885 fiduciam
1345 4826 1684 4898 reperimus;
1714 4825 1759 4880 si
1789 4822 1877 4880 hic

250 4925 605 4987 crumnosis
629 4925 937 4997 largiamur,
968 4922 1365 4993 requiescemus
1390 4920 1444 4975 in
1472 4919 1649 4985 calls;
1682 4919 1725 4973 si
1750 4932 1877 4988 pro-

252 5028 404 5093 pter
431 5018 603 5074 Deum
628 5014 969 5072 contumeliis
994 5013 1322 5079 aftlciamur,
1365 5022 1421 5067 et
1450 5010 1538 5067 hic
1565 5019 1620 5066 et
1644 5010 1750 5065 illic
1776 5009 1876 5066 ho-

252 5124 475 5167 norem
501 5108 899 5179 consequimur.
927 5106 1171 5181 Ejectum
1192 5120 1224 5161 e
1244 5104 1447 5175 templo
1475 5103 1676 5159 invenit
1699 5102 1881 5159 Jesus.

252 5190 564 5275 Signiﬁcat
590 5198 918 5270 evangelista
956 5197 1080 5254 ideo
1108 5197 1341 5262 venisse,
1362 5204 1417 5250 ut
1448 5194 1525 5250 illi
1553 5201 1877 5251 occurreret.

255 5297 340 5353 Et
373 5291 665 5351 considera
691 5290 834 5362 quod
862 5290 963 5361 ipsi
994 5290 1270 5361 pratmium
1296 5287 1537 5344 conferat
1560 5305 1574 5343 :
1596 5297 1755 5357 caput
1780 5287 1882 5343 bo-

255 5399 505 5444 norum.
536 5382 607 5439 Se
632 5397 867 5452 namque
888 5382 939 5437 ei
965 5388 1153 5437 notum
1181 5379 1304 5436 facit
1336 5378 1485 5451 prius
1511 5379 1802 5449 ignoranti,
1830 5388 1887 5435 et

254 5489 416 5533 cum
454 5474 512 5529 in
540 5472 932 5544 discipulorum
952 5472 1178 5527 chorum
1216 5470 1463 5527 adscivit.
1493 5469 1575 5526 Tu
1604 5485 1731 5526 vero
1755 5484 1885 5526 con-

255 5565 500 5623 sideres
539 5563 697 5620 velim
725 5563 999 5635 quomodo
1032 5562 1148 5633 ejus
1190 5562 1517 5633 diligentiam
1561 5563 1886 5634 evangelista

256 5655 569 5715 exhibeat.
599 5655 696 5712 illo
723 5656 868 5712 enim
894 5655 1131 5722 dicente,
1159 5654 1237 5710 Tu
1260 5656 1423 5711 credis
1446 5656 1501 5710 in
1531 5654 1727 5711 Filium
1747 5655 1888 5713 Dei?

260 5745 589 5819 mpondet
611 5785 628 5812 .
668 5746 921 5815 Domine,
964 5747 1077 5817 quis
1103 5756 1178 5803 est
1200 5747 1226 5800 Ρ
1264 5746 1509 5803 Nondum
1540 5750 1683 5805 enim
1713 5750 1885 5821 ipsum

262 5846 475 5908 norat,
503 5836 606 5897 etsi
631 5850 849 5897 sanatus
868 5879 893 5910 ,.
928 5840 1051 5912 quia
1078 5854 1252 5898 curus
1277 5838 1449 5897 fuerat
1475 5842 1780 5915 priusquam
1821 5845 1888 5901 ad

1960 3187 2258 3242 beneficum
2289 3186 2591 3253 accederet,
2621 3195 2676 3242 et
2701 3196 2821 3256 post
2850 3196 3128 3258 receptum
3152 3190 3328 3245 visum
3358 3206 3388 3246 a
3409 3192 3559 3248 cani-

1958 3279 2059 3333 bus
2088 3279 2193 3334 illis
2224 3278 2557 3334 trahebatur.
2587 3278 2745 3334 Jesus
2776 3293 2905 3349 ergo
2935 3292 3033 3334 ceu
3067 3280 3389 3349 agonotheta
3412 3284 3561 3351 quis-

1962 3373 2104 3441 piam
2131 3370 2385 3426 athletam
2408 3381 2531 3442 post
2551 3370 2754 3426 multos
2774 3371 2991 3425 labores
3009 3380 3325 3428 coronatum
3341 3376 3560 3445 excipit.

1962 3462 2030 3518 Et
2065 3463 2191 3535 quid
2216 3462 2383 3519 dicit?
2412 3462 2591 3519 Credis
2615 3464 2669 3517 in
2697 3461 2892 3518 Filium
2924 3461 3065 3518 Dei?
3099 3464 3238 3534 Quid
3270 3464 3412 3524 hoc?
3439 3468 3568 3526 Post

1963 3563 2165 3609 tantam
2190 3552 2537 3610 cum-Iudaeis
2559 3554 3004 3623 disceptationem
3030 3596 3046 3626 ,
3092 3566 3218 3626 post
3248 3565 3327 3612 tot
3368 3558 3529 3615 verba
3551 3603 3566 3624 .

1963 3645 2261 3716 interrogat
2287 3660 2414 3699 num
2444 3643 2671 3700 credat?
2700 3643 2816 3701 Non
2849 3644 2991 3715 quod
3021 3635 3271 3715 ignoret,
3303 3647 3398 3703 sed
3427 3651 3569 3720 quod

1964 3736 2093 3791 velit
2119 3751 2179 3791 se
2209 3744 2393 3792 notum
2432 3735 2609 3791 facere
2632 3774 2648 3803 ,
2696 3744 2751 3789 et
2787 3737 2972 3807 quanti
3011 3736 3172 3793 faciat
3211 3738 3328 3810 ejus
3370 3739 3527 3797 fidem
3550 3787 3565 3809 ,

1966 3829 2277 3884 ostendere.
2324 3828 2409 3883 Me
2450 3828 2812 3894 contumelia,
2862 3828 3069 3900 inquit,
3124 3839 3301 3886 tantus
3343 3834 3574 3903 populus

1968 3919 2167 3987 affecit,
2194 3920 2291 3975 sed
2311 3919 2443 3974 nihil
2473 3933 2634 3985 curo;
2681 3934 2845 3974 unum
2874 3931 3027 3991 opto,
3053 3929 3111 3975 ut
3141 3922 3353 3978 credas.
3386 3923 3576 3981 Melior

1969 4012 2167 4083 quippe
2192 4019 2275 4067 est
2301 4024 2441 4066 unus
2473 4011 2563 4081 qui
2608 4011 2735 4067 facit
2758 4011 3095 4068 voluntatem
3125 4013 3375 4081 Domini,
3412 4032 3576 4086 quam

1970 4102 2117 4157 mille
2144 4102 2311 4172 iniqui
2344 4100 2535 4173 (Eccli.
2572 4100 2657 4157 16.
2690 4100 2769 4171 3).
2802 4100 2883 4156 Tu
2910 4104 3077 4159 credis
3117 4104 3170 4157 in
3211 4102 3408 4161 Filium
3442 4105 3541 4161 Dei
3554 4111 3579 4162 .’

1972 4191 2043 4248 Ut
2068 4205 2307 4261 praesens
2336 4201 2389 4245 et
2414 4189 2555 4246 dicta
2582 4191 2876 4262 excipiens,
2902 4194 2981 4249 sic
3002 4194 3325 4266 interrogat;
3355 4205 3407 4252 et
3430 4199 3578 4267 prius

1973 4283 2027 4339 in
2061 4283 2153 4339 illo
2176 4282 2259 4337 sui
2283 4281 2610 4339 desiderium
2637 4283 2852 4337 excitat.
2883 4282 3001 4339 Non
3033 4284 3169 4340 dixit
3193 4286 3359 4351 enim,
3382 4288 3576 4345 Statim

1974 4376 2159 4445 crede,
2191 4377 2286 4433 sed
2316 4378 2685 4449 interrogavit.
2717 4377 2855 4446 Quid
2890 4378 3053 4449 igitur
3079 4378 3209 4435 ille?
3241 4379 3309 4433 Et
3332 4382 3445 4445 quis
3470 4393 3577 4449 est,

1976 4468 2229 4537 Domine,
2254 4478 2312 4524 ut
2338 4470 2542 4524 credam
2584 4470 2638 4523 in
2666 4486 2780 4525 eum
2801 4470 2827 4524 .9
2866 4469 3117 4541 Optantis
3140 4486 3203 4527 ac
3232 4473 3581 4531 vehementer

1977 4560 2337 4617 desiderantis
2356 4560 2602 4616 verbum.
2624 4560 2728 4615 Pro
2749 4575 2855 4632 quo
2875 4571 3020 4616 tanta
3043 4561 3295 4633 loquutus
3315 4574 3420 4631 est,
3441 4564 3583 4621 hunc

1979 4651 2206 4722 ignorat,
2225 4660 2285 4707 ut
2302 4651 2481 4708 discas
2501 4667 2661 4723 quam
2683 4653 2921 4708 veritatis
2940 4668 3127 4708 amans
3146 4664 3311 4711 esset.
3335 4656 3585 4714 Nondum

1980 4744 2122 4799 enim
2154 4744 2331 4814 ipsum
2370 4743 2597 4800 viderat.
2626 4744 2713 4799 57.
2744 4742 2883 4798 Dicit
2924 4745 2969 4798 ei
3000 4760 3020 4799 :
3051 4743 3115 4798 Et
3153 4745 3325 4801 vidisti
3366 4764 3501 4816 eum,
3540 4757 3586 4804 et

1980 4836 2314 4907 qui'loquitur
2342 4844 2505 4889 tecum
2530 4877 2545 4903 ,
2575 4834 2661 4889 ille
2686 4841 2779 4889 est.
2808 4833 2924 4889 Non
2953 4834 3088 4889 dixit
3109 4878 3123 4899 ,
3154 4835 3268 4907 Ego
3293 4851 3411 4892 sum
3437 4880 3452 4906 ,
3491 4841 3586 4895 sed

1982 4926 2261 4981 remissius
2290 4925 2466 4981 adhuc
2487 4968 2503 4991 ,
2553 4924 2622 4979 Et
2651 4925 2820 4979 vidisti
2850 4942 2982 4980 eum.
3024 4925 3159 4980 Illud
3190 4926 3368 4983 adhuc
3394 4928 3590 4986 obscu-

1984 5034 2102 5072 rum
2130 5026 2277 5083 erat;
2308 5017 2431 5073 ideo
2453 5017 2651 5072 clarius
2681 5015 2979 5081 addit,'Qui
3003 5015 3228 5087 loquitur
3258 5028 3419 5073 tecum
3445 5062 3460 5087 ,
3501 5020 3591 5075 illo

1984 5119 2081 5167 est.
2117 5108 2416 5179 Respondit
2447 5108 2543 5163 ille
2568 5125 2583 5162 :
2610 5107 2699 5163 '58.
2743 5105 2943 5174 Credo,
2995 5099 3209 5163 Domine
3244 5119 3333 5164 :et
3360 5111 3592 5165 adoravit

1986 5216 2100 5253 eum
2124 5201 2316 5254 statim.
2346 5198 2530 5269 Neque
2558 5197 2725 5273 dixit,
2772 5196 2887 5268 Ego
2913 5213 3031 5253 sum
3063 5199 3152 5269 qui
3180 5200 3364 5255 sanavi
3398 5210 3469 5267 te,
3500 5204 3591 5272 qui

1987 5291 2096 5347 dixi
2126 5292 2249 5358 tibi,
2280 5291 2448 5357 Vade,
2477 5291 2655 5345 lavare
2680 5290 2733 5344 in
2764 5288 2913 5345 Siloe
2939 5308 2952 5343 :
2977 5289 3073 5346 sed
3108 5291 3189 5345 his
3213 5292 3429 5347 silentio
3456 5294 3593 5348 mis-

1989 5381 2064 5437 sis
2087 5421 2104 5448 ,
2152 5380 2227 5435 ait
2252 5398 2264 5434 :
2288 5379 2465 5436 Credis
2494 5380 2547 5434 in
2578 5378 2771 5434 Filium
2810 5377 2948 5433 Dei?
2977 5379 3184 5437 Deinde
3215 5382 3332 5450 ille,
3366 5382 3593 5437 multum

1990 5474 2252 5531 exhibens
2277 5473 2525 5528 affectum
2553 5513 2572 5538 ,
2612 5473 2791 5529 statim
2822 5473 3066 5529 adoravit
3089 5490 3211 5531 eum
3236 5464 3593 5547 :quod'pauci

1990 5581 2058 5622 ex
2089 5566 2156 5621 iis
2181 5564 2271 5635 qui
2301 5564 2473 5620 curati
2510 5572 2671 5629 sunt,
2707 5563 2987 5632 fecerunt,
3018 5575 3079 5621 ut
3103 5566 3303 5638 leprosi
3331 5568 3444 5635 illi,
3471 5576 3525 5623 et
3550 5569 3594 5623 si

1991 5657 2083 5729 qui
2121 5657 2250 5713 alii:
2276 5657 2401 5713 hinc
2442 5655 2679 5712 ostendit
2714 5648 2953 5712 divinam
3002 5672 3155 5713 suam
3204 5659 3481 5715 virtutem.
3518 5659 3599 5716 Ne

1992 5751 2112 5819 quis
2139 5751 2286 5808 enim
2308 5757 2517 5821 putaret
2538 5748 2655 5805 hazc
2676 5747 2840 5805 verba
2867 5757 3074 5806 tantum
3100 5764 3243 5819 esse,
3266 5751 3443 5823 ipsum
3465 5768 3599 5822 opus

1997 5844 2221 5900 addidit.
2273 5842 2369 5899 lllo
2412 5850 2590 5898 autem
2640 5840 2939 5911 adorante,
2984 5841 3063 5899 ait
3097 5839 3341 5900 Christus
3370 5861 3384 5899 :
3415 5844 3501 5901 39.
3543 5844 3602 5896 in
