4164 6330
640 357 746 416 3-23

635 468 882 541 judicium
909 478 1001 532 ego
1026 458 1137 512 reui
1159 453 1208 507 in
1238 452 1504 510 mundum,
1534 459 1586 502 ut
1607 463 1706 500 non
1730 444 1946 500 ridentes
1977 439 2172 541 ridefnl
2187 472 2203 541 ἶ

640 524 690 615 2t
722 559 806 628 qui
834 524 995 609 vident
1016 591 1030 614 ,
1069 547 1188 603 circi
1216 546 1358 613 ﬁant.
1405 540 1634 610 ldipsum
1665 536 1858 592 Paulus
1884 532 2011 628 dicit
2033 547 2053 628 ι.
2074 524 2208 628 Quid

640 620 761 716 ergo
803 640 1054 697 dicimus?
1090 636 1237 703 Quod
1282 643 1447 705 gentes
1493 646 1594 684 non
1639 634 1892 694 sequentes
1925 620 2206 716 justitiam,

641 704 936 802 acceperunt
972 728 1254 800 justitiam,
1287 704 1545 794 justitiam
1587 725 1752 769 autem
1779 727 1891 782 qua
1919 720 1986 765 est
2014 723 2076 763 ea:
2110 704 2210 774 [ide

643 798 770 877 Jesu
797 838 816 876 :
842 798 1003 874 Israel
1042 827 1204 870 autem
1252 826 1457 881 sequens
1497 809 1656 877 legem
1689 802 1938 874 justititz,
1976 801 2028 852 in
2057 798 2212 866 legem

638 911 852 981 iustitia
878 927 974 963 non
1005 907 1130 961 venit
1156 904 1332 972 (Rom.
1378 899 1430 954 9.
1468 898 1580 965 30).
1610 893 1741 948 Cum
1787 887 2214 981 dixitt‘sltristus,

644 1004 712 1058 In
731 1003 981 1073 justitiam
1003 998 1110 1052 veni
1135 998 1186 1050 in
1207 996 1340 1048 hunc
1366 989 1642 1052 mundum;
1667 993 1719 1040 et
1746 984 1892 1038 illum
1922 979 2042 1034 ildei
2067 986 2215 1073 tena-

648 1067 847 1148 cioretn
875 1090 1045 1146 ell‘eeit
1065 1129 1082 1152 ,
1127 1095 1182 1142 et
1219 1089 1500 1152 sequentes
1526 1093 1585 1132 se
1610 1073 1859 1132 excitavit
1884 1091 1897 1126 :
1923 1085 2044 1126 nam
2073 1067 2214 1123 Pha-

646 1185 785 1241 risuzi
817 1180 1170 1249 sequebantur
1197 1176 1376 1238 illum,
1421 1172 1485 1224 in
1519 1167 1770 1239 judicium
1814 1175 1973 1233 porro
1999 1167 2114 1225 est,
2161 1159 2214 1211 in

649 1274 820 1342 majus
851 1269 1200 1340 supplicium;
1245 1263 1531 1318 ostendens
1555 1274 1648 1313 eos
1672 1257 1762 1327 qui
1791 1270 1849 1310 se
1870 1254 2212 1314 damnarent,

645 1379 764 1417 esse
793 1361 1098 1424 damnatos,
1127 1367 1181 1412 et
1205 1357 1294 1425 qui
1321 1369 1378 1408 se
1405 1359 1734 1422 peecatorem
1775 1344 2214 1416 pronuntiarent,

650 1456 793 1521 ipsos
822 1466 943 1506 esse
969 1459 1184 1520 peccato
1213 1443 1491 1500 obnoxios.
1517 1441 1611 1494 llic
1635 1451 1762 1492 vero
1786 1436 2050 1503 duplicem
2073 1431 2218 1484 visus

649 1518 1034 1596 restitutionem
1064 1548 1113 1592 et
1134 1535 1396 1604 duplicem
1423 1531 1713 1585 edacitatem
1743 1531 2018 1583 memorat,
2049 1518 2218 1574 sensi-

650 1631 809 1686 bilem
838 1643 1028 1697 nempe
1052 1669 1066 1692 ,
1105 1635 1156 1680 et
1184 1621 1528 1694 spiritualem.
1557 1618 1688 1671 Tum
1717 1615 1897 1670 dicunt
1929 1611 1977 1667 ei
2003 1609 2218 1697 quidam

645 1733 706 1770 ex
760 1693 1116 1782 sequentibus
1147 1725 1162 1762 :
1195 1693 1283 1761 40.
1317 1699 1589 1771 Numquid
1628 1709 1676 1753 et
1707 1715 1800 1752 nos
1843 1699 1967 1752 caeci
2001 1693 2223 1751 sumus?

648 1805 710 1858 Et
736 1813 793 1858 ut
823 1803 948 1856 alibi
976 1801 1250 1862 dicebant,
1282 1793 1494 1849 Nemini
1520 1791 1825 1847 seruiuimus
1851 1803 2116 1858 unquam;
2146 1793 2222 1851 et,

650 1896 770 1950 Non
805 1910 868 1950 ex
908 1894 1256 1962 fornicatione
1288 1889 1400 1942 nati
1437 1901 1617 1941 sumus
1659 1880 1840 1935 lloan.
1871 1881 1924 1935 8.
1961 1880 2050 1934 53.
2088 1875 2173 1946 Η)
2208 1890 2222 1925 :

655 1987 726 2039 ita
754 1984 973 2039 et‘nunc
1003 1981 1340 2038 sensibilibus
1367 1987 1567 2032 tantum
1595 1972 1819 2038 inhiant,
1845 1981 1899 2025 et
1929 1970 2082 2038 hujus
2105 1969 2224 2022 illos

657 2077 886 2146 pudebat
923 2074 1195 2130 Cit-citatis.
1246 2070 1443 2125 Deinde
1491 2067 1777 2122 ostendens
1829 2063 2017 2118 melius
2067 2074 2221 2126 esse,

657 2172 798 2239 ipsos
826 2180 944 2220 esse
968 2178 1137 2219 caecos
1154 2177 1310 2232 quam
1335 2159 1533 2222 videre,
1553 2157 1624 2210 ait
1649 2174 1661 2209 :
1682 2156 1769 2209 4i.
1801 2155 1859 2208 Si
1890 2152 2008 2206 caici
2033 2151 2219 2213 essetis,

657 2278 755 2314 non
782 2258 1022 2312 haberetis
1053 2265 1326 2326 peccatum.
1350 2253 1481 2306 Cum
1507 2251 1859 2305 calamitatem
1887 2247 2050 2308 illam,
2081 2245 2228 2315 igno-

660 2351 876 2404 miniata
905 2362 1022 2402 esse
1053 2354 1294 2415 putarent
1321 2385 1333 2408 ,
1364 2343 1414 2398 id
1447 2344 1497 2396 in
1526 2344 1756 2412 ipsorum
1781 2349 1938 2409 caput
1967 2337 2228 2392 convertit

663 2442 845 2495 dicens
865 2480 878 2502 ,
930 2438 1040 2492 lloc
1071 2436 1220 2491 vobis
1269 2433 1590 2489 tolerabilius
1621 2427 1865 2486 redderet
1893 2428 2226 2498 supplicium.

663 2532 738 2585 Ita
770 2544 978 2596 semper
1003 2525 1260 2580 humanos
1301 2537 1488 2577 sensus
1533 2530 1773 2584 resecat,
1815 2529 1868 2574 et
1893 2519 1959 2572 ad
1987 2531 2231 2586 magnam

662 2619 1060 2686 mirabilemque
1096 2613 1467 2684 cogitationem
1506 2612 1680 2680 erigit.
1728 2610 1882 2663 Nunc
1933 2617 2096 2662 autem
2149 2624 2233 2661 eos

662 2713 827 2765 uidere
864 2709 1043 2762 dicitis.
1076 2707 1223 2762 Sicut
1254 2706 1322 2759 ibi
1363 2704 1518 2771 dicit,
1563 2703 1721 2768 Quem
1746 2719 1830 2757 vos
1851 2701 2088 2755 dicebatis
2115 2700 2234 2770 quia

662 2805 799 2860 Deus
829 2815 981 2859 vester
1011 2812 1082 2857 est
1108 2817 1124 2855 :
1147 2802 1221 2856 sic
1246 2799 1418 2854 ethoc
1444 2799 1578 2862 loco,
1608 2795 1756 2850 Nunc
1776 2806 1940 2849 autent
1967 2811 2050 2848 eos
2072 2794 2236 2847 uidere

664 2897 824 2950 dicitis
856 2910 876 2948 :
907 2907 1075 2963 neque
1123 2891 1262 2946 enim
1312 2889 1518 2942 videtis.
1565 2887 1657 2940 llic
1693 2887 1833 2956 quod
1868 2884 1968 2939 sibi
2006 2885 2236 2938 maxime

668 2985 805 3039 laudi
831 2999 950 3039 esse
983 2981 1406 3044 arbitrabantur,
1449 2977 1503 3032 id
1544 2977 1800 3045 supplicio
1840 2975 1955 3029 fore
1980 2973 2233 3028 ostendit.

671 3078 732 3129 l-Zt
751 3089 947 3129 caecum
978 3082 1153 3126 natum
1180 3071 1246 3124 de
1269 3070 1442 3139 priore
1470 3065 1707 3121 czeeitate
1729 3065 2064 3120 consolatur:
2093 3071 2240 3132 post-

669 3182 729 3220 ea
749 3166 814 3221 de
833 3165 1044 3219 illorum
1069 3163 1304 3218 excitate
1326 3159 1572 3229 loquitur.
1595 3157 1668 3212 Ne
1681 3156 1918 3211 dicerent
1935 3154 2103 3208 enim:
2126 3153 2238 3207 Non

672 3273 737 3311 ex
763 3257 1000 3311 cmcitate
1027 3259 1290 3323 provenit,
1315 3251 1454 3322 quod
1483 3249 1549 3303 ad
1577 3258 1626 3304 te
1651 3264 1754 3303 non
1782 3247 2114 3310 accedamus,
2147 3245 2239 3299 sed

671 3361 719 3400 te
745 3356 799 3398 ut
826 3346 1161 3414 deceptorem
1189 3355 1530 3402 aversantur;
1561 3354 1618 3392 ea
1649 3339 1818 3392 solum
1840 3339 1905 3391 de
1929 3351 1986 3390 re
2006 3335 2235 3390 disserit.

740 3435 794 3487 2.
842 3434 949 3489 Nec
981 3435 1094 3487 sine
1122 3446 1277 3486 causa
1308 3430 1629 3498 evangelista
1661 3427 1913 3490 narravit,
1945 3425 2241 3480 Pharisa‘os

671 3525 948 3597 quosdam,
969 3524 1054 3592 qui
1078 3538 1196 3577 cum
1217 3521 1307 3574 illo
1324 3532 1495 3584 erant,
1521 3519 1633 3573 hmc
1653 3517 1917 3571 audivisse
1937 3530 1999 3570 ac
2017 3515 2237 3582 dixisse,

677 3613 938 3683 Numquid
959 3623 1003 3666 et
1035 3628 1122 3665 nos
1148 3613 1264 3664 ι·ωεὶ
1293 3609 1506 3662 smnus?
1535 3607 1626 3661 sed
1658 3615 1711 3660 ut
1735 3607 1825 3660 tibi
1852 3607 1903 3659 in
1931 3605 2240 3660 memoriam

674 3713 951 3759 revocaret
976 3717 1067 3757 eos
1099 3703 1240 3771 ipsos
1262 3714 1402 3764 esse,
1425 3699 1514 3770 qui
1538 3707 1659 3751 ante
1685 3697 1750 3750 ab
1776 3697 1866 3750 illo
1891 3705 2240 3758 recesserant,

672 3798 925 3864 illumque
959 3792 1284 3862 lapidabant.
1311 3790 1472 3854 Erant
1497 3789 1640 3842 enim
1671 3787 1879 3856 quidam
1909 3786 1996 3855 qui
2029 3786 2243 3854 perfun-

671 3888 838 3939 ctorie
867 3884 1238 3951 sequebantur,
1276 3889 1326 3932 et
1355 3879 1507 3932 facile
1535 3878 1588 3930 in
1623 3877 1944 3930 contrarium
1971 3874 2246 3928 verteban-

677 3987 778 4030 tur.
814 3974 1084 4029 Uudenant
1117 3986 1244 4040 ergo
1269 3986 1327 4025 se
1359 3968 1564 4040 probat,
1598 3981 1700 4021 non
1730 3966 2069 4034 deceptorem
2093 4005 2108 4030 ,
2150 3964 2244 4018 sed

677 4075 941 4135 pastorem
984 4078 1101 4118 esse
1123 4062 1373 4116 ixAllatis
1415 4061 1658 4128 utrinque
1705 4058 1912 4112 indiciis
1938 4066 1990 4112 et
2019 4056 2246 4125 pastoris

673 4169 728 4212 et
753 4157 1067 4224 deceptoris,
1091 4164 1145 4210 et
1167 4155 1286 4208 hinc
1314 4154 1416 4207 illis
1437 4150 1772 4221 explorandae
1801 4148 2036 4204 veritatis
2060 4163 2244 4202 ausam

679 4249 897 4320 praebet.
947 4248 1012 4300 Et
1055 4245 1225 4314 primo
1253 4244 1372 4313 quis
1403 4243 1471 4296 sit
1513 4242 1765 4308 deceptor
1795 4248 1849 4293 et
1877 4237 1958 4291 fur
1984 4237 2245 4302 ostendit,

678 4356 744 4392 ex
772 4337 1057 4406 Scriptur'ts
1099 4336 1176 4388 sic
1205 4347 1399 4386 vocans
1435 4332 1583 4385 illum
1625 4331 1707 4382 his
1733 4329 1907 4382 verbis
1935 4327 2082 4397 (Cap.
2122 4327 2206 4396 10)
2233 4344 2244 4379 :

680 4432 732 4483 l.
768 4428 940 4489 Amen,
971 4441 1114 4478 anten
1144 4425 1255 4476 dico
1284 4423 1436 4485 vobis,
1463 4422 1547 4490 qui
1573 4436 1672 4472 non
1699 4420 1849 4471 intrat
1880 4435 1968 4487 per
1994 4418 2170 4470 ostium
2199 4419 2251 4470 in

679 4520 805 4572 ovile
835 4517 1016 4579 ouium,
1047 4515 1133 4568 sed
1158 4513 1380 4566 ascendit
1418 4511 1652 4575 aliunde,
1685 4509 1770 4562 ille
1798 4509 1882 4576 {ur
1922 4518 1996 4562 est
2019 4518 2066 4561 et
2097 4507 2245 4561 latro.

685 4608 812 4663 Vide
834 4608 1052 4661 latronis
1075 4608 1250 4674 signa;
1284 4603 1472 4672 primo,
1503 4616 1609 4654 non
1642 4599 1810 4669 palam
1835 4599 2026 4662 intrat;
2057 4613 2247 4653 secun.

683 4699 772 4762 do,
802 4713 905 4751 non
936 4711 1028 4763 per
1051 4695 1435 4762 Scripturarum
1465 4690 1818 4744 testimonium
1843 4707 1853 4742 :
1883 4689 1980 4744 hoc
2004 4688 2144 4742 enim
2169 4697 2252 4742 est

686 4805 788 4842 non
820 4788 1017 4842 intrare
1044 4799 1138 4852 per
1163 4783 1379 4836 ostium.
1413 4781 1509 4834 llic
1534 4795 1693 4850 porro
1719 4791 1771 4833 et
1802 4779 1889 4848 qui
1918 4778 2127 4832 luerunt
2151 4819 2165 4843 ,
2198 4786 2252 4832 et

683 4881 772 4951 qui
803 4879 957 4933 futuri
982 4885 1134 4931 erant
1154 4874 1370 4938 indicat,
1390 4873 1794 4937 Antichristum,
1815 4871 1974 4924 falsos
1990 4868 2250 4934 Christus,

683 4972 868 5024 ludam
897 4978 950 5023 et
974 4967 1268 5028 Theudam,
1299 4972 1352 5018 et
1376 4963 1507 5016 alios
1547 4960 1876 5029 huiusmodi;
1918 4961 2037 5029 jure
2077 4969 2252 5013 autem

689 5063 883 5117 Ostium
923 5061 1222 5127 Scripturas
1253 5063 1423 5110 vocat.
1466 5053 1557 5107 Ha:
1597 5068 1822 5122 namque
1849 5067 1944 5107 nos
1977 5051 2044 5106 ad
2085 5052 2253 5105 Deum

686 5155 902 5218 ducunt,
932 5160 985 5206 et
1008 5151 1096 5204 Dei
1117 5148 1469 5218 cognitionem
1489 5145 1765 5214 aperiunt:
1785 5145 1866 5198 hae
1886 5159 2013 5198 oves
2037 5144 2253 5208 iaciunt,

687 5247 770 5303 lae
798 5243 1140 5308 custodiunt,
1188 5256 1285 5295 nec
1310 5241 1461 5309 lupos
1489 5236 1690 5308 ingredi
1723 5237 1920 5290 sinunt.
1965 5237 2256 5302 Tamquam

688 5339 828 5392 ettittt
871 5345 1040 5389 tutum
1077 5335 1268 5388 ostium
1292 5374 1305 5400 ,
1353 5332 1633 5386 haereticos
1658 5329 1726 5383 ab
1753 5329 1994 5399 ingressu
2040 5337 2255 5393 arcent,

690 5445 888 5501 nosque
932 5431 981 5483 in
1027 5427 1307 5482 securitate
1333 5440 1433 5498 qua
1463 5425 1705 5479 volumus
1749 5424 2112 5486 constituunt,
2163 5436 2261 5474 nec

691 5524 866 5579 sinunt
903 5534 1104 5574 errare.
1135 5516 1266 5571 Etsi
1296 5517 1394 5571 hoc
1421 5516 1616 5571 ostium
1649 5530 1753 5568 non
1798 5514 2088 5583 pattdatnus
2111 5553 2124 5575 ,
2157 5527 2259 5563 non

697 5616 892 5668 erimus
939 5611 1166 5668 inimicis
1211 5619 1367 5679 captu
1417 5609 1613 5662 faciles.
1665 5607 1798 5664 llinc
1843 5621 1956 5671 eos,
2008 5605 2092 5674 qui
2139 5617 2262 5656 vere

700 5693 952 5781 pistores,
975 5714 1028 5762 et
1048 5704 1135 5777 qui
1158 5717 1261 5758 non
1285 5710 1521 5772 pastores
1543 5711 1682 5765 sunt,
1702 5711 2098 5770 cognoscemus.
2125 5694 2258 5764 Quid

1370 339 1422 394 S.
1463 331 1737 391 JOANNIS
1775 320 2240 388 CIIRYSOSTOMI
2276 317 2589 378 ARCIHEP.
2629 311 2833 370 CONSI
2851 313 3156 370 ΑΝΤΙΝΟΡ.

3782 308 3888 364 318

2311 427 2413 486 sibi
2438 431 2549 484 vult
2571 439 2746 485 autem
2768 471 2782 495 ,
2818 427 2881 482 In
2908 431 3076 485 orile.’
3103 430 3158 486 Id
3197 441 3308 495 est,
3344 431 3422 487 Ad
3453 433 3710 490 curandas
3732 452 3888 492 oves.

2312 519 2411 586 Qui
2447 521 2589 575 enim
2631 535 2782 576 sacra
2829 535 2934 575 non
2977 523 3142 575 utitur
3185 521 3487 592 Scriptum,
3533 528 3627 580 sed
3673 528 3893 582 aliunde

2309 615 2584 680 ascendit;
2615 614 2666 668 id
2695 626 2796 680 est,
2827 615 2914 684 qui
2951 615 3049 670 sibi
3078 616 3234 670 aliam
3263 627 3315 671 et
3342 634 3445 671 non
3473 627 3722 673 statutam
3748 621 3891 674 viam

2315 707 2489 774 aperit
2512 724 2526 762 :
2552 705 2635 760 hic
2663 707 2745 760 fur
2768 715 2868 761 est.
2905 705 3091 760 Viden‘
3122 706 3243 762 hinc
3268 724 3388 762 eum
3417 725 3535 763 eum
3574 710 3727 764 Patre
3756 725 3893 764 eon-

2317 797 2553 861 seutire,
2591 796 2717 850 dum
2761 796 3064 866 Scripturas
3090 799 3142 852 in
3171 798 3402 852 medium
3430 799 3615 854 aﬂ‘ert?
3655 801 3778 856 Ideo
3800 801 3898 856 Ju-

2319 884 2450 940 dzeis
2475 885 2704 950 dicebat,
2731 888 3044 942 Scrulamini
3073 889 3366 958 Scripturas
3393 890 3570 959 (Joan.
3605 893 3658 948 5.
3684 893 3809 958 59);
3840 904 3900 947 et

2320 975 2536 1048 Moysen
2579 978 2632 1032 in
2662 979 2896 1033 medimn
2929 978 3155 1033 adduxit
3182 981 3233 1034 in
3262 990 3449 1035 testem
3471 1023 3486 1046 ,
3535 997 3740 1037 necnon
3773 1000 3902 1052 pro-

2321 1066 2509 1137 phetas
2537 1083 2744 1123 omnes.
2772 1067 2974 1132 Omnes,
3010 1071 3198 1140 inquit,
3229 1072 3316 1142 qui
3341 1073 3553 1126 audiant
3586 1075 3861 1142 prophetas
3882 1116 3899 1137 ,

2321 1161 2514 1213 venient
2539 1160 2608 1212 ad
2644 1175 2764 1222 me;
2805 1170 2891 1225 et,
2941 1160 3002 1214 Si
3028 1162 3296 1215 crederetis
3325 1161 3493 1232 Moysi
3515 1202 3532 1227 ,
3560 1163 3827 1216 crederetis
3855 1172 3904 1216 et

2323 1251 2448 1304 mihi
2473 1249 2630 1323 (Ibid.
2658 1266 2706 1304 υ.
2730 1251 2838 1317 46).
2869 1251 2967 1306 llic
2994 1267 3152 1321 porro
3180 1252 3308 1307 illud
3339 1254 3506 1322 ipsum
3536 1254 3908 1322 metaphor-ica

2324 1343 2490 1410 ponit.
2514 1342 2647 1396 Cum
2699 1342 2832 1396 dixit
2879 1351 3078 1408 autem,
3136 1343 3372 1398 Ascendit
3420 1345 3647 1408 aliunde,
3696 1345 3910 1398 scribas

2325 1431 2679 1486 subindicavit
2699 1471 2712 1495 ,
2755 1432 2876 1502 quia
2905 1431 3167 1487 docebant
3201 1444 3485 1502 pnecepta,
3510 1434 3782 1488 doctrinas
3807 1434 3910 1486 lto-

2325 1521 2524 1575 mitium
2563 1520 2776 1592 (Matth.
2809 1522 2894 1576 lii.
2923 1522 3002 1591 9),
3045 1531 3098 1577 et
3142 1524 3312 1594 legem
3352 1524 3907 1593 transgrediebantur,

2325 1611 2466 1680 quod
2503 1613 2626 1680 ipsis
2665 1611 2992 1680 exprobrans
3034 1613 3278 1668 dicebat:
3306 1615 3467 1670 Nemo
3511 1624 3727 1667 oestrum
3782 1616 3910 1683 facit

2327 1708 2480 1773 legem
2504 1707 2676 1780 (Joan.
2707 1710 2760 1762 7.
2782 1703 2892 1773 l9).
2919 1707 2993 1762 Ac
3015 1707 3180 1777 probe
3202 1708 3352 1773 dixit,
3383 1707 3636 1770 Ascendit,
3665 1723 3793 1772 non,
3826 1706 3912 1760 lu-

2327 1796 2580 1866 greditur,
2604 1798 2744 1867 quod
2772 1807 2854 1852 est
2879 1797 3010 1852 fut-is
3039 1799 3294 1867 parietem
3324 1797 3633 1868 supergredi
3663 1799 3908 1860 nitentis,

2329 1896 2515 1940 etcum
2540 1888 2775 1955 periculo
2790 1887 2964 1941 onmia
2980 1886 3433 1942 iacientis.\'idett’
3453 1886 3720 1957 quomodo
3737 1886 3910 1940 iurent

2329 1977 2642 2046 descripsit?
2657 1977 2771 2032 Jam
2795 1979 3020 2046 pastoris
3050 1976 3302 2033 indicium
3329 1979 3708 2032 animadverte.
3725 1977 3876 2044 Quod
3892 2008 3912 2017 -

2331 2081 2452 2121 nam
2485 2065 2610 2121 illud
2651 2068 2776 2121 eSt?
2816 2069 2870 2120 2.
2915 2069 3014 2131 Qui
3052 2069 3206 2122 intrat
3248 2084 3338 2137 per
3383 2069 3598 2133 ostium,
3642 2081 3815 2137 pastor
3839 2077 3916 2122 cst

2330 2159 2514 2212 ouium.
2548 2159 2600 2213 5.
2634 2157 2765 2213 Huic
2789 2160 3024 2213 ostiarius
3049 2161 3231 2228 aperit,
3278 2169 3325 2212 et
3363 2175 3526 2214 recent
3550 2162 3657 2230 ejus
3681 2177 3794 2214 oves
3822 2179 3918 2211 au-

2333 2251 2496 2316 diunt,
2525 2260 2570 2304 et
2597 2251 2827 2319 praprias
2854 2260 2993 2304 rocat
3019 2252 3350 2316 nominatim;
3378 2251 3432 2305 4.
3463 2261 3508 2304 et
3535 2266 3649 2304 cum
3674 2269 3759 2305 cas
3785 2251 3915 2304 emi-

2334 2343 2491 2406 serit,
2538 2351 2653 2394 ante
2679 2358 2763 2396 eas
2793 2342 2949 2395 radit.
2980 2340 3174 2396 Iudicia
3215 2342 3393 2410 posuit
3417 2350 3470 2396 et
3493 2343 3723 2410 pastoris
3755 2351 3809 2394 et
3843 2341 3920 2393 la-

2338 2431 2523 2486 tronis.
2571 2430 2857 2486 Videamus
2895 2447 3000 2501 quo
3045 2441 3198 2502 pacto
3229 2431 3331 2486 illis
3358 2431 3631 2501 sequentia
3663 2431 3918 2500 applicet.

2339 2520 2497 2586 Huic,
2530 2522 2716 2592 inquit,
2747 2523 2984 2576 ostiarius
3009 2525 3190 2591 aperit.
3226 2522 3280 2576 In
3322 2522 3629 2592 metaphora
3657 2522 3922 2592 persistit,

2339 2622 2398 2667 ut
2441 2615 2821 2682 signiﬁcantius
2865 2614 3130 2684 loquatur.
3181 2613 3333 2680 Quod
3375 2616 3417 2668 si
3451 2615 3719 2685 parabolae
3757 2613 3922 2669 verba

2339 2705 2541 2773 singula
2587 2705 2868 2774 explorare
2913 2705 3078 2767 velis,
3127 2704 3261 2760 nihil
3299 2704 3473 2760 obstat
3513 2705 3796 2773 quominus
3836 2706 3925 2758 hic

2339 2794 2613 2848 ostiarium
2661 2795 3018 2864 intelligamus
3045 2794 3282 2866 Moysen.
3316 2794 3390 2848 Illi
3422 2810 3648 2864 namque
3687 2795 3782 2848 Dei
3811 2795 3925 2848 elo-

2340 2887 2461 2954 quia
2490 2886 2690 2941 credita
2717 2896 2859 2953 sunt,
2885 2888 3038 2957 cuius
3063 2903 3247 2942 vocem
3275 2903 3403 2942 oves
3431 2887 3669 2951 audiunt,
3705 2886 3768 2939 Et
3799 2904 3926 2953 pro-

2343 2976 2482 3044 prias
2523 2986 2664 3029 coeat
2706 2978 3020 3030 nominatim.
3066 2975 3199 3031 Cum
3241 2979 3383 3034 enim
3424 2977 3571 3031 illum
3617 2977 3927 3046 frequenter

2343 3067 2680 3137 deceptorem
2709 3078 2980 3133 vocarent,
3012 3069 3168 3138 idque
3194 3083 3258 3124 ex
3288 3067 3656 3124 incredulitate
3676 3083 3768 3122 sua
3793 3083 3930 3121 con-

2345 3157 2618 3212 firmarent
2659 3158 2929 3221 dicentes,
2967 3159 3090 3224 Quis
3131 3161 3421 3229 principum
3462 3159 3672 3214 credidit
3718 3161 3769 3213 in
3808 3177 3929 3214 eum

2349 3246 2526 3317 (Joan.
2559 3249 2610 3302 ἵ.
2644 3249 2770 3318 48)ἳ
2803 3265 2906 3304 non
2937 3265 3002 3304 ex
3032 3251 3265 3318 ipsorum
3304 3250 3674 3306 incredulitate
3698 3265 3757 3304 se
3777 3290 3790 3311 ,
3831 3252 3929 3304 sed

2347 3339 2466 3393 illos
2507 3338 2824 3409 dereptores
2844 3349 2898 3394 et
2929 3341 3254 3406 perniciosos
3293 3355 3412 3396 esse
3461 3340 3729 3396 vocandas
3759 3340 3889 3394 dicit
3911 3380 3928 3404 ,

2346 3431 2486 3501 quod
2515 3432 2610 3485 sibi
2643 3448 2746 3486 non
2778 3431 3116 3487 attenderem
3135 3474 3149 3494 ,
3181 3446 3245 3486 ac
3275 3431 3495 3502 proinde
3521 3447 3588 3486 ex
3616 3432 3796 3485 ovium
3825 3449 3932 3485 nn-

2346 3537 2496 3576 mero
2516 3521 2635 3592 jure
2674 3523 2830 3591 ejecti
2860 3532 3057 3576 essent.
3087 3521 3217 3576 Nam
3247 3523 3290 3576 si
3325 3523 3549 3592 pastoris
3584 3531 3664 3575 est
3691 3535 3786 3590 per
3815 3533 3932 3575 sta-

2349 3624 2516 3669 tutum
2559 3614 2759 3684 ingredi
2788 3614 2987 3669 ostium
3004 3655 3019 3680 ,
3045 3622 3098 3668 et
3124 3614 3236 3682 ipse
3262 3629 3358 3683 per
3384 3612 3485 3668 hoc
3515 3614 3784 3682 ingressus
3811 3623 3930 3678 est;

2347 3706 2437 3776 qtti
2459 3713 2752 3775 sequuntur
2781 3719 2984 3768 omnes,
3017 3718 3146 3759 oves
3167 3717 3287 3759 esse
3319 3712 3597 3772 poterunt;
3629 3702 3718 3772 qui
3747 3713 3932 3757 autem

2349 3809 2406 3849 se
2432 3802 2848 3864 sequestrarunt,
2880 3808 2982 3847 nou
3007 3793 3126 3847 ideo
3152 3793 3351 3862 pastori
3379 3807 3630 3857 nocuere,
3657 3793 3751 3847 sed
3780 3808 3840 3848 se
3868 3810 3932 3848 ex

2349 3887 2530 3940 ovium
2561 3886 2814 3941 societate
2854 3884 3242 3953 disjunxerunt.
3273 3883 3426 3952 Quod
3451 3884 3495 3939 si
3521 3898 3582 3939 se
3607 3898 3718 3954 ipse
3747 3896 3932 3953 postea

2350 3978 2544 4031 ostium
2569 3975 2728 4040 dicit,
2759 3990 2916 4030 nemo
2942 3975 3281 4044 perturbetur
3305 3993 3316 4028 :
3343 3990 3464 4029 nam
3495 3990 3554 4029 se
3579 3983 3633 4029 et
3663 3985 3932 4042 pastori-tn

2351 4067 2474 4121 dicit
2515 4075 2568 4120 et
2610 4081 2798 4128 ovem,
2841 4063 3133 4119 secundum
3174 4063 3414 4118 diversas
3451 4064 3768 4118 meonomia:
3821 4078 3933 4117 sua:

2352 4160 2603 4211 rationes.
2643 4156 2775 4210 Nam
2804 4155 3016 4223 quando
3060 4169 3157 4209 nos
3205 4154 3346 4209 Patri
3393 4153 3589 4220 oll‘ert,
3627 4168 3686 4208 se
3735 4155 3926 4207 ostiut..

2355 4249 2617 4319 appellat;
2649 4262 2769 4302 cum
2793 4246 2959 4301 nostri
2989 4261 3170 4300 curam
3191 4245 3344 4315 gerit,
3370 4255 3658 4314 pastorem.
3683 4243 3760 4298 Ne
3791 4261 3856 4298 cu
3883 4262 3932 4298 tn

2356 4341 2524 4395 solum
2552 4340 2666 4408 ejus
2695 4353 2826 4409 opus
2855 4353 2974 4392 esse
3004 4346 3156 4407 putes
3176 4377 3190 4403 ,
3227 4336 3366 4407 quod
3413 4351 3510 4392 nos
3539 4336 3680 4390 Patri
3711 4338 3930 4399 ollerat,

2354 4446 2412 4486 se
2439 4441 2700 4500 pastorem
2733 4439 2904 4484 vocat.
2932 4429 2997 4482 Et
3017 4445 3130 4484 oues
3155 4444 3321 4482 vocent
3345 4428 3454 4498 ejus
3479 4429 3712 4493 audiunt,
3739 4439 3786 4482 et
3815 4446 3934 4497 pro-

2356 4524 2490 4592 prias
2516 4537 2627 4575 oues
2647 4531 2807 4585 vocat,
2838 4531 2882 4574 et
2906 4521 3071 4574 educit
3101 4536 3186 4574 eas
3206 4561 3221 4585 ,
3253 4529 3299 4572 et
3335 4530 3452 4572 ante
3477 4535 3560 4573 eas
3587 4521 3742 4572 vadit.
3777 4521 3934 4589 Atqui

2354 4621 2538 4667 contra
2561 4655 2574 4677 ,
2607 4621 2845 4680 pastores
2875 4621 3167 4680 sequuntur
3195 4624 3341 4664 oves.
3371 4608 3570 4662 Verum
3601 4609 3690 4662 ille
3711 4651 3723 4671 ,
3761 4619 3820 4662 ut
3847 4625 3935 4661 us-

2359 4703 2536 4757 tendat
2553 4717 2609 4757 se
2629 4716 2815 4756 omnes
2837 4703 2901 4755 ad
2928 4704 3200 4756 veritatem
3223 4701 3571 4755 deducturum
3588 4715 3728 4760 esse.
3749 4711 3936 4754 contra

2358 4803 2628 4865 pastorum
2657 4807 2859 4850 morem
2889 4791 2994 4859 agit
3019 4809 3029 4843 :
3055 4802 3305 4845 utautem
3334 4805 3454 4844 cum
3476 4805 3604 4844 oves
3631 4791 3830 4851 emisit,
3861 4791 3938 4858 (a)

2364 4887 2491 4955 (non
2524 4894 2699 4948 extra,
2746 4883 2839 4937 sed
2878 4883 2930 4937 in
2978 4881 3207 4935 medium
3254 4881 3496 4950 luporum
3539 4880 3760 4950 emisit).
3806 4879 3934 4936 Nam

2361 4977 2512 5046 longe
2561 4974 2831 5028 'tirabilior
2860 4982 3038 5026 nostra
3067 4971 3180 5026 inec
3211 4971 3492 5041 pastoralis
3519 4985 3643 5025 cura
3675 4981 3782 5027 est.

2431 5070 2481 5124 3.
2511 5070 2574 5120 lu
2615 5082 2712 5137 quo
2739 5067 3070 5135 distinguatur
3098 5079 3241 5117 verus
3266 5064 3494 5119 Christus
3534 5079 3564 5115 a
3605 5064 3774 5132 falsis,
3797 5065 3940 5118 Chri-

2359 5162 2465 5213 stis.
2494 5191 2561 5199 —
2586 5160 2805 5213 Videtur
2834 5168 3007 5212 autem
3050 5156 3176 5209 mihi
3209 5154 3296 5210 hic
3335 5170 3533 5209 caecum
3575 5153 3895 5229 subindicari
3925 5197 3939 5216 ,

2361 5265 2516 5320 quem
2543 5251 2749 5303 vocavit
2776 5263 2841 5302 ex
2873 5246 3050 5301 medio
3080 5245 3404 5307 Judarorum,
3429 5256 3482 5300 et
3508 5245 3596 5300 ille
3620 5259 3804 5298 vocem
3829 5245 3943 5312 ejus

2361 5342 2559 5395 audivit
2583 5349 2635 5395 et
2663 5340 2825 5393 novit.
2860 5340 2909 5393 5.
2943 5339 3175 5392 Alienum
3213 5354 3325 5390 vero
3367 5354 3466 5391 non
3497 5349 3794 5408 sequuntur,
3860 5338 3943 5390 niis

2363 5436 2638 5488 alienorum
2662 5449 2825 5486 vocem
2854 5433 3096 5486 nesciunt.
3127 5432 3220 5486 llic
3245 5430 3479 5486 Theud:e
3513 5439 3600 5483 aut
3621 5429 3772 5484 JUtliB
3795 5446 3943 5484 asse-

2363 5527 2474 5580 clas
2500 5526 2623 5579 dicit
2650 5527 2801 5592 (nam
2833 5525 3103 5592 Quotquot,
3140 5524 3334 5592 inquit,
3368 5525 3420 5576 in
3451 5523 3569 5576 illos
3599 5522 3943 5587 crediderunt,

2432 5642 2502 5700 (a)
2537 5647 2645 5696 Qua:
2705 5639 2875 5688 .m-iuis
2900 5637 3204 5697 clauduntur,
3232 5638 3276 5684 in
3297 5637 3582 5698 quibusdam
3748 5634 3932 5684 ollilSSJ

2358 5711 2487 5752 δυιιὶ,
