4164 6330
149 380 250 438 1'35

153 483 358 556 dispersi
384 488 507 537 sunt
535 476 670 549 (Act.
693 472 747 530 5.
771 469 859 527 56.
881 464 1012 536 '57);
1038 463 1152 556 sive
1168 463 1330 556 etiam
1347 457 1733 556 futurospseti-

154 543 449 636 eocbristos
477 543 571 642 qui
600 565 793 623 multos
819 566 1003 631 postea
1040 550 1306 610 seducturi
1334 555 1508 604 erant.
1535 544 1616 601 Ne
1652 543 1738 642 di:

157 634 334 722 cet-ent
353 634 531 729 enim;
560 672 619 715 se
647 651 929 727 quemdam
968 648 1203 718 ipsorum
1230 655 1373 707 esse,
1407 639 1563 708 longe
1587 650 1646 729 se
1672 634 1741 690 ab

157 757 259 815 illis
289 726 566 812 diversum
596 726 849 805 ostendit.
878 741 1115 797 Primam
1141 733 1497 791 differentiam
1546 726 1738 791 affert,

156 848 451 905 doctrinam
477 860 545 902 ex
563 836 855 909 Scripturis
875 840 1165 900 sumptam,
1189 840 1413 897 quarum
1441 822 1603 877 ductu
1624 818 1747 873 illos

154 941 345 1013 agebat
387 956 403 996 :
443 936 531 993 alii
582 945 711 987 vero
748 940 928 985 secus.
982 919 1225 979 Secunda
1270 912 1571 1013 differentia
1627 917 1745 966 erat

155 1006 331 1087 ovium
364 1023 689 1084 obedientia.
724 1019 827 1091 ipsi
856 1014 1083 1083 namque
1123 1024 1229 1065 non
1273 1006 1469 1063 viventi
1502 1012 1740 1069 tantum,

159 1122 256 1178 sed
282 1122 449 1178 etiam
476 1126 687 1174 mortuo
710 1110 1055 1186 crediderunt
1082 1124 1096 1161 :
1126 1104 1245 1159 illos
1271 1114 1400 1157 vero
1442 1097 1620 1155 statim
1654 1109 1748 1150 re-

155 1211 453 1282 iiquerunt.
484 1206 718 1263 Tertiam
745 1215 845 1258 nee
886 1197 1154 1254 modicam
1183 1192 1424 1282 adjicere!
1438 1200 1745 1282 possumus.

154 1277 234 1358 illi
265 1310 327 1357 ut
356 1298 567 1373 tyranni
595 1296 665 1352 ad
683 1292 1034 1351 defectionem
1062 1285 1241 1341 omnia
1270 1280 1541 1373 faciebant
1575 1296 1596 1373 -ε
1634 1277 1750 1347 ipse

155 1370 423 1449 untuma
454 1391 543 1447 tali
566 1385 871 1458 suspicione
895 1382 1097 1444 aberat,
1123 1384 1183 1431 ut
1202 1388 1323 1429 cum
1348 1372 1547 1427 vellent
1574 1370 1748 1438 ipsum

154 1498 340 1554 regem
369 1480 570 1547 facere,
601 1476 833 1549 fugerit;
873 1481 1076 1528 etcum
1108 1468 1501 1534 interrogarent
1524 1472 1593 1513 an
1619 1458 1757 1512 lice-

155 1552 241 1630 ret
260 1587 487 1630 censum
523 1570 652 1627 dare
677 1567 878 1624 Cmsari
902 1607 919 1633 ,
953 1564 1163 1620 solvere
1183 1560 1420 1632 juberet,
1450 1563 1612 1625 atque
1638 1552 1753 1623 ipse

154 1665 323 1721 etiam
343 1661 655 1719 didracbma
677 1659 852 1714 daret.
881 1656 966 1711 Ad
985 1654 1100 1709 haec
1124 1654 1238 1722 ipse
1261 1664 1359 1721 pro
1377 1648 1550 1703 salute
1574 1643 1752 1699 ovium

152 1754 330 1819 venit,
362 1762 423 1808 ut
464 1752 631 1807 vitam
656 1749 943 1813 haberent,
975 1753 1030 1801 et
1062 1741 1416 1799 abundantius
1444 1736 1705 1792 haberent
1735 1748 1749 1787 :

159 1846 240 1901 illi
278 1858 412 1899 vero
436 1840 689 1914 praesenti
730 1840 892 1894 etiam
916 1837 1022 1890 vita
1070 1846 1197 1889 suos
1226 1830 1521 1902 privarunt.
1550 1824 1630 1881 Illi
1661 1836 1756 1879 eos

155 1935 249 2005 qui
307 1933 412 1990 sibi
456 1932 647 1988 crediti
700 1937 856 1986 erant
892 1924 1286 1997 prodiderunt,
1342 1927 1398 1978 et
1448 1917 1699 1988 fugerunt
1738 1930 1752 1968 :

156 2022 412 2079 Christus
437 2036 563 2077 vero
594 2022 664 2075 ita
695 2018 908 2073 fortiter
932 2015 1113 2080 stetit,
1140 2022 1198 2067 ut
1221 2010 1453 2065 animam
1474 2021 1625 2062 suam
1652 2014 1759 2058 tra-

157 2115 338 2170 deret.
368 2112 447 2167 llli
487 2111 678 2178 inviti,
707 2108 878 2164 coacti
906 2115 963 2162 et
990 2104 1254 2175 fugientes
1283 2099 1427 2170 passi
1456 2104 1583 2153 sunt
1610 2113 1624 2150 :
1670 2093 1759 2149 hic

160 2208 345 2263 hbeas
371 2214 428 2261 et
454 2204 640 2258 volens
684 2202 861 2257 omnia
894 2197 1135 2268 pertulit.
1169 2193 1225 2249 6.
1282 2192 1398 2247 Hoc
1442 2186 1767 2261 proverbium

162 2298 297 2351 dixit
325 2297 398 2351 eis
420 2294 594 2349 Jesus.
627 2291 720 2346 Illi
744 2300 914 2344 autem
942 2303 1045 2343 non
1084 2290 1425 2357 cognouerunt
1444 2279 1565 2351 quid
1589 2277 1766 2349 loque-

163 2396 309 2441 retur
352 2387 446 2440 eis.
494 2383 606 2441 Cur
648 2382 881 2438 obscure
924 2375 1279 2449 loquebatur?
1330 2372 1402 2430 Ut
1448 2370 1772 2426 attentiores

165 2476 445 2533 redderet.
472 2475 574 2531 Ubi
603 2482 783 2530 autem
815 2470 946 2527 illud
975 2468 1150 2525 eli‘ecit
1168 2509 1184 2533 ,
1210 2464 1592 2521 obscuritatem
1624 2457 1763 2513 tollit

166 2566 251 2622 bis
276 2565 496 2621 verbis:
525 2563 579 2620 9.
613 2562 731 2636 Ego
755 2579 868 2618 sum
893 2562 1079 2615 ostium
1103 2574 1121 2613 :
1150 2573 1239 2629 per
1259 2571 1339 2609 me
1363 2554 1407 2609 si
1423 2552 1535 2618 quis
1554 2549 1764 2604 introie-

167 2658 269 2722 rit,
301 2655 615 2726 ingredietur
638 2661 686 2709 et
722 2652 1027 2724 egredietur,
1066 2658 1114 2703 et
1151 2660 1340 2717 pascua
1367 2644 1602 2699 inveniet.
1654 2639 1769 2695 Hoc

168 2755 255 2802 est
274 2788 290 2813 ,
324 2745 382 2801 In
410 2746 698 2801 securitate
718 2754 771 2801 et
794 2745 1043 2800 libertate
1066 2740 1211 2796 vivet
1240 2739 1460 2810 (pascua
1486 2744 1666 2790 autem
1685 2734 1772 2787 hie

170 2847 333 2895 vocat
354 2838 607 2908 pabulum
631 2837 831 2903 ovium,
858 2842 1283 2907 potestatemque
1304 2834 1360 2887 et
1377 2825 1774 2897 dominatum);

173 2927 283 2984 hcc
310 2936 416 2995 est,
453 2927 601 2983 Intus
630 2927 885 2994 manebit,
918 2934 971 2981 et
996 2938 1154 2979 nemo
1175 2921 1300 2977 inde
1322 2919 1557 2990 expellet
1582 2935 1596 2972 :
1624 2914 1770 2987 quod

176 3021 347 3074 etiam
390 3019 653 3088 apostolis
681 3018 892 3082 evenit,
924 3016 1015 3087 qui
1044 3015 1209 3069 libere
1246 3011 1519 3067 intrabant
1561 3016 1616 3063 et
1658 3006 1773 3063 eui-

177 3108 338 3174 bant,
367 3108 519 3179 quasi
543 3105 781 3161 universi
810 3105 956 3159 orbis
983 3101 1219 3167 domini;
1243 3114 1508 3171 nemoque
1537 3097 1658 3153 illos
1682 3095 1780 3166 eji-

177 3212 309 3254 cere
340 3198 530 3267 potuit.
561 3195 614 3252 8.
648 3195 835 3249 Omnes
873 3202 1116 3265 quotquot
1141 3200 1257 3246 ante
1283 3205 1362 3244 me
1382 3196 1678 3263 uenerunt,_
1693 3190 1778 3257 fu-

178 3305 267 3344 res
288 3298 410 3345 sunt
439 3297 486 3342 et
510 3288 733 3342 latrones
751 3303 771 3351 ;
786 3287 877 3339 sed
899 3300 1002 3337 non
1021 3282 1288 3336 audierunt
1309 3297 1393 3335 eos
1421 3295 1555 3333 oues.
1577 3278 1690 3333 Non
1714 3276 1783 3331 de

184 3376 477 3449 prophetis
498 3376 586 3431 hic
630 3376 881 3443 quuitur,
911 3372 1145 3450 ut_aiunt
1174 3369 1409 3425 haeretici
1454 3363 1602 3439 (illos
1638 3366 1781 3421 enim

181 3468 510 3534 audierunt,
567 3474 623 3523 et
672 3481 768 3537 per
815 3465 936 3521 illos
1006 3461 1354 3519 crediderunt
1417 3466 1676 3531 quotquot
1730 3457 1783 3511 in

181 3557 469 3614 Christum
495 3553 864 3627 crediderunt)
889 3571 905 3620 ;
935 3552 1028 3610 sed
1051 3552 1117 3608 de
1135 3550 1352 3607 Theuda
1382 3557 1437 3605 et
1462 3547 1599 3603 .Iuda
1640 3546 1788 3601 aliis-

183 3664 301 3720 que
329 3647 603 3704 seditiosis
641 3648 769 3717 agit.
799 3646 1072 3701 Prmterea
1104 3641 1326 3698 verbum
1352 3638 1483 3695 illud
1504 3679 1518 3705 ,
1546 3636 1669 3692 Non
1693 3653 1789 3691 au-

183 3742 401 3794 dierunt
425 3755 571 3804 oves,
603 3739 659 3793 in
688 3752 874 3792 earum
920 3735 1133 3790 laudem
1163 3733 1293 3788 dicit
1322 3751 1336 3787 :
1366 3747 1627 3803 nusquam
1656 3744 1786 3785 vero

184 3830 382 3885 laudat
426 3843 520 3884 eos
561 3827 653 3899 qui
700 3826 988 3897 prephetas
1016 3840 1121 3879 non
1161 3823 1481 3887 audierunt;
1516 3823 1623 3876 imo
1671 3820 1789 3874 illos

182 3918 489 3975 admodum
524 3918 786 3988 improbat
811 3925 864 3972 et
884 3913 1243 3985 reprehendit.
1268 3912 1403 3968 Hinc
1421 3913 1592 3983 palam
1618 3920 1701 3967 est
1725 3911 1791 3965 il-

184 4011 314 4079 lud,
352 4010 477 4065 Non
515 4010 819 4074 audierunt,
847 4007 916 4063 de
945 4006 1216 4062 seditiosis
1250 4004 1354 4059 illis
1377 4003 1577 4059 dictum
1605 4003 1791 4057 fuisse.

185 4103 287 4158 lo.
319 4100 441 4156 Fur
470 4117 571 4156 non
590 4101 745 4167 venit,
772 4100 869 4154 nisi
903 4108 958 4153 ut
994 4102 1192 4169 [uretur
1221 4107 1267 4151 et
1298 4106 1479 4150 mactet
1502 4105 1548 4150 et
1579 4096 1793 4165 perdat:

186 4203 249 4246 ut
281 4192 383 4247 hic
408 4192 667 4262 contigit;
698 4204 887 4245 omnes
915 4189 1057 4245 enim
1084 4188 1300 4243 mactati
1339 4186 1608 4256 occisique
1650 4194 1793 4241 sunt.

188 4282 315 4355 Ego
344 4292 515 4337 autem
542 4283 654 4337 verti
688 4291 745 4336 ut
768 4284 922 4335 vitam
959 4280 1175 4334 habeant
1199 4320 1214 4344 ,
1244 4288 1293 4333 et
1318 4278 1659 4332 abundantius
1699 4279 1797 4333 ha-

187 4374 381 4430 beant.
408 4373 549 4441 Quid
570 4415 586 4439 ,
618 4387 801 4443 quaeso
818 4414 832 4438 ,
865 4373 974 4426 vita
1000 4368 1399 4425 abundantius?
1422 4369 1663 4439 Regnum
1694 4385 1799 4425 οω-

186 4465 408 4520 lorum.
442 4462 639 4517 Verum
671 4462 723 4515 id
752 4461 986 4516 nondum
1013 4460 1144 4514 dicit
1166 4499 1180 4523 ,
1209 4449 1303 4513 sed
1329 4459 1451 4513 vitae
1487 4473 1681 4513 nomen
1721 4456 1801 4511 af-

187 4554 307 4608 fert
331 4594 351 4618 ,
384 4560 441 4606 ut
467 4559 651 4606 notum
679 4550 802 4605 illis.
834 4551 923 4605 ii.
957 4548 1071 4621 Ego
1104 4564 1219 4603 sum
1263 4557 1437 4618 pastor
1474 4551 1652 4604 bonus.
1704 4548 1803 4603 Hic

185 4644 432 4700 demum
474 4641 541 4697 de
587 4642 837 4712 passione
881 4641 1134 4711 loquitur,
1176 4638 1469 4694 ostendens
1507 4639 1649 4694 illam
1705 4653 1804 4708 pro

188 4732 400 4791 mundi
447 4732 617 4788 salute
664 4731 895 4787 futuram
944 4744 1109 4798 esse,
1139 4744 1242 4785 nec
1285 4744 1345 4785 se
1394 4729 1615 4785 invitum
1660 4729 1802 4784 illam

187 4824 387 4879 adire.
439 4822 643 4878 Deinde
691 4821 994 4892 exemplum
1042 4834 1229 4876 rursus
1276 4819 1432 4875 all‘ert
1474 4820 1703 4890 pastoris
1752 4829 1807 4876 et

190 4911 562 4970 mercenarii.
592 4909 768 4967 Bonus
813 4912 947 4967 enim
993 4920 1166 4981 pastor
1206 4910 1428 4965 animam
1453 4926 1599 4966 suam
1641 4911 1804 4981 ponit.

192 5005 295 5063 12.
332 5002 694 5059 Ηρτωηανὶιω
718 5010 885 5058 autem
907 5043 923 5069 ,
961 5002 1049 5072 qui
1075 5017 1176 5056 non
1202 5010 1277 5056 est
1306 5012 1500 5071 pastor,
1533 5002 1678 5071 cujus
1707 5016 1810 5055 non

189 5104 328 5153 sunt
354 5108 482 5149 oues
508 5094 765 5166 propria,
795 5094 928 5149 ridet
959 5093 1136 5165 lupum
1178 5094 1452 5149 venientem
1470 5134 1485 5159 ,
1532 5104 1579 5148 et
1604 5093 1810 5148 dimittit

190 5205 323 5246 ores
346 5230 368 5254 ,
403 5197 452 5241 et
477 5187 640 5257 fugit,
661 5195 709 5241 et
728 5187 859 5241 venit
884 5186 1057 5257 lupus,
1086 5194 1133 5241 et
1173 5188 1307 5257 rapit
1332 5202 1440 5240 eas.
1467 5185 1565 5241 Hic
1592 5202 1652 5242 se
1689 5200 1812 5257 per-

192 5281 338 5339 inde
381 5286 549 5350 atque
596 5278 806 5334 Patrem
860 5279 1213 5350 imperantem
1251 5278 1501 5345 exhibet;
1548 5279 1812 5351 siquidem

194 5381 411 5446 pastor
441 5371 556 5441 ipse
578 5381 662 5427 est
685 5370 840 5443 cujus
864 5372 1094 5442 propriae
1128 5381 1253 5426 sunt
1279 5386 1426 5427 oves.
1460 5372 1645 5428 Viden'
1675 5390 1813 5444 quo-

196 5464 383 5523 modo
413 5463 470 5518 in
498 5464 769 5536 parabolis
795 5465 1077 5521 sublimius
1100 5463 1373 5534 loquatur,
1409 5465 1496 5519 ubi
1538 5465 1817 5521 obscurior

201 5566 288 5617 est
317 5554 553 5623 sermo,
579 5569 757 5627 neque
798 5554 1137 5611 auditoribus
1160 5554 1411 5625 carpendi
1457 5570 1640 5610 ansam
1680 5571 1820 5627 pra:-

196 5654 338 5711 heat
357 5650 388 5704 ρ
417 5646 561 5715 Quid
588 5663 717 5720 ergo
739 5645 864 5704 facit
894 5646 1299 5704 mercenarius?
1347 5645 1492 5702 Videt
1518 5647 1695 5717 lupum
1734 5662 1819 5701 oe-

198 5744 453 5801 nientem
477 5779 494 5807 ,
534 5747 580 5795 et
604 5738 807 5795 dimittit
831 5754 967 5810 oues,
999 5749 1047 5795 et
1075 5739 1207 5795 venit
1246 5738 1416 5819 lupus,
1446 5747 1495 5793 et
1536 5738 1674 5810 rapit
1707 5754 1811 5795 eas.

1159 348 1226 406 IN
1265 338 1574 403 JOANNEM
1614 332 1849 392 llOMiL.
1889 329 2022 387 LIX.
2064 329 2134 385 al.
2176 326 2355 384 L'i'lli.

1849 445 1963 503 Hoc
1992 447 2067 503 illi
2097 448 2358 508 fecerunt,
2384 444 2498 513 ipse
2519 450 2726 499 contra.
2755 442 2975 499 Etenim
2991 457 3111 497 cum
3138 442 3441 512 apprchen-

1847 552 1938 594 sus
1967 537 2088 605 fuit,
2116 535 2251 592 dixit
2275 546 2291 590 τ
2320 535 2487 590 Sinite
2508 534 2627 589 illos
2659 534 2796 588 abire
2824 531 3002 605 (Joan.
3033 532 3122 589 18.
3147 532 3229 603 8),
3257 540 3316 586 ut
3340 531 3443 586 im-

1849 629 2085 700 pleretur
2107 641 2317 691 sermo,
2350 625 2490 696 quod
2520 625 2696 681 nullus
2727 640 2911 681 eorum
2940 625 3178 696 perierit.
3211 624 3309 679 llic
3339 639 3440 695 por-

1849 729 1957 775 test
1985 719 2143 773 etiam
2173 717 2465 787 spiritualis
2494 715 2651 785 lupus
2681 716 2932 786 intelligi,
2979 728 3141 785 quem
3179 730 3287 770 non
3317 715 3443 770 sivit

1850 825 1981 864 oves
2010 808 2276 877 abripere.
2310 805 2426 861 Non
2458 807 2614 878 lupus
2645 814 2848 860 tantum
2894 805 2983 860 hic
3006 814 3089 861 est
3108 846 3129 874 ,
3156 805 3249 861 sed
3280 806 3455 861 etiam

1850 900 1955 955 leo.
1988 898 2120 953 Nam
2151 898 2484 952 Adversarius
2508 908 2673 953 noster
2697 897 2930 951 diabolus
2960 907 3218 967 tamquam
3244 896 3321 950 leo
3353 912 3443 951 ru-

1850 991 1991 1062 giens
2014 989 2193 1043 circuit
2219 988 2268 1062 (i
2324 987 2441 1043 Pet.
2470 990 2525 1056 5,
2557 988 2634 1059 8).
2670 988 2767 1044 Hic
2795 1002 3020 1059 serpens
3040 997 3100 1044 et-
3119 988 3284 1044 draco
3311 998 3403 1045 est
3427 1006 3458 1045 τε

1853 1082 2060 1139 ϐαιεαιε
2076 1098 2231 1153 super
2257 1091 2513 1153 serpentes
2542 1090 2589 1136 et
2628 1082 2917 1153 scorpiones
2939 1080 3095 1155 (Luc.
3130 1082 3220 1137 ιο.
3252 1080 3369 1151 i9).
3420 1146 3422 1148 τ

3334 320 3448 376 δπ

1923 1176 1978 1231 4.
2020 1173 2133 1229 Vox
2154 1173 2344 1230 Christi
2369 1174 2626 1229 audienda
2645 1173 2841 1245 ipsique
2857 1174 2953 1230 soli
2969 1174 3285 1229 linendum.
3312 1174 3447 1229 Ava-

1852 1266 1973 1321 ritia
2029 1265 2241 1339 servitus
2303 1265 2532 1319 omnium
2576 1264 2865 1319 deterrima.
2912 1263 3250 1335 Eleemosyna
3303 1281 3458 1319 cont--

1854 1357 2140 1412 mendatur.
2168 1385 2243 1397 —-
2269 1355 2446 1425 Quare
2500 1370 2631 1427 rogo
2655 1396 2669 1421 ,
2704 1370 3018 1411 maneamus
3067 1356 3168 1411 sub
3216 1357 3447 1426 pastoris

1855 1464 1982 1505 cura
2014 1466 2029 1503 :
2061 1448 2399 1504 manebimus
2428 1457 2607 1503 autem
2633 1449 2680 1503 si
2703 1463 2890 1505 vocem
2920 1449 3035 1519 ejus
3066 1448 3371 1517 audiamus,
3400 1450 3462 1505 si

1855 1540 1957 1611 ipsi
2009 1554 2213 1596 morem
2264 1554 2552 1611 geramus,
2608 1542 2651 1595 si
2699 1539 2936 1597 alienum
2987 1556 3095 1597 non
3139 1557 3447 1612 sequamur.

1856 1631 2041 1703 Ecqua
2061 1646 2163 1686 vos
2184 1631 2300 1701 ejus
2317 1632 2432 1686 est?
2456 1630 2604 1686 Beati
2614 1648 2861 1707 pauperes
2875 1632 3060 1703 spiritu
3074 1647 3094 1687 :
3108 1631 3241 1687 beati
3259 1632 3465 1689 mundo

1856 1726 2007 1781 corde
2030 1740 2050 1779 :
2079 1725 2210 1781 beati
2233 1725 2581 1779 misericordes
2608 1721 2823 1797 (Natta.
2855 1726 2910 1782 5.
2939 1724 2993 1781 ὅ.
3025 1723 3080 1781 8.
3096 1724 3193 1797 ,7).
3235 1725 3293 1781 Si
3337 1725 3455 1783 luco

1858 1832 2173 1885 servemus,
2216 1816 2317 1871 sub
2370 1824 2584 1885 pastore
2626 1816 3001 1885 manebimus,
3050 1825 3107 1873 et
3155 1816 3314 1887 lupus
3367 1819 3453 1874 iu-

1859 1908 2010 1979 gredi
2052 1923 2159 1962 non
2207 1906 2424 1976 poterit.
2457 1906 2563 1963 Sed
2609 1908 2820 1964 etiamsi
2869 1908 3081 1977 irruat,
3127 1908 3181 1964 id
3231 1908 3285 1964 in
3333 1924 3457 1980 per-

1861 1999 2057 2054 nieiem
2085 2013 2237 2052 suam
2281 1997 2461 2053 faciet.
2489 1998 2767 2054 Pastorem
2817 1999 2962 2055 enim
3008 2000 3083 2055 ita
3127 2014 3225 2055 nos
3261 2016 3459 2056 aman-

1864 2101 1972 2146 tem
2026 2090 2326 2158 habemus,
2377 2098 2435 2145 ut
2482 2090 2715 2145 animam
2754 2106 2908 2147 suam
2952 2106 3052 2163 pro
3080 2092 3238 2149 nobis
3291 2092 3457 2150 tradi-

1865 2182 2025 2242 derit.
2072 2180 2208 2237 Cum
2263 2194 2393 2251 ergo
2441 2188 2498 2236 et
2552 2190 2746 2251 potens
2801 2182 2873 2238 sit
2937 2192 2994 2239 et
3046 2184 3269 2255 diligat,
3323 2185 3454 2256 quid

1865 2275 2088 2345 impedit
2115 2275 2403 2344 quominus
2438 2273 2667 2330 salutem
2694 2276 3122 2346 consequamur?
3142 2277 3283 2333 Nihil
3305 2320 3320 2344 ,
3355 2279 3461 2335 nisi

1868 2381 1971 2423 nos
1998 2366 2099 2437 ipsi
2128 2366 2459 2422 deficiamus.
2482 2366 2763 2434 Quomodo
2790 2368 3150 2427 deficimus?
3178 2369 3331 2428 Illum
3355 2387 3456 2428 au-
3562 2406 3569 2413 -

1870 2459 1923 2514 di
1949 2459 2218 2514 dicentem
2250 2475 2266 2514 :
2313 2456 2440 2513 Non
2480 2462 2687 2530 potestis
2732 2460 2929 2516 duobus
2964 2460 3186 2517 dominis
3223 2463 3410 2520 servire
3441 2504 3466 2531 ν

1871 2550 1981 2605 Deo
2006 2559 2052 2605 et
2073 2564 2325 2604 mamone
2343 2549 2558 2621 (Matth.
2589 2550 2640 2605 6.
2661 2551 2731 2607 ει
2752 2552 2792 2622 ).
2817 2552 2873 2608 Si
2900 2567 3031 2624 ergo
3079 2552 3208 2609 huic
3258 2554 3462 2609 servia-

1874 2658 2027 2707 mus,
2057 2642 2201 2696 illius
2238 2640 2504 2713 tyrannidi
2535 2641 2761 2711 subjecti
2802 2658 2909 2697 non
2939 2644 3162 2699 erimus.
3194 2642 3328 2699 Nam
3373 2652 3461 2717 ty-

1873 2732 2097 2789 rannide
2120 2733 2307 2804 quavis
2330 2732 2577 2788 acerbior
2594 2742 2678 2789 est
2704 2733 3048 2804 pecuniarum
3078 2736 3469 2807 concupiscen-

1880 2828 1974 2884 tia.
1998 2825 2209 2881 Nullam
2235 2825 2393 2882 habet
2415 2825 2742 2895 voluptatem
2765 2867 2780 2892 ,
2812 2826 2906 2883 sed
2935 2827 3348 2895 sollicitudines,
3382 2829 3469 2884 in-

1877 2919 2095 2987 vidiam,
2123 2919 2360 2985 insidias,
2393 2920 2595 2985 odium,
2630 2920 3027 2994 sycophantias,
3058 2924 3276 2981 etmille
3298 2924 3468 2979 virtu-

1880 3010 1952 3067 tis
1982 3011 2383 3080 impedimenta,
2427 3010 2688 3066 desidiam
2713 3052 2729 3079 ,
2782 3013 3055 3067 lasciviam
3078 3054 3096 3082 ,
3149 3014 3425 3068 avaritiam
3448 3054 3469 3080 ,

1881 3101 2230 3166 ebrietatem,
2282 3114 2400 3170 quae
2442 3098 2642 3155 liberos
2673 3102 2729 3155 in
2757 3102 3071 3157 servitutem
3114 3102 3384 3173 redigunt,
3416 3113 3473 3159 et

1887 3193 2060 3249 servis
2088 3192 2389 3247 deteriores
2418 3192 2753 3248 constituunt
2782 3210 2796 3246 :
2828 3207 3017 3249 servos
3041 3236 3056 3259 ,
3085 3194 3325 3265 inquam,
3350 3195 3477 3250 red-

1885 3283 2057 3350 dunt,
2102 3298 2209 3338 non
2241 3282 2555 3349 hominum,
2584 3283 2679 3339 sed
2707 3284 3010 3353 gravissimi
3036 3286 3279 3341 omnium
3307 3286 3475 3341 animi

1887 3373 2217 3429 morborum.
2280 3373 2379 3428 Hie
2423 3374 2587 3429 multa
2616 3374 2778 3430 audet
2819 3390 2940 3446 quae
2968 3389 3068 3432 nec
3111 3376 3224 3432 Deo
3246 3389 3351 3432 nec
3376 3377 3479 3433 ho-

1890 3463 2124 3519 minibus
2156 3462 2387 3534 placent,
2411 3473 2656 3521 metuens
2684 3479 2751 3521 ne
2775 3465 2895 3536 quis
2924 3480 2986 3521 se
3003 3466 3071 3521 ab
3094 3467 3191 3521 hac
3210 3467 3472 3524 servitute

1891 3557 2103 3612 liberet.
2144 3555 2189 3611 Ο
2214 3555 2462 3610 acerbam
2504 3556 2853 3622 servitutem,
2894 3564 2949 3612 et
2976 3554 3295 3612 diabolieam
3326 3564 3482 3627 pote—

1894 3647 2116 3703 statem!
2148 3646 2273 3702 Hmc
2291 3646 2487 3717 quippe
2509 3655 2596 3703 est
2611 3646 2851 3701 omnium
2872 3646 3210 3717 gravissima,
3236 3647 3379 3718 quod
3406 3656 3488 3705 tot

1894 3739 2101 3796 detenti
2132 3739 2286 3795 malis
2316 3739 2670 3806 delectemur,
2707 3747 2763 3795 et
2788 3747 3009 3796 catenas
3054 3739 3444 3810 amplectamur
3467 3782 3483 3807 ,

1895 3844 1949 3889 et
1975 3831 2118 3903 quod
2146 3832 2489 3887 tenebrosum
2530 3845 2805 3886 carcerem
2832 3830 3156 3899 habitantes,
3190 3832 3365 3888 lucem
3398 3831 3486 3888 fu-

1897 3927 2127 3995 giamus,
2161 3922 2254 3979 sed
2298 3938 2398 3978 nos
2433 3923 2590 3977 malis
2628 3924 3097 3995 constringamus,
3128 3934 3183 3980 et
3210 3926 3263 3981 in
3294 3926 3491 3982 morbo

1898 4016 2252 4080 oblectemur.
2278 4012 2456 4081 Quare
2481 4014 2812 4069 necliberari
2838 4030 3123 4086 possumus
3141 4058 3157 4084 ,
3207 4027 3263 4073 et
3303 4016 3490 4088 peiore

1899 4120 2059 4177 quam
2085 4104 2177 4174 qui
2215 4104 2428 4159 metalla
2461 4102 2672 4159 fodiunt
2700 4106 3012 4162 conditione
3037 4121 3244 4177 sumus,
3268 4107 3395 4163 dum
3413 4107 3497 4164 la-
3550 4176 3558 4187 ί

1901 4195 2035 4251 bore
2070 4203 2127 4251 et
2169 4194 2385 4259 miseria
2410 4193 2612 4261 obruti,
2654 4196 2859 4249 nullum
2884 4196 3011 4253 inde
3049 4196 3279 4253 fructum
3314 4200 3495 4270 perci-

1904 4286 2100 4356 pimus.
2133 4284 2398 4354 Quodque
2427 4284 2666 4339 omnium
2696 4284 3045 4342 deterrimum
3062 4297 3166 4355 est,
3184 4290 3228 4344 si
3250 4290 3371 4361 quis
3395 4306 3505 4347 nos

1905 4378 1973 4434 ab
1998 4377 2192 4432 acerba
2215 4374 2525 4445 hujusmodi
2555 4376 2866 4446 captivitate
2895 4392 3090 4434 eruere
3118 4380 3267 4446 velit,
3300 4381 3352 4436 id
3384 4396 3503 4438 non

1905 4470 2179 4540 patimur;
2213 4468 2322 4522 imo
2365 4468 2527 4522 etiam
2562 4482 2705 4538 argre
2755 4466 2975 4525 ferimus
3017 4477 3075 4525 et
3117 4471 3504 4541 indignamur;

1908 4561 2041 4618 nihil
2082 4560 2274 4616 melius
2296 4558 2471 4614 aﬂ‘ecti
2494 4574 2654 4629 quam
2682 4559 2773 4630 qui
2811 4559 3017 4616 insania
3035 4563 3177 4632 capti
3208 4574 3355 4631 sunt,
3387 4564 3505 4622 imo

1910 4655 2071 4725 longe
2096 4648 2517 4707 miserabiliores
2543 4650 2666 4714 illis,
2719 4649 2863 4719 quod
2914 4653 3146 4708 nolimus
3187 4646 3505 4712 ab’insania

1908 4743 2148 4801 liberari.
2205 4740 2473 4811 Numquid
2498 4755 2562 4795 ea
2592 4740 2661 4796 de
2689 4755 2851 4797 causa
2896 4744 2947 4796 in
2981 4745 3240 4801 mundum
3270 4748 3507 4815 venisti,

1911 4853 1946 4893 ο
1975 4837 2138 4893 homo
2162 4836 2187 4887 Ῥ
2211 4848 2278 4889 an
2310 4832 2435 4889 ideo
2475 4830 2638 4887 homo
2666 4830 2839 4888 factus
2874 4847 2934 4889 es
2957 4875 2974 4901 ,
3019 4842 3079 4889 ut
3124 4834 3240 4893 haec
3287 4838 3506 4895 metalla

1913 4927 2219 4999 operareris
2248 4933 2303 4982 et
2337 4939 2526 4980 aurum
2570 4925 2853 4995 colligeres
2880 4925 2904 4981 ?
2950 4926 3066 4982 Non
3099 4928 3220 4985 ideo
3264 4940 3413 4988 certe
3440 4934 3511 4989 ad

1917 5020 2207 5090 imaginem
2260 5030 2413 5071 suam
2449 5025 2503 5071 te
2528 5014 2779 5070 formavit
2804 5016 2969 5081 ;'sed
2998 5026 3056 5073 ut
3085 5019 3186 5090 ipsi
3217 5020 3461 5090 placeres
3494 5066 3512 5090 ,

1916 5125 1978 5170 ut
2020 5113 2195 5169 futura
2241 5109 2654 5180 consequereris
2683 5151 2698 5174 ,
2752 5119 2810 5165 ut
2861 5124 2987 5166 cum
3031 5113 3238 5185 angelis
3280 5115 3513 5173 choreas

1918 5220 2109 5277 ageres
2126 5206 2166 5259 ‘7.
2211 5204 2321 5259 Cur
2346 5211 2401 5258 te
2424 5202 2495 5257 ab
2521 5202 2621 5257 hac
2642 5202 2923 5258 nobilitate
2945 5203 3098 5274 ejicis
3116 5245 3131 5270 ,
3172 5215 3227 5261 et
3253 5207 3305 5261 in
3328 5217 3510 5264 extre.

1920 5315 2064 5355 mam
2085 5298 2310 5367 conjicis
2331 5296 2718 5368 ignobilitatem
2744 5304 2799 5352 et
2825 5296 3146 5352 infamiam?
3187 5298 3287 5367 Qui
3319 5302 3513 5357 eodem

1921 5408 2032 5465 quo
2059 5403 2114 5447 tu
2143 5401 2299 5465 partu
2327 5401 2485 5447 natus
2505 5400 2608 5456 est,
2640 5399 2795 5462 partu
2826 5390 2948 5445 dico
2970 5391 3252 5461 spirituali,
3276 5392 3415 5449 fame
3434 5403 3516 5447 ta-

1923 5486 2133 5543 bescit:
2164 5494 2223 5541 tu
2262 5484 2416 5556 copia
2443 5496 2625 5541 rerum
2671 5481 3019 5554 dirumperis.
3064 5480 3257 5539 Frater
3311 5483 3514 5540 nudum

1992 5738 2013 5779 ⁸
2046 5738 2195 5800 Hec,
2210 5737 2264 5788 ut
2279 5745 2390 5790 cum
2409 5729 2593 5797 angelis
2616 5728 2818 5783 choreas
2840 5740 3031 5793 ageres,
3044 5725 3259 5778 deerant
3282 5722 3333 5776 in
3356 5723 3501 5774 Morel
3526 5766 3532 5777 .
