4164 6330
712 338 815 396 527

719 461 915 517 corpus
937 441 1239 501 circumfert
1276 458 1290 495 :
1322 450 1374 495 tu
1408 448 1581 495 vestes
1610 437 1850 494 vestibus
1896 436 2084 503 addis,
2127 436 2281 491 tineis

721 516 863 592 hunc
889 538 1138 590 amictum
1165 546 1447 603 apparatis.
1479 533 1693 598 Quanto
1738 528 1930 584 melius
1979 537 2123 584 esset
2153 542 2286 598 pau-

720 641 902 697 perum
947 638 1170 695 corpora
1192 621 1275 677 his
1324 620 1612 692 obtegere?
1636 619 1708 675 ita
1736 620 1877 675 enim
1914 614 2001 673 illa
2033 633 2137 674 non
2160 632 2288 673 con-

714 722 1077 777 sumerentur,
1120 721 1171 767 tc
1186 728 1313 767 cura
1336 713 1478 765 omni
1515 709 1825 773 liberarent,
1856 716 1910 763 et
1934 707 2160 762 futuram
2191 705 2284 759 libi

717 813 965 876 parerent
996 804 1176 858 vitam.
1208 803 1263 857 Si
1291 804 1427 856 nolis
1442 816 1547 855 eaa
1574 799 1727 853 tineis
1750 799 1993 855 consumi
2018 838 2034 865 ,
2063 798 2288 866 da'patto

715 894 932 965 poribus
957 909 977 948 ι
1012 893 1087 947 illi
1119 908 1347 962 namque
1379 891 1489 944 luce
1540 897 1859 944 vcstuncuta
1894 890 2059 957 probe
2110 888 2287 942 sciunt

718 996 995 1040 excutere.
1041 983 1238 1039 Christi
1269 995 1494 1051 namque
1519 995 1715 1051 corpus
1737 981 2120 1051 qualibettarca
2168 994 2290 1049 pre-

722 1077 911 1131 tiosius
955 1085 1008 1130 et
1058 1074 1223 1129 tutius
1264 1081 1385 1138 est;
1428 1087 1600 1142 nequc
1630 1082 1833 1127 tantum
1862 1088 1921 1140 ea
1950 1070 2179 1126 custodit
2208 1072 2289 1125 itt-

723 1175 969 1235 corrupta
993 1205 1008 1231 ,
1043 1164 1134 1219 sed
1160 1164 1318 1220 etiam
1365 1163 1726 1232 splendidiora
1754 1163 1945 1217 reddit.
1978 1164 2109 1217 Area
2143 1177 2287 1233 saepe

720 1276 839 1313 cum
861 1258 1095 1313 vestibus
1120 1256 1337 1327 abrepta
1368 1265 1609 1310 extremo
1632 1264 1684 1309 te
1712 1253 1889 1309 affecit
1911 1254 2127 1308 damno:
2154 1254 2291 1309 hanc

727 1363 856 1404 vero
895 1348 1189 1403 cusmdiam
1236 1362 1303 1401 nc
1332 1360 1475 1400 mors
1504 1344 1716 1415 quidem
1748 1352 1917 1413 potest
1948 1344 2287 1399 labefactare.

732 1439 913 1507 Neque
943 1439 1083 1493 enim
1130 1438 1296 1507 portis
1322 1445 1414 1491 aut
1441 1434 1678 1490 vectibus
1709 1434 1796 1489 hic
1826 1434 1977 1489 nobis
2004 1444 2083 1488 est
2105 1449 2239 1503 Opus
2271 1475 2287 1500 ,

732 1542 837 1583 non
876 1529 1040 1582 servis
1070 1527 1421 1597 vigilantibus,
1451 1540 1550 1580 nec
1576 1525 1675 1578 alia
1705 1525 1888 1593 quavis
1912 1524 2175 1578 cautiOne.
2210 1524 2291 1578 Ab

723 1620 935 1676 insidiis
968 1632 1184 1688 prorsus
1215 1618 1374 1671 libera
1399 1626 1521 1670 sunt
1548 1655 1564 1681 ,
1596 1624 1653 1669 ut
1690 1630 1786 1685 par
1811 1624 1923 1679 cst,
1958 1630 2075 1683 qua:
2110 1615 2161 1667 in
2182 1629 2291 1669 ειη-

728 1711 793 1766 lis
816 1720 940 1764 sunt
965 1708 1260 1763 recondita.
1292 1707 1463 1763 Locus
1506 1708 1646 1761 enim
1692 1706 1784 1760 ille
1809 1721 1838 1758 a
1866 1706 2098 1776 nequitia
2148 1707 2290 1760 nulla

729 1799 862 1854 adiri
914 1807 1108 1868 potest.
1154 1797 1279 1852 lltec
1305 1810 1402 1852 uos
1432 1796 1641 1852 dicendi
1676 1796 1833 1851 linem
1870 1811 1975 1850 non
2023 1795 2246 1851 iacimus
2274 1837 2290 1862 ,

731 1904 930 1959 vosque
959 1888 1239 1943 audientes
1260 1904 1363 1942 non
1396 1888 1796 1958 obtemperetis.
1838 1888 1998 1957 Cujus
2024 1890 2098 1942 rei
2135 1904 2293 1943 causa

724 1994 829 2048 est,
862 1981 1005 2051 quod
1038 1982 1212 2052 pusilli
1244 1982 1408 2036 simus
1438 1980 1621 2045 animi,
1671 1988 1725 2034 et
1756 1980 1981 2034 terrenis
2006 1979 2291 2036 inhit-mus.

723 2070 833 2126 luto
852 2073 988 2127 absit
1011 2080 1065 2125 ut
1092 2085 1281 2125 omnes
1310 2087 1404 2124 vos
1429 2070 1676 2124 damnent
1699 2111 1714 2134 ,
1740 2084 1802 2123 ac
1840 2069 1884 2122 si
1913 2083 2100 2123 omnes
2131 2071 2287 2125 iucu-

727 2162 966 2215 rahiliter
1012 2162 1303 2232 a‘grotctis.
1335 2159 1553 2214 Etiamsi
1585 2161 1723 2214 enim
1752 2159 1785 2213 ii
1834 2160 1921 2230 qui
1964 2159 2160 2216 divitiis
2184 2161 2292 2215 itte-

727 2252 1007 2317 briantur,
1045 2250 1323 2305 obstruaut
1374 2262 1530 2304 aures
1564 2265 1629 2302 ne
1673 2248 1927 2315 audiant;
1973 2259 2025 2303 at
2070 2249 2102 2303 ii
2126 2251 2211 2319 qui
2238 2252 2292 2305 in

728 2351 1035 2411 paupertate
1071 2342 1232 2395 vitam
1259 2350 1455 2411 agunt,
1486 2340 1644 2394 dictis
1701 2339 1975 2395 attendere
2020 2350 2291 2411 poterunt.

729 2432 792 2487 lit
816 2432 940 2501 quid
972 2431 1084 2486 lucc
1111 2431 1175 2485 ad
1202 2445 1460 2501 pauperes
1483 2472 1498 2495 ,
1551 2431 1775 2499 inquies,
1816 2432 1904 2500 qtti
1949 2448 2046 2487 nec
2084 2450 2293 2499 aurum,

728 2538 823 2575 nec
846 2523 1157 2575 vestimenta
1187 2520 1489 2588 hujusmodi
1520 2520 1752 2573 habent?
1792 2519 1982 2575 Verum
2015 2523 2083 2576 illi
2109 2539 2295 2590 panem

729 2612 925 2666 habent
965 2620 1018 2665 ct
1055 2626 1247 2679 aquam
1290 2609 1563 2681 frigidam;
1596 2610 1791 2665 habent
1831 2612 1965 2665 duos
2012 2614 2197 2669 olmlos
2245 2628 2299 2672 et

729 2703 910 2770 pedes,
944 2703 1097 2771 queis
1123 2716 1293 2770 aegros
1321 2701 1585 2765 invisant;
1620 2700 1815 2754 habent
1857 2702 2082 2772 linguam
2110 2716 2159 2759 et
2179 2722 2296 2762 scr-

728 2804 938 2844 tuonctn
962 2830 975 2853 ,
1009 2798 1065 2841 ιιι
1096 2790 1439 2843 consolentur
1466 2790 1603 2843 male
1642 2788 1928 2853 affectum;
1981 2792 2177 2849 habent
2200 2796 2297 2850 do-

1448 330 1501 388 S.
1544 326 1817 386 JOANNIS
1854 322 2323 385 CllRYSOSTOlII
2365 322 2675 379 AllCllll-ZP.
2717 316 3244 378 CONSTANTIXOP.
3883 316 3989 371 3³3

2394 450 2539 490 mum
2568 444 2622 489 et
2646 442 2989 502 tecttuu,quo
3011 431 3269 502 recipiant
3303 429 3591 500 hospitem.
3627 430 3807 501 Neque
3828 436 3986 487 etaim

2393 533 2473 579 tot
2503 534 2556 580 et
2593 533 2668 580 tot
2697 523 2893 579 talenta
2933 524 3045 578 auri
3079 537 3107 576 a
3138 520 3495 592 pauperibus,
3526 521 3622 577 sed
3657 540 3687 576 ι
3714 522 3987 577 divitibus

2394 613 2673 684 exigimus.
2696 611 2846 681 Quod
2870 596 2923 667 si
2945 613 3009 665 ad
3038 613 3288 681 pauperis
3318 600 3513 667 ostium
3552 614 3756 669 venerit
3782 611 3981 669 Dmui.

2395 719 2527 765 nus.
2562 719 2666 757 non
2708 701 2923 774 pudebit
2951 717 3071 757 cum
3116 701 3199 755 vel
3229 702 3443 757 obolutn
3475 702 3750 772 accipere;
3780 704 3887 757 secl
3928 718 3987 755 se

2395 797 2546 866 plura
2562 796 2832 862 accepisse
2861 793 3021 861 dicet,
3042 808 3199 863 quam
3227 793 3296 847 ab
3324 793 3389 849 iis
3410 794 3499 864 qui
3522 794 3685 848 multa
3708 793 3987 862 deposue-

2396 896 2538 942 runt.
2568 886 2705 956 Quot
2732 900 2872 941 nunc
2890 885 3130 939 homines
3151 884 3240 940 illo
3259 895 3497 954 tempore
3515 884 3677 941 fuisse
3698 894 3984 956 optarent,

2394 992 2500 1048 quo
2525 976 2768 1031 Christus
2796 976 2846 1029 iu
2874 989 3037 1031 carne
3061 984 3255 1030 terram
3291 976 3491 1041 obibat,
3537 986 3594 1030 ιιι
3620 977 3880 1048 colloquii
3931 986 3988 1031 ct

2400 1060 2601 1123 menszc
2627 1082 2747 1122 cum
2771 1081 2836 1121 co
2868 1075 3146 1123 consertes
3182 1075 3364 1121 essent
3400 1070 3415 1121 ι
3471 1067 3608 1122 Ecce
3643 1068 3751 1137 jam
3809 1068 3945 1121 licet
3970 1107 3985 1129 ,

2397 1172 2675 1228 possumus
2705 1157 2849 1211 illum
2875 1155 2941 1210 ad
2974 1158 3253 1225 prandium
3279 1172 3473 1213 vocare
3496 1200 3512 1225 ,
3550 1174 3669 1212 cum
3704 1160 3823 1228 ipso
3847 1174 3991 1213 cou-

2395 1249 2585 1310 vivari,
2613 1256 2665 1302 ct
2710 1262 2828 1302 cum
2859 1246 3047 1316 majori
3078 1247 3247 1302 lucro.
3293 1249 3491 1303 Eorum
3540 1250 3682 1304 enim
3726 1255 3816 1320 qui
3856 1266 3988 1305 cum

2396 1340 2921 1396 illnconvivabantur
2949 1339 3099 1393 tuulti
3124 1340 3417 1409 perierunt,
3444 1350 3503 1395 ιιι
3529 1339 3692 1394 ludas
3719 1352 3774 1395 et
3792 1342 3991 1409 hujus-

2398 1430 2541 1484 ntodi
2584 1430 2860 1494 homines;
2910 1430 3230 1499 quicumque
3281 1444 3410 1485 vero
3450 1431 3596 1486 illum
3626 1432 3991 1500 jamduuzum

2400 1521 2686 1587 vocabunt,
2721 1531 2777 1574 ut
2806 1535 3006 1575 mensa:
3035 1530 3088 1575 et
3120 1522 3245 1575 tecti
3270 1532 3572 1576 consortem
3592 1523 3831 1577 cfliciant
3854 1566 3868 1585 ,
3898 1523 3997 1574 ινα-

2400 1613 2701 1667 uedictioue
2748 1628 2937 1681 magna
2966 1611 3226 1666 fruentttr.
3285 1611 3480 1679 Venite,
3510 1614 3700 1682 inquit,
3732 1616 3990 1668 bent-dira

2398 1703 2570 1758 Patris
2588 1706 2703 1767 mei,
2731 1703 2979 1773 possidete
3005 1714 3346 1771 pra'paratum
3400 1705 3538 1757 vobis
3565 1721 3772 1775 regnum
3800 1722 3836 1758 a
3868 1723 3991 1758 ron-

2397 1796 2653 1849 stitutione
2673 1796 2865 1847 mundi.
2896 1794 3099 1848 Esnrivi
3121 1797 3269 1859 enim,
3301 1808 3346 1850 et
3374 1797 3583 1851 dedistis
3608 1798 3733 1851 mihi
3757 1800 3993 1852 tuendu-

2399 1904 2516 1940 care
2546 1904 2565 1941 .'
2593 1888 2745 1951 sitiri,
2773 1897 2819 1941 ct
2847 1888 3057 1941 dedistis
3086 1889 3211 1941 mihi
3236 1888 3400 1944 bibere
3431 1908 3445 1945 :
3495 1889 3676 1958 hospes
3722 1907 3894 1955 eram,
3946 1904 3994 1945 ct

2399 1979 2684 2045 suscepistis
2700 1993 2778 2032 me
2794 1996 2814 2033 :
2830 1979 3079 2046 inﬁrmus,
3096 1988 3141 2032 et
3160 1980 3391 2035 eisitastis
3413 1996 3492 2035 me
3506 1998 3523 2034 :
3540 1983 3590 2035 in
3608 1998 3808 2036 carcere
3824 2000 3993 2047 erant,

2399 2080 2443 2123 et
2480 2070 2679 2124 vestistis
2716 2070 2785 2123 ad
2824 2088 2901 2124 me
2932 2072 2950 2141 (
2981 2070 3167 2125 Matth.
3190 2073 3277 2127 25.
3318 2075 3483 2129 δίε-56
3508 2074 3546 2143 ).
3584 2076 3649 2130 Ut
3694 2091 3825 2147 ergo
3875 2079 3996 2132 ha-c

2398 2161 2679 2229 audiamus
2702 2161 2880 2226 verba,
2908 2161 3106 2215 nudqu
3134 2164 3441 2229 vcstiamns,
3473 2164 3789 2234 colligamus
3814 2168 3997 2236 hospi-

2401 2262 2505 2306 tem
2535 2293 2550 2317 ,
2576 2252 2869 2306 nutriamus
2891 2254 3243 2317 esurientem.
3280 2255 3478 2310 sitienti
3511 2265 3694 2325 potum
3744 2257 3947 2312 demus
3980 2302 3995 2318 .

2401 2360 2601 2415 a-grtun
2630 2352 2918 2401 cleat-cere
2949 2345 3225 2401 detentum
3270 2348 3561 2404 invisamus
3588 2390 3603 2411 .
3634 2358 3689 2402 ut
3734 2350 3996 2404 ﬁduciam

2401 2444 2457 2490 et
2501 2436 2709 2490 veniant
2744 2445 3079 2505 peccatorum
3108 2439 3461 2507 accipiamus.
3493 2450 3548 2494 et
3589 2440 3674 2493 illa
3701 2441 3842 2494 bona
3870 2458 3946 2511 qu
3969 2462 3999 2493 ιε

2403 2540 2617 2581 onmem
2647 2540 2950 2581 sermonem
2970 2536 3023 2580 ct
3038 2537 3268 2583 mentem
3292 2539 3545 2597 superant
3567 2544 3995 2598 consequantur:

2402 2632 2521 2685 qua:
2548 2618 2746 2671 utinam
2777 2631 2963 2671 numcs
2987 2617 3365 2685 adipisrantur,
3390 2620 3558 2686 gratia
3579 2630 3631 2673 et
3660 2619 3903 2689 beniguit
3925 2632 3999 2673 tte

2404 2708 2609 2761 llotuiui
2634 2708 2801 2761 nostri
2830 2706 2956 2761 .lesu
2983 2706 3204 2772 Christi,
3231 2707 3317 2762 cui
3347 2708 3513 2778 gloria
3544 2720 3594 2764 ct
3619 2710 3907 2780 imperium
3944 2714 3999 2766 iu

2402 2799 2594 2853 s;rctt|a
2626 2799 2961 2851 surculorum.
2989 2799 3175 2851 Amen.

3361 2919 3485 2928 ,φρομ
3504 2921 3731 2929 ———-__—

2092 2998 2264 3057 110M
2276 3001 2431 3062 ILIA
2481 3002 2616 3061 LX.

727 3138 856 3192 Car.
898 3136 982 3192 10.
1026 3151 1080 3190 v.
1121 3134 1208 3189 14.
1252 3133 1361 3204 Ego
1402 3149 1511 3186 sum
1555 3141 1725 3202 pastor
1756 3134 1945 3199 bonus,
1974 3145 2020 3187 et
2062 3151 2305 3205 cognosco

800 3241 910 3279 oues
936 3241 1090 3291 meas,
1120 3235 1167 3278 et
1191 3232 1491 3294 cognoscunt
1516 3238 1594 3276 me
1618 3238 1760 3276 mete.
1784 3224 1869 3278 15.
1896 3223 2039 3277 Sicut
2066 3227 2198 3278 novit
2226 3243 2305 3279 me

801 3301 959 3369 Pater
977 3357 991 3381 ,
1020 3326 1065 3369 ct
1101 3330 1191 3385 ego
1228 3330 1471 3384 cognosco
1515 3311 1719 3367 Patrem
1746 3354 1761 3378 ,
1796 3324 1839 3369 et
1882 3316 2104 3369 animam
2144 3334 2302 3371 meam

800 3421 931 3474 pono
962 3420 1051 3471 pro
1078 3405 1248 3458 oribus
1279 3405 1421 3458 meis.

801 3499 854 3550 1.
895 3493 1082 3548 Pastor
1110 3492 1347 3547 Ecclesia:
1384 3493 1529 3563 [ortis
1568 3508 1674 3547 esse
1709 3492 1868 3549 debet.
1908 3492 2144 3549 Pastores
2182 3497 2305 3551 mali

729 3588 836 3655 qui.
862 3613 931 3626 —
954 3583 1195 3655 Magnum
1226 3582 1490 3652 quidpiam
1516 3625 1532 3646 ,
1564 3597 1810 3653 magnum
1837 3593 1980 3639 certe
2006 3595 2088 3638 cst
2117 3585 2302 3641 Ecrlc-

730 3677 824 3729 sia:
852 3674 1179 3744 praefectura,
1205 3687 1323 3741 qua:
1348 3672 1512 3725 multa
1540 3681 1693 3741 cgcat
1723 3672 2055 3742 philomphia
2079 3682 2133 3729 ct
2158 3673 2305 3728 forti-

731 3765 933 3828 tudine,
959 3778 1022 3818 ac
1045 3771 1239 3833 quanta
1267 3759 1512 3821 Christus
1536 3761 1687 3825 dixit,
1712 3761 1783 3816 ita
1809 3772 1863 3815 ut
1890 3762 2118 3817 animam
2147 3774 2304 3832 portat

730 3872 826 3927 pro
854 3854 1070 3917 ovibus,
1104 3867 1386 3921 numquam
1415 3850 1530 3905 illas
1563 3850 1808 3917 deserat,
1836 3860 1891 3908 ct
1916 3862 2097 3906 contra
2127 3854 2303 3922 lupunt

728 3956 833 4003 etet
862 3946 1085 4001 fortiter.
1120 3943 1174 3999 In
1218 3944 1315 3998 hoc
1340 3942 1516 3997 differt
1562 3951 1739 4012 pastor
1767 3957 1796 3997 a
1828 3943 2175 3997 mcrccnario.
2212 3944 2307 3999 llic

732 4041 875 4093 enim
910 4037 1229 4105 contemptis
1254 4034 1443 4089 ovibus
1472 4036 1697 4105 propria:
1726 4036 1880 4089 saluti
1919 4050 2131 4105 semper
2157 4037 2306 4091 advi-

732 4129 859 4193 cilat
887 4146 901 4182 :
934 4128 1020 4182 ille
1049 4141 1180 4181 vero
1205 4166 1220 4190 ,
1252 4138 1345 4179 sua
1377 4124 1603 4179 dctttissa
1624 4164 1640 4189 ,
1674 4126 1895 4179 salutem
1924 4136 2073 4179 curat
2102 4127 2300 4180 ovium.

734 4221 857 4274 Post
881 4219 1003 4273 data
1026 4232 1153 4287 ergo
1180 4216 1407 4285 pastoris
1436 4214 1625 4269 iudicia
1651 4255 1665 4277 ,
1694 4214 1827 4269 duos
1866 4217 2012 4284 gregi
2044 4217 2307 4283 pernicio-

732 4324 822 4364 sos
850 4317 1109 4364 memorat
1137 4327 1151 4361 :
1185 4304 1353 4361 furem
1386 4314 1704 4358 mactantem
1730 4315 1783 4359 ct
1814 4306 2103 4371 rapientem
2135 4321 2262 4360 oves
2288 4323 2302 4369 ;

734 4410 788 4455 et
815 4400 1038 4454 alterum
1074 4398 1163 4467 qui
1194 4413 1296 4450 non
1331 4397 1442 4467 ipse
1472 4394 1643 4464 perdit
1666 4434 1681 4459 ,
1710 4393 1800 4446 sed
1834 4392 2001 4448 furem
2030 4409 2132 4447 non
2162 4405 2306 4449 arcet

736 4504 833 4545 nec
874 4486 1110 4558 impedit.
1154 4488 1257 4541 Per
1295 4486 1437 4538 illum
1479 4492 1654 4537 autem
1697 4482 1968 4536 Thcudam
2007 4485 2300 4551 significat,

736 4596 830 4649 per
869 4568 1007 4633 hunc
1033 4576 1335 4631 ludatur-um
1367 4575 1611 4628 doctores
1639 4573 1861 4626 traducit
1884 4614 1899 4638 ,
1943 4574 2030 4642 qui
2058 4574 2125 4629 de
2150 4590 2301 4628 com-

737 4670 912 4724 missis
949 4666 1047 4721 sibi
1087 4666 1273 4719 ovibus
1308 4664 1502 4715 uellant
1545 4661 1805 4716 habebant
1845 4676 2058 4727 curam;
2099 4678 2200 4733 qua
2237 4664 2304 4718 de

736 4775 794 4814 rc
818 4759 926 4827 jam
954 4756 1076 4809 olim
1110 4753 1350 4809 Ezechiel
1382 4752 1499 4805 illos
1544 4750 1815 4805 incusabat
1845 4750 1925 4803 his
1952 4752 2129 4805 verbis
2161 4770 2173 4803 :
2219 4752 2305 4805 l’ae

738 4846 1017 4918 pastoribus
1036 4844 1235 4901 Israel!
1257 4842 1440 4898 Nonne
1456 4853 1674 4913 pastores
1699 4842 1962 4912 pascebant
1978 4846 2304 4913 semctipsos?

736 4953 900 4993 nonne
927 4952 1038 4991 oves
1063 4944 1337 5004 pascuntur
1358 4950 1389 4985 a
1416 4932 1693 5002 pastoribus
1720 4932 1931 5000 (Ezech.
1962 4934 2048 4988 5i.
2077 4934 2174 5002 2)?
2198 4933 2302 4989 Sed

738 5033 810 5087 illi
841 5029 1164 5087 contrarium
1205 5025 1503 5088 faciebant,
1530 5024 1668 5094 quod
1699 5024 1911 5079 malitia:
1938 5026 2180 5079 maxim-.c
2208 5041 2301 5094 που

738 5136 836 5174 nus
875 5126 994 5183 est,
1038 5118 1367 5185 aliorumque
1408 5128 1565 5168 causa
1606 5114 1883 5168 malorum.
1918 5114 2040 5169 Ideo
2077 5131 2304 5185 namque

734 5210 861 5265 dicit
890 5225 905 5264 :
932 5208 1109 5278 Neque
1135 5217 1373 5264 errantes
1404 5222 1534 5262 oves
1563 5206 1885 5262 reducebant
1911 5247 1926 5273 ,
1961 5224 2131 5275 neque
2161 5208 2302 5277 quod

737 5302 964 5369 perierat
984 5298 1289 5368 quaerebant
1310 5296 1468 5368 (Ibid.
1492 5314 1540 5351 ιι.
1566 5297 1641 5364 ι).
1667 5311 1837 5365 neque
1856 5297 1992 5366 quod
2016 5299 2302 5353 contritum

736 5398 845 5443 erat
872 5389 1185 5458 alligabunt,
1214 5404 1381 5457 neque
1405 5388 1543 5457 qttod
1575 5386 1839 5441 infirmum
1868 5386 2154 5451 curabant,
2183 5403 2301 5457 quia

736 5482 938 5550 seipsos
962 5519 977 5544 ,
1018 5494 1122 5531 non
1164 5493 1289 5532 oves
1314 5518 1329 5542 ,
1375 5478 1676 5547 pascebant.
1720 5478 1945 5545 Idipsutn
1980 5477 2170 5532 Paulus
2197 5478 2302 5531 alio

738 5585 784 5619 ιι
806 5570 897 5621 rho
923 5567 1251 5637 significabat
1282 5584 1294 5621 :
1329 5567 1510 5622 Omnes
1536 5584 1647 5637 qua:
1670 5585 1762 5621 sua
1790 5578 1901 5621 sunt
1927 5578 2177 5635 quarunt,
2201 5584 2301 5622 non

738 5674 846 5724 qua
870 5657 991 5711 Jcsu
1035 5658 1220 5713 Christi
1254 5658 1271 5727 (
1295 5657 1487 5727 Philip.
1516 5659 1566 5712 2.
1602 5657 1665 5712 21
1698 5664 1750 5728 );
1783 5669 1834 5714 et
1866 5672 2103 5725 rursum,
2140 5658 2301 5711 Nemo

2406 3157 2517 3208 qua:
2541 3157 2633 3193 sua
2659 3151 2773 3194 sunt
2799 3156 2923 3210 quin;
2938 3151 3008 3207 at,
3036 3142 3125 3195 sed
3150 3143 3369 3210 proximi
3395 3147 3732 3216 unusquisque
3757 3149 3803 3217 (Ι
3820 3188 3833 3199 .
3870 3148 4000 3201 Cor.

2408 3234 2494 3287 10.
2521 3233 2636 3301 2i).
2665 3233 2744 3286 Ab
2774 3243 2998 3303 utroque
3026 3249 3221 3300 genere
3246 3249 3307 3289 se
3332 3233 3575 3292 Christus
3600 3249 3894 3307 seen-gate:
3932 3244 4006 3291 :th

2407 3324 2512 3377 illis
2537 3328 2625 3394 qui
2654 3324 2718 3377 ad
2754 3324 3040 3393 perniciem
3074 3325 3322 3389 veniunt,
3351 3342 3471 3381 cum
3500 3328 3606 3390 ait,
3640 3325 3766 3382 Ideo
3798 3333 3918 3383 veni
3949 3342 4006 3383 ut

2406 3418 2555 3468 rifant
2600 3416 2853 3481 habeant,
2886 3425 2933 3468 et
2978 3415 3317 3469 abundantius
3363 3419 3611 3483 habeant;
3642 3421 3710 3474 ab
3749 3419 3831 3473 Itis
3866 3438 4007 3476 vero

2405 3506 2495 3574 qui
2527 3506 2653 3559 nihil
2685 3516 2894 3569 curant,
2926 3508 2970 3560 si
3000 3521 3128 3561 oves
3156 3522 3184 3560 a
3220 3508 3355 3576 lupis
3384 3510 3685 3578 rapiantur:
3718 3528 3840 3565 cum
3875 3515 4008 3567 illas

2405 3610 2509 3650 non
2536 3595 2800 3665 relinquit,
2827 3596 2918 3650 scd
2943 3596 3169 3650 animam
3192 3612 3341 3652 suam
3365 3600 3507 3666 ponit
3530 3600 3725 3654 ncilla:
3746 3616 4002 3671 pereant.

2404 3687 2535 3740 Cum
2565 3686 2705 3740 enim
2736 3688 3101 3740 consultarent
3143 3687 3287 3741 illum
3318 3688 3558 3743 occidere
3582 3730 3595 3754 ,
3631 3706 3805 3761 neque
3829 3707 3861 3745 a
3894 3694 4007 3745 do-

2406 3780 2572 3832 ctrina
2602 3778 2835 3841 destitit,
2869 3794 3039 3844 neque
3069 3779 3347 3834 credentes
3378 3780 3639 3849 prodidit;
3672 3784 3767 3837 sed
3805 3787 3961 3838 stetit
3990 3828 4004 3845 .

2406 3878 2454 3921 et
2480 3878 2704 3921 mortem
2726 3867 2903 3921 subiit.
2935 3866 3056 3921 Ideo
3077 3869 3273 3936 ubique
3294 3869 3523 3934 dicebat,
3548 3870 3656 3940 Ego
3674 3888 3787 3925 sum
3816 3886 4009 3942 pastor

2406 3959 2581 4013 bonus.
2616 3957 2811 4011 Deinde
2838 3973 2957 4011 cum
2990 3959 3194 4012 nullum
3220 3958 3408 4014 adesse
3434 3960 3704 4016 videretur
3733 3964 3811 4018 rei
3845 3967 4010 4018 testi-

2406 4048 2639 4102 monium
2663 4049 2807 4118 (nam
2833 4048 2979 4112 illttd,
3004 4050 3238 4103 Animam
3263 4067 3424 4103 meam
3448 4068 3597 4120 pono,
3628 4052 3773 4106 brevi
3804 4066 4004 4123 postea

2404 4141 2631 4202 accidit;
2663 4140 2789 4194 illud
2822 4156 2945 4194 vero
2968 4180 2982 4203 ,
3014 4151 3065 4193 ut
3096 4143 3249 4194 vitam
3290 4141 3538 4206 habeant,
3573 4153 3618 4196 et
3644 4143 4007 4201 abundantius

2407 4233 2658 4295 habeant,
2690 4241 2810 4299 post
2851 4246 3005 4283 suum
3036 4246 3101 4285 es
3142 4231 3239 4286 hac
3278 4233 3382 4287 vita
3412 4233 3702 4289 discessum
3751 4237 4004 4292 futurum

2406 4320 2566 4388 erat),
2591 4320 2713 4391 quid
2749 4320 2906 4374 facit?
2936 4321 3173 4376 Alterum
3205 4322 3272 4374 ab
3300 4323 3472 4376 altero
3495 4323 3811 4388 confirmat;
3838 4342 4010 4381 ιιι-ιιι-

2406 4427 2473 4480 pc
2501 4426 2565 4465 es
2605 4426 2668 4465 co
2698 4410 2834 4480 quod
2869 4410 2960 4465 det
2999 4414 3231 4465 animam
3260 4454 3276 4478 ,
3306 4414 3446 4483 quod
3488 4414 3576 4467 det
3610 4415 3769 4468 etiam
3799 4417 4001 4472 vitam.

2403 4500 2552 4567 Quod
2578 4510 2631 4555 et
2661 4501 2853 4557 Paulus
2882 4501 3089 4557 diccbat
3118 4521 3132 4555 :
3161 4502 3221 4557 Si
3257 4519 3371 4555 cum
3401 4504 3591 4557 inimici
3615 4520 3836 4558 essemus
3861 4546 3880 4571 ,
3919 4526 4008 4560 rc-

2403 4593 2655 4647 conciliati
2681 4609 2851 4647 smnus
2879 4592 2987 4647 Deo
3015 4611 3104 4662 per
3128 4604 3338 4647 mortem
3365 4592 3491 4655 Filii
3516 4597 3625 4665 ejus
3653 4611 3671 4648 :
3690 4597 3855 4649 multo
3885 4616 4008 4653 tita-

2403 4686 2477 4753 gis
2506 4685 2812 4739 reconciliati
2848 4686 2975 4739 salvi
3002 4688 3186 4741 erimus
3211 4687 3229 4754 (
3256 4685 3403 4740 Rom.
3427 4688 3479 4742 5.
3514 4685 3640 4759 l0).
3677 4687 3742 4743 Et
3769 4705 4004 4746 rursum

2402 4775 2559 4828 alibi:
2583 4776 2683 4842 Qui
2701 4777 2848 4828 etiam
2867 4774 3001 4829 Filio
3013 4794 3221 4831 suonon
3252 4779 3488 4847 pepercit,
3507 4778 3581 4850 (a)
3600 4778 3709 4852 [sed
3724 4797 3816 4851 pro
3846 4785 4007 4839 nobis

2405 4865 2630 4919 omnibus
2669 4866 2877 4918 tradidit
2914 4866 3056 4919 illum
3081 4865 3121 4937 ,]
3145 4868 3399 4935 quomodo
3438 4884 3539 4921 non
3575 4871 3723 4922 etiam
3751 4887 3872 4923 cum
3909 4876 4008 4927 illo

2404 4959 2570 5010 omnia
2613 4957 2753 5010 nobis
2782 4956 2984 5011 donabit
3011 4963 3025 5024 (
3053 4957 3199 5012 Rom.
3228 4959 3280 5014 8.
3311 4960 3380 5013 52
3401 4960 3418 5027 )
3439 4959 3463 5011 ?
3486 4959 3589 5014 Sed
3619 4976 3713 5014 cur
3739 4976 3849 5015 ιιοιι
3882 4964 4007 5033 jam

2404 5060 2653 5105 accusant
2681 5050 2831 5105 illum
2859 5058 2913 5103 ιιι
2942 5051 3088 5119 prius
3107 5092 3122 5113 ,
3152 5051 3393 5107 dicentes
3418 5068 3431 5103 :
3462 5050 3538 5105 Tu
3564 5053 3625 5105 de
3652 5054 3806 5121 teipse
3844 5057 4007 5107 testi-

2404 5145 2623 5195 monium
2661 5142 2888 5212 perhibes
2911 5183 2927 5208 ,
2976 5142 3312 5195 testimonium
3360 5152 3504 5195 tuum
3544 5158 3645 5195 non
3691 5154 3764 5196 est
3810 5157 4009 5197 verum

2404 5232 2423 5298 (
2439 5232 2594 5288 Joau.
2623 5233 2675 5289 8.
2710 5231 2857 5303 l5)?
2884 5233 3015 5299 Quia
3045 5248 3188 5302 saepe
3216 5233 3337 5288 illos
3364 5232 3523 5288 silere
3549 5244 3830 5301 coegerat:
3872 5248 3934 5291 ct
3976 5254 4010 5292 ιι

2402 5325 2566 5395 signis
2610 5325 2780 5394 major
2821 5332 3120 5379 accesserat
3163 5323 3350 5379 ﬁducia
3375 5366 3390 5388 ,
3434 5334 3491 5377 ut
3532 5323 3635 5378 illis
3674 5324 4006 5381 obsisteret.

2404 5416 2602 5471 Deinde
2629 5416 2751 5487 quia
2781 5416 3025 5485 superius
3049 5415 3255 5470 dixerat
3282 5432 3297 5467 :
3328 5414 3393 5468 Et
3424 5430 3537 5468 oves
3564 5431 3730 5469 vocem
3753 5415 3872 5486 ejus
3902 5434 4009 5472 au-

2401 5509 2567 5575 diunt,
2588 5517 2634 5563 et
2660 5516 2933 5579 sequuntur
2956 5522 3104 5571 eunt;
3134 5520 3202 5561 ne
3228 5505 3347 5576 quis
3369 5504 3592 5572 diceret,
3617 5505 3754 5576 Quid
3781 5505 3849 5562 ad
3885 5523 4006 5563 non

2461 5665 2533 5725 (a)
2558 5664 2745 5714 L‘ucinis
2777 5660 2934 5713 clausa
2958 5663 3134 5714 desunt
3158 5675 3207 5713 tu
3229 5661 3515 5726 quihusdam
3531 5668 3635 5711 uss.
