4164 6330
724 360 835 416 329

722 470 1027 535 πιστοῦται,
1079 469 1187 524 ἀπὸ
1226 469 1316 523 τοῦ
1361 469 1545 522 δοῦναι
1582 468 1682 538 τὴν
1715 465 1916 537 ψυχὴν,
1953 466 2036 518 ὅτι
2076 480 2168 516 και
2198 462 2299 533 τὴν

721 552 867 625 ζωήν
905 553 1138 606 δίδωσιν.
1191 551 1368 622 Ὅπερ
1417 552 1511 605 καὶ
1564 554 1592 604 6
1639 549 1849 611 Παῦλος
1893 547 2096 614 ἔλεγεν,
2131 546 2299 599 ὄτιΕί

718 634 916 705 ἐχθροί
941 633 1112 700 ὄντες
1133 633 1597 703 κατηλλάγημεν
1615 630 1694 698 τῷ
1725 629 1846 695 Θεῷ
1870 629 1967 683 διὰ
1987 629 2092 682 τοῦ
2119 625 2296 683 θανά-

717 734 823 770 του
852 715 959 770 τοῦ
991 716 1137 771 Υίοῦ
1159 717 1369 781 αὐτοῦ,
1397 714 1606 780 πολλῷ
1635 713 1878 784 μᾶλλον
1897 710 2300 782 καταλλαγέν-

717 813 818 864 τες
845 800 1266 868 σωθησόμεθα.
1296 799 1409 852 Kal
1443 797 1605 852 πάλιν
1627 794 1860 865 ἀλλαχοῦ
1885 811 1898 824 ·
1945 796 2052 860 ὀς
2093 810 2160 863 τε
2190 791 2299 846 τοῦ

718 877 873 934 ίϐίου
911 880 1050 936 Υίοῧ
1091 882 1203 935 οὐκ
1249 880 1558 949 ἐφείσατο,
1613 880 1750 933 ἀλλ’
1778 877 1930 945 ὑπὲρ
1959 875 2126 946 ἡμῶν
2151 875 2300 929 πόν-

716 962 1191 1030 τωνκαρέδωκεν
1213 962 1400 1016 αὑτὸν
1426 973 1475 1026 ι,
1512 959 1638 1026 πῶς
1685 961 1821 1029 οὐχί
1879 958 2001 1014 σὺν
2042 956 2202 1022 αὐτῷ
2224 956 2299 1012 τά

716 1046 912 1102 δόντα
929 1047 1076 1118 ἡμῖν
1100 1049 1385 1117 χαριεῖται
1412 1065 1432 1113 ;
1475 1047 1637 1102 Ἀλλά
1663 1047 1809 1110 τίνος
1854 1046 2036 1099 ἕνεκεν
2074 1043 2172 1098 οὐκ
2206 1047 2300 1112 ἐγο

716 1129 974 1184 καλοῦσιν
1002 1130 1150 1199 αὐτῷ
1201 1130 1319 1194 νῦν,
1347 1131 1384 1184 ἀ
1418 1131 1512 1184 καὶ
1545 1131 1833 1201 πρότερον,
1887 1128 2134 1195 λέγοντες
2157 1141 2170 1154 ·
2210 1126 2305 1181 Σὺ

714 1213 848 1282 περί
895 1214 1158 1269 σεαυτοῦ
1196 1215 1539 1282 μαρτυρεῖς,
1588 1215 1627 1283 ὴ
1671 1213 1966 1283 μαρτυρία
2023 1227 2139 1264 σου
2181 1212 2295 1264 οὐκ

712 1294 885 1348 ἐστιν
918 1294 1192 1363 άληθήςι
1217 1295 1344 1348 Ὀτι
1377 1296 1638 1359 πολλάκις
1670 1294 2030 1364 ἐπεστόμισεν
2066 1292 2294 1356 αὐτοὺς,

712 1381 806 1435 καὶ
826 1379 1026 1435 πλείων
1043 1383 1085 1453 η
1103 1382 1384 1453 παρῤησία
1408 1382 1542 1454 πρὸς
1563 1383 1762 1446 αὐτοὺς
1785 1379 1892 1435 ἀπὸ
1917 1381 2024 1433 τῶν
2050 1379 2295 1451 σημείων

711 1463 945 1533 ἐγένετο.
981 1460 1133 1528 Εἶτα,
1161 1465 1348 1535 ἐπειδὴ
1391 1460 1541 1519 εἶπεν
1580 1465 1857 1536 ἀνωτέρω,
1891 1463 1998 1518 Kal
2040 1461 2116 1516 τὰ
2150 1463 2294 1531 κρό-

713 1545 859 1599 ϐατα
902 1543 1011 1614 τῆς
1037 1542 1246 1616 φωνῆς
1305 1547 1490 1601 αὐτοῦ
1539 1547 1765 1611 ἀκούει,
1822 1545 1919 1598 καί
1973 1544 2296 1600 ἀκολουθεῖ

712 1628 891 1694 αὐτῷ.
942 1630 1027 1682 ῖνα
1062 1629 1138 1699 μή
1182 1645 1269 1692 τις
1331 1630 1494 1700 εῖπῃο
1535 1631 1594 1684 Τί
1642 1624 1756 1684 οὗν
1791 1626 1942 1694 πρὸς
1998 1625 2141 1692 τοὺς
2201 1625 2289 1696 μὴ

711 1712 1204 1778 κιστεύσαντας;
1259 1711 1494 1765 ἄκουσον
1536 1711 1591 1764 τί
1637 1711 1915 1780 ἐπήγαγε·
1952 1708 2063 1766 Kal
2121 1707 2295 1777 τινώ-

709 1793 928 1848 σκωτά
946 1793 1078 1862 ἐμὰ,
1101 1793 1203 1847 καί
1226 1794 1590 1864 τινώσκομαι
1619 1794 1732 1849 ὑπὸ
1761 1790 1878 1847 τῶν
1905 1791 2089 1861 ἐμῶν.
2111 1792 2288 1863 Ὅπερ

709 1875 806 1929 καὶ
827 1879 854 1930 6
875 1874 1090 1940 Παῦλος
1107 1875 1303 1946 δηλῶν,
1349 1877 1534 1945 ἔλεγεν
1558 1892 1578 1908 τ
1609 1879 1730 1931 Οὐκ
1769 1875 2054 1931 ἀπώσατο
2080 1879 2112 1930 d
2144 1877 2292 1942 Θεὸς

715 1955 817 2008 τὸν
837 1957 992 2010 ,ιαὸν
1011 1958 1202 2038 αὑτοῦ
1217 1958 1291 2012 ὃν
1304 1958 1573 2028 προέγνω
1594 1975 1607 1986 ·
1642 1960 1733 2012 καὶ
1757 1961 1784 2013 6
1799 1959 2063 2028 Μωῦσῆς,
2097 1960 2290 2027 Ἔγνω

712 2037 924 2106 Κύριος
953 2037 1099 2105 τοὺς
1120 2041 1298 2107 ὄντας
1342 2041 1562 2096 αὐτοῦ·
1597 2043 1840 2106 ἐκείνους
1889 2041 2054 2109 λέγω,
2098 2041 2284 2110 φησιν,

710 2119 802 2182 οὓς
853 2122 1153 2192 προέγνων.
1193 2119 1350 2186 Εἶτα,
1403 2125 1489 2176 ῖνα
1543 2125 1617 2195 μὴ
1656 2125 1755 2194 τῆς
1791 2124 2047 2192 γνώσεως
2076 2122 2190 2175 ἴσον
2223 2123 2284 2176 τὸ

710 2201 909 2272 μέτρον
951 2204 1202 2275 νομίσῃς,
1249 2205 1481 2259 ἄκουσον
1529 2205 1647 2269 πῶς
1695 2204 2002 2276 διορθοῦται
2049 2204 2182 2257 αὐτὸ
2218 2207 2283 2276 τῇ

707 2285 996 2354 ἐπαγωγῇ·
1028 2286 1316 2340 Γινώσκω
1346 2289 1418 2342 τὰ
1440 2287 1573 2356 ἐμὰ,
1602 2288 1757 2358 φησὶ,
1791 2287 1888 2341 καὶ
1921 2286 2284 2358 γινώσκομαι

706 2367 824 2422 ὑπὸ
855 2366 973 2421 τῶν
992 2367 1172 2438 ἐμῶν.
1219 2369 1359 2423 ’Δλλ’
1406 2373 1507 2424 οὒκ
1554 2371 1642 2442 ῐση
1669 2375 1701 2443 ή
1734 2371 1933 2440 γνῶσις
1953 2387 1966 2400 ⁶
2003 2371 2138 2426 ἀλλά
2177 2372 2280 2425 ποῦ

707 2449 832 2519 ἴσης
881 2450 1002 2504 Ἐπὶ
1027 2450 1122 2504 τοῦ
1152 2452 1368 2524 Πατρὸς
1399 2454 1493 2506 καὶ
1520 2454 1684 2525 ἐμοῦ,
1728 2456 1875 2507 Ἐκεῖ
1904 2455 2039 2526 7&9,
2075 2455 2284 2522 Καθὼς

705 2529 982 2601 γινώσκει
1002 2551 1080 2603 με
1111 2537 1145 2589 ό
1185 2538 1410 2605 Πατὴρ,
1460 2537 1626 2604 κάγὼ
1648 2537 1921 2606 γινώσκω
1953 2539 2060 2590 τὸν
2092 2539 2279 2592 Πατέο

705 2631 801 2680 pa.
843 2615 997 2669 Ἐπεὶ
1031 2618 1079 2670 εί
1116 2616 1191 2688 μὴ
1216 2619 1374 2672 τοῦτο
1400 2618 1652 2673 ἐϐούλετο
1680 2619 2110 2686 κατασκευάσαι,
2137 2621 2283 2685 τίνος

705 2695 893 2751 ῑνεκεν
919 2697 1052 2751 αὐτὸ
1077 2700 1391 2769 ἐπήγαγεν;
1436 2701 1656 2771 Ἐπειδὴ
1710 2701 1824 2773 γὰρ
1849 2702 2117 2773 πολλαχοῦ
2158 2705 2283 2756 ἐαυ-

703 2779 795 2833 τὸν
815 2779 1027 2850 τίθησιν
1047 2783 1105 2834 ἐν
1127 2781 1277 2849 τάξει
1323 2783 1432 2835 τῶν
1474 2782 1705 2848 πολλῶν,
1741 2783 1827 2837 ἵνα
1863 2786 1936 2853 μή
1972 2802 2056 2848 τις
2084 2786 2284 2858 νομίσῃ

702 2859 785 2913 ϐτι
813 2860 888 2922 ὡς
917 2862 1208 2932 ἄνθρωπος
1233 2863 1406 2928 οὕτως
1427 2864 1744 2933 ἐγίνωσκεν,
1769 2867 2015 2936 ἐπήγαγε
2037 2881 2051 2895 ο
2076 2866 2281 2932 Καθὼς

700 2942 978 3010 γινώσκει
999 2963 1077 3014 με
1094 2948 1127 2998 ό
1153 2945 1376 3014 Πατὴρ,
1413 2947 1574 3016 κάγὼ
1603 2946 1874 3016 γινώσκω
1898 2948 2005 3000 τὸν
2026 2949 2275 3015 Πατέρα.

701 3025 888 3090 οῦτως
941 3027 1186 3099 ἀκριϐῶς
1246 3029 1408 3082 αὐτὸν
1435 3020 1606 3101 ’[555]
1645 3031 1966 3099 ἐπίσταμαι,
2013 3031 2089 3094 ὼς
2118 3031 2280 3096 αὐτὸς

702 3108 821 3179 ἐμέ.
873 3109 971 3163 Διά
1017 3110 1176 3164 τοῦτο
1209 3112 1302 3165 καὶ
1330 3111 1549 3181 ἐλεγεν·
1601 3113 1813 3178 Οὐδείς
1859 3113 2139 3183 γινώσκει
2174 3115 2283 3168 τὸν

702 3190 854 3254 Υίὸν,
889 3193 939 3244 εί
963 3190 1050 3258 μὴ
1086 3196 1120 3246 ό
1141 3192 1366 3262 Πατὴρ,
1420 3192 1520 3248 καί
1572 3197 1680 3248 τὸν
1733 3196 1986 3262 Πατέρα,
2033 3197 2084 3248 εί
2129 3195 2218 3265 μὴ
2249 3200 2282 3251 ὁ

699 3271 850 3336 mc.
883 3274 1295 3345 κεχωρισμένην
1322 3275 1444 3328 τινὰ
1471 3275 1672 3342 γνῶσιν
1714 3277 1908 3344 λέγων,
1959 3277 2053 3330 καὶ
2097 3277 2282 3331 τοιαύ-

699 3371 821 3427 την.
880 3356 997 3411 οῖαν
1041 3359 1215 3423 οὐδεὶς
1267 3358 1454 3431 ῐτερος
1505 3360 1729 3414 δύναται
1783 3362 1950 3430 σχεῖν.
2009 3360 2153 3431 Ἐγὼ
2192 3363 2280 3416 τί-

700 3439 837 3505 θημι
856 3436 970 3505 τὴν
995 3439 1209 3506 ψυχήν
1233 3459 1370 3510 μου.
1414 3442 1663 3513 Συνεχῶς
1696 3442 1854 3496 τοῦτο
1893 3442 2063 3511 λέγει,
2104 3443 2282 3515 δηλῶν

699 3521 779 3574 δτι
806 3523 906 3575 οὐκ
939 3521 1053 3575 ἐστι
1086 3523 1302 3588 πλάνος.
1335 3525 1487 3579 Ἐπεὶ
1519 3527 1612 3579 καὶ
1644 3528 1673 3579 6
1701 3525 2043 3593 Ἀπόστολος,
2058 3527 2148 3581 ὅτε
2178 3529 2279 3582 a6-

699 3602 788 3656 τὺν
802 3602 830 3643 δ
843 3603 1092 3658 ἐϐούλετο
1108 3604 1276 3670 δεῖξαι
1291 3608 1512 3678 γνήσιον
1532 3607 1660 3662 ὄντα
1679 3608 2019 3671 διδάσκαλον,
2033 3611 2125 3663 καὶ
2141 3611 2278 3682 πρὸς

699 3686 826 3748 τοὺς
856 3685 1319 3756 ψευδαποστόλους
1351 3690 1828 3762 ἀντιπαρεξήγαγε
1849 3692 1940 3746 τὸν
1968 3693 2147 3762 λόγον,
2171 3695 2280 3748 ἀπὸ

699 3767 810 3821 τῶν
845 3768 1107 3825 κινδύνων
1145 3772 1240 3825 καὶ
1265 3771 1376 3826 τῶν
1405 3772 1648 3828 θανάτων
1677 3774 1869 3829 ἐαυτὸν
1895 3775 2177 3848 συνίστησι
2199 3777 2282 3830 λέο

699 3865 810 3914 γων
834 3866 848 3882 ο
904 3852 1006 3904 Ἐν
1032 3851 1292 3922 πληγαῖς
1329 3855 1825 3922 ὑπερϐαλλόντως
1846 3897 1862 3924 ,
1904 3857 1976 3910 ἐν
2003 3857 2280 3925 θανάτοις

696 3932 1010 4000 πολλάκις.
1033 3935 1106 3988 Τδ
1129 3935 1230 4005 μὲν
1243 3935 1350 4008 7&9
1367 3937 1564 4007 λέγειν,
1589 3939 1672 3992 ὃτι
1692 3938 1822 4008 Φῶς
1846 3942 1983 4010 εἰμι,
2007 3944 2124 4005 καὶ,
2148 3945 2278 4012 Ζωή

696 4017 835 4086 ειμι,
864 4016 1035 4071 ἐδόκει
1064 4013 1202 4072 εἶναι
1221 4019 1388 4088 τύφου
1416 4023 1566 4093 παρά
1592 4025 1706 4088 τοῖς
1735 4025 1981 4094 ἀνοήτοις
2003 4045 2016 4056 ·
2034 4027 2097 4081 τὸ
2123 4027 2280 4081 66'“-

697 4113 835 4180 γειν,
864 4098 1178 4154 ’Δποθανεῖν
1205 4099 1751 4176 βούλομαι,ούδεμίαν
1781 4105 2078 4177 βασκανίαν
2109 4103 2275 4180 εἶχεν,

695 4179 817 4233 ούδέ
851 4179 1062 4248 φθόνον.
1083 4181 1185 4236 Διά
1211 4182 1368 4238 τοῦτο
1395 4185 1518 4239 ούδλ
1539 4186 1788 4256 λέγουσιν
1817 4188 1966 4259 αύτῷ
1988 4207 2002 4223 ·
2031 4191 2117 4244 Σὺ
2131 4179 2280 4260 μαρ-

695 4261 892 4330 τυροῖς
919 4264 1050 4332 περὶ
1085 4265 1347 4320 σεαυτοῦ
1374 4282 1390 4299 ο
1421 4269 1460 4335 ἡ
1492 4270 1788 4338 μαρτυρία
1818 4285 1933 4324 σου
1969 4263 2082 4325 οὐκ
2108 4274 2280 4327 ἐστιν

693 4343 946 4412 ἀληθής.
976 4346 1181 4418 Πολλὴν
1229 4349 1340 4419 7&9
1384 4349 1594 4402 ἐδείκνυ
1635 4351 1696 4403 τὸ
1746 4351 1897 4421 ῥῆμα
1932 4353 2276 4423 κηδεμονίαν,

695 4426 749 4480 εί
772 4443 836 4495 γε
863 4427 1002 4497 ὑπὲρ
1031 4428 1141 4483 τῶν
1166 4429 1490 4495 λιθαζόντων
1521 4431 1770 4486 ἐϐούλετο
1790 4435 1978 4489 ἐαυτὸν
2009 4436 2274 4492 ἐκδοῦναι.

768 4509 835 4580 β’.
863 4510 965 4564 Διά
983 4511 1142 4566 τοῦτο
1172 4513 1265 4567 καὶ
1287 4514 1560 4586 εὐκαίρως
1586 4515 1678 4569 τὸν
1703 4516 1831 4586 περὶ
1849 4517 1956 4571 τῶν
1983 4517 2152 4572 ἐθνῶν
2166 4521 2278 4573 εῑσ·

693 4591 818 4659 ἀγει
840 4591 1018 4661 λόγον.
1036 4594 1143 4649 Καί
1175 4595 1284 4665 γάρ
1307 4594 1406 4650 καί
1435 4596 1597 4651 ἄλλα
1627 4599 1890 4666 πρόϐατα
1919 4599 2058 4669 ἔχω,
2089 4603 2274 4672 φησὶν,

693 4672 738 4755 ά
763 4676 877 4734 οὐκ
903 4675 1075 4731 ἐστιν
1123 4677 1192 4731 ἐκ
1241 4676 1349 4746 τῆς
1379 4677 1576 4748 αὐλῆς
1631 4682 1850 4749 ταύτης
1871 4698 1885 4713 ·
1921 4683 2168 4738 κάκεῖνὰ
2197 4701 2275 4755 με

694 4754 793 4810 δεῖ
809 4756 1074 4828 ἀγαγεῖν.
1109 4759 1242 4813 Ἰδοὺ
1284 4761 1446 4816 πάλιν
1492 4762 1586 4830 τὸ,
1636 4763 1766 4827 Δεῖ,
1807 4765 1960 4836 ῥῆμα
2001 4754 2271 4838 κείμενον,

696 4839 798 4923 οὐκ
823 4839 1066 4911 ἀνάγκης
1113 4842 1295 4905 ἐστὶν,
1341 4843 1476 4898 ἀλλά
1505 4845 1599 4898 τοῦ
1632 4846 1850 4911 πάντως
1878 4849 2136 4919 ἐσομένου
2180 4851 2273 4923 δηο

696 4922 924 4978 λωτικόν
947 4940 963 4955 ο
996 4924 1197 4979 ὡσανεὶ
1229 4925 1382 4995 ἐλεγε
1407 4944 1420 4958 ’
1463 4929 1529 4981 Τί
1556 4928 1864 5001 θαυμάζετε
1885 4972 1900 4996 ,
1930 4933 1978 4986 εί
2007 4926 2154 4987 οὗτοι
2182 4922 2273 5005 μοι

700 5005 986 5088 μέλλουσιν
1011 5007 1238 5062 ἐπεσθαι
1259 5048 1276 5074 ,
1314 5010 1407 5064 καὶ
1442 5010 1512 5064 τά
1540 5012 1788 5084 πρόϐατα
1829 5016 1929 5086 τῆς
1956 5018 2140 5088 φωνῆς
2171 5034 2276 5087 μου

697 5086 955 5156 ἀκούειν;
996 5090 1164 5145 Ὅταν
1201 5093 1311 5164 γάρ
1341 5092 1436 5146 καὶ
1467 5092 1602 5147 ἀλλα
1629 5095 1776 5166 ῑδητέ
1807 5114 1896 5167 μοι
1920 5086 2276 5153 ἀκολουθοῦν-

696 5189 785 5233 τα,
816 5173 1034 5244 καὶτῆς
1061 5174 1246 5246 φωνῆς
1273 5193 1377 5248 μου
1401 5175 1684 5241 ἀκούοντα,
1717 5179 1834 5232 τότε
1862 5180 2274 5253 ἐκπλαγήσεσθε

698 5253 982 5324 μειζόνως.
1023 5258 1087 5311 El
1118 5257 1175 5312 δέ
1207 5258 1378 5329 λέγει,
1418 5261 1489 5315 Ἀ
1515 5261 1625 5314 οὐκ
1645 5259 1817 5315 ἐστιν
1832 5262 1902 5315 ἐκ
1925 5262 2037 5331 τῆς
2075 5263 2272 5332 αὐλῆς

697 5337 952 5405 ταύτης,
984 5338 1060 5410 μὴ
1105 5338 1429 5414 θορυϐηθῇς.
1467 5343 1532 5396 Ἠ
1561 5342 1671 5413 7&9
1724 5343 1954 5414 διαφορά
2005 5346 2135 5416 περὶ
2181 5346 2272 5399 τὸν

697 5419 862 5489 νόμον
905 5421 1098 5492 μόνον,
1127 5423 1377 5498 καθάπερ
1421 5426 1516 5480 καὶ
1555 5427 1584 5479 6
1625 5427 1835 5492 Παῦλός
1883 5446 2079 5499 φησιν·
2125 5431 2272 5484 Οὔτε

698 5504 980 5574 περιτομή
1018 5523 1077 5560 τι
1127 5509 1326 5576 ίσχύει
1347 5551 1363 5576 ,
1417 5512 1554 5566 οὔτε
1593 5511 1977 5582 ἀκροϐυστία.
2015 5514 2272 5570 Κάκεῖνά

693 5599 773 5653 με
805 5585 902 5640 δεῖ
925 5587 1189 5657 ἀγαγεῖν.
1220 5589 1497 5648 Δείκνυσιν
1527 5593 1872 5667 ἀμφοτέρους
1903 5596 2268 5668 ἐσκορπισμέο

700 5684 820 5730 νους
868 5669 962 5723 καὶ
1013 5673 1385 5743 μεμιγμένους
1420 5677 1513 5729 καλ⁵
1560 5679 1824 5749 ποιμένας
1873 5680 1975 5734 οὐκ
2028 5679 2268 5750 ἔχοντας,

702 5750 984 5816 κάκείνους
1021 5755 1116 5809 καὶ
1160 5755 1385 5820 τούτους
1409 5797 1425 5824 ,
1463 5756 1614 5814 οὔπω
1644 5761 1736 5814 τοῦ
1769 5763 1933 5816 καλοῦ
1967 5780 2271 5834 παραγενο-

764 5865 927 5944 :Hqc
1363 5890 1414 5920 π.
1441 5891 1491 5944 π.
1525 5875 1684 5944 αὐτόν,
1710 5876 1888 5944 ᾁεειιιὶι
1909 5879 1957 5930 1η
1983 5879 2269 5944 τιυὼυθάεω

705 5937 821 5978 ωδε.
885 5926 913 5970 δ
947 5927 1094 5982 Savil.
1122 5926 1261 5991 οὐιεὶ
1299 5936 1562 6001 legendum
1593 5926 1775 5986 ἑαυτὸν.

1429 356 1488 409 3.
1523 350 1808 409 IUANSIS
1846 345 2329 405 ωιιηδυδτωιι
2367 347 2690 402 ARLHIEP.
2731 345 3279 406 CONSTANTINOP.

3888 359 4030 414 550‘

2406 463 2568 533 μένου
2593 464 2869 535 ποιμένος.
2898 459 3032 518 Εἶτα
3063 463 3156 518 καὶ
3185 465 3282 536 τὴν
3325 467 3623 535 μέλλουσαν
3658 469 3834 525 αὐτῶν
3861 492 4006 544 προ-

2404 550 2679 616 αναφωνεῖ
2699 546 3012 616 συνάφειαν,
3034 547 3114 599 ὅτι
3135 547 3411 600 Ἔσονται
3425 548 3532 616 μία
3546 552 3789 619 ποίμνη.
3805 555 4008 625 Ὅπερ

2405 628 2500 681 καὶ
2533 630 2665 683 αὐτὸ
2712 629 2872 684 πάλιν
2908 639 2932 668 ο
2983 630 3013 680 6
3050 628 3259 693 Παῦλος
3299 629 3570 699 ἐδήλωσεν
3608 633 3777 687 είπών
3801 653 3814 666 ·
3860 639 4006 691 Ἵνα

2401 710 2544 778 τοὺς
2575 711 2685 766 δύο
2715 712 2892 778 κτίσῃ
2928 711 2999 764 ἐν
3025 709 3214 775 ἐαυτῷ
3251 714 3340 778 είς
3378 713 3487 766 ἕνα
3513 714 3722 768 καινὸν
3761 717 4005 787 ἀνθρω-

2400 808 2536 848 πον.
2567 796 2670 849 Διά
2711 794 2890 848 τοῦτό
2918 811 2995 862 με
3023 793 3224 863 ἀγαπᾷ
3257 798 3291 849 ό
3319 796 3525 864 Πατὴρ
3547 837 3563 862 ,
3595 797 3683 851 ὅτι
3730 800 3843 868 ἐγὼ
3870 802 4006 870 τὴν

2399 876 2614 946 ψυχήν
2649 893 2768 946 μου
2816 877 3048 945 τίθημι,
3082 877 3182 930 ἵνα
3210 877 3396 931 πάλιν
3426 879 3588 933 ,λάϐω
3625 882 3836 948 αὑτήν.
3873 884 4002 938 Kal

2398 959 2452 1011 τί
2473 959 2566 1012 τοῦ
2599 961 2841 1029 ῥήματος
2871 958 3063 1012 τούτου
3091 959 3474 1031 ταπεινότερον
3499 963 3695 1028 γένοιτ’
3717 963 3804 1028 ἀν,
3835 966 3900 1019 ετ
3925 983 3997 1035 γε

2396 1041 2463 1094 δι’
2495 1043 2644 1112 ἡμᾶς
2670 1042 2702 1094 6
2735 1042 3011 1112 Δεσπότης
3053 1043 3371 1110 ἀγαπᾶσθαι
3404 1044 3586 1113 μέλλει
3622 1047 3651 1098 6
3685 1047 3995 1120 ἡμέτερος,

2397 1124 2585 1197 ἐπειδὴ
2623 1124 2766 1197 ὑπὲρ
2807 1124 2966 1196 ήμῶν
2998 1125 3370 1198 ἀποθνήσκεις
3403 1128 3469 1181 Τί
3515 1126 3640 1194 οῦν,
3689 1132 3810 1184 είπέ
3845 1149 3951 1202 μοι
3980 1151 3996 1197 ;

2395 1207 2488 1262 τὸν
2536 1207 2843 1279 ἔμπροσθεν
2874 1207 3066 1279 χρόνον
3096 1209 3195 1262 οὐκ
3236 1211 3492 1278 ἠγαπᾶτο
3517 1249 3531 1273 ,
3562 1210 3700 1264 ἀλλά
3731 1213 3825 1266 νῦν
3881 1217 4001 1286 τῆς

2396 1289 2617 1362 ἀγάπης
2642 1292 2844 1364 ήρξατο
2884 1293 2913 1345 6
2955 1289 3146 1362 Πατὴρ
3168 1330 3183 1355 ,
3215 1292 3310 1344 καὶ
3349 1294 3513 1363 ἡμεῖς
3544 1293 3842 1366 γεγόναμεν
3875 1298 3996 1368 τῆς

2395 1374 2616 1444 ἀγάπης
2655 1373 2805 1444 αύτῷ
2838 1373 3048 1438 αῖτιοι;
3089 1373 3252 1441 Ὁρᾷς
3295 1373 3414 1435 πῶς
3444 1373 3706 1444 κέχρηται
3746 1381 3810 1447 τῇ
3845 1395 3996 1448 συγ-

2395 1455 2725 1522 καταϐάσεις
2780 1455 2844 1507 Τί
2870 1449 2963 1508 οῦν
2993 1453 3228 1508 ἐνταῦθα
3251 1455 3662 1510 κατασκευάσαι
3691 1455 3948 1526 βούλεται
3977 1480 3991 1526 ;

2406 1539 2624 1610 Ἐπειδὴ
2645 1539 2924 1610 ἀλλότριον
2953 1537 3114 1590 αὑτὸν
3140 1536 3326 1606 ἐλεγον
3351 1536 3447 1590 τοῦ
3472 1539 3686 1608 Πατρὸς
3719 1542 3814 1594 καὶ
3835 1543 3994 1597 πλά-

2391 1636 2514 1686 νον,
2542 1621 2636 1675 καὶ
2671 1621 2764 1674 ἐπὶ
2787 1619 2936 1692 λύμῃ
2965 1620 3120 1691 ήκειν
3155 1619 3315 1672 αὑτὸν
3343 1619 3437 1672 καὶ
3464 1621 3712 1693 ἀπωλείᾳ
3735 1662 3750 1687 ,
3778 1622 3942 1691 λέγει
3976 1642 3988 1655 ·

2390 1702 2502 1756 Καὶ
2531 1705 2578 1756 εί
2613 1694 2781 1773 μηδὲν
2809 1703 2954 1764 ἀλλο,
2989 1699 3154 1754 τοῦτο
3205 1700 3338 1770 γοῦν
3372 1718 3440 1771 με
3490 1701 3707 1756 ἔπειθεν
3753 1707 3992 1777 ἀγαπᾷν

2390 1784 2565 1854 ὑμᾶς,
2589 1786 2650 1838 τὸ
2679 1785 2826 1840 οὕτω
2853 1786 2997 1855 ὑμᾶς
3016 1785 3333 1853 ἀγαπᾶσθαι
3363 1784 3511 1855 παρά
3536 1787 3631 1840 τοῦ
3665 1787 3880 1858 Πατρδς
3907 1791 3993 1854 ὡς

2387 1867 2488 1938 ἐμέ
2509 1885 2523 1899 ο
2575 1869 2671 1922 καὶ
2720 1867 2807 1921 διά
2834 1866 2990 1920 τοῦτο
3033 1865 3351 1935 ἀγαπᾶσθαι
3381 1867 3512 1938 παρ’
3542 1868 3707 1921 αὐτοῦ
3728 1910 3744 1934 ,
3786 1872 3991 1942 ἐπειδὴ

2389 1950 2531 2023 ὑπὲρ
2582 1951 2737 2022 ύμῶν
2792 1950 3139 2022 ἀποθνήσκω.
3183 1949 3293 2002 Καὶ
3339 1951 3477 2020 μετά
3530 1951 3721 2005 τούτου
3777 1953 3834 2006 δέ
3884 1956 3994 2008 καὶ

2389 2035 2566 2089 ἐκεῖνο
2602 2034 3012 2091 κατασκευάσαι
3055 2034 3302 2106 βούλεται
3331 2075 3346 2098 ,
3377 2035 3461 2088 ὅτι
3486 2051 3544 2088 τε
3573 2037 3674 2089 ούκ
3707 2036 3856 2091 ἀκων
3886 2040 4000 2093 ἐπὶ

2387 2117 2448 2170 τό
2479 2119 2707 2188 πρᾶγμα
2739 2118 2957 2189 ἔρχεται
2998 2118 3084 2182 (ει
3114 2116 3223 2188 7&9
3283 2117 3434 2171 άκων
3459 2157 3474 2182 ,
3511 2118 3629 2181 πῶς
3662 2119 3886 2189 ἀγάπης
3915 2118 4010 2193 ἦν·

2386 2201 2668 2270 ποιητικὸν
2689 2201 2750 2254 τὸ
2781 2202 3067 2272 γινόμενον
3087 2200 3148 2270 ς),
3183 2202 3277 2255 καὶ
3301 2201 3382 2255 ὅτι
3413 2201 3507 2254 καὶ
3538 2201 3617 2272 τῷ
3640 2203 3817 2274 Πατρὶ
3851 2204 3987 2274 μεθ’

2389 2283 2695 2356 ὑπερϐολῆς
2746 2285 2903 2338 τοῦτο
2950 2285 3121 2339 δοκεῖ.
3152 2285 3215 2338 El
3247 2285 3304 2338 δέ
3349 2283 3426 2348 ὡς
3480 2285 3766 2356 ἄνθρωπος
3813 2287 4000 2344 τοῦτο

2386 2364 2691 2435 διαλέγεται
2717 2366 2767 2431 ἀ,
2802 2367 2877 2438 μή
2911 2367 3206 2438 θαυμάσῃς
3225 2383 3238 2398 ⁸
3273 2367 3534 2433 πολλάκις
3565 2368 3676 2440 7&9
3703 2369 3804 2441 τὴν
3832 2371 3994 2444 ὑπὲρ

2385 2447 2590 2501 τούτων
2616 2451 2918 2521 εἰρήκαμεν
2948 2451 3128 2503 αἰτίαν
3153 2490 3168 2511 ,
3201 2451 3292 2502 καλ
3323 2450 3488 2504 πάλιν
3525 2451 3596 2505 τά
3620 2452 3762 2507 αὑτά
3791 2453 3989 2524 λέγειν

2389 2533 2641 2602 περιττὸν
2671 2533 2766 2586 καὶ
2790 2532 3046 2602 ἐπαχθές.
3077 2531 3226 2600 Ἕτὼ
3244 2534 3439 2602 τίθημι
3467 2534 3582 2600 τὴν
3598 2539 3814 2605 ψυχὴν
3829 2555 3984 2607 μου,

2387 2615 2487 2667 ινα
2501 2614 2688 2669 πάλιν
2703 2613 2851 2687 [554]
2871 2615 3034 2670 ,ῖάϐω
3045 2615 3258 2680 αὐτήν
3275 2616 3372 2670 καὶ
3399 2617 3598 2685 οὐδεὶς
3610 2620 3759 2687 αίρει
3776 2622 3986 2690 αὐτὴν

2385 2697 2486 2750 ἀπ’
2517 2697 2685 2765 ἐμοῦ.
2722 2698 2868 2764 Ἐγὼ
2887 2699 3080 2767 τίθημι
3106 2697 3300 2766 αὐτὴν
3327 2699 3428 2753 ἀπ’
3443 2700 3728 2769 ἐμαυτοῦ.
3765 2703 3980 2769 Έξου-

2383 2781 2529 2832 σίαν
2552 2779 2670 2849 ἔχω
2687 2780 2870 2834 θεῖναι
2886 2780 3003 2847 τὴν
3018 2781 3229 2850 ψυχήν
3241 2798 3381 2849 μου,
3406 2783 3503 2836 καί
3533 2784 3829 2848 ἐξουσίαν
3854 2789 3983 2858 ἔχω

2380 2861 2588 2915 λαϐεῖν
2605 2863 2816 2928 αὐτήν.
2851 2863 3066 2934 Ἐπειδὴ
3082 2862 3191 2933 7&9
3212 2864 3472 2929 πολλάκις
3499 2867 3848 2923 ἐϐουλεύοντο
3875 2873 3982 2925 αύ-

2379 2941 2472 2996 τόν
2494 2944 2722 3008 ἀνελεῖν,
2754 2945 2922 3013 λέγει,
2947 2947 3028 2999 ὅτι
3055 2945 3146 3015 Μὴ
3179 2945 3500 3017 βουλομένου
3530 2947 3689 3017 ἐμοῦ,
3712 2951 3983 3022 ἀνόνητος

2383 3025 2512 3096 ὑμῖν
2539 3027 2689 3110 ἐστιν
2717 3030 2745 3080 6
2773 3029 2932 3091 πόνος
2954 3045 2969 3059 ·
3003 3029 3098 3110 καὶ
3127 3031 3192 3082 ἐκ
3222 3029 3314 3082 τοῦ
3346 3030 3606 3101 προτέρου
3637 3032 3697 3086 τὸ
3717 3031 4005 3110 δεύτερον

2384 3108 2804 3174 κατασκευάζει,
2831 3111 2938 3164 ἀπὺ
2955 3109 3048 3163 τοῦ
3074 3110 3307 3164 θανάτου
3334 3111 3432 3182 τὴν
3460 3112 3779 3169 ἀνάστασιν.
3801 3116 3984 3172 Τοῦτο

2383 3190 2490 3260 γάρ
2516 3192 2630 3243 ἐστι
2650 3191 2710 3244 τὸ
2738 3191 3046 3262 θαυμαστὸν
3063 3193 3156 3245 καὶ
3178 3192 3500 3259 παράδοξον.
3531 3195 3640 3248 Kal
3661 3196 3770 3268 7&9
3791 3197 3983 3267 ἀμφό-

2381 3288 2516 3341 τερα
2555 3275 2758 3338 καινῶς
2783 3275 2996 3343 γέγονε,
3018 3275 3111 3328 καὶ
3146 3276 3285 3346 ύπερ
3315 3274 3414 3346 την
3438 3275 3621 3346 κοινὴν
3659 3278 3980 3346 συνήθειαν.
4059 3300 4068 3308 ·

2455 3355 2817 3426 Προσέχωμεν
2872 3357 2928 3410 δὲ
2987 3357 3126 3427 μετά
3176 3357 3464 3428 ἀκριϐείας
3512 3357 3591 3429 τῷ
3647 3359 3939 3433 λεγομένῳ
3965 3379 3979 3392 ·

2395 3437 2722 3502 Ἐξουσίαν
2745 3441 2863 3508 ἐχω
2884 3439 3091 3504 θεῖναι,
3124 3441 3278 3510 φησὶ,
3305 3441 3420 3506 τὴν
3448 3441 3660 3510 ψυχήν
3679 3461 3824 3512 μου.
3861 3446 3987 3500 Καὶ

2380 3521 2465 3584 τίς
2497 3521 2596 3574 οὐκ
2624 3522 2737 3593 ἔχει
2769 3522 3017 3586 ἐξουσίαν
3059 3522 3230 3576 θεῖναι
3260 3523 3361 3592 τὴν
3387 3523 3564 3594 ψυχήν
3602 3525 3702 3596 τὴν
3728 3528 3934 3582 ἐαυτοῦ
3961 3549 3979 3596 ;

2393 3605 2638 3675 Ἐκάστῳ
2689 3606 2798 3677 7&9
2846 3605 3155 3676 βουλομένῳ
3203 3605 3424 3660 δυνατὸν
3497 3609 3689 3662 ἐαυτὸν
3735 3611 3981 3667 ἀνελεῖν.

2394 3687 2532 3740 Ἀλλ’
2558 3689 2656 3758 οὐχ
2701 3687 2844 3742 οὕτω
2889 3688 3083 3759 φησίνο
3121 3688 3256 3742 ἀλλά
3302 3689 3460 3753 πῶςς
3495 3689 3680 3754 Οῦτως
3715 3693 3980 3759 ἐξουσίαν

2381 3769 2488 3840 ἔχω
2507 3770 2698 3834 θεῖναι,
2727 3771 2803 3832 ὡς
2829 3772 3032 3840 μηδένα
3057 3771 3354 3842 δυνηθῆναι
3389 3773 3611 3838 ἄκοντος
3644 3775 3782 3846 ἐμοῦ
3811 3779 3980 3834 τοῦτο

2382 3851 2648 3921 ποιῆσαιο
2683 3853 2819 3922 ὅπερ
2868 3852 2961 3904 ἐπὶ
3008 3852 3313 3924 ἀνθρώπων
3356 3857 3454 3908 ούκ
3482 3855 3580 3910 ενι.
3618 3858 3816 3928 Ἡμεῖς
3861 3862 3996 3935 7&9-

2382 3936 2484 3988 οὐκ
2507 3935 2702 4007 ἔχομεν
2727 3935 2976 4000 ἐξουσίαν
3009 3936 3184 4001 ἄλλως
3219 3937 3416 4002 θεῖναι,
3456 3938 3576 3991 ἀλλ’
3614 3941 3979 4012 ἀναιροῦντες

2382 4017 2629 4082 ἑαυτούς.
2656 4019 2719 4071 El
2741 4018 2800 4071 δέ
2830 4019 3198 4089 ἐμπίπτοιμεν
3227 4021 3304 4084 είς
3327 4019 3779 4087 ἐπιϐουλεύοντάς
3811 4042 3978 4092 τινας

2381 4101 2476 4152 καὶ
2501 4101 2725 4172 κυρίους
2759 4100 2998 4165 ἀνελεῖν,
3048 4103 3148 4155 οὐκ
3197 4102 3278 4155 ἐτι
3316 4102 3514 4172 ἔχομεν
3565 4104 3816 4170 ἐξουσίαν
3869 4109 3978 4163 τοῦ

2381 4182 2552 4238 θεῖναι
2580 4185 2674 4238 καὶ
2714 4184 2811 4255 μὴ.
2841 4183 2978 4237 ἀλλά
3000 4189 3090 4238 καὶ
3112 4186 3354 4239 ἀκόντων
3382 4186 3538 4255 ήμῶν
3560 4188 3759 4243 ἐκεῖνοι
3795 4193 3996 4264 αὐτὴν-

2380 4265 2719 4337 ἀναιροῦσιν.
2790 4267 2907 4319 Ἐπ’
2973 4266 3138 4320 αὐτοῦ
3193 4266 3249 4319 δέ
3302 4268 3400 4337 οὐχ
3444 4267 3637 4335 οὕτως,
3679 4272 3818 4326 ἀλλά
3875 4279 3979 4330 καὶ

2381 4347 2585 4418 ἐτέρων
2623 4349 3078 4403 ἐπιϐουλευόντων
3120 4350 3306 4422 κύριος
3337 4347 3406 4422 ἦν
3456 4353 3620 4418 αὐτὸς
3663 4355 3741 4426 μὴ
3795 4355 3976 4412 θεῖναι

2381 4431 2572 4501 αὐτήν.
2592 4430 2776 4486 Εἰπὼν
2795 4428 2908 4497 οὖν,
2933 4433 3015 4486 ὅτι
3032 4433 3242 4499 Οὐδείς
3271 4434 3466 4502 αὐτὴν
3488 4436 3639 4504 αἴρει
3664 4437 3769 4492 ἀπ’
3793 4440 3973 4508 ἐμοῦ,

2378 4513 2498 4567 τότε
2528 4515 2804 4585 ἐπήγαγεν
2825 4533 2838 4544 ·
2883 4515 3209 4579 Ἔξουσίαν
3232 4516 3350 4584 ἔχω
3376 4517 3564 4571 θεῖναι
3594 4518 3712 4587 τὴν
3751 4523 3978 4592 ψυχήν

2324 4622 2329 4627 -
2374 4611 2526 4665 μου·
2573 4598 2868 4662 τουτέστιν,
2913 4597 3055 4665 Ἐγὼ
3103 4597 3264 4668 μόνος
3295 4601 3412 4669 εἰμὶ
3445 4598 3632 4669 κύριος
3656 4602 3752 4655 τοῦ
3791 4603 3975 4659 θεῖναι

2377 4679 2544 4750 αὐτήν
2569 4696 2584 4709 ·
2613 4680 2751 4751 ὅπερ
2777 4681 2864 4750 ἐφ’
2895 4682 3049 4752 ὑμῶν
3089 4681 3190 4734 οὐκ
3225 4682 3362 4736 ἐστι.
3393 4682 3516 4756 Καὶ,
3544 4685 3653 4755 7&9
3682 4685 3780 4738 καὶ
3813 4686 3974 4742 ἄλλοι

2378 4760 2566 4815 πολλοὶ
2589 4761 2770 4832 κύριοί
2803 4766 2908 4816 είσι
2935 4765 3028 4817 τοῦ
3058 4763 3242 4817 λαϐεῖν
3269 4764 3436 4836 αὐτὴν
3459 4767 3555 4835 ἀφ’
3589 4767 3769 4836 ήμῶν.
3800 4769 3974 4824 Ἀλλά

2376 4843 2536 4897 τοῦτο
2574 4846 2724 4916 παρά
2746 4845 2843 4916 τὴν
2878 4846 3052 4917 ἀρχὴν
3077 4848 3177 4900 οὐκ
3209 4842 3359 4900 εἶπεν
3379 4863 3391 4877 ·
3433 4845 3554 4901 ούδέ
3596 4849 3706 4921 γάρ
3736 4852 3987 4922 ἔμελλεν»

2377 4928 2407 4979 6
2426 4926 2584 4994 λόγος
2605 4927 2914 4992 ἀξιόπιστος
2957 4924 3119 4982 εἷναισ
3143 4929 3263 4983 ἀλλ’·
3281 4931 3369 4983 ὅτε
3406 4931 3502 5002 τὴν
3535 4933 3643 4985 ἀπὸ
3669 4933 3780 4986 τῶν
3817 4953 3971 5006 πραο

2381 5011 2609 5080 γμάτων
2648 5011 2808 5064 ἔλαϐε
2855 5012 3183 5084 μαρτυρίαν,
3223 5014 3325 5069 καὶ
3352 5013 3608 5080 πολλάκις
3637 5017 3971 5076 ἐπιϐουλεύο

2381 5109 2572 5158 σαντες
2603 5094 2703 5148 οὐκ
2729 5095 2954 5166 ἰσχυσαν
2983 5096 3146 5150 αὐτὸν
3176 5100 3469 5168 κατασχεῖν
3497 5101 3517 5169 (
3541 5101 3634 5154 καὶ
3666 5100 3775 5173 γάρ
3803 5103 3974 5175 ἐξῆλ-

2377 5175 2467 5230 θεν
2499 5177 2565 5230 ἐκ
2601 5177 2708 5230 τῶν
2756 5179 2955 5248 χειρῶν
2993 5178 3172 5232 αὐτῶν
3217 5181 3510 5250 μυριάκις)
3537 5196 3556 5211 ο
3600 5181 3720 5236 τότε
3772 5183 3976 5240 λοιπόν

2376 5276 2568 5331 φησιν,
2605 5259 2818 5327 Οὐδεὶς
2852 5263 3048 5328 αὐτὴν
3085 5259 3237 5329 alpes
3267 5262 3370 5316 ἀπ’
3402 5261 3570 5332 ἐμοῦ.
3607 5265 3670 5318 El
3713 5265 3770 5320 δέ
3794 5267 3970 5323 τοῦτο

2374 5342 2570 5413 ἀληθὲς
2589 5385 2605 5409 ,
2635 5344 2856 5396 κάκεῖνο
2895 5343 3085 5397 ἐπεται
3104 5383 3121 5407 ,
3149 5343 3210 5395 τὸ
3252 5344 3447 5398 ἐκόνια
3491 5347 3584 5399 ἐπὶ
3614 5347 3771 5400 τοῦτο
3799 5348 3969 5422 ἔρχε-

2375 5427 2520 5481 σθαι.
2547 5426 2750 5480 Τούτου
2778 5426 2834 5479 δέ
2867 5427 3018 5490 ὄντος
3055 5425 3318 5496 ἀληθοῦς,
3367 5429 3588 5482 κάκεῖνο
3630 5431 3974 5504 συνέστηκε,

2371 5509 2433 5563 τὺ
2460 5511 2624 5579 ήνίκα
2649 5511 2715 5565 ἃν
2747 5509 2979 5581 βουληθῇ
3001 5509 3190 5564 λαϐεῖν
3213 5510 3408 5582 αὐτὴν,
3439 5511 3735 5582 δυνηθῆναι
3763 5514 3964 5572 πάλιν.

2373 5594 2438 5648 El
2464 5594 2574 5665 7&9
2613 5594 2674 5647 τὸ
2716 5595 3005 5648 ἀποθανεῖν
3049 5594 3232 5665 μεῖζον
3273 5595 3308 5665 ἦ
3361 5593 3511 5649 κατά
3546 5595 3834 5667 ἄνθρωπον
3867 5595 3964 5672 ἦν,

2375 5677 2509 5747 μηδέ
2553 5677 2680 5748 περὶ
2712 5676 2922 5730 ἐκείνου
2950 5676 3135 5730 λοιπὸν
3169 5675 3496 5747 ἀμφίϐαλλε.
3534 5678 3608 5731 T6
3651 5679 3759 5749 7&9
3789 5681 3978 5736 αὐτὸν

2375 5758 2534 5829 μόνον
2564 5753 2702 5813 εῖναι
2730 5759 2922 5830 κύριον
2944 5758 3041 5812 τοῦ
3066 5760 3166 5830 τὴν
3215 5759 3392 5832 ψυχὴν
3423 5762 3663 5830 ἀφεῖναι,
3710 5760 3969 5819 δείκνυσι

2373 5843 2466 5897 καὶ
2501 5840 2593 5895 τοῦ
2632 5841 2817 5896 λαϐεῖν
2849 5841 3019 5913 αὐτὴν
3068 5842 3256 5913 κύριον
3295 5842 3424 5898 ϐντα
3465 5845 3576 5898 ἀπο
3625 5844 3726 5915 τῆς
3777 5845 3966 5918 αὐτῆς

2435 5942 2457 5974 ⁸
2492 5940 2588 5994 Alii
2625 5943 2703 5990 καὶ
2729 5941 2868 5999 αὐτὸς
2891 5942 3046 5992 πάλιν.
3115 5940 3142 5984 Il
3168 5942 3372 6006 Quidam
3395 5943 3634 6010 ἄνθρωπος
3650 5943 3798 5996 ταῦτα
3821 5947 3938 6000 διαὶ
