4164 6330
175 425 297 482 Ἑῖο

202 539 486 598 credentes
504 533 531 587 ?
564 528 689 586 audi
712 524 839 599 quid
866 521 1026 579 addat
1054 516 1165 573 :‘Et
1200 528 1446 585 cognosco
1475 525 1588 565 oves
1614 524 1750 561 meas
1771 546 1787 572 ,

204 642 251 686 et
280 632 587 699 cognoscunt
616 636 693 675 me
721 630 861 672 meae.
905 609 1055 681 Quod
1096 617 1151 663 et
1191 605 1386 662 Paulus
1425 599 1747 673 signiﬁcavit
1776 615 1791 651 :

209 690 562 785 Nonvrepulit
608 711 745 767 Deus
791 704 1035 778 populum
1078 715 1223 756 suum
1264 711 1410 766 quem
1452 690 1794 763 prtecognooit

210 809 389 880 (nam.
421 783 511 861 it.
542 804 631 874 t);
661 811 715 856 ει
743 798 951 867 Moyses
980 811 995 849 ε
1026 789 1268 863 Cognotn't
1294 787 1541 841 Dominus
1566 783 1651 854 qui
1677 788 1794 880 sunt

206 870 319 970 ejus
341 896 417 965 (ε.
448 870 585 950 Tim.
603 893 657 947 ε.
687 887 779 956 ιθ)
804 905 817 941 ε
841 886 961 940 illos
982 883 1122 944 dico,
1145 879 1344 970 inquit,
1367 888 1502 947 quos
1527 870 1798 970 praescia:

210 959 415 1044 deinde
453 1001 523 1041 ne
562 973 1091 1053 paremrcognitionis
1128 968 1344 1025 modum
1382 974 1598 1032 putares
1620 1002 1636 1028 ,
1668 959 1792 1015 audi

203 1076 479 1149 quomodo
501 1072 629 1129 illud
660 1086 755 1142 per
778 1065 1051 1138 sequentia
1071 1060 1320 1130 corrigat.
1350 1055 1789 1149 Cognosce-meas,

209 1144 419 1241 inquit,
446 1176 493 1221 et
529 1168 830 1235 cognoscunt
865 1174 945 1212 nte
978 1170 1121 1213 mete.
1164 1150 1270 1208 Sed
1288 1163 1421 1241 inoo
1459 1144 1677 1241 aequalis
1710 1148 1794 1198 est

207 1234 601 1331 cognitioned
641 1253 734 1309 ubi
778 1247 997 1320 aequalis
1038 1243 1159 1300 est?
1189 1242 1246 1296 ln
1288 1240 1448 1295 Patre
1492 1234 1629 1331 et
1659 1247 1789 1288 me:

208 1324 335 1406 nam
356 1348 503 1404 Sicut
524 1349 777 1416 cognoscit
796 1354 875 1393 me
899 1337 1077 1402 Pater,
1102 1342 1147 1388 et
1172 1347 1261 1403 ego
1287 1342 1532 1401 cognosco
1560 1324 1788 1379 Patrem.

205 1441 319 1497 Nisi
354 1438 499 1493 enim
535 1412 636 1490 hoc
662 1432 889 1504 probare
918 1428 1209 1488 voluisset,
1242 1437 1337 1477 cur
1376 1419 1429 1474 id
1458 1412 1793 1472 addidisset?

205 1532 341 1601 Quia
368 1529 512 1586 enim
537 1540 596 1582 se
624 1526 928 1594 frequenter
944 1520 1008 1573 in
1040 1524 1356 1571 cancrorum
1382 1508 1570 1563 ordine
1601 1504 1749 1574 ponit
1773 1543 1789 1569 ,

204 1597 275 1681 ne
309 1623 432 1694 quis
470 1628 680 1691 putaret
716 1631 776 1671 se
816 1615 889 1668 ita
920 1620 1255 1680 cognoscere
1286 1604 1505 1659 Patrem
1528 1609 1593 1654 ut
1630 1597 1793 1653 homo

202 1714 516 1787 cognoscit,
542 1708 772 1765 subdidit
800 1722 815 1759 :
844 1705 990 1760 Sicut
1025 1698 1278 1771 cognoscit
1306 1712 1385 1750 me
1414 1694 1595 1757 Pater,
1625 1700 1671 1745 et
1700 1705 1791 1759 ego

201 1782 453 1879 cognosco
481 1803 708 1856 Patrem.
736 1800 810 1853 ita
834 1794 1071 1868 perfecte
1084 1793 1270 1860 ipsum
1296 1798 1578 1857 cognosco,
1601 1792 1657 1837 ut
1679 1782 1793 1850 ipse
1838 1828 1839 1835 η

200 1870 309 1953 me.
343 1896 465 1949 Ideo
491 1891 722 1951 dicebat,
755 1886 920 1943 Nemo
946 1881 1200 1954 cognoscit
1227 1876 1446 1940 Filium,
1482 1873 1581 1927 nisi
1610 1870 1787 1936 Pater,

198 1996 249 2042 et
272 1986 503 2049 Patrem,
526 1984 624 2038 nisi
643 1980 693 2034 Γ
694 1980 813 2034 ilius
830 1977 982 2050 (Luc.
1008 1975 1100 2030 ιι).
1119 1970 1233 2043 εε),
1259 1968 1581 2039 peculiarem
1602 1978 1790 2033 quam-

198 2078 323 2132 dam
348 2074 706 2145 cognitionem
737 2068 999 2131 indicans,
1027 2073 1081 2118 et
1110 2061 1318 2133 qualem
1349 2070 1506 2111 nemo
1530 2054 1666 2107 alius
1697 2067 1791 2120 po-

199 2176 307 2224 test
329 2167 613 2236 attingere.
642 2162 753 2232 Ego
784 2174 916 2231 pono
942 2158 1165 2211 animum
1191 2166 1370 2206 meam.
1399 2147 1453 2203 id
1487 2147 1790 2215 frequenter

195 2261 350 2327 dicit,
385 2272 580 2315 senon
610 2255 951 2324 deceptorem
976 2263 1096 2305 esse
1121 2244 1419 2301 declarans.
1449 2236 1791 2305 Quandoqui-

194 2350 322 2407 dem
370 2348 648 2419 apostolus
673 2356 741 2399 λιιι
769 2359 839 2399 se
876 2356 1060 2399 verum
1099 2338 1409 2407 magistrum
1440 2329 1785 2393 ostenderet,

177 2455 367 2511 seque
394 2439 544 2496 falsis
573 2435 827 2507 apostolis
856 2437 1169 2503 opponeret,
1200 2442 1265 2482 ex
1296 2422 1545 2493 periculis
1570 2428 1624 2476 et
1652 2434 1788 2511 mor-

184 2509 342 2585 tibus
361 2543 482 2584 sesc
504 2523 842 2581 commendat
863 2523 1049 2577 dicens
1074 2534 1088 2573 :
1110 2516 1177 2571 In
1194 2514 1362 2587 plagis
1382 2528 1538 2582 supra
1559 2509 1784 2571 modum,

191 2622 248 2673 in
280 2618 523 2673 mortibus
544 2616 829 2687 frequenter
849 2611 1076 2683 (ὶνϐοτ.
1106 2610 1191 2663 Η.
1223 2606 1338 2675 23).
1370 2603 1504 2657 Cum
1530 2601 1671 2655 enim
1701 2598 1785 2653 di-

178 2717 363 2775 ceret,
387 2709 519 2764 Sum
544 2708 652 2773 lucc,
677 2705 939 2771 Sumoita,
962 2718 1029 2757 ex
1045 2700 1183 2756 fastu
1208 2697 1352 2767 loqui
1373 2693 1510 2765 apud
1536 2692 1789 2762 insipien-

184 2811 276 2858 εει
304 2802 623 2866 videbatur;
651 2813 770 2854 eum
800 2811 927 2851 vero
958 2794 1199 2858 dicebat,
1231 2789 1364 2846 Mori
1394 2786 1518 2841 volo
1541 2826 1555 2851 ,
1584 2784 1785 2840 nullam

182 2893 294 2948 sibi
346 2891 599 2945 invidiam
647 2889 902 2959 pariebat.
948 2884 1072 2940 Ideo
1116 2883 1203 2937 hic
1248 2896 1352 2935 non
1385 2878 1569 2932 dicunt
1593 2875 1677 2940 ei,
1710 2873 1788 2928 Tu

195 2985 534 3042 testimonium
560 2981 784 3055 perhibes
806 2978 869 3037 de
895 2979 1073 3053 teipse,
1100 2973 1432 3033 testimonium
1455 2981 1594 3024 tuum
1616 2984 1784 3022 rerum

192 3094 294 3132 non
310 3086 403 3132 est.
422 3076 535 3132 iloe
547 3075 709 3130 verbo
725 3089 968 3144 magnam
984 3070 1278 3128 exhibebat
1292 3081 1494 3130 curam,
1514 3060 1559 3120 si
1572 3060 1783 3135 quidem

192 3183 291 3238 pro
319 3165 680 3237 lapidantibus
705 3163 914 3219 volebat
934 3177 992 3217 se
1018 3160 1246 3215 tradere.

261 3256 320 3311 3.
366 3257 659 3325 Propterea
719 3253 787 3309 de
843 3251 1091 3322 gentibus
1136 3258 1436 3318 opportune
1478 3259 1783 3301 sermonem

190 3348 422 3403 inducit.
454 3345 546 3401 46.
572 3344 779 3399 Etenim
806 3343 935 3397 alias
963 3356 1076 3395 oves
1101 3339 1280 3404 habeo,
1324 3352 1438 3406 qut:
1462 3352 1563 3389 non
1588 3343 1703 3388 sunt
1725 3349 1787 3387 ea:

186 3439 287 3492 hoc
315 3438 437 3491 ovili
469 3452 490 3490 :
519 3446 564 3489 et
601 3434 720 3488 illas
745 3440 1049 3503 Oportet-nte
1071 3429 1347 3483 adducere.
1377 3426 1457 3479 En
1485 3438 1669 3478 rursus
1692 3438 1787 3477 vo-

186 3542 310 3583 cem
344 3525 557 3596 Oportet
584 3523 824 3589 adhibet,
849 3537 969 3592 qua:
1002 3535 1109 3575 non
1151 3517 1524 3574 necessitatem
1555 3512 1783 3580 indicat,

188 3618 288 3675 sed
316 3632 433 3673 rem
474 3630 694 3687 prorsus
730 3628 849 3669 esse
875 3611 1146 3674 futuram;
1188 3622 1251 3663 ac
1296 3607 1341 3661 si
1376 3606 1616 3661 diceret:
1647 3604 1785 3672 Quid

191 3705 489 3772 miramini,
517 3705 562 3759 si
591 3705 749 3758 bime
774 3700 1051 3771 sequuturi
1073 3706 1219 3764 sunt,
1250 3705 1305 3751 et
1352 3696 1397 3751 si
1442 3708 1572 3750 oves
1597 3707 1784 3748 vocem

191 3813 371 3855 meam
400 3798 508 3853 sint
528 3794 830 3851 audituros?
868 3793 1005 3849 Cum
1033 3791 1176 3846 enim
1216 3788 1348 3843 alias
1374 3801 1461 3841 me
1502 3792 1787 3855 sequentes

195 3889 474 3955 videbitis,
502 3896 557 3943 et
582 3901 768 3942 vocem
795 3898 967 3939 meam
998 3882 1292 3944 audientes,
1326 3887 1453 3933 tunc
1491 3876 1661 3947 magis
1686 3875 1785 3931 ob-

192 3980 539 4049 stupeswtis.
568 3975 682 4031 Etsi
704 3989 832 4029 vero
851 3973 1015 4036 dicat,
1042 3971 1167 4037 ραω
1186 3984 1287 4023 non
1313 3976 1422 4022 sunt
1439 3981 1505 4021 es;
1524 3967 1618 4019 hoc
1645 3964 1785 4030 ovili,

194 4086 267 4127 ne
305 4068 560 4124 turbcris.
600 4065 905 4120 Diﬁ‘erentia
945 4063 1087 4117 enim
1130 4062 1183 4115 in
1224 4059 1343 4130 lege
1385 4057 1559 4113 solum
1597 4064 1699 4119 est,
1732 4064 1789 4109 ιιι

189 4165 273 4220 ait
291 4162 492 4219 Paulus
526 4176 541 4215 :
565 4158 615 4213 Ν
622 4175 743 4229 eque
760 4155 1071 4211 circumcisio
1091 4151 1283 4222 aliquid
1305 4151 1455 4216 calet,
1482 4163 1639 4218 neque
1658 4161 1788 4218 prte-

194 4256 422 4327 putium.
451 4249 516 4304 Et
545 4251 661 4305 illas
686 4256 881 4317 oportet
924 4261 1004 4299 me
1032 4244 1282 4298 adducere
1306 4241 1391 4311 (l.
1420 4239 1538 4294 Cor.
1572 4239 1623 4293 7.
1657 4239 1785 4307 19).

198 4346 451 4402 Declarat
485 4353 735 4413 utrosque
760 4339 1030 4409 dispersos
1056 4343 1112 4392 et
1139 4332 1460 4392 commixtos
1496 4345 1638 4397 esse,
1673 4330 1790 4387 sine

197 4430 531 4507 pastoribus,
555 4446 677 4486 eum
716 4428 950 4484 nondum
992 4435 1177 4496 pastor
1212 4424 1300 4479 ille
1327 4422 1500 4477 bonus
1529 4420 1786 4476 venisset.

200 4524 410 4581 Deinde
438 4522 668 4577 futuram
709 4520 919 4575 illorum
961 4515 1393 4586 coniunctionem
1418 4513 1741 4585 praenuntiat
1772 4529 1786 4567 :

200 4618 268 4672 Et
294 4617 388 4671 erit
428 4630 583 4668 unum
632 4613 779 4667 ovile.
809 4609 960 4677 Quod
993 4610 1166 4679 ipsum
1191 4606 1391 4662 Paulus
1430 4603 1786 4675 signiﬁcavit:

201 4708 272 4764 Ut
298 4708 429 4761 duos
456 4705 639 4759 condat
674 4705 728 4757 in
760 4702 1023 4771 semetipso
1061 4701 1113 4754 in
1144 4715 1301 4753 unum
1328 4712 1509 4751 novum
1538 4696 1793 4750 hominem

201 4796 442 4867 (Ephes.
469 4794 525 4848 Ξ.
554 4792 675 4866 15).
704 4794 791 4848 Π.
822 4790 1098 4862 Pmpterea
1139 4805 1218 4843 me
1245 4788 1409 4859 diligit
1444 4786 1623 4851 Pater,
1674 4787 1794 4855 quia

201 4903 297 4958 ego
321 4887 546 4939 animum
556 4900 717 4938 meum
732 4898 884 4952 pono,
903 4892 956 4935 ut
978 4884 1157 4935 iterum
1176 4880 1420 4950 accipiam
1440 4894 1573 4932 eam.
1587 4877 1793 4947 Ecquid

203 4978 313 5033 hoc
344 4978 507 5033 verbo
550 4974 844 5031 humilius?
876 4974 1143 5044 siquidem
1167 4980 1389 5043 propter
1414 4985 1514 5026 nos
1537 4971 1795 5026 Dominus

202 5067 471 5124 amandus
490 5074 596 5131 est,
626 5066 877 5136 quoniam
901 5080 999 5135 pro
1024 5063 1179 5118 nobis
1200 5062 1444 5117 moritur.
1476 5059 1613 5129 Quid
1643 5075 1792 5131 ergo,

203 5161 297 5229 die
328 5159 499 5215 mihi?
532 5175 599 5214 an
626 5159 887 5229 superiori
919 5167 1158 5227 tempore
1186 5172 1295 5212 non
1320 5136 1658 5226 diligebatur,
1699 5153 1794 5209 sed

205 5248 627 5319 nunc’diligere
669 5249 865 5317 incepit
893 5248 1069 5314 Pater,
1096 5256 1151 5301 et
1168 5261 1265 5301 nos
1308 5246 1360 5300 in
1390 5260 1552 5300 causa
1598 5242 1797 5298 amoris

206 5341 312 5409 ipsi
341 5339 575 5395 luimus?
601 5337 785 5395 Viden‘
813 5349 1069 5409 quantum
1096 5346 1296 5394 nostra:
1339 5351 1400 5392 se
1425 5332 1798 5392 accommodet

208 5428 548 5486 inﬁrmitati?
584 5428 721 5498 Quid
766 5429 853 5485 hic
878 5444 1007 5500 ergo
1039 5430 1153 5483 vult
1177 5428 1434 5498 probare?
1485 5427 1621 5483 Cum
1662 5427 1797 5481 alie-

211 5537 349 5577 num
371 5521 520 5577 illum
542 5536 575 5576 a
597 5520 755 5576 Patre
788 5530 843 5576 et
866 5520 1206 5589 deceptorem
1228 5518 1488 5581 dicerent,
1519 5517 1799 5586 ipsumque

216 5612 268 5668 in
294 5620 502 5682 pestem
529 5626 591 5667 ac
617 5610 910 5682 perniciem
943 5609 1178 5675 venisse,
1211 5608 1343 5661 dicit
1381 5607 1472 5661 ille
1518 5626 1531 5661 :
1583 5605 1638 5660 Si
1695 5621 1797 5659 non

213 5702 382 5769 aliud,
414 5700 546 5756 illud
571 5702 764 5756 saltem
791 5714 877 5755 me
902 5699 969 5753 ad
992 5713 1086 5756 vos
1116 5697 1380 5752 amandos
1402 5697 1630 5761 induxit,
1658 5695 1800 5765 quod

220 5781 347 5860 vos,
373 5802 427 5845 nt
457 5801 511 5848 et
536 5805 657 5863 ego,
690 5806 720 5845 a
746 5789 904 5846 Patre
929 5788 1202 5854 amemini,
1220 5797 1275 5844 et
1303 5786 1421 5843 ideo
1450 5786 1630 5841 abillo
1654 5800 1801 5840 ame-

1252 401 1332 457 ΙΝ
1369 395 1677 457 JOANNEM
1718 393 1944 451 HOMIL.
1982 391 2102 447 LX.
2143 393 2213 447 al.
2248 391 2383 448 LIX.

1904 502 2055 570 mini,
2081 502 2206 572 quia
2234 516 2333 573 ego
2356 514 2453 572 pro
2484 498 2634 555 vobis
2658 498 2879 554 morior.
2915 498 3192 555 Praeterea
3218 499 3351 556 illud
3377 503 3492 558 vult

1898 590 2292 659 demonstrare,
2315 605 2373 645 se
2401 604 2508 644 non
2536 589 2760 645 invitum
2790 596 3018 663 mortem
3047 588 3231 656 adire;
3261 590 3421 661 (nam
3450 593 3497 647 si

1900 682 2095 737 invitus
2121 691 2443 746 moreretur,
2471 680 2741 751 quomodo
2762 679 2815 735 id
2840 679 3040 735 amoris
3068 679 3338 737 vinculum
3367 681 3498 737 [uiso

1898 773 2013 845 set)
2033 774 2056 827 ?
2076 783 2129 828 et
2163 774 2305 843 quod
2330 788 2394 828 ea
2436 772 2668 827 maxime
2694 772 2765 826 sit
2789 771 2969 826 Patris
3012 771 3279 825 voluntas.
3306 771 3360 828 Si
3399 786 3495 828 au-

1891 872 2006 919 tem
2028 863 2261 918 utbomo
2289 864 2391 919 hoc
2416 862 2683 933 loquatur,
2714 876 2781 917 ne
2807 861 3017 917 mireris
3047 880 3061 916 :
3092 876 3237 932 διξερε
3266 876 3497 934 namque

1898 955 2054 1025 hujus
2078 955 2157 1011 rei
2202 969 2418 1010 causam
2448 954 2680 1008 diximus
2704 992 2719 1017 ,
2748 951 3185 1023 superﬂuumque
3208 960 3267 1007 et
3294 967 3495 1007 onero-

1894 1058 2017 1102 sum
2040 1056 2184 1103 esset
2208 1047 2261 1102 id
2286 1055 2551 1117 repetere.
2578 1044 2696 1118 Ego
2720 1061 2853 1116 pono
2873 1045 3096 1098 animum
3116 1060 3300 1113 meam,
3322 1055 3376 1100 ut
3400 1045 3496 1101 ite-

1896 1155 2011 1192 rum
2056 1155 2254 1193 sumam
2302 1139 2648 1193 eant:l8.ct
2675 1153 2823 1191 nemo
2868 1137 3001 1190 tollit
3037 1152 3205 1190 eausa
3231 1152 3329 1191 me.
3377 1134 3493 1209 Ege

1894 1245 2030 1301 pono
2052 1246 2162 1283 eam
2186 1246 2219 1283 a
2248 1230 2461 1301 meipso.
2493 1228 2805 1282 Potestatem
2835 1226 2994 1281 habeo
3018 1229 3244 1299 ponendi
3266 1229 3492 1284 Mimans

1896 1336 2079 1387 meam,
2103 1331 2149 1375 et
2171 1330 2465 1390 potestatem
2512 1320 2670 1373 habeo
2699 1318 2929 1373 sumendi
2975 1333 3120 1372 eam.
3166 1318 3302 1387 Quia
3342 1320 3489 1377 enim

1894 1428 2040 1484 sche
2069 1413 2353 1469 consilium
2386 1412 2620 1467 inierant
2646 1420 2703 1465 ut
2730 1410 2879 1464 illum
2906 1406 3294 1475 interﬁcerent,
3324 1410 3490 1469 dicit:

1897 1504 1979 1561 Me
2027 1506 2285 1570 nolente,
2338 1505 2540 1559 inutilis
2586 1504 2744 1558 labor
2794 1511 2973 1556 vester
3023 1504 3158 1567 erit;
3186 1512 3297 1558 eta
3326 1502 3491 1573 priori

1891 1596 2188 1650 secundum
2216 1596 2532 1659 conﬁrmat,
2563 1609 2593 1648 a
2622 1601 2797 1648 morte
2854 1593 3325 1647 resurrectionem.
3380 1592 3494 1648 lloc

1889 1688 2040 1742 enim
2065 1688 2387 1757 stupendum
2417 1685 2897 1754 admirandumque
2925 1694 3025 1738 est.
3051 1684 3261 1739 Etenim
3280 1694 3494 1739 utrum-

1897 1793 2003 1847 que
2050 1794 2249 1833 novum
2281 1778 2374 1832 luit
2403 1786 2457 1832 et
2500 1786 2698 1846 pneter
2743 1790 3088 1830 communem
3143 1777 3491 1832 consuetudi-

1896 1881 2040 1921 nem.

1966 1958 2197 2013 Christus
2230 1958 2481 2026 quomodo
2521 1966 2815 2027 potestatem
2848 1956 2996 2011 habet
3022 1960 3243 2026 ponendi
3281 1968 3326 2011 et
3351 1974 3494 2013 resu-

1894 2050 2064 2102 mendi
2089 2047 2587 2102 animam—Dicto
2620 2048 2781 2118 igitur
2808 2047 3094 2117 diligenter
3133 2049 3489 2105 attendamus.

1896 2138 2206 2193 Potestatem
2232 2140 2413 2205 habeo,
2452 2140 2642 2208 inquit,
2681 2138 2906 2209 ponendi
2931 2140 3156 2191 animam
3178 2154 3361 2194 nteant.
3386 2142 3491 2197 Ec-

1894 2230 2014 2297 quis
2042 2238 2359 2300 petcstatem
2387 2246 2494 2284 non
2539 2229 2730 2283 habeat
2756 2228 2988 2298 ponendi
3016 2229 3249 2284 animam
3296 2245 3444 2284 suam
3466 2231 3492 2285 ?

1888 2322 2129 2392 Quisque
2163 2323 2305 2376 enim
2333 2331 2512 2392 potest
2543 2336 2602 2375 se
2640 2321 2969 2375 interimere.
3004 2319 3205 2375 Verum
3250 2335 3357 2376 non
3388 2320 3490 2376 hoc

1893 2426 2053 2466 sensu
2080 2411 2329 2480 loquitur.
2361 2409 2642 2477 Quomodo
2674 2409 2843 2478 ergo?
2872 2409 2946 2463 ita
2979 2417 3296 2478 potestatem
3320 2408 3493 2466 habeo

1895 2500 2123 2571 ponendi
2178 2516 2295 2556 eam
2324 2542 2339 2567 ,
2375 2512 2431 2553 ut
2460 2515 2623 2555 nemo
2648 2501 2822 2570 possit
2849 2515 2935 2555 me
2965 2501 3183 2556 nolente
3213 2501 3262 2555 id
3290 2500 3488 2557 facere.

1892 2591 2058 2646 Secus
2100 2600 2278 2647 autem
2323 2590 2503 2646 caeteri
2552 2590 2817 2645 homines.
2846 2590 2955 2646 Nos
2983 2592 3128 2646 enim
3172 2601 3490 2661 potestatem

1893 2699 1997 2737 non
2046 2683 2303 2738 habemus
2340 2682 2572 2736 animam
2610 2680 2840 2750 ponendi
2866 2723 2881 2745 ,
2922 2681 3027 2736 nisi
3058 2681 3357 2738 occidendo
3385 2698 3491 2738 nos

1892 2774 2060 2843 ipsos.
2094 2760 2151 2829 Si
2180 2782 2361 2828 autem
2398 2774 2450 2826 in
2502 2772 2845 2827 insidiatores
2871 2770 3195 2837 incidamus,
3222 2773 3313 2842 qui
3346 2774 3492 2829 oeci-

1891 2864 2020 2918 dere
2048 2864 2271 2938 possint,
2298 2877 2404 2922 non
2438 2862 2575 2921 ultra
2610 2870 2930 2937 potestatem
2954 2860 3214 2923 habemus
3235 2869 3485 2937 ponendi,

1892 2970 2095 3023 necne;
2124 2958 2219 3014 sed
2263 2959 2444 3013 invitis
2482 2957 2639 3012 nobis
2666 2957 2744 3013 illi
2770 2957 3041 3013 occidunt.
3075 2957 3132 3014 In
3161 2958 3377 3015 Christo
3401 2975 3488 3017 se-

1891 3066 1986 3104 cus
2018 3068 2031 3105 :
2065 3066 2186 3105 nam
2214 3051 2331 3105 aliis
2362 3050 2756 3117 insidiantibus,
2789 3059 3000 3120 poterat
3028 3051 3118 3107 ille
3151 3067 3257 3108 non
3286 3068 3488 3124 ponere

1889 3142 2144 3195 animam.
2175 3140 2306 3194 Cum
2350 3140 2580 3194 dixisset
2613 3154 2761 3209 ergo,
2794 3138 2962 3194 Nemo
2992 3141 3124 3194 tollit
3172 3158 3284 3196 eam
3311 3159 3344 3197 a
3369 3160 3485 3210 me;

1890 3230 2114 3295 addidit,
2145 3228 2459 3284 Potestatem
2484 3228 2641 3283 habeo
2680 3230 2903 3298 ponendi
2942 3231 3167 3283 animam
3205 3247 3404 3299 meam;
3434 3234 3487 3288 id

1890 3328 1991 3384 est,
2027 3320 2137 3389 Ego
2165 3320 2314 3373 solus
2336 3332 2552 3388 possum
2581 3333 2783 3388 ponere
2805 3318 2949 3373 illam
2980 3335 2995 3372 :
3027 3319 3170 3390 quod
3200 3322 3352 3378 vobis
3381 3340 3487 3379 non

1890 3410 2165 3480 competit.
2194 3408 2327 3464 Nam
2351 3408 2500 3463 multi
2528 3408 2615 3462 alii
2646 3419 2873 3479 possunt
2897 3410 3132 3465 animam
3162 3412 3319 3467 nobis
3347 3415 3489 3469 abri-

1892 3516 2038 3571 pere.
2064 3500 2169 3557 Sed
2202 3501 2302 3555 hoc
2338 3490 2395 3555 in
2440 3500 2704 3569 principio
2734 3513 2841 3555 non
2864 3498 3033 3567 dixit;
3062 3517 3237 3574 neque
3262 3507 3406 3559 enim
3434 3507 3487 3563 id

1891 3594 2153 3649 creditum
2184 3593 2393 3658 fuisset,
2421 3592 2517 3646 sed
2544 3606 2666 3646 cum
2693 3606 2758 3646 ex
2782 3593 2943 3647 rebus
2972 3593 3100 3664 ipsis
3122 3595 3487 3656 testimonium

1891 3686 2115 3755 accepit,
2138 3700 2202 3739 ac
2227 3699 2370 3755 smpe
2391 3684 2704 3739 insidiantes
2725 3698 2829 3738 non
2858 3693 3147 3753 potuerunt
3182 3701 3306 3745 eum
3335 3702 3487 3745 com-

1893 3775 2224 3845 prehendere
2246 3774 2585 3845 (frequenter
2608 3773 2755 3829 enim
2778 3788 2839 3827 ex
2870 3774 3115 3829 manibus
3152 3790 3341 3832 eorum
3378 3777 3491 3833 ela-

1892 3882 2021 3937 psus
2049 3868 2167 3937 est)
2193 3906 2209 3932 ,
2255 3876 2380 3921 tunc
2419 3865 2635 3920 demum
2664 3866 2737 3920 ait
2770 3884 2784 3920 :
2815 3863 2983 3919 Nemo
3029 3865 3161 3918 tollit
3188 3882 3301 3921 eam
3328 3884 3359 3923 α
3388 3886 3487 3923 me.

1892 3956 1947 4012 Si
1978 3958 2080 4011 hoc
2100 3971 2282 4011 verum
2318 3963 2422 4021 est,
2454 3954 2578 4010 hinc
2606 3954 2848 4024 sequitur
2875 3969 2999 4009 eum
3032 3955 3263 4012 libenter
3292 3956 3359 4012 ad
3388 3957 3491 4015 hoc

1894 4048 2138 4112 venisse;
2171 4046 2405 4118 indeque
2432 4046 2800 4107 conﬁrmatur,
2855 4044 3005 4100 illum
3045 4060 3202 4115 posse
3238 4061 3359 4102 cum
3390 4063 3492 4103 vo-

1894 4138 2053 4194 luerit
2076 4152 2196 4193 eam
2235 4150 2531 4193 resumere.
2556 4135 2692 4191 Nam
2719 4136 2765 4191 si
2793 4136 2863 4190 ita
2887 4136 3023 4190 mori
3054 4136 3170 4205 plus
3199 4153 3358 4207 quam
3386 4139 3490 4194 lm-

1894 4243 2110 4285 manum
2131 4237 2233 4295 est,
2267 4228 2333 4285 de
2353 4228 2561 4299 reliquo
2586 4244 2655 4282 ne
2680 4227 2908 4282 dubites.
2948 4227 3162 4283 Etenim
3190 4245 3311 4284 cum
3333 4231 3486 4287 solus

1894 4324 1965 4376 sit
1984 4320 2145 4376 vitam
2168 4320 2397 4391 ponendi
2419 4319 2691 4387 dominus,
2709 4335 2829 4374 cum
2852 4320 3040 4376 eadem
3060 4330 3325 4392 potestate
3343 4324 3488 4381 illam

1894 4428 2015 4468 cum
2047 4412 2274 4467 voluerit
2322 4419 2582 4467 resumet.
2615 4410 2800 4466 Viden‘
2830 4411 3104 4480 quomodo
3132 4427 3161 4466 a
3207 4412 3370 4482 priori
3398 4428 3491 4471 se-

1895 4504 2126 4561 cundum
2154 4505 2363 4573 probet,
2406 4512 2462 4558 et
2488 4518 2518 4556 a
2546 4510 2720 4558 morte
2735 4503 3185 4557 resurrectionem
3228 4503 3493 4560 indubita.

1896 4608 2005 4654 tam
2031 4598 2315 4653 ostendat?
2370 4596 2482 4650 Hoc
2508 4605 2812 4667 praeceptum
2838 4594 3010 4664 accepi
3041 4610 3073 4648 α
3110 4593 3267 4649 Patre
3290 4596 3309 4666 (
3330 4594 3489 4651 Joon.

1899 4691 1988 4747 12.
2019 4689 2088 4745 49
2112 4690 2152 4759 ).
2178 4688 2503 4755 Quodnam?
2527 4686 2599 4743 Ut
2622 4686 2821 4742 moriar
2852 4701 2951 4757 pro
2976 4686 3197 4741 mundo.
3226 4685 3365 4742 Num
3390 4701 3491 4743 ex-

1897 4784 2161 4853 spectavit
2181 4781 2352 4836 donee
2370 4780 2579 4835 audiret
2598 4820 2613 4845 ,
2638 4788 2691 4834 et
2717 4787 2843 4833 tunc
2867 4777 3160 4848 acquievit,
3188 4788 3243 4833 et
3266 4793 3335 4833 an
3354 4792 3495 4849 Opus

1898 4871 2082 4927 habuit
2117 4871 2365 4927 discere?
2394 4870 2590 4938 Ecquis
2618 4884 2782 4924 sanus
2811 4869 2912 4924 hoc
2938 4868 3172 4923 dixerit?
3202 4868 3401 4925 Verum
3432 4879 3500 4925 ut

1900 4977 2060 5033 supra
2090 4977 2211 5017 eum
2241 4961 2401 5026 dicit,
2438 4960 2714 5031 Propterea
2738 4977 2818 5015 me
2842 4960 2999 5015 Pater
3045 4960 3232 5031 diligit,
3264 4961 3492 5017 liberam

1900 5052 2136 5110 ostendit
2170 5053 2518 5117 voluntatem,
2553 5062 2605 5107 ct
2628 5053 2953 5107 contrariam
2982 5052 3184 5107 amovit
3228 5056 3493 5124 suspicio-

1902 5160 2025 5201 nem
2058 5161 2071 5198 :
2105 5159 2183 5199 sic
2221 5154 2277 5199 et
2304 5143 2407 5199 hoc
2432 5146 2551 5199 loco
2572 5158 2693 5199 cum
2722 5145 2852 5199 dicit
2887 5159 2949 5200 se
2975 5154 3305 5215 prateeptum
3335 5162 3497 5203 accc-

1903 5236 2091 5306 pissea
2118 5235 2298 5303 Patre,
2320 5236 2453 5291 nihil
2477 5236 2621 5291 aliud
2642 5235 2904 5303 declarat,
2931 5250 3091 5305 quam
3121 5237 3263 5292 Patri
3288 5240 3500 5308 placere

1902 5324 2045 5395 quod
2070 5326 2183 5395 ipse
2206 5326 2363 5391 facit;
2392 5341 2460 5380 ne
2489 5326 2723 5381 occisum
2755 5335 2938 5395 postea
2967 5326 3139 5393 illum,
3167 5341 3197 5380 a
3226 5327 3385 5383 Patre
3409 5346 3500 5398 pu-

1906 5424 2080 5471 tarent
2109 5416 2426 5472 derelictum
2456 5426 2511 5471 et
2532 5416 2824 5487 proditum,
2855 5432 2955 5473 nec
2982 5419 3411 5489 exprobrarent,
3448 5431 3501 5475 ut

1903 5522 2092 5563 revera
2153 5507 2546 5576 exprobrarunt
2574 5525 2588 5562 :
2615 5510 2753 5563 Alios
2780 5510 2947 5563 salvos
2970 5511 3087 5579 fecit
3111 5551 3125 5577 ,
3154 5513 3377 5580 seipsum
3402 5527 3501 5563 non

1910 5608 2068 5666 potest
2089 5598 2285 5651 saluum
2316 5598 2485 5667 facere
2508 5615 2527 5661 ;
2549 5609 2623 5665 et,
2656 5600 2717 5653 Si
2746 5598 2912 5655 Filius
2948 5600 3039 5653 Dei
3074 5616 3149 5662 es,
3183 5599 3428 5652 descende
3441 5604 3505 5649 tte

1912 5706 2059 5742 cruce
2079 5689 2291 5759 (Matth.
2317 5688 2409 5745 27.
2434 5690 2521 5745 62.
2540 5702 2586 5746 ει
2608 5691 2718 5763 ιο).
2742 5693 2898 5762 Atqui
2928 5682 3051 5749 itiéo
3074 5708 3181 5746 non
3202 5690 3501 5752 descendit,

1913 5797 1948 5851 q
1973 5801 2034 5835 ra
2068 5783 2233 5837 Filius
2258 5782 2350 5837 Dei
2380 5796 2483 5837 est.
