4164 6330
693 415 786 475 δσι
1429 409 1485 464 s.
1520 405 1790 463 JOANNIS
1825 403 2296 461 cunvsosrmu
2336 401 2657 456 ARCtllEP.
2688 403 3218 463 CONSTANTLVOI'.
3865 417 3967 474 :32

768 527 820 578 5.
859 522 1052 576 Deinde
1102 536 1167 575 ne
1211 518 1447 580 audiens,
1483 517 1798 585 Prmccptmn
1827 517 1996 584 accepi
2028 534 2056 569 a
2092 514 2266 577 Putre,

700 616 929 668 alienun:
977 611 1043 664 ab
1084 625 1150 663 eo
1196 608 1296 663 hoc
1335 622 1468 677 opus
1515 622 1634 661 esse
1685 618 1918 676 putares,
1971 607 2079 673 jam
2131 607 2275 671 prius

699 709 922 766 dixerat,
956 701 1127 754 Bonus
1154 711 1323 770 pastor
1354 701 1576 751 animam
1603 715 1743 751 suam
1792 702 1930 764 ponit
1957 713 2047 764 pro
2079 695 2269 756 oril‘us,

701 797 780 848 his
809 795 1098 848 ostendens
1124 808 1251 846 oves
1280 807 1399 846 esse
1423 809 1564 852 suas,
1612 800 1666 844 et
1711 805 1842 858 Opus
1871 798 2073 857 gestum
2109 797 2271 840 totum

698 901 817 938 esse
847 900 1023 948 suum,
1057 897 1153 936 nec
1200 897 1258 936 se
1309 897 1464 951 egere
1524 890 1807 948 pra‘cepln.
1853 878 1979 930 Nam
2038 877 2081 929 si
2141 894 2274 943 pne—

695 985 852 1041 cepto
904 990 1036 1044 opus
1088 975 1376 1036 habuisset,
1421 987 1516 1024 cur
1569 972 1809 1031 dixisset,
1871 969 1910 1020 Α
1959 968 2268 1036 meipsopo-

699 1068 806 1119 no?
850 1065 977 1118 Nam
1023 1065 1108 1132 qui
1153 1081 1184 1117 a
1234 1065 1407 1130 scipsn
1440 1063 1608 1130 ponit,
1665 1077 1768 1114 non
1815 1071 1935 1129 eget
1985 1069 2268 1128 praecpto.

695 1157 919 1209 Causam
991 1169 1202 1223 quoque
1271 1153 1418 1206 addit
1480 1168 1577 1208 cur
1634 1152 1736 1206 hoc
1784 1151 1958 1205 faciat.
2015 1153 2269 1217 Qua-nam

696 1248 823 1300 illa?
847 1247 994 1312 Quod
1045 1254 1225 1315 pastor
1261 1245 1348 1309 sit,
1396 1254 1449 1298 ct
1495 1244 1664 1298 bonus
1695 1256 1890 1313 pastor.
1939 1243 2113 1296 Bonus
2144 1257 2272 1298 vcro

693 1347 871 1405 pastor
898 1352 1001 1390 non
1042 1348 1162 1405 eget
1204 1336 1307 1389 alio
1349 1335 1439 1405 qui
1477 1337 1542 1389 ad
1590 1351 1700 1389 rem
1743 1336 1886 1388 illam
1920 1351 1977 1388 se
2007 1334 2264 1388 hortetur.

688 1425 838 1492 Quod
877 1427 922 1480 si
971 1426 1022 1480 id
1054 1427 1102 1478 in
1136 1427 1455 1489 hominibus,
1502 1425 1669 1478 multo
1705 1426 1870 1494 magis
1898 1426 1950 1478 in
1982 1424 2110 1480 Deo.
2145 1424 2270 1478 Ideo

692 1515 883 1569 l'aulus
902 1516 1128 1577 diccbat,
1159 1516 1492 1584 Sometipsum
1525 1518 1800 1569 exinanirit
1828 1517 1846 1588 (
1875 1516 2065 1585 Philip.
2093 1515 2147 1568 2.
2176 1516 2265 1584 7).

694 1608 830 1661 Nihil
863 1623 989 1677 ergo
1018 1609 1157 1661 aliud
1193 1609 1278 1661 hic
1303 1608 1400 1661 sibi
1442 1609 1551 1662 vult
1583 1618 1922 1676 prtcccptum,
1955 1623 2110 1677 quam
2139 1621 2268 1662 ccu-

689 1697 923 1748 rordiam
949 1711 1065 1748 cum
1092 1697 1244 1750 Patre
1265 1697 1566 1751 ostendere.
1593 1699 1740 1764 Quod
1765 1700 1806 1750 si
1838 1709 2011 1751 tamen
2036 1697 2267 1751 humano

693 1794 748 1838 et
771 1784 954 1837 humili
982 1801 1129 1838 more
1157 1786 1354 1839 dictum
1385 1786 1469 1848 sit,
1507 1786 1557 1838 id
1584 1787 1886 1840 auditorum
1917 1786 2264 1840 imbecillitati

689 1877 1050 1930 tribuendum.
1103 1877 1187 1930 l9.
1247 1877 1501 1930 Dissensio
1547 1879 1712 1947 itaque
1736 1879 1872 1946 facta
1900 1889 1974 1932 est
2000 1880 2129 1932 inter
2163 1877 2264 1931 Ju-

685 1969 845 2021 dteos.
874 1967 963 2021 ‘20.
1008 1965 1248 2020 Dicebant
1273 1969 1382 2034 alii,
1431 1967 1745 2022 Dirmouium
1775 1970 1920 2022 habet
1963 1980 2012 2022 et
2055 1971 2263 2022 insanit.

689 2060 828 2123 Quid
856 2076 967 2113 eum
1015 2059 1241 2111 auditis?
1265 2059 1352 2113 2|.
1397 2059 1500 2112 Alii
1526 2060 1754 2113 dicebant
1781 2076 1798 2112 :
1839 2059 1965 2113 Ηωε
1991 2060 2137 2114 verba
2167 2077 2267 2113 non

686 2159 802 2202 sunt
840 2150 1142 2202 dicitionium
1173 2149 1416 2201 habentis.
1468 2147 1730 2218 Numquid
1766 2151 2067 2202 dieiuonimn
2105 2159 2268 2217 potest

685 2255 927 2291 (meorum
971 2239 1140 2291 oculos
1177 2238 1410 2306 aperire?
1453 2238 1581 2292 Cum
1632 2239 1770 2290 enim
1819 2239 1937 2307 plus
1976 2253 2129 2306 quam
2163 2238 2264 2290 hu-

687 2346 838 2382 mana
871 2338 1049 2382 essent
1095 2344 1212 2397 qua:
1241 2329 1571 2391 dicebartur,
1601 2339 1654 2382 et
1699 2339 1890 2397 pra-ter
1928 2345 2264 2383 communem

685 2418 1141 2479 consuetudinem,
1171 2417 1460 2470 dannoniac
1487 2434 1551 2468 .m
1583 2418 1728 2471 illum
1753 2419 2018 2484 dicebant,
2050 2421 2266 2489 jamque

685 2519 871 2572 quater
892 2505 967 2578 (τι)
999 2509 1074 2560 sic
1109 2507 1252 2560 illum
1287 2517 1558 2561 vocarunt.
1602 2508 1732 2561 Nam
1776 2519 1933 2564 antea
1971 2511 2260 2566 dicebant:

687 2597 1005 2650 Haemonium
1022 2600 1194 2651 habes:
1215 2600 1324 2664 quis
1352 2611 1396 2651 te
1417 2600 1594 2666 quierit
1616 2601 1928 2666 inter/icere?
1949 2617 2011 2655 ae
2032 2619 2263 2669 rursum,

689 2688 872 2741 Nonne
918 2689 1037 2739 bene
1085 2689 1302 2742 diximus
1349 2690 1466 2757 quia
1511 2687 1864 2743 Samaritanus
1911 2708 1960 2744 es
1985 2701 2058 2751 tu,
2093 2703 2138 2744 et
2164 2693 2267 2745 da:-

687 2780 905 2831 moniuut
947 2778 1136 2830 Iubes?
1168 2787 1219 2831 et
1251 2776 1354 2837 hic,
1405 2777 1721 2830 Dwmonium
1768 2781 1912 2834 habet
1949 2793 1996 2833 et
2042 2781 2266 2844 insumt;

685 2868 806 2934 quid
852 2883 965 2919 eum
1017 2867 1203 2918 auditis
1252 2867 1444 2935 (Joan.
1473 2869 1522 2921 7.
1553 2867 1638 2922 9.0.
1670 2878 1716 2920 et
1745 2869 1795 2922 8.
1820 2869 1961 2939 48)?
2007 2869 2116 2924 lmo
2158 2887 2262 2924 non

684 2965 894 3022 quater,
925 2955 1016 3007 Sed
1065 2956 1260 3021 sa-pius
1293 2955 1339 3007 id
1387 2956 1533 3007 illlllll
1566 2956 1837 3011 audivisse
1874 2968 2103 3012 constat.
2131 2960 2262 3013 Nam

681 3045 822 3114 qn::d
851 3046 1050 3109 dicunt,
1108 3045 1290 3098 Nonne
1313 3046 1433 3098 bene
1456 3047 1673 3100 diximus
1699 3049 1814 3117 quia
1841 3050 2143 3102 dannonium
2175 3051 2266 3102 ha-

686 3135 803 3189 bes?
831 3152 934 3188 non
981 3136 1060 3188 bis
1111 3137 1191 3189 vel
1242 3148 1338 3196 ter,
1373 3138 1462 3191 sed
1500 3140 1694 3206 Sit-pius
1724 3141 1847 3193 illud
1879 3140 2075 3193 dictum
2107 3143 2266 3196 fuisse

685 3229 1020 3280 Conﬁrmant.
1056 3226 1154 3276 Alii
1183 3226 1430 3288 dicebant,
1465 3228 1650 3293 inquit,
1686 3226 1811 3280 Ha'c
1841 3228 1989 3282 rerba
2017 3247 2114 3282 non
2148 3241 2265 3282 sum

686 3317 988 3369 dwmonium
1018 3315 1262 3367 habentis.
1302 3314 1563 3381 Numquid
1589 3318 1892 3370 dwmonium
1920 3330 2076 3386 potest
2101 3337 2264 3374 acco-

687 3422 797 3458 rum
830 3405 999 3458 oculos
1030 3407 1263 3472 aperire?
1288 3405 1418 3472 Quia
1443 3408 1581 3460 enint
1609 3424 1671 3461 ex
1702 3410 1873 3463 verbis
1892 3427 1994 3462 non
2020 3422 2264 3479 poterant

687 3495 788 3547 illis
817 3495 1080 3546 silentium
1115 3496 1408 3563 imponere,
1431 3514 1494 3550 ex
1519 3498 1768 3566 aperibus
1793 3500 1840 3552 id
1868 3502 2258 3557 demonstrant.

685 3585 774 3639 Cet
791 3596 840 3639 te
871 3587 1025 3639 verba
1057 3600 1160 3640 non
1191 3597 1313 3639 sunt
1341 3586 1670 3642 dtDlthltittCi.
1703 3591 1852 3657 Quod
1885 3592 1926 3644 si
1955 3594 2128 3647 verbis
2157 3611 2262 3649 non

683 3679 1080 3744 obtemperatis,
1106 3693 1264 3746 opera
1289 3680 1636 3733 rcvcrcamini
1664 3681 1840 3748 (Joan.
1869 3684 1954 3736 l0.
1978 3685 2086 3752 58).
2110 3685 2261 3751 Quod

684 3768 729 3820 si
762 3783 864 3820 non
895 3767 1226 3828 ila-moniaci,
1281 3770 1371 3821 Sed
1404 3771 1518 3836 plus
1544 3787 1700 3839 quam
1747 3773 1972 3827 humana
2002 3776 2085 3830 illa
2114 3789 2257 3844 sunt,

689 3858 858 3924 palam
889 3871 969 3911 ρει
997 3873 1026 3910 a
1049 3858 1224 3912 divina
1252 3860 1478 3928 quadam
1527 3863 1718 3916 virtute
1765 3865 2045 3930 proﬁcisci.
2079 3867 2260 3922 \"ideu'

685 3951 1091 4020 syllogismum?
1148 3953 1295 4016 Quod
1341 3953 1480 4005 enim
1529 3967 1684 4021 Supra
1740 3953 2006 4010 hominem
2058 3969 2256 4024 essent,

688 4038 809 4092 hine
861 4039 1028 4106 palam
1079 4050 1193 4093 erat
1236 4041 1374 4108 quod
1418 4041 1676 4108 dicerent,
1726 4044 2039 4099 Dwmonium
2079 4050 2260 4105 habet:

685 4131 824 4197 quod
852 4145 976 4183 vero
1006 4130 1325 4183 ila-monium
1358 4147 1460 4186 non
1507 4133 1745 4199 haberet,
1795 4152 1858 4189 cx
1903 4138 1963 4190 iis
1993 4155 2109 4207 qu;e
2139 4141 2261 4196 fecit

686 4224 1086 4276 deiuonstiavit.
1121 4223 1253 4289 Quid
1282 4239 1408 4290 ergo
1434 4225 1716 4279 Christus?
1746 4227 1883 4283 Nihil
1924 4231 1988 4284 ad
2037 4232 2146 4287 hate
2177 4249 2261 4288 re-

685 4314 914 4380 Spundit.
949 4313 1100 4367 Prius
1127 4315 1266 4366 enim
1299 4315 1663 4384 responderat,
1691 4317 1802 4389 Ego
1824 4321 2126 4375 dwmonium
2159 4342 2259 4377 non

685 4405 878 4466 habeo;
906 4420 1043 4457 nunc
1073 4420 1198 4457 vero
1226 4422 1328 4457 non
1357 4408 1500 4459 item.
1534 4409 1664 4473 Quia
1689 4412 1831 4464 enim
1859 4428 1922 4465 ex
1953 4415 2111 4467 rebus
2136 4419 2261 4483 ipsis

686 4493 1194 4548 demoiistralionem
1244 4496 1673 4563 concinnaverat,
1708 4501 1919 4554 demum
1950 4507 2132 4558 tacuit.
2157 4507 2262 4562 Ne-

686 4600 788 4652 que
811 4585 950 4637 enim
987 4586 1330 4652 responsione
1351 4587 1492 4654 digni
1519 4599 1667 4642 erant
1696 4591 1726 4643 ii
1760 4594 1844 4660 qui
1875 4593 2259 4652 dannoniacum

684 4675 952 4739 dicebant,
1000 4690 1063 4727 ex
1107 4679 1355 4743 operibus
1397 4694 1511 4746 qua:
1552 4681 1801 4736 admirari
1859 4688 2158 4754 Oportebat,
2209 4707 2262 4745 t't

690 4768 852 4819 Deum
897 4767 1062 4833 ipsum
1089 4783 1205 4820 esse
1235 4780 1440 4835 putare.
1488 4771 1686 4841 Ecquid
1732 4793 1863 4842 opus
1905 4791 2034 4843 erat,
2065 4792 2112 4833 ιιΙ
2144 4783 2261 4837 illus

687 4859 1004 4922 confutaret,
1030 4876 1144 4912 ctnn
1173 4861 1278 4927 jam
1309 4865 1404 4930 ipsi
1433 4866 1568 4919 inter
1594 4884 1650 4920 se
1690 4870 1994 4927 tiissidircnt
2019 4885 2072 4927 et
2097 4877 2262 4945 digla-

686 4949 997 5001 diarcntur?
1026 4951 1143 5003 Ideo
1173 4953 1358 5009 silebat
1381 4969 1432 5010 et
1455 4959 1628 5012 muuia
1657 4977 1808 5032 {equo
1830 4967 2006 5018 animo
2038 4967 2256 5023 ferebat.

686 5040 800 5094 Non
839 5054 900 5094 ea
951 5040 1120 5094 solum
1167 5043 1233 5097 de
1273 5062 1450 5113 causa,
1497 5053 1588 5104 sed
1632 5064 1685 5106 ut
1735 5070 1831 5110 nos
1865 5057 2165 5116 institueret
2195 5065 2261 5118 ad

686 5132 1142 5186 mansuetudinem
1175 5145 1228 5188 et
1257 5142 1579 5201 patientiam.

758 5225 808 5275 4.
854 5223 1099 5292 Discipuli
1123 5225 1307 5280 Christi
1333 5231 1487 5298 oﬂicia
1513 5235 1745 5291 -—llunc
1769 5239 1945 5310 itaque
1966 5241 2253 5300 imitemur.

689 5313 866 5382 Neque
897 5316 1066 5368 solum
1113 5319 1252 5370 enim
1285 5323 1463 5386 tacuit,
1498 5326 1586 5378 sed
1616 5329 1772 5382 etiam
1816 5332 2006 5387 iterum
2047 5347 2170 5401 stat,
2203 5349 2257 5393 et

754 5469 825 5530 (ιι)
848 5469 940 5542 ilic
963 5481 1096 5542 notat
1121 5475 1319 5542 Boisius
1342 5492 1353 5524 :
1396 5481 1533 5540 Atqui
1557 5482 1648 5530 tria
1670 5491 1851 5536 tantum
1876 5488 1980 5537 loca
2003 5491 2256 5542 adducun-

687 5537 781 5600 tur,
811 5537 856 5606 ιιι
875 5531 998 5585 forte
1013 5533 1336 5606 legendiiinait
1367 5531 1566 5593 tumhoc
1592 5531 1692 5592 loro
1713 5531 2258 5606 et

689 5594 774 5674 tria
811 5591 908 5638 loca
936 5591 1117 5674 motuin
1156 5597 1340 5674 aﬁ::rat,
1362 5617 1370 5658 ι
1391 5591 1460 5648 osi
1499 5607 1693 5674 tertium

688 5661 841 5704 tjllitl'c
865 5666 980 5735 eum.
1001 5661 1166 5714 quater
1191 5657 1408 5730 misisset,
1423 5673 1529 5735 post
1551 5666 1689 5715 allata
1709 5669 1795 5715 tria

689 5716 1012 5794 expresserit,
1062 5729 1278 5794 {lupique
1306 5716 1456 5794 'mliit-‘s.
1497 5726 1641 5776 (Icrte
1687 5716 2254 5794 ιμιιιιεέἰὶςιι¹›ὖῖιί”ἓὲιί’.ἑῖἰξὶ

691 5786 850 5834 tae-nn
873 5777 925 5821 lat
944 5791 1002 5836 tu,
1034 5786 1082 5824 ct
1109 5779 1179 5826 liis
1206 5781 1279 5826 hic
1306 5781 1524 5834 Itale-tur.

2386 515 2742 584 interrogatus
2764 517 3067 586 respondet,
3095 529 3148 573 ct
3171 519 3514 590 providentia:
3540 539 3652 582 sua:
3680 529 3833 598 signa
3856 535 3944 585 dat
3974 542 3986 574 ῖ

2379 615 2537 673 atque
2564 606 2922 663 dmmoniaeus
2951 612 3244 678 appellatus
3269 623 3324 667 et
3354 614 3590 680 insanus,
3634 618 3705 672 ab
3751 621 3982 675 homini-

2380 696 2478 749 bus
2509 699 2597 766 qui
2629 700 2777 754 mille
2801 700 2869 752 ah
2911 717 2969 755 se
3012 702 3286 758 beneﬁciis
3318 705 3489 760 allecti
3537 710 3774 774 fuerant,
3823 713 3981 780 idqtle

2379 803 2482 840 non
2531 791 2697 844 semel
2747 802 2836 844 aut
2882 793 2981 854 his,
3033 795 3124 847 sed
3176 796 3397 862 pluries,
3449 813 3550 852 non
3579 800 3743 855 modo
3782 819 3845 858 se
3875 821 3980 860 non

2381 879 2522 933 ullus
2553 891 2654 942 est,
2684 882 2774 934 sed
2820 884 2979 936 etiam
3031 884 3285 940 beneﬁcia
3317 890 3625 944 conferendi
3672 890 3839 947 finem
3874 913 3973 952 non

2380 969 2524 1025 fecit.
2572 973 2772 1042 Ecquid
2814 978 2933 1027 uico
2987 975 3244 1030 beneﬁcia
3296 980 3653 1036 conferendi?
3687 983 3798 1038 Pro
3849 989 3974 1054 ipsis

2376 1063 2608 1116 animam
2639 1065 2806 1132 ponit,
2833 1076 2884 1118 et
2909 1068 3192 1120 cruciﬁxus
3222 1085 3317 1136 pro
3342 1071 3468 1137 ipsis
3497 1073 3711 1129 Patrem
3735 1075 3972 1147 alloqui-

2378 1163 2480 1208 tur.
2515 1155 2636 1208 ll;ec
2663 1164 2717 1210 et
2742 1171 2838 1209 nos
2863 1159 3148 1212 imitemur.
3185 1160 3294 1214 [loc
3323 1163 3465 1216 enim
3498 1175 3578 1219 est
3615 1165 3823 1222 Christi
3853 1184 3973 1224 esse

2375 1245 2714 1315 discipulum,
2747 1250 2790 1302 si
2817 1247 3074 1305 mansueti
3105 1253 3275 1306 simus
3299 1263 3353 1308 et
3397 1258 3572 1311 mites.
3607 1256 3766 1312 Unde
3789 1270 3969 1312 autem

2374 1337 2438 1392 ad
2492 1337 2627 1392 hanc
2671 1340 3042 1406 perveniemus
3089 1346 3590 1401 mansuetudinem?
3639 1346 3698 1400 Si
3749 1357 3968 1414 peccata

2375 1439 2553 1481 nostra
2588 1429 2897 1496 frequenter
2932 1435 3245 1500 cegitcmus,
3278 1437 3322 1487 si
3358 1436 3654 1504 lugeamus,
3702 1437 3747 1490 si
3800 1438 3971 1508 lacry-

2373 1532 2599 1570 tuemur.
2628 1520 2818 1571 Anima
2851 1521 3046 1589 quippe
3079 1521 3129 1574 in
3158 1523 3344 1578 dolore
3370 1523 3676 1595 huiusmodi
3717 1541 3968 1592 versans,

2373 1626 2478 1663 uim
2507 1612 2828 1681 indignatur.
2862 1612 2962 1668 Ubi
3007 1631 3237 1684 namque
3277 1616 3450 1673 luctus
3487 1627 3590 1685 est,
3621 1619 3694 1674 ibi
3737 1621 3815 1674 ira
3849 1635 3970 1675 esse

2370 1702 2588 1769 nequit;
2617 1701 2704 1754 ubi
2734 1703 2908 1767 dolor,
2945 1703 3010 1758 ibi
3042 1705 3313 1760 iracundia
3341 1708 3676 1770 eliminatur;
3707 1709 3800 1763 ubi
3831 1725 3968 1764 eon-

2372 1791 2516 1844 tritio
2541 1792 2726 1853 animi,
2771 1794 2910 1846 nulla
2937 1793 3003 1846 ibi
3055 1796 3365 1864 indignatio.
3401 1797 3567 1852 Luctn
3595 1799 3828 1854 alTectus
3853 1801 3968 1854 ani-

2371 1898 2490 1936 mus
2541 1898 2646 1936 non
2690 1885 2918 1951 Spatium
2965 1888 3217 1954 temporis
3246 1888 3406 1942 habet
3445 1900 3499 1944 ut
3534 1893 3837 1957 excitetur;
3873 1894 3967 1948 sed

2371 1975 2563 2029 acerbe
2609 1975 2936 2045 iugcmiscet,
2987 1981 3218 2033 amarius
3259 1979 3424 2036 ﬂebit.
3457 1982 3578 2038 Scio
3616 1983 3821 2040 multos
3854 1985 3968 2039 haec

2371 2065 2652 2120 audientes
2683 2067 2889 2129 ridere;
2934 2077 2987 2121 at
3015 2084 3115 2137 ego
3159 2086 3265 2124 non
3297 2073 3453 2126 linem
3499 2075 3686 2127 faciam
3719 2075 3842 2130 illos
3870 2077 3966 2132 de-

2370 2154 2608 2223 plorandi
2637 2157 2726 2226 qui
2757 2158 2951 2212 rident.
2972 2160 3169 2214 Luctus
3195 2165 3336 2216 enim
3360 2173 3443 2218 est
3468 2179 3706 2233 przesms
3729 2176 3964 2238 tempus,

2369 2244 2616 2312 planctus
2643 2257 2696 2300 et
2719 2249 3030 2315 gemituum.
3065 2250 3221 2305 Multa
3245 2253 3442 2323 quippe
3467 2263 3521 2308 et
3549 2256 3600 2309 in
3626 2257 3806 2312 verbis
3836 2269 3895 2312 et
3916 2259 3968 2313 in

2371 2334 2530 2387 rebus
2571 2349 2873 2403 peccamus.
2916 2338 3058 2393 Talia
3109 2357 3236 2395 vero
3285 2355 3656 2413 perpetrantes
3691 2350 3969 2419 excipient

2370 2422 2632 2492 gi-ltenna,
2663 2423 2869 2481 'lluvius
2895 2430 3089 2484 ardens
3127 2433 3282 2502 igneo
3318 2434 3492 2500 alveo,
3527 2438 3675 2507 regni
3704 2440 3966 2494 emlorum

2369 2513 2586 2567 amissio
2611 2557 2625 2581 ,
2667 2518 2806 2585 quod
2846 2530 2923 2573 est
2965 2524 3201 2576 omnium
3242 2526 3635 2593 gravissimum.
3657 2530 3787 2585 Post
3828 2533 3967 2587 hanc

2371 2605 2842 2662 comminationem
2869 2650 2884 2674 ,
2943 2611 3028 2664 die
3086 2614 3253 2679 mihi,
3298 2616 3478 2682 rides,
3536 2620 3586 2672 in
3627 2620 3839 2676 deliciis
3881 2626 3963 2676 vi-

2374 2693 2493 2745 vis?
2528 2709 2590 2748 ae
2632 2697 2856 2754 Domino
2895 2710 2985 2754 tuo
3024 2702 3160 2757 irato
3197 2715 3250 2758 ct
3288 2710 3667 2774 comminante,
3715 2713 3768 2767 in
3811 2715 3964 2784 lapsu

2372 2795 2616 2852 perstas,
2663 2803 2759 2841 uec
2800 2791 2953 2844 times
2995 2809 3060 2847 nc
3102 2795 3192 2848 tibi
3232 2797 3308 2850 sic
3347 2799 3624 2854 ardentem
3679 2801 3963 2861 fornacem

2369 2879 2690 2946 eumparcs?
2727 2879 2842 2933 Non
2895 2882 3045 2938 audis
3096 2885 3224 2954 quid
3264 2890 3502 2957 quotidie
3540 2893 3780 2949 clamet?
3821 2897 3964 2950 Esu-

2368 2965 2576 3018 rientem
2634 2985 2712 3022 me
2768 2971 2991 3037 vidistis,
3053 2985 3100 3028 et
3154 2994 3254 3030 non
3307 2981 3514 3035 dedistis
3572 2985 3697 3038 mihi
3739 2992 3965 3043 orandu-

2368 3072 2520 3120 care;
2569 3060 2833 3128 sitientem,
2889 3075 2937 3118 et
2977 3082 3076 3120 non
3111 3068 3319 3123 dedistis
3373 3074 3498 3126 mihi
3548 3075 3734 3130 bibere.
3782 3078 3967 3133 Disce-

2369 3149 2472 3200 dite
2495 3150 2546 3201 in
2577 3150 2743 3220 ignem
2775 3166 3007 3222 paratum
3037 3159 3238 3214 diabolo
3276 3171 3321 3214 et
3361 3165 3554 3235 angelis
3597 3169 3708 3232 eius
3740 3170 3963 3237 (Matth.

2369 3239 2457 3292 9.5.
2487 3239 2576 3293 42.
2605 3253 2652 3293 et
2677 3243 2786 3311 ill).
2825 3246 2946 3300 ll:t.-e
2973 3252 3209 3316 quotidie
3235 3258 3607 3311 eomminatur.
3642 3259 3750 3316 Sed
3778 3266 3965 3320 cibum

2368 3329 2441 3382 illi
2469 3331 2608 3395 dedi,
2642 3334 2866 3403 inquies.
2894 3338 3118 3406 Quando
3151 3354 3204 3398 et
3228 3357 3358 3415 quot
3395 3348 3620 3404 diebus?
3643 3352 3840 3410 decem
3874 3370 3968 3412 aut

2368 3421 2678 3489 viginti?At
2705 3440 2811 3479 non
2846 3433 2948 3483 hoc
2976 3435 3104 3487 satis
3135 3435 3294 3491 habet
3318 3439 3436 3505 ille;
3464 3443 3556 3495 sed
3585 3457 3791 3512 quanto
3822 3455 3966 3502 tem-

2367 3525 2498 3578 pore
2527 3513 2577 3566 iu
2612 3523 2751 3570 terra
2781 3522 3026 3576 versaris.
3055 3523 3185 3579 Nam
3213 3537 3266 3580 et
3289 3529 3520 3599 virgines
3541 3535 3719 3588 oleum
3758 3538 3966 3594 habite.

2368 3613 2525 3667 runt;
2554 3606 2645 3659 sed
2673 3624 2775 3662 non
2798 3621 3052 3679 quantum
3083 3615 3147 3668 ad
3180 3619 3406 3674 salutem
3439 3625 3567 3676 satis
3593 3637 3728 3680 erat.
3775 3632 3966 3700 Siqui~

2367 3690 2485 3745 dem
2515 3701 2568 3747 et
2597 3695 2724 3763 ipsze
2757 3699 3024 3787 lampades
3061 3708 3455 3775 accenderunt;
3499 3715 3730 3772 exclusa:
3778 3730 3964 3776 tamen

2366 3795 2490 3836 sunt
2524 3800 2553 3838 a
2596 3788 2849 3855 Ihalmno,
2896 3809 2956 3847 ac
2989 3795 3108 3864 jure
3146 3800 3361 3868 quidem
3403 3820 3415 3853 :
3446 3807 3725 3863 exstincta:
3759 3816 3966 3884 quippe

2365 3884 2491 3928 sunt
2519 3888 2642 3932 autc
2687 3885 2868 3948 Spousi
2912 3886 3218 3942 adventum.
3265 3890 3551 3961 Propterea
3602 3901 3774 3954 multo
3805 3908 3965 3961 nobis

2365 3978 2500 4032 opus
2527 3981 2609 4020 cst
2633 3969 2774 4034 oleo,
2800 3982 2853 4025 et
2883 3990 3070 4045 magna
3112 3978 3447 4037 liberalitate.
3493 3988 3627 4042 Audi
3654 3993 3783 4058 quid
3818 3997 3965 4052 dicat

2364 4056 2623 4124 propheta
2657 4077 2671 4114 :
2703 4061 2945 4117 Miserere
2997 4072 3128 4131 mei,
3183 4069 3338 4137 Deus,
3393 4079 3663 4132 secundum
3713 4065 3963 4155 magnam

2365 4149 2760 4204 tttisCt‘iCOt'diattt
2805 4165 2942 4209 tuum
2969 4157 3136 4227 (l’sal.
3168 4162 3256 4215 50.
3296 4165 3365 4233 l).
3397 4166 3576 4236 Itaque
3607 4187 3703 4226 nos
3729 4149 3964 4245 ita'pro-

2366 4240 2493 4294 ximi
2519 4253 2725 4309 Oportet
2746 4245 3007 4313 misereri,
3031 4260 3226 4317 quanta
3253 4269 3532 4321 possumus
3561 4264 3959 4324 misericordia.

2365 4331 2561 4396 Quales
2587 4336 2726 4387 enim
2756 4351 2876 4404 erga
2909 4353 3197 4395 conservos
3218 4342 3498 4413 fuerimus,
3531 4352 3685 4403 talem
3708 4360 3964 4425 experie-

2368 4429 2487 4467 mur
2531 4417 2833 4471 Dominum.
2885 4420 3136 4486 Qnmuam
3202 4442 3390 4498 magna
3441 4443 3522 4486 est
3552 4417 3964 4500 misericordia?

2367 4504 2590 4571 Quamlo
2622 4525 2723 4562 non
2752 4526 2813 4563 ex
2859 4513 3138 4581 superﬂuis
3166 4517 3429 4586 dabimus,
3455 4525 3546 4578 sed
3570 4541 3634 4580 ex
3665 4529 3730 4581 iis
3760 4534 3964 4601 quibus

2369 4611 2602 4666 egemus.
2632 4600 2778 4666 Quod
2802 4603 2843 4655 si
2874 4620 2938 4658 ne
2967 4621 3027 4658 es
3057 4608 3340 4675 super-ﬂuis
3365 4613 3574 4681 quidem
3600 4600 3818 4687 demus,
3838 4640 3963 4695 qua:

2369 4691 2523 4744 nobis
2553 4707 2674 4761 spes
2704 4697 2962 4762 supererit
2986 4701 3012 4749 ?
3037 4699 3176 4753 unde
3197 4715 3225 4753 a
3253 4704 3404 4757 malis
3426 4706 3775 4765 liberabimur
3799 4714 3824 4766 ?
3853 4691 3964 4785 quo

2366 4780 2624 4852 fugientes
2652 4793 2708 4838 ut
2738 4789 2959 4843 salutem
2990 4798 3423 4863 consequamur?
3447 4799 3501 4854 Si
3545 4805 3686 4857 enim
3718 4780 3964 4878 virgines

2366 4881 2482 4940 post
2532 4885 2610 4929 tot
2662 4875 2885 4931 sudores
2927 4880 3124 4934 nullam
3178 4900 3398 4952 prorsus
3453 4889 3702 4946 invenere
3754 4875 3964 4953 etinso-

2347 4962 2658 5030 ,lationem,
2714 4970 2832 5036 quis
2871 4971 3025 5027 nobis
3071 4977 3492 5042 patrocinabitur
3528 4998 3648 5038 cum
3702 4989 3793 5042 illa
3854 5001 3965 5048 tro-

2366 5055 2556 5108 menda
2597 5059 2754 5111 verba
2790 5058 2991 5115 .ludieis
3043 5068 3418 5134 exprobrantis
3461 5073 3786 5133 audiemus:
3827 5082 3965 5138 Esu-

2367 5146 2587 5200 rientcm
2622 5164 2727 5201 non
2760 5166 2845 5204 me
2873 5153 3168 5211 nutrivistis
3192 5176 3205 5222 ;
3233 5171 3306 5226 et,
3329 5160 3480 5228 Quod
3505 5181 3608 5219 non
3634 5167 3844 5226 fecistis
3871 5176 3961 5230 uni

2362 5253 2427 5293 ex
2450 5238 2561 5294 istis
2580 5242 2831 5307 minimis,
2859 5260 2956 5301 nec
2972 5248 3102 5302 mihi
3131 5249 3332 5308 fecistis
3363 5255 3572 5326 (.llatth.
3600 5260 3690 5314 ﬁ.
3715 5262 3811 5318 42.
3841 5269 3961 5330 40).

2363 5330 2477 5385 Non
2506 5331 2571 5384 de
2599 5332 2895 5403 discipulis,
2940 5355 3112 5410 neque
3140 5341 3207 5397 de
3257 5347 3534 5403 monachis
3582 5361 3789 5408 tantum
3845 5359 3964 5415 haec

2363 5420 2510 5485 dicit,
2545 5424 2638 5477 sed
2669 5434 2723 5478 et
2749 5425 2816 5479 de
2846 5432 3034 5495 quovis
3061 5433 3222 5487 tideli.
3255 5433 3388 5490 Nam
3434 5442 3522 5508 qui
3558 5442 3680 5498 talis
3717 5456 3827 5513 est,
3857 5451 3961 5506 etsi

2362 5529 2548 5569 servus
2578 5517 2666 5577 sit,
2720 5519 2822 5571 etsi
2855 5520 2906 5573 in
2953 5523 3068 5575 foro
3101 5527 3386 5594 meudieet,
3421 5533 3463 5584 si
3495 5533 3653 5586 modo
3683 5539 3878 5594 credat
3907 5542 3960 5596 in

2365 5607 2549 5671 Deum,
2575 5609 2692 5676 jure
2714 5612 2856 5664 omni
2882 5611 3072 5669 fruitur
3092 5616 3481 5675 benevolentia.
3512 5623 3568 5678 Si
3592 5625 3963 5697 despiciamus

2363 5701 2505 5754 illum
2535 5703 2732 5757 nudum
2779 5717 2868 5758 aut
2911 5712 3256 5781 esurientem,
3292 5714 3407 5771 luce
3434 5717 3712 5777 audiemus
3738 5725 3909 5782 verba
3945 5764 3960 5789 ν

2363 5803 2414 5847 ct
2439 5795 2627 5849 merito
2656 5798 2888 5866 quidem.
