4164 6330
733 383 844 440 533

738 496 900 566 ἡμῶν
926 495 1306 566 προστήσεται,
1343 490 1471 545 δταν
1499 491 1820 561 ἀκούσωμεν
1852 492 2033 544 ἐκεῖνα
2087 488 2156 540 τά
2207 503 2301 553 φοι-

735 576 878 648 ϐερά
893 579 1110 647 ῥήματα
1131 573 1296 628 αὐτοῦ
1323 571 1415 627 τοῦ
1435 572 1765 638 δικάζοντος,
1782 573 2028 642 λέγοντος
2051 571 2141 624 καὶ
2169 571 2302 621 όνει-

737 659 972 723 δίςοντος
999 657 1164 726 ἡμᾶς.
1195 657 1275 710 ὅτι
1299 656 1572 710 Πεινῶντά
1599 674 1665 725 με
1698 657 1798 708 οὐκ
1836 655 2134 726 ἐθρέψατες
2175 651 2298 719 Ἐφ’

737 741 889 795 ὅσον
900 741 1006 809 7&9
1033 740 1145 793 οὐκ
1171 736 1492 802 ἐποιήσατε
1512 738 1620 800 ἐνί,
1641 737 1795 806 φησὶ,
1825 737 1942 790 τῶν
1968 737 2304 804 ἐλαχίστων

739 823 981 885 τούτων,
1009 820 1150 876 οὐδὲ
1183 820 1311 889 ἐμοί
1334 821 1683 886 ἐποιήσατε·
1712 821 1774 873 ού
1809 822 1938 891 περὶ
1988 821 2096 873 τῶν
2125 819 2303 889 μαθη-

737 903 845 954 τῶν
876 902 1050 970 λέγων
1083 902 1254 955 ταῦτα
1291 903 1469 970 μόνον,
1498 901 1616 954 οὐδὲ
1646 917 1713 954 πε
1724 904 1776 972 9l
1800 902 1910 954 τῶν
1949 901 2303 974 ἀνῃρημένων

732 985 826 1036 τὸν
853 984 963 1036 τῶν
994 983 1238 1053 μοωχῶν
1283 979 1418 1051 βίον,
1467 982 1601 1036 ἀλλά
1631 978 1758 1052 περὶ
1789 985 1987 1047 παντὸς
2016 982 2301 1054 ἀνθρώπου

734 1064 950 1118 πιστοῦ.
993 1067 1052 1116 ὐ
1077 1067 1184 1135 γὰρ
1221 1064 1479 1126 τοιοῦτος,
1520 1064 1623 1117 κᾶν
1661 1065 1844 1130 δοῦλος
1887 1062 1944 1140 ᾖ,
1977 1066 2079 1118 κᾶν
2107 1065 2214 1119 τῶν
2245 1067 2302 1118 ἐν

734 1147 911 1217 ἀγορᾷ
937 1147 1387 1218 προσαιτούντων,
1420 1146 1655 1218 πιστεύῃ
1699 1147 1757 1211 δὲ
1791 1149 1869 1212 είς
1916 1148 2005 1202 τὸν
2035 1147 2186 1211 Θεὸν,
2221 1146 2299 1200 δί-

737 1245 890 1280 καιον
930 1230 1106 1298 πάσης
1131 1228 1289 1280 αὐτὸν
1317 1229 1610 1281 ἀπολαύειν
1636 1230 1868 1293 εὐνοίας.
1901 1230 2019 1283 Κάν
2049 1228 2300 1299 περιίδω⁴

739 1327 839 1378 μεν
876 1309 965 1362 τὸν
986 1309 1218 1362 τοιοῦτον
1247 1311 1504 1381 γυμνδνῆ
1536 1312 1824 1379 πεινῶντα,
1856 1311 2032 1366 ταῦτα
2074 1312 2301 1365 ἀκουσό-

732 1392 878 1463 μεθα
899 1393 967 1445 τά
996 1395 1213 1463 ῥήματα
1239 1412 1267 1426 ο·
1295 1394 1388 1447 καὶ
1414 1395 1557 1464 μάλα
1583 1395 1828 1460 εἰκότως.

804 1473 868 1526 Τί
897 1474 1003 1543 7&9
1033 1474 1192 1544 βαρὺ,
1225 1475 1256 1545 ἢ
1291 1476 1343 1528 τί
1371 1477 1606 1545 ἐπαχθὲς
1639 1477 1805 1548 ᾔτησε
1854 1478 1984 1548 παρ’
2014 1478 2207 1549 ήμῶν;
2247 1477 2301 1530 τί

724 1553 788 1607 δέ
827 1555 887 1607 οὐ
933 1556 1040 1608 τῶν
1089 1557 1291 1628 σφόδρα
1326 1559 1708 1613 εὖκολωτάτων
1745 1561 1838 1614 καὶ
1875 1563 2114 1632 ρᾴστωνς
2165 1561 2300 1613 Ούδέ

734 1635 842 1706 7&9
871 1633 1048 1690 εἶπεν·
1095 1638 1360 1692 Ἀσθενῶν
1381 1641 1550 1710 ήμην,
1580 1644 1671 1695 καὶ
1701 1643 1799 1695 ούκ
1833 1642 2159 1712 ἀνεστήσατέ
2197 1659 2296 1712 με·

731 1718 866 1782 ἀλλ’,
911 1722 1030 1773 Οὐκ
1055 1720 1477 1788 ἐπεσκέψασθέ
1493 1739 1587 1792 με.
1615 1725 1726 1777 Οὐκ
1764 1720 1936 1776 εἶπεν·
1973 1726 2058 1778 Ἐν
2085 1725 2297 1797 φυλακῇ

731 1800 896 1870 ήμην,
924 1803 1016 1855 καὶ
1043 1803 1142 1856 ούκ
1167 1803 1446 1867 ἐξεϐάλετέ
1471 1821 1536 1874 με
1559 1820 1572 1834 ·
1605 1805 1740 1870 ἀλλ’,
1769 1809 1888 1862 Οὐκ
1921 1807 2134 1875 ἤλθετε
2151 1811 2300 1875 πρός

726 1901 818 1952 με.
855 1885 1002 1954 Ὀσῳ
1028 1886 1205 1938 τοίνυν
1230 1887 1406 1956 κοῦφα
1435 1888 1502 1941 τά
1525 1890 1894 1957 ἐπιτάγματα,
1917 1890 2154 1962 τοσούτῳ
2186 1893 2300 1961 μεί-

729 1963 838 2026 ζων
863 1969 896 2037 ή
932 1967 1146 2030 κόλασις
1172 1971 1281 2032 τοῖς
1307 1970 1696 2039 παρακούουσι.
1725 1973 1790 2024 Τί
1818 1972 1923 2042 7&9
1950 1974 2295 2042 κουφότερον,

729 2050 850 2102 είπέ
881 2067 989 2119 μοι,
1020 2051 1113 2104 τοῦ
1147 2051 1358 2120 βαδίσαι
1385 2054 1476 2106 καὶ
1505 2055 1582 2116 είς
1603 2054 1975 2125 δεσμωτήριον
2005 2056 2294 2119 είσελθεῖν;

728 2132 781 2182 τί
806 2131 861 2185 δέ
893 2133 1070 2201 ἥδιον;
1126 2135 1292 2186 Ὅταν
1335 2136 1442 2206 7&9
1503 2135 1614 2206 ίδῃς
1669 2138 1794 2199 τοὺς
1831 2139 1928 2205 μὲν
1961 2137 2293 2206 δεδεμένους,

727 2213 852 2276 τοὺς
875 2213 933 2266 δέ
959 2215 1302 2284 αὖχμῶντας,
1329 2219 1454 2278 τοὺς
1481 2217 1535 2270 δὲ
1560 2218 1864 2287 κομῶντας,
1886 2218 1980 2270 καὶ
2011 2219 2175 2288 ῥάκια
2203 2237 2298 2271 πε-

730 2297 1088 2367 ρικειμένους,
1119 2300 1243 2362 τοὺς
1292 2299 1346 2352 δέ
1386 2299 1490 2353 ὑπὸ
1539 2301 1700 2369 λιμοῦ
1757 2301 2164 2372 φθειρομένους,
2203 2302 2296 2355 καὶ

723 2378 802 2442 ὡς
836 2379 1001 2443 κύνας
1053 2383 1166 2442 τοῖς
1221 2381 1348 2434 ποσὶ
1401 2383 1866 2452 προστρέχοντας·
1924 2384 2144 2454 ἐτέρους
2197 2384 2296 2447 τὰς

729 2459 964 2532 πλευράς
1000 2463 1420 2534 διωρυγμένους,
1478 2463 1669 2528 ἀλλους
1708 2467 1772 2519 ἐκ
1810 2468 1910 2537 τῆς
1962 2467 2167 2536 ἀγορᾶς
2201 2467 2296 2519 νῦν

727 2543 1044 2607 ἐπανιόντας
1076 2545 1408 2614 δεδεμένους,
1462 2546 1556 2598 καὶ
1605 2548 1722 2618 μεθ’
1753 2549 1969 2618 ἡμέραν
2003 2548 2101 2618 μὲν
2141 2551 2297 2601 ἐπαι-

725 2623 952 2689 τοῦντας
971 2666 986 2689 ,
1029 2628 1123 2680 καὶ
1150 2629 1271 2681 οὐδὲ
1300 2631 1398 2701 τὴν
1428 2631 1733 2698 ἀναγκαίαν
1777 2631 2131 2702 συλλέγοντας
2174 2649 2298 2702 τρο-

729 2707 855 2778 φὴν,
891 2713 950 2762 ἐν
969 2711 1177 2783 ἑσπέρᾳ
1203 2713 1258 2766 δέ
1285 2713 1434 2783 παρά
1459 2713 1565 2766 τῶν
1587 2715 1904 2783 ἐφεστώτων
1925 2717 2024 2786 τὴν
2058 2717 2296 2786 πονηράν

725 2792 942 2861 ἐκείνην
997 2794 1088 2846 καὶ
1126 2795 1282 2864 ὠμὴν
1312 2797 1742 2864 ἀπαιτουμένους
1782 2798 2150 2868 λειτουργίαν⁹
2194 2797 2295 2850 κᾶν

722 2873 869 2937 λίθος
898 2891 981 2937 τις
1001 2871 1087 2949 ᾖς,
1115 2876 1329 2938 πάντως
1361 2877 1458 2947 ἔσῃ
1495 2878 1998 2950 φιλανθρωπότερος
2018 2896 2031 2908 ·
2064 2879 2165 2932 κᾶν
2205 2879 2294 2931 τὸν

722 2957 890 3027 ὑγρὸν
911 2959 1005 3010 καὶ
1029 2958 1409 3027 διαλελυμένον
1439 2959 1547 3025 ζῶν
1578 2961 1690 3030 βίον
1714 2998 1731 3023 ,
1773 2961 1989 3024 πάντως
2022 2961 2118 3031 ἔσῃ
2149 2962 2293 3029 φιλο-

722 3039 1053 3111 σοφώτερος,
1083 3041 1152 3093 τά
1182 3041 1493 3114 ἀνθρώπινα
1527 3044 1827 3114 πράγματα
1861 3045 1950 3096 ἐπί
1987 3047 2106 3106 ταῖς
2143 3044 2295 3096 ἀλλον

723 3123 903 3192 τρίαις
933 3123 1244 3175 ἐπισκοπῶν
1269 3127 1591 3194 συμφοραῖς.
1639 3126 1745 3177 Kal
1774 3127 1882 3195 7&9
1912 3126 2012 3195 τῆς
2060 3125 2296 3197 φοϐερᾶς

724 3205 940 3272 ἐκείνης
960 3205 1171 3276 ἡμέρας
1197 3205 1405 3258 ἔννοιαν
1432 3207 1575 3276 λήψῃ
1601 3207 1841 3270 πάντως.
1871 3209 1963 3261 καὶ
1991 3210 2098 3262 τῶν
2120 3211 2295 3262 ποικίο

720 3285 830 3339 λων
853 3286 1140 3340 κολάσεων.
1167 3287 1354 3341 ταῦτα
1367 3289 1422 3340 δέ
1445 3288 1689 3359 στρέφων
1714 3292 1805 3343 καὶ
1821 3290 2182 3360 λογιζόμενος,
2205 3293 2294 3344 καί

722 3368 915 3438 θυμὸν,
945 3371 1038 3422 καὶ
1067 3370 1273 3439 ἡδονὴν,
1298 3370 1390 3423 καὶ
1417 3371 1507 3422 τὸν
1535 3370 1642 3422 τῶν
1674 3371 1940 3439 βιωτικῶν
1962 3376 2296 3444 πραγμάτων

723 3454 900 3523 ἔρωτα
925 3455 1172 3518 ἐκϐαλεῖς
1210 3455 1424 3518 πάντως
1444 3496 1458 3517 ,
1492 3455 1583 3508 καὶ
1607 3457 1806 3518 παντὸς
1825 3457 2038 3526 λιμένος
2070 3459 2297 3528 γαληνο-

719 3535 882 3588 τάτου
911 3536 1276 3606 γαληνοτέραν
1310 3538 1515 3607 ἐργάσῃ
1552 3537 1649 3606 τὴν
1679 3537 1854 3608 ψυχήν
1876 3556 1888 3568 ·
1926 3539 2019 3592 καὶ
2053 3540 2290 3609 περὶτοῦ

723 3617 1068 3690 δικαστηρίου
1091 3620 1468 3690 φιλοσοφήσεις
1489 3619 1720 3680 ἐκείνου,
1748 3620 1944 3672 ἐννοῶν
1972 3623 2051 3674 ὅτι
2078 3625 2126 3675 εί
2148 3623 2296 3694 παρά

723 3701 1026 3772 ἀνθρώποις
1049 3703 1280 3772 τοσαύτη
1307 3703 1551 3772 πρόνοια,
1581 3703 1674 3754 καὶ
1692 3702 1862 3768 τάξις,
1886 3704 1976 3756 καὶ
1999 3704 2182 3772 φόϐος,
2202 3706 2295 3758 καὶ

723 3784 963 3850 ἀπειλαὶ,
981 3784 1157 3854 πολλῷ
1175 3785 1372 3854 μᾶλλον
1394 3783 1543 3851 παρὰ
1560 3783 1695 3854 Θεῷ.
1717 3787 1798 3838 Οὐ
1815 3785 1922 3852 γὰρ
1942 3787 2113 3840 ἔστιν
2129 3789 2297 3852 650v-

723 3867 850 3928 σία,
879 3869 930 3919 εί
956 3865 1041 3934 μὴ
1066 3865 1221 3934 παρὰ
1252 3864 1421 3920 Θεοῦ.
1459 3865 1516 3919 '0
1537 3866 1716 3918 τοίνυν
1736 3869 1846 3928 τοῖς
1875 3861 2098 3938 ἄρχουσι
2126 3871 2296 3924 ταῦτα

723 3947 844 4012 δοὺς
863 3948 1187 4011 διατάσσειν,
1213 3948 1390 4018 πολλῷ
1413 3949 1611 4018 μᾶλλον
1628 3947 1786 4010 αὐτὸς
1813 3949 1954 4001 αύτά
1983 3951 2292 4021 ἐργάσεται.

792 4049 852 4097 ε’.
873 4044 980 4098 Kal
997 4045 1104 4114 7&9
1119 4045 1168 4096 εί
1197 4046 1270 4114 μὴ
1293 4039 1443 4106 οὗτος
1461 4040 1530 4113 ἦν
1550 4046 1578 4096 6
1598 4043 1778 4112 φὸϐος,
1799 4047 1974 4098 πάντα
1993 4046 2058 4100 ἀν
2085 4047 2296 4101 ἀπολώ-

722 4127 806 4179 λει
826 4143 839 4157 ο
870 4126 1002 4179 ὅπου
1029 4143 1090 4192 γε
1112 4127 1379 4179 τοσούτων
1405 4126 1676 4179 κολάσεων
1703 4129 2081 4198 ἐπικειμένων,
2110 4131 2293 4184 πολλοὶ

721 4213 773 4263 οῖ
805 4209 940 4279 πρὸς
958 4209 1056 4280 τὴν
1097 4210 1294 4262 κακίαν
1331 4207 1756 4278 αύτομολοῦντές
1788 4213 1915 4264 είσι.
1935 4212 2121 4266 Ταῦτα
2147 4211 2290 4286 [καὶ]

725 4291 1046 4360 φιλοσοφῶν,
1074 4294 1166 4344 καὶ
1197 4292 1331 4362 πρὸς
1373 4293 1472 4360 τήν
1503 4291 1871 4363 ἐλεημοσύνην
1896 4294 1994 4366 ἔσῃ
2022 4298 2296 4365 προθυμό-

722 4392 901 4446 τερος,
952 4376 1046 4428 καὶ
1076 4372 1275 4442 πολλὴν
1306 4373 1574 4444 καρπώσῃ
1607 4375 1704 4443 τὴν
1733 4376 1946 4445 ἡδονὴν,
1977 4377 2071 4429 καὶ
2117 4377 2295 4448 πολλῴ

727 4457 948 4528 μείζονα
976 4456 1084 4509 τῶν
1109 4454 1217 4508 ἀπὸ
1239 4455 1464 4524 θεάτρου
1486 4455 1936 4509 καταϐαινόντων.
1967 4459 2029 4510 Ol
2065 4459 2164 4528 μὲν
2188 4461 2294 4532 7&9

723 4538 933 4592 ἐκεῖθεν
977 4538 1328 4601 ἀναστάντες,
1379 4537 1668 4612 φλέγονται
1710 4539 1816 4591 ὑπὸ
1867 4543 1966 4611 τῆς
1999 4541 2295 4612 ἐπιθυμίας

724 4619 1019 4696 καιόμενοι.
1048 4620 1215 4673 Ὅταν
1238 4620 1346 4690 γὰρ
1370 4620 1518 4673 ίδωσι
1545 4620 1642 4683 τάς
1666 4621 2122 4693 ἀνεπτερωμένας
2141 4623 2290 4696 [558]

723 4689 933 4766 ἐκείνας
955 4701 1048 4755 ἐπὶ
1075 4702 1175 4771 τῆς
1203 4689 1406 4771 σκηνῆς
1433 4704 1715 4769 γυναῖκας,
1747 4703 1841 4756 καὶ
1863 4689 2033 4774 μυρία
2058 4689 2293 4760 λάϐωσιν

725 4787 932 4840 ἐκεῖθεν
945 4784 1257 4857 τραύματα,
1276 4785 1549 4856 θαλάσσης
1569 4787 1940 4856 κυμαινούσης
1971 4788 2125 4840 οὐδὲν
2144 4790 2296 4858 ἀμει-

723 4866 1214 4928 νονδιακείσονται,
1243 4865 1337 4918 τοῦ
1364 4866 1531 4920 τύπου
1562 4867 1670 4919 τῶν
1711 4866 1910 4936 δψεων,
1945 4867 2054 4920 τῶν
2085 4871 2296 4939 σχημά-

720 4968 851 5013 των,
883 4950 992 5003 τῶν
1014 4950 1295 5022 ῥημάτων,
1320 4951 1417 5020 τῆς
1435 4951 1714 5020 βαδίσεως,
1744 4953 1853 5005 τῶν
1875 4953 2049 5007 ἀλλων
2080 4954 2294 5008 πάντων

721 5034 830 5106 πρὸ
850 5032 957 5087 τῶν
987 5031 1283 5103 ὀφθαλμῶν
1316 5033 1633 5102 ἱσταμένων,
1666 5037 1760 5089 καὶ
1778 5034 1879 5106 τὴν
1896 5035 2074 5106 ψυχὴν
2112 5039 2293 5099 αὐτοῖς

724 5116 1178 5189 πολιορκούντων.
1203 5117 1268 5169 Ol
1289 5115 1346 5168 δέ
1362 5115 1608 5168 ἐντεῦθεν
1630 5116 1955 5182 ἐξελθόντες,
1985 5122 2138 5175 ούδέν
2158 5123 2292 5174 ὑποο

726 5201 1009 5268 στήσονται
1042 5197 1301 5265 τοιοῦτον,
1361 5197 1496 5250 ἀλλὰ
1531 5197 1730 5270 πολλὴν
1780 5201 2162 5271 καρπώσονται
2195 5206 2293 5276 τὴν

723 5280 965 5350 γαλήνην
989 5283 1085 5333 καὶ
1116 5280 1213 5350 τήν
1245 5280 1565 5350 ἀταραξίαν.
1609 5282 1674 5334 Ἥ
1712 5283 1821 5353 γὰρ
1849 5284 2138 5352 κατάνυξις
2171 5291 2204 5356 ή
2231 5291 2294 5342 ἐκ

723 5364 822 5432 τῆς
850 5364 1024 5433 δψεως
1055 5363 1164 5416 τῶν
1193 5364 1487 5434 δεδεμένων
1534 5365 1886 5436 ἐγγενομένη.
1935 5367 2082 5423 ἅπαν
2119 5371 2294 5425 ἐκεῖνο

724 5446 974 5500 σϐέννυσι
1005 5445 1066 5499 τδ
1097 5444 1226 5514 πῦρ.
1268 5446 1382 5498 Κάν
1410 5448 1699 5518 ἀπαντήσῃ
1749 5449 1885 5520 γυνὴ
1923 5453 2290 5524 πορνευομένη

722 5529 818 5582 καὶ
849 5528 1145 5588 ἀκόλαστος
1167 5527 1428 5591 ἐξελθόντι
1458 5527 1566 5580 τῶν
1588 5529 1898 5599 δεσμωτῶν,
1947 5534 2100 5586 οὐδὲν
2134 5537 2296 5589 αὑτὸν

723 5612 1016 5681 ἐργάσεται
1039 5611 1290 5681 χαλεπόν.
1321 5611 1408 5672 Ὠς
1432 5612 1539 5682 7&9
1559 5611 1832 5675 ἄπλαστος
1858 5615 2041 5668 λοιπὸν
2071 5617 2294 5686 γενόμε-

1469 377 1528 432 8.
1564 360 1849 431 JOANNI’S
1885 360 2378 428 cumSoS'rom
2418 369 2738 428 ARCHIEP.
2780 371 3340 466 consumma).

3881 369 3992 426 55$

2407 488 2513 540 οὸν
2545 491 2904 558 πορευθῆναι
2925 493 3012 556 εις
3035 487 3204 544 οἶκον
3225 491 3507 554 πένθους,
3534 490 3572 557 ἢ
3621 487 3994 556 πορευθῆναι

2405 575 2490 637 είς
2517 570 2683 626 οἷκον
2715 572 2990 642 γέλωτος.
3020 575 3128 627 Καὶ
3161 571 3395 626 ἐνταῦθα
3423 571 3523 642 μέν
3547 570 3814 640 τοσαύτην
3860 572 3995 624 ἐπι-

2406 655 2568 718 δείξει
2596 656 2693 724 τὴν
2718 657 3054 724 φιλοσοφίαν,
3081 657 3198 708 ἐκεῖ
3223 656 3278 708 δὲ
3304 654 3512 725 ἀκούσῃ
3539 653 3607 706 τά
3641 655 3851 723 μυρίων
3885 672 3996 723 μα-

2405 739 2692 808 καρισμῶν
2739 737 2864 803 ἀξια
2921 739 3161 808 ῥήματα.
3214 739 3304 808 Μὴ
3337 739 3516 792 τοίνυν
3548 736 3839 808 ἀμελῶμεν
3887 739 3998 806 τῆς

2401 821 2658 891 τοιαύτης
2715 821 2966 890 πράξεως
3002 823 3096 874 καὶ
3130 821 3537 892 πραγματείας.
3600 819 3720 872 Κάν
3757 819 3868 890 γὰρ
3914 821 3994 888 μὴ

2403 903 2720 974 δυνηθῶμεν
2747 905 2952 975 τροφὴν
2982 907 3332 974 εἰσενεγκεῖν,
3373 905 3511 974 μηδέ
3544 902 3809 975 ἀργύριον
3864 902 3994 972 βοηο

2405 986 2566 1053 θῆσαι
2594 987 2794 1049 δόντες.
2829 988 2963 1040 ἀλλά
2991 988 3371 1057 παρακαλέσαι
3411 986 3577 1057 λόγῳ,
3624 987 3718 1038 καὶ
3741 985 3838 1054 τὴν
3869 1000 3994 1036 κει-

2405 1069 2576 1138 μένην
2609 1069 2915 1137 ἀναστῆσαι
2940 1069 3120 1140 ψυχὴν
3145 1068 3508 1138 δυνησόμεθα,
3549 1067 3645 1120 καὶ
3670 1067 3833 1136 ἔτερα
3867 1067 3993 1118 ἐπι-

2403 1151 2672 1221 κουρῆσαι
2701 1151 2892 1215 πολλὰ,
2940 1153 3033 1204 καὶ
3080 1155 3195 1215 τοῖς
3247 1149 3550 1220 ἐμϐαλοῦσι
3581 1149 3990 1218 διαλεγόμενοι,

2403 1233 2651 1298 καὶτοὺς
2695 1234 3008 1302 ἐφεστῶτας
3040 1233 3424 1304 ἡμερωτέρους
3475 1231 3778 1294 ποιοῦντες,
3827 1231 3932 1282 καὶ
3957 1230 3992 1299 ἢ

2405 1316 2599 1386 μικρὸν
2629 1315 2662 1386 ἦ
2696 1317 2838 1386 μέγα
2865 1317 3082 1380 πάντως
3112 1315 3462 1387 ἐργασόμεθα
3484 1314 3690 1384 κέρδος.
3727 1313 3790 1365 El
3809 1311 3869 1364 δέ
3898 1311 3992 1364 λέ-

2401 1416 2518 1467 γεις
2543 1402 2626 1454 ὅτι
2664 1401 2763 1453 ούκ
2803 1401 3117 1471 εὐδαίμονές
3149 1403 3288 1453 είσιν
3320 1400 3457 1461 ἐκεί,
3505 1399 3624 1451 οὐδὲ
3667 1397 3988 1468 εὔχρηστοι,

2400 1483 2520 1537 ούδέ
2551 1484 2814 1547 ἐπιεικεῖς
2840 1482 3050 1553 ἀνδρες,
3080 1483 3195 1536 ἀλλ’
3221 1482 3538 1554 ἀνδροφόνοι
3576 1481 3671 1534 καὶ
3699 1479 3992 1549 τυμϐωρύ-

2400 1584 2506 1636 χοι,
2529 1568 2619 1618 καὶ
2637 1565 3066 1637 βαλαντιοτόμοι,
3096 1567 3190 1618 καὶ
3219 1567 3416 1636 μοιχοὶ,
3445 1565 3539 1618 καὶ
3559 1563 3868 1625 ἀκόλαστοι,
3891 1561 3990 1615 καὶ

2402 1649 2611 1702 πολλῶν
2657 1651 2918 1719 γέμοντες
2966 1649 3173 1713 κακῶν,
3211 1648 3374 1702 πάλιν
3405 1646 3709 1716 ἀναγκαίαν
3758 1662 3849 1714 μοι
3891 1645 3991 1698 καὶ

2401 1731 2650 1786 ἐντεῦθεν
2681 1732 2947 1797 δεικνύεις
2977 1733 3078 1802 τῆς
3111 1734 3228 1784 ἐκεῖ
3254 1732 3532 1802 διατριϐῆς
3556 1731 3654 1800 τὴν
3684 1729 3987 1800 πρόφασιν.

2401 1815 2473 1867 Ού
2503 1814 2697 1885 γάρ’δὴ
2725 1815 2852 1878 τοὺς
2877 1816 2974 1884 μὲν
2997 1814 3235 1883 ἀγαθοὺς
3259 1815 3445 1878 ἐλεεῖν,
3477 1815 3604 1876 τοὺς
3627 1813 3684 1866 δέ
3711 1811 3990 1884 πονηροὺς

2400 1897 2648 1960 κολάζειν
2678 1897 3079 1969 ἐκελεύσθημεν
3101 1915 3114 1928 ·
3154 1897 3290 1951 ἀλλά
3316 1898 3442 1967 περὶ
3469 1896 3676 1958 πάντας
3708 1895 3990 1948 ἐνδείκνυ-

2401 1980 2524 2033 σθαι
2548 1980 2643 2051 τὴν
2667 1980 3078 2053 φιλανθρωπίαν
3103 1980 3329 2050 ταύτην.
3361 1982 3613 2035 Γίνεσθε
3640 1980 3769 2050 γὰρ,
3791 1980 3986 2048 φησιν,

2400 2064 2587 2131 ὅμοιοι
2625 2064 2732 2119 τοῦ
2759 2067 2988 2133 Πατρός
3015 2065 3182 2135 ὑμῶν
3201 2067 3306 2120 τοῦ
3326 2066 3399 2119 ἐν
3422 2063 3546 2129 τοῖς
3563 2062 3865 2131 οὐρανοῖς,
3892 2062 3986 2116 ὅτι

2397 2145 2713 2200 ἀνατέλλει
2742 2148 2848 2200 τὸν
2869 2150 3048 2215 ἣλιον
3064 2151 3251 2204 αὑτοῦ
3273 2149 3372 2203 ἐπὶ
3401 2147 3706 2215 πονηροὺς
3727 2147 3825 2200 καί
3846 2147 3989 2213 ἀτα-

2397 2227 2560 2294 θοὺς,
2598 2229 2695 2282 καί
2744 2230 2950 2298 βρέχει
2976 2231 3074 2283 ἐπὶ
3110 2231 3381 2296 δικαίους
3430 2231 3529 2284 καί
3568 2229 3837 2294 ἀδίκους.
3888 2229 3987 2300 Μὴ

2395 2310 2573 2364 τοίνυν
2606 2312 2904 2383 κατηγόρει
2938 2313 3047 2366 τῶν
3080 2313 3376 2386 ἀλλοτρίων
3414 2311 3658 2382 πικρῶς,
3699 2311 3838 2382 μηδὲ
3891 2311 3989 2362 ἔσο

2399 2394 2623 2464 σφοδρὸς
2651 2395 2931 2466 δικαστὴς,
2961 2398 3077 2451 ἀλλ’
3099 2399 3306 2467 ἥμερος
3328 2396 3423 2451 καὶ
3447 2395 3849 2468 φιλάνθρωπος.
3871 2396 3988 2448 Kal

2396 2477 2506 2546 7&9
2540 2478 2634 2529 καὶ
2669 2479 2850 2546 ἡμεῖς,
2882 2481 2928 2532 εί
2959 2480 3052 2533 καὶ
3087 2480 3162 2551 μὴ
3208 2481 3406 2550 μοιχοὶ,
3444 2479 3579 2550 μηδέ
3607 2478 3983 2549 τυμϐωρύχοι,

2401 2560 2535 2629 μηδὲ
2579 2560 2986 2632 βαλαντιοτόμοι
3018 2564 3342 2633 γεγόναμεν,
3399 2561 3516 2614 ἀλλ’
3573 2561 3771 2630 ἔχομεν
3811 2561 3985 2631 ἔτερα

2398 2642 2842 2713 πλημμελήματα
2877 2647 3076 2716 μυρίας
3105 2645 3229 2709 ἀξια
3265 2644 3558 2708 κολάσεως.
3602 2645 3715 2697 Kal
3752 2642 3864 2713 7&9
3885 2644 3986 2695 καὶ

2393 2724 2485 2776 τδν
2519 2725 2743 2793 ἀδελφὸν
2779 2727 2959 2797 μωρὸν
2998 2728 3334 2796 ἐκαλέσαμεν
3365 2726 3624 2789 πολλάκις
3648 2766 3662 2789 ,
3712 2726 3852 2795 ὅπερ
3881 2726 3986 2795 τὴν

2395 2806 2617 2874 γέενναν
2652 2810 2782 2878 ἡμῖν
2822 2810 3109 2880 προξενεῖ·
3137 2811 3228 2862 καὶ
3257 2811 3524 2877 γυναῖκας
3549 2808 3878 2870 ἀκολάστοις
3906 2809 3987 2860 ετ-

2394 2889 2556 2960 δομεν
2585 2891 2902 2962 ὀφθαλμοῖς,
2937 2893 3074 2962 ὅπερ
3113 2893 3360 2963 μοιχείαν
3407 2890 3825 2962 ἀπηρτισμένην
3856 2906 3988 2942 συν-

2397 2973 2576 3044 ίστησι
2598 2990 2614 3004 ο
2648 2975 2741 3027 καὶ
2761 2973 2821 3026 τδ
2849 2975 3063 3028 πάντων
3091 2974 3494 3046 χαλεπώτερον,
3532 2973 3640 3026 τῶν
3664 2971 3989 3044 μυστηρίων

2394 3057 2455 3109 ού
2489 3057 2786 3127 μετέχομεν
2823 3058 2990 3122 ἀξίως
3013 3100 3026 3122 ,
3077 3060 3215 3129 ὅπερ
3249 3059 3467 3128 ἐνόχους
3507 3060 3657 3128 ἡμᾶς
3702 3059 3848 3109 ποιεῖ
3885 3056 3986 3110 τοῦ

2400 3137 2649 3209 σώματος
2696 3141 2791 3192 καὶ
2835 3140 2930 3193 τοῦ
2963 3144 3193 3211 αἵματος
3240 3137 3336 3195 τοῦ
3380 3141 3639 3213 Χριστοῦ.
3671 3141 3762 3210 Μὴ
3792 3140 3987 3193 τοίνυν

2397 3221 2584 3292 πικροὶ
2610 3223 2892 3290 γενώμεθα
2917 3223 3027 3276 τῶν
3051 3223 3225 3276 ἄλλων
3244 3224 3552 3288 ἐξετασταὶ,
3576 3223 3712 3277 ἀλλά
3737 3222 3807 3275 τά
3823 3224 3989 3293 ὴμῶν

2396 3305 2575 3356 αὖτῶν
2602 3305 2893 3376 ἐννοῶμεν,
2923 3307 3018 3360 καὶ
3037 3305 3179 3360 οὓτω
3209 3307 3529 3378 παυσόμεθα
3559 3310 3657 3376 τῆς
3683 3307 3988 3378 ἀπανθρω-

2397 3387 2524 3448 πίας
2552 3386 2756 3457 ταύτης
2782 3389 2875 3441 xal
2897 3391 2995 3458 τῆς
3023 3389 3322 3460 ὠμότητος.
3354 3391 3538 3459 Χωρὶς
3564 3389 3622 3442 δέ
3650 3389 3859 3442 τούτων
3881 3390 3988 3442 κάο

2393 3471 2543 3521 κεῖνο
2573 3469 2718 3521 ἔστιν
2751 3472 2946 3535 είπεῖν,
2969 3473 3050 3525 ὅτι
3085 3475 3180 3526 καὶ
3219 3476 3482 3536 ἐπιεικεῖς
3515 3472 3712 3544 ἄνδρας
3749 3471 3988 3536 πολλοὺς

2396 3550 2700 3620 εὑρήσομεν
2726 3553 2931 3615 αὐτόθι,
2958 3555 3051 3609 καὶ
3074 3558 3169 3624 τῆς
3189 3555 3394 3619 πόλεως
3413 3555 3674 3618 πολλάκις
3689 3555 3990 3620 άνταξίους

2396 3635 2594 3703 πάσης.
2637 3635 2787 3688 Ἐπεὶ
2817 3636 2910 3688 καὶ
2940 3636 3000 3689 τὸ
3027 3636 3400 3708 δεσμωτήριον
3430 3638 3624 3700 ἐκεῖνο,
3652 3637 3781 3691 ἔνθα
3814 3641 3844 3692 6
3870 3639 3990 3693 Ἰω-

2397 3716 2503 3784 σὴφ
2535 3711 2622 3785 ἦν,
2660 3716 2886 3780 πολλοὺς
2925 3711 3036 3787 εἶχε
3074 3718 3374 3788 πονηρούς⁸
3409 3719 3525 3772 ἀλλ’
3575 3721 3723 3788 ὅμως
3760 3720 3988 3774 πάντων

2394 3797 2709 3866 ἐπεμελεῖτο
2734 3799 2761 3850 δ
2785 3798 2992 3863 δίκαιος
3021 3801 3248 3865 ἐκεῖνος,
3273 3801 3370 3853 καὶ
3393 3796 3463 3872 ἦν
3490 3802 3583 3854 καὶ
3623 3801 3786 3864 αὐτὸς
3841 3804 3989 3872 μετά

2394 3879 2501 3930 τῶν
2530 3878 2722 3942 ἄλλων,
2746 3881 3118 3951 κρυπτόμενος
3134 3884 3284 3946 ὅστις
3311 3879 3398 3954 ἦν.
3431 3882 3540 3936 Kal
3558 3881 3668 3952 7&9
3689 3883 3788 3953 τῆς
3821 3883 3989 3950 Αίγύ-

2396 3975 2532 4011 πτου
2563 3961 2742 4030 πάσης
2768 3961 3016 4026 ἀντάξιος
3048 3959 3117 4033 ἦν
3137 4005 3151 4028 ,
3187 3965 3281 4018 xal
3315 3965 3378 4018 τὸ
3420 3965 3795 4034 δεσμωτήριον

2396 4040 2543 4109 ὅμως
2571 4041 2724 4111 ῷκει,
2753 4044 2848 4095 καὶ
2868 4045 3043 4108 οὐδεὶς
3067 4046 3182 4116 ᾔδει
3212 4045 3320 4099 τῶν
3341 4045 3488 4108 ἔνδον
3510 4046 3701 4099 ὄντων.
3741 4047 3854 4099 Kal
3883 4046 3988 4099 νῦν

2396 4124 2575 4176 τοίνυν
2600 4124 2824 4188 πολλοὺς
2851 4122 2988 4181 εἶναι
3020 4127 3165 4190 είκός
3186 4130 3457 4200 χρηστοὺς
3483 4130 3580 4183 καὶ
3616 4131 3905 4193 ἐπιεικεῖς,
3932 4132 3988 4182 εί

2398 4206 2491 4259 καὶ
2529 4205 2602 4276 μὴ
2626 4208 2789 4260 πᾶσιν
2821 4203 2932 4261 εἷεν
2963 4209 3254 4280 κατάδηλοι
3272 4227 3286 4240 ο
3313 4212 3407 4263 καὶ
3431 4213 3464 4280 ή
3500 4211 3628 4279 περὶ
3655 4211 3782 4273 τοὺς
3810 4211 3992 4264 τοιού-

2397 4305 2521 4350 τους
2549 4289 2856 4356 ἐπιμέλεια,
2891 4291 2990 4358 τῆς
3029 4293 3160 4361 περὶ
3187 4292 3396 4355 πάντας
3419 4292 3655 4358 σπουδῆς
3680 4291 3865 4345 δίδωσί
3899 4309 3987 4346 σοι

2397 4368 2493 4438 τὴν
2542 4370 2796 4440 ἀμοιϐήν.
2835 4373 2933 4425 Ἂν
2963 4371 3020 4425 δέ
3074 4373 3170 4427 καὶ
3204 4375 3392 4443 μηδεὶς
3483 4373 3743 4438 τοιοῦτος,
3774 4375 3873 4428 καὶ
3897 4376 3989 4428 ἐν-

2396 4451 2571 4506 ταῦθα
2595 4453 2760 4523 πολλὴ
2795 4455 2827 4522 ἡ
2853 4454 3135 4518 ἀντίδοσις.
3180 4455 3334 4509 Ἐπεὶ
3355 4459 3448 4510 καὶ
3472 4459 3502 4510 6
3524 4457 3804 4527 Δεσπότης
3831 4458 3862 4510 6
3889 4457 3989 4522 οὺς

2395 4535 2516 4605 οὐχὶ
2565 4535 2793 4599 δικαίοις
2824 4536 3091 4604 διελέγετο
3124 4538 3316 4608 μόνον,
3361 4540 3485 4600 τοὺς
3524 4537 3581 4590 δέ
3631 4538 3989 4607 ἀκαθάρτους

2396 4618 2644 4687 ἔφευγεν·
2664 4619 2798 4673 ἀλλά
2817 4619 2909 4672 καὶ
2933 4619 3032 4690 τήν
3046 4620 3358 4674 Χαναναίαν
3376 4618 3512 4690 μετά
3540 4619 3740 4690 πολλῆς
3760 4620 3990 4686 ἐδέξατο

2395 4701 2496 4770 τῆς
2529 4700 2762 4762 εὐνοίας,
2795 4702 2891 4754 καὶ
2918 4701 3015 4772 τήν
3049 4701 3378 4774 Σαμαρεῖτιν
3398 4703 3497 4773 τὴν
3527 4703 3695 4771 ἐναγῆ
3718 4703 3815 4755 καὶ
3842 4703 3990 4756 ἀκά-

2398 4782 2615 4854 θαρτον,
2663 4785 2756 4838 καὶ
2788 4785 2982 4851 ἐτέραν
3010 4784 3067 4837 δέ
3117 4787 3323 4857 πόρνην
3353 4786 3546 4849 πάλιν,
3580 4786 3722 4855 ὑπὲρ
3771 4781 3843 4857 ἧς
3885 4787 3992 4840 καὶ

2396 4863 2668 4928 ὠνείδιζον
2693 4866 2744 4917 οί
2787 4866 3052 4928 Ἰουδαῖοι,
3101 4868 3192 4920 καὶ
3236 4866 3456 4932 ἐδέξατο
3484 4867 3580 4921 καὶ
3614 4866 3989 4938 ἐθεράπευσε,

2397 4945 2640 5009 καὶτοὺς
2669 4946 2834 5010 πόδας
2883 4947 3244 5018 βρεχομένους
3295 4949 3400 5002 ὑπὸ
3427 4949 3536 5003 τῶν
3582 4949 3836 5021 δακρύων
3881 4951 3993 5022 τῆς

2395 5028 2623 5096 ἐναγοῦς
2647 5030 2908 5098 ἠνείχετο,
2935 5030 3204 5084 παιδεύων
3232 5033 3378 5102 ἡμᾶς
3407 5032 3759 5100 συγκατιέναι
3785 5035 3901 5096 τοῖς
3927 5035 3993 5087 ἐν

2398 5111 2694 5197 ἁμαρτίαις
2895 5113 3069 5167 Τοῦτο
3087 5114 3196 5185 7&9
3226 5114 3460 5184 μάλιστα
3491 5113 3897 5197 φιλανθρωπία.
3919 5116 3994 5169 τί

2397 5192 2535 5263 φῄςς
2557 5192 2750 5265 λῃσταὶ
2775 5195 2868 5248 καὶ
2886 5198 3235 5268 τυμϐωρύχοι
3250 5198 3312 5251 τὸ
3332 5192 3704 5268 δεσμωτήριον
3730 5195 3992 5264 οίκοῢσις

2394 5277 2506 5347 τὴν
2537 5277 2595 5330 δέ
2630 5279 2803 5340 πόλιν,
2836 5279 2960 5332 είπέ
2997 5297 3109 5350 μοι,
3140 5271 3336 5336 δίκαιοι
3368 5283 3569 5345 πάντες
3593 5281 3733 5334 είσὶν
3758 5282 3808 5333 οί
3846 5297 3996 5335 κατ-

2394 5358 2672 5424 οικοῦντες
2695 5377 2709 5425 ;
2742 5360 2858 5413 ἀλλ’
2880 5361 3000 5432 οὐχὶ
3021 5361 3204 5415 πολλοὶ
3229 5364 3324 5415 καὶ⁸
3357 5363 3562 5417 τούτων
3599 5363 3815 5433 χείρους
3839 5366 3994 5432 μετά

2394 5440 2639 5504 πλείονος
2669 5443 3021 5515 λῃστεύοντες
3067 5445 3488 5515 ἀναισχυντίαςς
3537 5447 3600 5499 οι
3653 5444 3753 5514 μιν
3783 5445 3897 5516 γάρ
3940 5451 3994 5502 εί

2394 5525 2486 5576 καὶ
2516 5525 2682 5594 μηδέν
2715 5526 2902 5596 ἔτερον
2925 5567 2939 5589 ,
2978 5528 3076 5597 τὴν
3124 5527 3256 5596 γοῦν
3306 5529 3539 5598 ἐρημίαν
3576 5531 3668 5582 καὶ
3691 5529 3754 5582 τὸ
3788 5530 3995 5596 σκότος

2395 5606 2813 5675 προϐάλλονται,
2843 5610 2940 5663 καὶ
2971 5609 3033 5662 τὸ
3065 5610 3421 5674 λανθάνοντες
3469 5610 3642 5665 ταῦτα
3681 5613 3856 5664 ποιεῖν
3881 5629 3896 5642 ·
3937 5617 3994 5667 οἱ

723 5712 836 5761 νος,
885 5696 1054 5759 οὓτως
1109 5696 1207 5764 οὐχ
1259 5692 1524 5747 ἁλώσεται
1557 5697 1668 5758 τοῖς
1715 5695 1949 5760 δικτύοις
1989 5699 2090 5767 τῆς
2118 5685 2292 5768 ὅψεως
2391 5685 2449 5738 δὲ
2475 5686 2536 5739 τδ
2558 5692 2898 5758 προσωπεῖον
2925 5691 3200 5763 ῥίψαντες,
3222 5697 3404 5765 γυμνῇ
3423 5697 3490 5765 τῇ
3513 5694 3723 5766 κιφαλῇ
3740 5694 3810 5748 τά
3829 5698 3995 5751 κακὰ

725 5777 959 5846 ἐκείνης,
1005 5777 1125 5830 ἀντὶ
1152 5775 1250 5842 τῆς
1282 5776 1452 5842 ὂψεως
1482 5777 1579 5846 τῆς
1623 5778 1943 5841 ἀκολάστου,
1977 5781 2071 5833 τοῦ
2127 5783 2290 5851 φόϐου

727 5859 824 5926 τῆς
851 5859 1076 5927 κρίσεως
1111 5857 1213 5927 πρὸ
1234 5856 1526 5928 ὀφθαλμῶν
1552 5860 1699 5929 αὐτῷ
1724 5863 1841 5914 τότε
1887 5865 2160 5933 κειμένου.
2195 5867 2292 5918 Διά

733 5940 888 5992 τοίτο
913 5942 1004 5993 καὶ
1041 5942 1067 5992 δ
1096 5941 1202 5994 πᾶν
1232 5937 1368 6003 εἶδος
1395 5943 1600 6011 τρυφῆς
1627 5945 1864 5999 ἐπελθὼν
1892 5947 2104 6015 ἔλεγεν·
2139 5950 2289 6016 Ἀγα-

2396 5771 2766 5840 μετέρχονται,
2793 5775 2955 5843 βίαιοι
2980 5778 3074 5830 καὶ
3087 5778 3332 5847 ἅρπαγες
3351 5780 3502 5844 ὄντες
3523 5782 3617 5834 καὶ
3639 5781 3990 5836 πλεονέκται.

2395 5852 2503 5903 Kal
2529 5854 2634 5921 7&9
2655 5855 2908 5909 δύσκολον
2930 5859 3109 5928 εύρεῖν
3129 5859 3415 5930 ἄνθρωπον
3433 5861 3645 5922 ἀδικίας
3661 5861 3929 5932 καθαρόν.

2467 5955 2539 6011 ς’.
2569 5950 2628 6002 El
2659 5951 2713 6004 δὲ
2739 5954 2812 6023 μὴ
2845 5959 3064 6025 χρυσίον
3090 5959 3430 6026 ἀρπάςομεν,
3457 5960 3590 6023 μηδέ
3625 5959 3832 6024 πλέθρα
3872 5963 3990 6027 τῆς
