4164 6330
245 362 339 418 3257»
1273 416 1275 418 ,
1344 359 1405 417 ΙΝ
1446 360 1759 415 «ΙΟᾹΝΝΕΜ
1802 364 1818 415 l

1924 363 2028 415 Ill..
2075 362 2184 416 LX.
2226 363 2294 416 al.
2341 361 2473 416 LIX.

311 472 483 540 Officia
508 471 799 525 Christiana
824 488 972 541 quam
996 472 1191 541 [‘acilin.
1221 500 1292 511 -—
1311 471 1445 538 Quid
1471 472 1614 525 euitu
1636 485 1821 539 grave.

239 565 356 633 quid
385 579 675 617 onerosum
702 578 732 616 a
761 563 914 618 nobis
944 564 1127 634 exigit,
1167 562 1295 633 quid
1322 580 1426 617 nun
1471 563 1826 617 facillimum?

239 658 415 728 Neque
435 657 580 710 ettim
599 656 752 723 dixit,
780 655 1026 710 lnftrmus
1043 672 1212 721 eram,
1241 664 1296 711 et
1320 672 1427 711 mm
1448 656 1677 710 sanastis
1700 671 1786 709 me
1808 672 1822 720 ;

236 748 345 812 sed,
379 745 501 802 Non
526 747 881 801 visitastis‘me.
914 746 1028 801 Non
1057 746 1210 808 dixit,
1242 747 1297 801 ln
1325 762 1542 802 carcere
1571 761 1742 811 eram,
1772 754 1827 799 et

239 856 338 894 non
365 838 630 895 eduxistis
659 854 782 903 me;
830 838 950 904 sed,
983 838 1105 892 Non
1144 839 1347 893 venistis
1371 838 1439 890 ad
1478 854 1576 891 me.
1611 837 1825 904 Quanto

235 931 393 1001 igitur
419 930 658 987 faciliora
698 940 821 985 sunt
872 940 1159 1002 praecepta,
1210 940 1357 986 tanto
1412 930 1586 999 majus
1630 928 1827 998 suppli-

233 1022 370 1075 cium
421 1036 527 1077 non
584 1021 943 1076 servantibus.
994 1021 1133 1089 Quid
1160 1022 1326 1084 enim,
1358 1034 1563 1090 quaeso,
1592 1020 1819 1084 facilius,

232 1127 387 1182 quam
418 1127 693 1168 carcerem
724 1113 919 1169 adire-1
960 1114 1087 1183 quid
1136 1113 1402 1168 suavius?
1446 1111 1578 1167 Cum
1624 1112 1823 1168 videris

230 1205 360 1259 alios
392 1204 618 1269 vinctos,
647 1206 781 1260 alios
811 1205 1104 1275 squalidos,
1133 1214 1394 1269 comatos,
1423 1213 1477 1261 et
1516 1205 1707 1275 pannis
1737 1203 1821 1257 in-

230 1293 406 1361 dutos,
436 1295 573 1350 alios
621 1294 761 1351 fante
792 1296 1148 1363 tabescentes,
1203 1304 1260 1352 et
1314 1296 1379 1350 ad
1427 1294 1593 1365 pedes
1626 1309 1820 1349 canum

231 1400 379 1441 more
401 1396 763 1463 accurrentes,
804 1387 938 1442 alios
968 1386 1254 1457 discerptis
1279 1387 1559 1453 lateribus,
1589 1386 1724 1439 alios
1754 1399 1821 1440 ex
1856 1434 1865 1451 κ

229 1476 342 1532 fore
370 1478 561 1549 ligatos
587 1489 940 1545 revertentes,
970 1482 1058 1549 qui
1079 1488 1186 1535 tota
1211 1479 1302 1535 die
1332 1478 1724 1543 mendicantes,
1752 1491 1821 1532 ne

225 1571 404 1625 cibum
458 1570 673 1642 quidem
728 1573 1090 1627 necessarium
1143 1572 1531 1642 collegerunt;
1593 1583 1821 1639 vespere

226 1672 405 1717 autem
437 1678 468 1716 a
494 1662 806 1719 custodibus
845 1663 916 1718 ad
960 1663 1281 1720 laboriosum
1312 1672 1367 1718 et
1393 1666 1625 1717 immane
1663 1660 1821 1716 mini-

224 1756 446 1809 sterium
476 1763 736 1823 coactos;
777 1755 989 1811 etiamsi
1032 1756 1169 1827 lapis
1197 1770 1365 1822 esses,
1401 1756 1820 1811 humanissimus

224 1846 594 1904 hincevades:
617 1847 825 1901 etiamsi
844 1848 1015 1911 ,vitam
1041 1847 1254 1902 mollem
1281 1848 1703 1918 dissolutamque
1728 1846 1820 1903 du-

222 1950 331 1998 cas,
380 1934 508 1990 hinc
550 1936 706 2005 plane
746 1937 1097 2007 philosophus
1131 1937 1357 2005 evades,
1398 1939 1524 1993 dum
1572 1939 1819 1994 humana:

223 2025 342 2078 vitae
369 2024 731 2081 conditionem
765 2026 819 2081 in
848 2027 1037 2083 alienis
1074 2028 1466 2085 calamitatibus
1504 2029 1816 2086 intueberis.

222 2118 369 2173 'l‘uuc
400 2119 454 2173 iu
484 2129 717 2174 mentem
747 2121 924 2177 veniet
951 2120 1259 2177 tremendus
1284 2121 1374 2177 ille
1403 2121 1538 2187 dies,
1567 2123 1819 2193 variaque

222 2211 501 2281 supplicia.
534 2211 660 2267 Haec
683 2213 863 2268 animo
885 2228 1127 2279 versans,
1164 2214 1692 2285 iram,,voluptatem,
1718 2220 1827 2270 sae;

221 2304 480 2357 cularium
521 2318 702 2359 rerum
745 2318 982 2360 amorem
1013 2304 1251 2375 abjicies,
1292 2317 1345 2361 et
1372 2307 1658 2377 tranquillo
1682 2321 1818 2377 quo-

222 2396 299 2449 vis
327 2404 485 2464 portu
514 2396 935 2466 tranquilliorem
965 2397 1196 2452 animam
1234 2397 1458 2453 efficies.
1502 2399 1579 2454 De
1616 2398 1818 2468 judicio

221 2486 309 2541 illo
336 2487 823 2558 philosophaberis,
854 2499 1028 2545 tecum
1048 2500 1323 2561 reputans,
1346 2490 1392 2545 si
1411 2490 1551 2561 apud
1573 2490 1819 2547 homines

223 2590 397 2633 tantus
423 2579 559 2635 ordo
592 2594 790 2646 rerum,
817 2589 993 2637 tantus
1018 2591 1212 2649 terror,
1251 2589 1413 2637 tanta!
1446 2583 1819 2638 comminatio-

223 2685 333 2736 ues,
362 2671 533 2727 multo
557 2672 727 2744 magis
749 2673 890 2743 apud
917 2673 1108 2730 Deum.
1132 2673 1297 2729 Nulla
1322 2674 1454 2730 enim
1480 2684 1700 2747 potestas
1723 2683 1814 2741 est,

222 2762 316 2815 nisi
350 2780 383 2817 a
412 2763 525 2818 Deo
551 2764 728 2835 (Rom.
774 2767 862 2822 13.
897 2766 975 2838 l').
1014 2766 1116 2836 Qui
1157 2766 1489 2838 principibus
1520 2768 1635 2823 haec
1670 2767 1818 2823 ordi-

222 2854 393 2909 nanda
420 2857 715 2923 commisit,
745 2859 914 2915 multo
950 2860 1118 2930 magis
1143 2860 1259 2933 ipse
1286 2868 1628 2930 exsequetur.

290 2945 343 2998 5.
378 2944 557 3018 Math
584 2962 647 3000 ea:
672 2948 832 3018 Micio
857 2949 1083 3003 caritatis
1111 2966 1263 3020 quam
1293 2968 1320 3007 e
1345 2949 1675 3004 theatralibus
1702 2966 1818 3021 spe-

223 3036 428 3090 ctaculis
457 3038 701 3108 gaudium
731 3042 1027 3110 percipitur.
1090 3039 1292 3096 νίκηάὶ
1333 3053 1449 3097 sunt
1489 3043 1814 3097 incarcerati.

222 3124 422 3179 —Nam
453 3127 560 3181 nisi
597 3128 686 3183 ille
714 3129 938 3185 instaret
965 3132 1144 3199 timor,
1166 3131 1347 3188 omnia
1381 3148 1513 3188 sane
1539 3136 1813 3205 perirent:

221 3219 435 3287 quando
460 3229 539 3273 tot
556 3221 955 3279 imminentibus
972 3225 1246 3295 suppliciis
1271 3226 1418 3281 multi
1436 3225 1503 3281 ad
1524 3227 1814 3299 nequitiam

222 3321 339 3363 sese
354 3310 661 3365 conferunt.
683 3310 809 3367 Haec
832 3314 874 3368 si
899 3314 1309 3385 phil050pheris,
1338 3316 1402 3372 ad
1419 3318 1816 3391 eleemosynam

222 3398 327 3453 eris
355 3403 680 3471 promptior,
703 3411 891 3473 magna
920 3403 1113 3461 frueris
1132 3406 1423 3476 voluptate,
1456 3416 1510 3462 et
1534 3408 1689 3479 longe
1706 3425 1818 3463 ma-

220 3488 352 3556 jore,
379 3506 542 3560 quam
567 3492 658 3563 qui
687 3509 717 3548 a
740 3496 947 3550 theatro
974 3495 1325 3553 descendunt.
1349 3498 1482 3553 Nam
1505 3501 1646 3569 quia
1670 3500 1819 3557 thea-

225 3590 302 3634 tro
330 3595 580 3653 surgunt,
607 3588 1038 3657 concupiscentia
1060 3589 1271 3645 ardent.
1301 3589 1439 3646 Cum
1467 3594 1651 3648 vident
1673 3595 1817 3650 enim

225 3673 337 3729 illas
369 3676 422 3729 in
449 3690 611 3731 scena
652 3678 925 3745 mulieres,
958 3682 1235 3737 ornatibus
1267 3684 1635 3753 splendentes,
1670 3688 1818 3745 mille

223 3764 394 3821 affecti
431 3768 763 3837 vulneribus,
795 3771 963 3827 instar
990 3773 1155 3827 maris
1181 3777 1456 3830 arstuantis
1484 3788 1661 3843 erunt,
1690 3778 1816 3835 dum

222 3873 403 3913 earnm
442 3869 684 3929 aspectu,
728 3861 943 3929 habitu,
979 3864 1181 3927 verbis,
1212 3865 1457 3935 incessu,
1500 3870 1818 3941 caeterisque

222 3948 473 4032 omnibus
495 3952 707 4007 animus
732 3952 1027 4009 obsidetur.
1050 3954 1150 4022 Qui
1171 3968 1349 4012 autem
1368 3959 1544 4014 abillo
1560 3960 1669 4017 alio
1690 3976 1816 4032 spe-

221 4041 429 4097 ctaculo
458 4044 829 4114 egrediuntur,
863 4047 993 4102 nihil
1028 4048 1133 4103 tale
1159 4050 1448 4118 patientur,
1487 4051 1596 4106 imo
1625 4070 1816 4125 magna

222 4133 895 4207 fruenturtranquillitate.
925 4137 1282 4209 Compunctio
1320 4143 1462 4197 enim
1503 4159 1567 4199 ex
1615 4145 1820 4202 vincto-

219 4238 332 4277 rum
374 4235 597 4295 aspectu
642 4238 794 4296 parta
840 4227 1147 4299 huiusmodi
1187 4231 1362 4302 ignem
1409 4242 1578 4289 totum
1610 4239 1816 4292 exstin-

216 4319 346 4386 guit.
370 4318 429 4373 Si
460 4322 678 4376 exeunti
708 4336 775 4376 ex
797 4336 1014 4379 carcere
1041 4333 1290 4379 occurrat
1319 4326 1511 4381 lasciva
1538 4330 1815 4398 meretrix,

218 4408 344 4462 nihil
374 4410 450 4464 illi
479 4410 603 4465 mali
635 4411 847 4467 inferet.
879 4412 1012 4467 Nam
1045 4413 1167 4469 fuco
1197 4416 1324 4470 nulli
1350 4416 1633 4486 obnoxius,
1657 4435 1815 4490 aspe-

214 4511 329 4554 ctus
356 4500 671 4571 bujusmodi
700 4504 903 4560 retibus
933 4520 1038 4561 non
1068 4509 1327 4577 capietur,
1354 4524 1477 4565 cum
1518 4521 1703 4567 contra
1734 4524 1815 4569 ta-

218 4589 318 4645 letn
346 4602 630 4661 aspectum
661 4604 837 4650 metus
860 4588 1046 4663 judicii
1085 4598 1158 4655 ob
1182 4601 1367 4656 oculos
1398 4613 1660 4659 versetur.
1693 4604 1817 4662 Ideo

213 4683 301 4738 ille
326 4686 417 4754 qui
446 4700 611 4741 omne
636 4688 923 4758 voluptatis
952 4706 1122 4760 genus
1147 4703 1399 4764 expertus
1421 4706 1556 4763 erat,
1580 4696 1813 4767 dicebat,

214 4772 400 4830 Melius
425 4786 503 4831 est
526 4778 598 4830 ire
633 4778 684 4831 in
714 4780 918 4834 domum
943 4782 1129 4849 luctus,
1170 4801 1322 4856 quant
1361 4788 1414 4839 in
1451 4787 1657 4843 domum
1684 4792 1817 4846 risus

211 4864 412 4929 (Eccle.
460 4869 517 4922 7.
560 4869 638 4937 5).
683 4869 749 4925 Ει
790 4871 877 4927 hic
923 4875 1081 4929 talem
1125 4886 1358 4931 sectatus
1398 4878 1814 4950 philosophiam,

211 4954 317 5012 illic
346 4958 662 5015 beatissima
679 4962 862 5019 audiet
884 4966 1066 5022 verba.
1088 4966 1167 5022 Ne
1180 4982 1308 5039 ergo
1327 4969 1454 5024 illud
1484 4972 1816 5043 negligantus

209 5062 362 5117 opus.
393 5049 623 5106 Etiamsi
648 5053 792 5108 enim
824 5070 928 5111 non
970 5058 1238 5126 possinuts
1276 5076 1342 5116 eo
1373 5062 1551 5117 cibum
1594 5065 1812 5133 inferre,

210 5139 309 5196 nec
336 5153 649 5214 argentum,
687 5155 741 5201 at
772 5150 1065 5218 poterimus
1108 5154 1291 5209 verbis
1323 5154 1530 5226 lapsum
1576 5158 1813 5213 animum

208 5234 504 5299 consolari,
524 5244 579 5289 et
602 5236 655 5291 in
682 5237 801 5293 aliis
828 5242 1009 5296 multis
1026 5243 1237 5312 juvare,
1271 5246 1383 5300 sive
1405 5262 1498 5301 eos
1513 5249 1601 5318 qui
1620 5249 1669 5303 in
1693 5268 1813 5306 ear-

210 5338 386 5378 ccrem
430 5335 712 5382 truserunt
740 5330 1093 5401 alloquentes,
1126 5336 1238 5390 sive
1275 5338 1525 5393 custodes
1560 5357 1813 5401 mansue-

212 5414 375 5470 tiores
410 5416 724 5483 reddenles,
758 5430 812 5476 et
850 5425 931 5478 vel
963 5428 1512 5499 quantulumcumque
1536 5434 1653 5501 Opis
1682 5436 1813 5489 affe-

213 5521 411 5561 retnns.
464 5509 526 5565 Si
563 5512 785 5575 dixeris,
836 5530 935 5595 nec
962 5516 1095 5585 frugi
1139 5534 1237 5574 nec
1283 5523 1482 5591 probos
1518 5524 1663 5579 viros
1710 5527 1815 5581 illic

211 5611 346 5662 esse,
381 5600 480 5654 sed
515 5599 833 5671 homicidas,
876 5608 1245 5675 sepulcrorum
1285 5613 1608 5682 effossores,
1648 5617 1813 5682 fures,

213 5691 473 5757 nimeltos,
496 5690 745 5759 lascivos,
767 5698 1051 5769 multisque
1075 5703 1369 5761 sceleribus
1386 5708 1663 5779 obnoxios,
1691 5727 1815 5766 rur-

215 5783 449 5874 sustnihi
481 5786 848 5841 necessarium
879 5788 1021 5844 hunc
1051 5791 1252 5849 aditum
1282 5797 1492 5867 probas.
1528 5799 1641 5857 Non
1671 5806 1811 5859 enim

550 5882 824 5947 Parnm.
872 5888 986 5949 Gn.
1040 5890 1199 5951 ΗΧ.

3432 366 3535 422 551

1934 472 2179 539 iubemur
2208 475 2377 529 bonos
2405 474 2674 537 miserari,
2708 490 2759 528 Ct
2810 474 2981 528 malos
3016 474 3206 542 punire
3234 491 3246 539 ;
3302 487 3391 529 seu
3430 479 3534 531 btt-

1929 564 2161 629 jusutodi
2205 565 2591 619 humanitatem
2638 565 2891 620 omnibus
2940 566 3239 635 impertire.
3272 566 3411 623 Nam
3439 571 3535 629 ait.

1930 652 2109 713 Estote
2136 656 2324 709 similes
2363 655 2515 709 Patri
2558 666 2741 721 vestro,
2783 657 2869 726 qui
2912 659 2963 710 in
2992 659 3130 712 cwlis
3160 669 3254 725 est,
3286 661 3372 729 qui
3414 662 3538 714 oriri

1930 747 2054 816 facit
2088 746 2246 800 solem
2278 764 2423 801 suum
2464 764 2619 817 super
2660 748 2827 802 malos
2854 759 2900 801 et
2931 748 3108 813 bonos,
3138 758 3185 803 et
3227 749 3357 819 pluit
3384 768 3541 821 super

1918 835 2091 904 justas
2119 847 2165 890 et
2190 838 2408 907 injustas
2448 838 2659 910 (Matth.
2687 839 2741 895 5.
2770 838 2887 911 45).
2920 839 2996 893 Ne
3026 855 3154 909 ergo
3197 841 3333 895 alios
3358 845 3537 897 acrius

1929 925 2231 993 insceteris,
2267 942 2404 982 neve
2432 928 2509 982 sis
2550 927 2717 997 judex
2759 928 3154 993 vehementior,
3185 930 3279 985 sed
3311 931 3456 985 mitis
3483 940 3540 986 et

1929 1017 2216 1073 humanus.
2251 1017 2363 1074 Nos
2412 1018 2615 1073 etenim
2666 1020 2766 1074 etsi
2799 1035 2905 1074 non
2954 1019 3152 1076 mmehi
3200 1022 3392 1083 simus.
3428 1038 3539 1077 non

1926 1109 2300 1178 sepulcrorum
2346 1109 2656 1173 effossores,
2704 1126 2810 1165 non
2859 1109 3031 1178 fures,
3060 1112 3153 1166 sed
3199 1112 3320 1168 aliis
3349 1128 3538 1177 sumus

1926 1200 2142 1254 obnoxii
2174 1200 2341 1265 vitiis,
2375 1217 2496 1271 qua:
2539 1202 2684 1256 mille
2715 1202 2996 1273 suppliciis
3026 1203 3185 1274 digna
3221 1215 3363 1259 sunt.
3401 1206 3533 1260 Nam

1928 1293 2013 1348 vel
2033 1292 2253 1349 fratrem
2274 1294 2481 1349 fatuum
2510 1296 2841 1361 voeavimus,
2861 1294 3002 1365 quod
3031 1310 3130 1349 nos
3145 1297 3406 1366 gehennae
3429 1298 3535 1352 ob-

1926 1385 2118 1439 noxios
2147 1384 2322 1440 reddit
2349 1402 2364 1451 ;
2394 1385 2483 1441 vel
2514 1386 2770 1440 mulieres
2813 1386 3097 1456 impudicis
3122 1387 3292 1441 oculis
3318 1388 3536 1457 aspexi-

1926 1489 2067 1541 mus,
2095 1474 2238 1545 quod
2284 1484 2368 1531 est
2394 1484 2827 1531 consummatum
2879 1477 3203 1533 adulterium
3235 1496 3248 1532 :
3279 1479 3534 1550 quodque

1926 1569 2166 1624 omnium
2198 1571 2576 1640 gravissimum
2605 1580 2708 1636 est,
2740 1570 2957 1641 indigne
3002 1572 3258 1643 mysteria
3313 1574 3534 1643 partici.

1926 1660 2192 1729 pavimus,
2211 1660 2353 1730 quod
2380 1675 2503 1714 reos
2525 1661 2651 1715 facit
2670 1661 2919 1730 corporis
2939 1672 2991 1715 et
3018 1662 3295 1731 sanguinis
3310 1662 3532 1718 Christi.

1925 1748 2003 1805 Ne
2032 1764 2162 1821 ergo
2196 1750 2376 1805 acerbi
2425 1751 2651 1805 aliorum
2681 1753 3257 1819 scrutatoresvsitnus;
3299 1753 3393 1809 sed
3438 1770 3536 1807 ttu-

1924 1850 2033 1896 stra
2059 1842 2379 1911 cogitemus,
2405 1850 2464 1896 ‘et
2492 1841 2571 1897 sic
2603 1842 3052 1897 iuhumanitatem
3092 1842 3232 1897 hanc
3259 1853 3313 1899 et
3338 1844 3534 1899 crude-

1926 1926 2133 1990 litatem
2161 1934 2491 1991 sedabimus.
2533 1934 2618 1990 Ad
2667 1934 2784 1991 haec
2830 1951 2959 1991 vero
3001 1934 3292 1992 dicendum
3342 1936 3551 1999 etiam,

1925 2043 2025 2085 nos
2074 2030 2145 2084 ibi
2196 2029 2398 2101 probos
2445 2030 2593 2085 viros
2636 2030 2835 2085 multos
2884 2039 3199 2100 reperturas
3248 2044 3389 2096 esse,
3433 2030 3532 2084 toti

1924 2121 2246 2190 plerumque
2274 2120 2478 2175 civitati
2522 2120 2907 2190 exaequandos.
2952 2120 3083 2175 Nam
3124 2135 3312 2177 carcer
3340 2120 3451 2187 ille,
3475 2122 3529 2175 in

1922 2227 2031 2282 quo
2079 2212 2277 2282 Josepb
2320 2222 2459 2280 erat,
2508 2213 2709 2268 multos
2758 2213 3037 2283 improbos
3077 2212 3425 2279 continebat;
3476 2222 3531 2266 et

1926 2311 2102 2359 tamen
2129 2306 2366 2360 omnium
2393 2320 2579 2360 curam
2608 2305 2832 2376 gerebat
2852 2305 3032 2375 justus
3059 2304 3168 2371 ille,
3189 2314 3387 2360 etcum
3410 2304 3530 2358 aliis

1924 2393 2169 2450 occultus
2199 2404 2336 2451 erat.
2370 2395 2503 2451 Nam
2530 2411 2653 2451 cum
2687 2396 2780 2451 toti
2813 2394 3051 2466 Egypto
3076 2404 3221 2451 esset
3250 2395 3531 2464 exsequan-

1922 2486 2058 2554 dus,
2116 2487 2171 2542 in
2220 2501 2439 2543 carcere
2492 2495 2672 2543 tamen
2719 2496 2838 2543 erat
2886 2486 3089 2543 nemini
3141 2495 3323 2541 notus.
3378 2484 3532 2541 Nunc

1921 2593 2137 2649 quoque
2163 2578 2456 2635 verisimile
2482 2589 2567 2633 est
2593 2578 2663 2634 ibi
2694 2578 2897 2635 multos
2924 2594 3049 2635 esse
3074 2578 3275 2649 probos
3306 2587 3360 2633 et
3392 2576 3529 2647 frugi

1924 2674 2090 2740 viros,
2120 2673 2221 2729 etsi
2250 2688 2357 2729 non
2386 2673 2640 2730 omnibus
2666 2682 2860 2740 notos;
2890 2682 2947 2729 et
2974 2688 3103 2729 cura
3130 2672 3237 2727 illis
3264 2672 3524 2735 exhibita,

1922 2763 2161 2820 officium
2213 2765 2337 2820 aliis
2402 2765 2703 2835 praestitum
2758 2764 2973 2822 abunde
3032 2764 3127 2820 tibi
3187 2773 3526 2834 compensat.

1922 2856 2147 2912 Etiamsi
2179 2873 2310 2913 vero
2340 2858 2523 2913 nullus
2553 2856 2623 2913 ibi
2654 2857 2778 2914 talis
2804 2864 2973 2923 esset,
3000 2871 3193 2927 magna
3226 2867 3400 2909 tamen
3432 2854 3528 2909 tibi

1922 2952 2158 3021 reposita
2188 2965 2271 3007 est
2311 2966 2541 3007 merces.
2568 2950 2729 3008 Certe
2770 2951 3030 3007 Dominus
3068 2960 3193 3005 tuus
3220 2965 3326 3003 non
3351 2947 3528 3018 iustos

1923 3044 2084 3119 modo
2128 3044 2523 3114 alloquebatur,
2574 3059 2676 3099 nec
2719 3043 2962 3114 impuros
3010 3042 3285 3114 fugiebat;
3334 3040 3429 3096 sed
3476 3051 3531 3094 ct

1920 3132 2282 3190 Cltananmam
2324 3150 2448 3190 cum
2476 3134 2642 3189 multa
2675 3133 3053 3190 benevolentia
3081 3133 3318 3202 excepit,
3349 3139 3405 3187 et
3424 3130 3520 3186 Sa-

1922 3227 2242 3282 maritanam
2270 3226 2555 3282 scelestam
2586 3235 2639 3281 et
2672 3225 2963 3295 impuram,
2992 3224 3260 3293 aliamque
3282 3222 3526 3278 meretri-

1921 3335 2060 3387 cem,
2092 3319 2237 3390 quod
2273 3318 2447 3374 Judtei
2494 3316 2914 3387 exprobrarunt,
2945 3315 3165 3383 excepit
3202 3323 3256 3368 et
3297 3312 3527 3378 curavit,

1923 3427 2217 3484 passusque
2240 3421 2412 3487 estut
2438 3412 2662 3481 impurae
2689 3407 2929 3463 mulieris
2959 3405 3214 3478 lacrymls
3239 3406 3405 3477 pedes
3445 3406 3531 3460 sui

1923 3503 2247 3575 rigarentur,
2276 3513 2333 3557 ut
2364 3517 2464 3559 nos
2498 3501 2720 3557 doceret
2766 3499 3001 3554 humane
3042 3507 3357 3571 peccatores
3383 3497 3530 3552 exci-

1922 3609 2075 3667 pere.
2109 3595 2235 3649 llazc
2254 3594 2399 3650 enim
2428 3594 2661 3648 maxima
2692 3591 2999 3647 humanitas
3041 3598 3144 3645 est.
3181 3589 3321 3658 Quid
3350 3590 3524 3646 dicis?

1922 3686 2070 3742 fures
2096 3699 2151 3741 et
2181 3687 2551 3759 sepulcrorum
2578 3684 2875 3740 effossores
2910 3696 3185 3737 carcerem
3226 3682 3533 3751 occupant?

1922 3779 2081 3845 Num,
2102 3794 2287 3851 quaeso
2306 3778 2541 3834 civitatis
2572 3778 2765 3833 incola:
2791 3790 2985 3831 omnes
3006 3776 3136 3846 justi
3158 3775 3323 3830 sunt?
3348 3790 3530 3830 annon

1924 3873 2012 3929 hic
2054 3871 2207 3926 multi
2252 3871 2467 3941 pejores
2498 3878 2644 3936 sunt,
2674 3866 2769 3939 qui
2820 3866 3191 3938 impudentius
3243 3865 3533 3920 furantur?

1924 3962 2027 4017 Alii
2055 3962 2199 4018 enim
2225 3960 2573 4017 solitudinem
2604 3960 2797 4015 saltem
2831 3968 2887 4014 et
2928 3959 3183 4014 tenebras
3207 3958 3527 4023 obtendunt,

1922 4062 1976 4110 et
2006 4054 2121 4109 haec
2157 4054 2295 4108 clam
2319 4052 2530 4107 faciunt
2557 4070 2569 4105 :
2601 4051 2715 4119 alii,
2745 4052 2919 4121 posita
2950 4049 3119 4115 larva,
3150 4049 3295 4104 nudo
3326 4050 3523 4119 capite,

1924 4145 2064 4199 mala
2105 4152 2440 4213 perpetrant,
2487 4142 2732 4209 violenti,
2777 4150 3046 4210 raptores,
3082 4142 3252 4194 avari.
3303 4139 3530 4195 Difficile

1925 4252 2158 4308 namque
2179 4245 2266 4291 est
2284 4237 2461 4291 virum
2490 4238 2728 4307 reperire
2751 4235 3044 4290 insontem.

1994 4331 2049 4386 6.
2090 4328 2247 4398 Quod
2286 4330 2329 4384 si
2376 4344 2484 4383 non
2512 4343 2703 4385 aurum
2748 4332 3012 4397 rapimus,
3043 4327 3088 4382 si
3123 4342 3232 4382 non
3262 4335 3341 4383 tot
3370 4336 3425 4383 et
3456 4336 3532 4381 lul.

1917 4424 2104 4494 jugera
2127 4431 2309 4485 terrm,
2330 4433 2381 4476 at
2413 4419 2606 4475 fraude
2643 4428 2696 4475 et
2724 4418 2865 4475 furto
2892 4420 3124 4490 idipsum
3153 4419 3205 4474 in
3232 4420 3531 4474 minoribus

1922 4530 2023 4587 pro
2079 4514 2220 4569 virili
2266 4513 2511 4569 lhcimus.
2557 4512 2691 4568 Nam
2734 4527 2859 4579 eum
2907 4513 2962 4567 in
3008 4514 3339 4569 commercio
3368 4555 3383 4579 ,
3444 4515 3528 4566 vel

1925 4608 1977 4662 in
2018 4607 2250 4663 emendo
2296 4617 2352 4661 et
2396 4605 2702 4674 vendendo,
2744 4606 2923 4661 minus
2963 4622 3123 4677 quam
3169 4614 3386 4677 Oportet
3425 4622 3531 4661 nu-

1925 4716 2135 4756 merare
2180 4698 2582 4766 contendimus,
2626 4713 2952 4768 omnemque
2992 4698 3299 4753 machinam
3343 4714 3532 4752 move-

1924 4809 2064 4856 mus,
2090 4806 2269 4847 annon
2304 4790 2435 4846 illud
2478 4790 2821 4846 latrocinium
2853 4790 2977 4846 est?
3019 4806 3199 4845 annon
3238 4789 3435 4845 furtum
3479 4800 3536 4845 ct

1923 4885 2149 4954 rapina?
2187 4883 2267 4940 Ne
2297 4884 2430 4938 mihi
2452 4883 2675 4949 dixeris,
2710 4892 2763 4938 te
2794 4898 2895 4938 nec
2939 4882 3160 4938 domum
3187 4898 3288 4938 nec
3315 4898 3532 4939 servum

1924 4974 2230 5029 abstulisse.
2276 4972 2546 5042 lnjustitia
2580 4989 2814 5043 namque
2846 4989 2952 5028 non
2994 4983 3163 5045 rapta:
3211 4975 3290 5029 rei
3338 4975 3531 5043 pretio,

1924 5065 2044 5121 sed.
2070 5066 2331 5135 rapientis
2363 5066 2639 5120 voluntate
2671 5065 2948 5135 penditur.
2981 5064 3195 5121 Justitia
3227 5082 3458 5137 namque
3479 5079 3535 5121 et

1925 5157 2186 5226 injustitia
2220 5158 2272 5212 in
2306 5159 2515 5228 magnis
2538 5157 2805 5227 etparvis
2832 5157 2995 5213 rebus
3016 5157 3265 5212 eamdem
3288 5159 3394 5212 vim
3433 5157 3532 5211 ha-

1924 5251 2086 5306 bent:
2114 5263 2167 5307 et
2196 5252 2366 5307 furem
2391 5252 2604 5323 appello
2633 5262 2739 5306 tam
2761 5268 2885 5308 eum
2909 5254 2997 5322 qui
3026 5262 3242 5308 exsecta
3274 5268 3530 5307 crumena

1925 5360 2115 5398 aurum
2146 5345 2365 5413 abripit,
2386 5361 2545 5415 quam
2574 5355 2870 5411 ementem,
2896 5346 2986 5416 qui
3022 5344 3220 5415 aliquid
3249 5343 3533 5400 defraudat

1924 5435 1992 5488 de
2024 5436 2225 5504 pretio;
2250 5444 2302 5489 et
2329 5436 2545 5505 parietis
2576 5436 2890 5491 elfossoretn
2917 5451 3070 5499 voco,
3093 5454 3197 5489 non
3220 5451 3343 5490 eum
3374 5434 3533 5486 modo

1924 5530 2039 5597 qui,
2076 5539 2234 5596 rupto
2262 5530 2488 5598 pariete,
2521 5528 2720 5597 aliquid
2755 5529 2898 5581 intus
2931 5527 3178 5592 furatur;
3226 5526 3319 5580 sed
3366 5525 3529 5579 etiam

1925 5636 2049 5675 eum
2079 5622 2191 5692 qtti,
2231 5623 2352 5692 jure
2383 5621 2603 5687 violato,
2634 5621 2835 5691 aliquid
2868 5636 2895 5674 a
2931 5622 3175 5691 proximo
3215 5617 3408 5672 aufert.
3456 5617 3533 5670 Ne

1926 5728 2054 5784 ergo
2084 5716 2243 5769 rebus
2268 5716 2470 5770 nostris
2497 5717 2735 5783 omissis,
2764 5716 3059 5771 alienarum
3083 5714 3296 5783 judiees
3332 5715 3533 5768 simus:

1931 5822 2105 5877 neque
2146 5808 2271 5864 dum
2305 5809 2659 5867 humanitatis
2682 5819 2892 5881 tempus
2921 5820 3025 5876 est,
3058 5808 3351 5877 nequitiam
3379 5820 3534 5861 scru-

3079 5904 3151 5961 ‘21
