4164 6330
690 412 789 461 335

694 539 862 575 H‘lllllt‘
892 562 901 572 .
930 522 1021 573 sed
1051 518 1337 583 rogitantes
1364 513 1628 581 quomodo
1656 524 1752 564 nos
1782 510 1907 562 olim
1938 507 2107 559 affecti
2137 506 2247 557 fue—

695 618 877 676 rimus,
910 613 1071 663 simus
1103 607 1311 659 tandem
1344 604 1601 656 mansueti
1632 613 1682 653 et
1718 601 1948 667 benigni.
1977 597 2251 664 Quomodo

691 720 818 768 ergo
846 700 1015 753 affecti
1062 696 1312 750 eramus?
1359 694 1493 747 Audi
1536 693 1752 747 Paulum
1782 691 2043 744 dicentem
2074 706 2084 739 :
2121 687 2248 739 Era-

695 814 800 847 mns
828 792 956 845 enim
1002 789 1273 859 aliquando
1318 797 1360 838 et
1409 802 1499 837 nos
1552 783 1903 844 inobcdientes,
1944 780 2248 844 insipientes.

692 894 932 945 errantes,
958 882 1219 933 servientes
1246 876 1504 929 desideriis
1526 882 1571 925 et
1592 871 1924 938 voluptatibus
1952 869 2120 930 rariis,
2146 866 2252 919 odi-

693 975 837 1037 biles,
867 972 1087 1026 odientes
1111 970 1314 1020 invicem
1344 965 1467 1033 (Tit.
1494 966 1543 1016 3.
1570 964 1622 1029 5)
1648 979 1661 1025 ;
1696 973 1748 1013 et
1774 976 2008 1021 rursum,
2042 958 2253 1010 Eranms

692 1065 820 1116 enim
849 1071 1028 1115 natura
1054 1060 1145 1126 ﬁlii
1168 1059 1257 1108 ira:
1284 1056 1495 1122 (Ephes.
1514 1054 1567 1105 Ξ.
1592 1053 1668 1116 5).
1692 1050 1794 1105 Sed
1824 1051 1959 1102 Dens
1992 1064 2085 1101 nos
2106 1046 2253 1113 quasi

694 1156 743 1206 in
790 1165 1001 1206 carcere
1043 1150 1285 1201 detentus
1316 1145 1520 1207 videns,
1550 1151 1604 1195 et
1644 1140 1890 1209 gravibus
1940 1138 2255 1190 constrictos

693 1244 916 1305 catenis,
952 1256 1071 1310 qua:
1114 1226 1493 1302 ferreis'lmige
1540 1233 1831 1301 graviores,
1877 1245 1976 1282 non
2024 1228 2253 1289 erubuit,

693 1334 783 1386 sed
817 1332 955 1385 venit
1000 1331 1050 1383 in
1094 1341 1382 1383 carcerem.
1413 1336 1466 1378 et
1498 1322 1789 1376 innumeris
1827 1320 2012 1387 dignos
2055 1316 2255 1384 suppli-

697 1424 792 1476 ciis
831 1421 1012 1475 eduxit
1053 1418 1195 1477 inde,
1246 1426 1297 1469 ct
1354 1417 1403 1467 in
1458 1429 1677 1483 regnum
1727 1410 1967 1471 induxit;
2022 1409 2258 1473 cmloque

693 1511 1083 1581 splendidiores
1116 1508 1310 1562 effecit.
1339 1515 1387 1557 ut
1438 1515 1486 1558 et
1518 1519 1615 1557 nos
1654 1518 1748 1570 pro
1777 1502 1909 1554 virili
1943 1509 2117 1553 nostra
2160 1498 2259 1551 hoc

695 1608 865 1670 ipsum
914 1600 1181 1653 faciamus.
1234 1596 1360 1649 Nam
1404 1611 1520 1647 cum
1570 1593 1845 1660 discipulis
1888 1590 2013 1644 dicit
2045 1605 2057 1643 :
2087 1588 2144 1639 Si
2169 1604 2258 1656 ego

697 1695 795 1745 lavi
840 1693 988 1759 pedes
1018 1699 1201 1742 vestros
1233 1687 1473 1739 Dominus
1512 1696 1555 1738 et
1594 1682 1852 1753 Magister,
1881 1692 1925 1734 ct
1966 1696 2048 1732 eos
2076 1679 2259 1731 debetis

694 1782 821 1833 alter
844 1780 1051 1831 alterius
1077 1780 1245 1830 lavare
1273 1776 1420 1844 pedes
1449 1790 1466 1826 .·
1495 1774 1773 1841 exemplum
1798 1772 1927 1823 enim
1967 1770 2081 1821 dedi
2102 1770 2257 1833 vobis,

694 1883 747 1923 ut
764 1868 1183 1940 quemadmodum
1204 1884 1292 1937 ego
1316 1867 1408 1936 feci
1431 1864 1583 1926 vobis,
1604 1864 1673 1915 ita
1698 1872 1740 1916 et
1765 1878 1845 1914 vos
1865 1861 2061 1929 faciatis
2084 1858 2136 1929 (J
2142 1875 2259 1913 01.".

697 1962 782 2016 15.
816 1961 904 2019 Ml
931 1976 942 2011 :
972 1974 1075 2012 non
1102 1958 1169 2011 de
1199 1954 1437 2009 lavandis
1468 1953 1688 2021 pedibus
1716 1960 1915 2006 tantum
1962 1951 2047 2004 hic
2093 1950 2259 2018 legem

696 2050 784 2104 dat
834 2048 925 2102 scd
955 2058 1007 2101 et
1034 2048 1099 2101 de
1123 2047 1242 2100 aliis
1268 2044 1534 2107 omnibus,
1558 2058 1674 2111 qum
1704 2041 1814 2109 ipse
1840 2040 1991 2093 nobis
2018 2040 2258 2093 contulit.

698 2139 968 2194 Homicida
998 2146 1078 2191 est
1118 2138 1167 2188 in
1203 2135 1463 2189 carcere?
1514 2134 1581 2185 At
1604 2146 1697 2183 nos
1726 2131 1857 2182 bene
1889 2128 2060 2181 facere
2084 2143 2148 2180 ne
2172 2127 2263 2179 dc-

696 2232 965 2283 siaamus.
1011 2225 1387 2295 Sepulcrorum
1437 2222 1661 2277 effossor
1702 2229 1803 2284 est,
1852 2228 1943 2271 aut
1988 2217 2264 2271 turnebus?

699 2322 802 2376 Sed
834 2336 898 2373 ne
928 2318 1161 2382 malitiar,
1181 2330 1360 2370 verum
1385 2310 1700 2368 calamitatis
1732 2306 2263 2375 misereamur.S:epe

698 2422 897 2473 autem,
939 2418 995 2462 ut
1037 2407 1165 2472 dixi,
1210 2404 1507 2473 reperietur
1554 2401 1625 2454 ibi
1671 2399 1928 2468 quiSpiam
1976 2397 2266 2450 innumeris

701 2504 827 2555 viris
854 2499 1250 2570 exmquandus;
1296 2506 1348 2550 et
1388 2496 1430 2548 si
1480 2508 1621 2561 smpe
1664 2492 1869 2544 vinctos
1908 2490 2085 2549 adeas,
2129 2488 2267 2541 hunc

700 2600 945 2644 venatum
973 2586 1289 2657 assequeris.
1318 2585 1466 2639 Sicut
1498 2580 1784 2639 Abraham,
1817 2579 1906 2647 qui
1929 2580 2145 2647 quosvis
2176 2593 2267 2631 ex-

701 2680 949 2750 cipiebat,
979 2680 1027 2731 in
1073 2677 1289 2745 angelos
1321 2675 1502 2728 incidit
1534 2689 1546 2724 :
1578 2673 1655 2725 sic
1686 2682 1737 2724 et
1770 2687 1863 2723 nos
1897 2670 1946 2723 in
1981 2669 2121 2722 viros
2151 2684 2265 2721 tua-

704 2787 834 2841 gnos
888 2752 1201 2830 incidemus,
1230 2766 1272 2818 si
1306 2765 1355 2818 id
1404 2763 1816 2831 frequentemus.
1848 2760 1902 2813 Si
1951 2773 2075 2811 vero
2108 2758 2262 2811 liccat

698 2860 823 2929 quid
850 2856 1219 2911 admirandum
1250 2854 1447 2916 dicere,
1470 2867 1573 2905 non
1604 2859 1745 2903 tanta
1777 2848 1930 2902 laude
1956 2848 2143 2916 dignus
2164 2856 2265 2909 est,

698 2952 785 3016 qui
840 2963 1082 3016 magnum
1127 2946 1425 3015 quempiam
1461 2942 1692 3010 excipit,
1735 2956 1892 3008 quam
1948 2941 1991 2993 is
2034 2939 2122 3008 qui
2168 2939 2267 2991 nii-

704 3055 880 3092 serum
916 3049 969 3089 et
996 3035 1278 3090 infelicem.
1314 3033 1404 3087 Ille
1451 3046 1677 3101 namque
1707 3046 1811 3083 non
1842 3045 2059 3098 parvum
2110 3044 2266 3097 argu-

703 3139 937 3185 mentum
980 3126 1132 3180 affert
1174 3126 1253 3178 sui
1303 3122 1614 3191 recipiendi,
1659 3136 1847 3190 nempe
1892 3122 2052 3174 vitam
2084 3133 2265 3177 suam;

708 3222 864 3271 homo
907 3227 1081 3270 autem
1112 3214 1357 3269 omnibus
1408 3214 1646 3280 abiectus
1675 3220 1729 3264 et
1759 3210 1919 3263 miser
1968 3224 2128 3262 unum
2178 3207 2268 3259 lia-

705 3312 793 3362 bet
836 3318 1077 3375 portum,
1103 3318 1294 3373 nempe
1329 3301 1745 3357 misericordiam
1773 3301 1887 3369 ejus
1910 3301 1996 3368 qui
2037 3314 2095 3353 se
2137 3299 2269 3352 bene

703 3400 890 3459 excipit
925 3415 937 3448 :
969 3397 1144 3464 itaque
1172 3394 1285 3448 ha:c
1314 3393 1612 3446 humanitas
1643 3407 1769 3461 pura
1793 3401 1893 3444 (σει.
1926 3391 2023 3455 Qui
2051 3390 2197 3440 elzn-n
2216 3398 2270 3437 et.

1387 400 1437 449 S.
1483 354 1757 450 ,ΙυΑΝΧΙΞΓ
1787 391 2248 449 Clliii‘SUSTUMI

2373 391 2601 445 lClIIEP.
2643 390 3171 445 CONSTANTINUP.
3833 390 3933 441 δῖ·

2355 506 2640 571 conspicuo
2685 506 2853 557 officia
2892 504 3127 567 exhibet,
3160 518 3300 569 sape
3348 503 3411 553 ad
3438 504 3852 555 ostentationem
3886 508 3933 556 id

2359 596 2481 646 facit
2517 613 2526 644 ς
2561 596 2647 661 qui
2694 609 2819 645 vero
2849 595 3111 660 abiectum
3158 592 3353 660 exeipit
3390 591 3803 660 despectumque
3834 595 3938 642 Im-

2358 686 2575 744 minem,
2609 684 2677 737 ob
2706 686 2878 737 solum
2921 684 3011 737 Dei
3041 692 3362 750 prmeeptnm
3416 682 3464 734 id
3515 682 3655 735 facit.
3686 682 3865 749 Quare
3895 688 3941 735 si

2356 774 2659 827 convivium
2704 785 2972 840 paremus,
3001 772 3220 825 claudos
3250 780 3303 824 et
3351 785 3524 824 (ξένω-ς
3575 772 3820 838 excipere
3853 772 3944 837 ju-

2357 865 2543 919 bemur
2569 881 2583 929 ;
2629 865 2670 917 si
2693 866 3085 933 eleemosynam
3113 876 3415 930 erogcmus,
3450 861 3684 913 minimis
3710 868 3765 913 et
3790 861 3941 914 vilis-

2357 957 2504 1010 simis
2540 956 2748 1023 elargiri
2781 952 3155 1023 przccipiinur:
3188 967 3307 1005 nam
3336 952 3431 1017 ait,
3464 952 3717 1016 Quantum
3759 951 3849 1003 uni
3881 967 3946 1002 (π

2359 1046 2435 1098 his
2457 1046 2672 1097 minimis
2699 1044 2904 1113 fecistis,
2931 1042 3055 1095 mihi
3084 1043 3272 1109 fecistis
3307 1041 3516 1111 (Matth.
3544 1041 3633 1095 25.
3660 1042 3774 1110 £5).
3802 1040 3947 1095 Cum

2360 1149 2488 1202 ergo
2512 1135 2616 1187 illic
2640 1133 2969 1189 reconditum
2997 1133 3304 1186 thesaurum
3327 1132 3579 1196 Sciamus,
3599 1147 3664 1185 eo
3686 1131 3943 1200 frequen-

2362 1235 2441 1277 ter
2478 1224 2855 1291 ingrediantur,
2890 1232 2945 1278 et
2985 1223 3054 1277 ibi
3101 1223 3453 1291 negotiemnr,
3500 1238 3561 1275 ac
3609 1222 3943 1275 theatrormn

2360 1299 2591 1370 siudium
2625 1317 2714 1369 illo
2739 1317 3057 1370 vertamus'.
3081 1315 3134 1369 Si
3162 1316 3288 1368 nihil
3320 1314 3460 1367 aliud
3488 1314 3812 1368 afferendum
3839 1314 3944 1366 ha-

2362 1408 2507 1467 beas,
2544 1406 2821 1458 verborum
2871 1405 3290 1459 consolationem
3346 1404 3559 1458 adhibe.
3607 1405 3719 1457 Non
3778 1403 3948 1457 modo

2360 1497 2498 1549 enim
2525 1496 2775 1559 alcntetu,
2805 1496 2897 1549 sed
2924 1504 2977 1549 et
3000 1495 3283 1549 intrantem
3310 1496 3450 1549 Deus
3478 1496 3722 1548 meri-ede
3749 1496 3941 1548 donat.

2363 1588 2492 1642 Nam
2520 1588 2561 1641 si
2590 1588 2876 1656 ingressus,
2906 1596 3220 1640 trementem
3253 1596 3677 1653 metuentcmque
3702 1586 3945 1638 animum

2362 1678 2780 1741 contirmaveris,
2800 1677 3082 1741 hortando,
3099 1676 3353 1745 juvanilo,
3370 1690 3524 1743 Opem
3551 1674 3943 1743 promidendn,

2364 1768 2752 1838 philusoiihiam
2779 1767 3041 1827 docendo,
3076 1782 3180 1820 non
3223 1782 3435 1834 parvam
3469 1767 3591 1819 hinc
3639 1766 3946 1820 mercedem

2365 1860 2610 1926 recipies.
2632 1858 2792 1911 Extra
2819 1858 2973 1927 positi
3007 1856 3178 1921 multi,
3201 1865 3251 1909 te
3277 1857 3347 1909 ita
3371 1857 3638 1922 lOilUClllC,
3665 1856 3945 1915 ridi-bunt,

2366 1952 2543 2005 multis
2572 1950 2767 2019 perfusi
2806 1950 3046 2013 deliciis;
3076 1949 3168 2003 sed
3197 1949 3284 2017 qui
3320 1949 3368 2001 in
3398 1948 3695 2002 calamitate
3722 1963 3948 2001 γργεεηιο

2372 2056 2475 2106 tur,
2515 2044 2694 2095 animo
2741 2050 3059 2110 compuncto
3102 2056 3221 2095 cum
3274 2041 3529 2093 modestia
3576 2041 3737 2092 multa
3787 2040 3951 2093 dictis

2366 2134 2671 2195 attendent,
2714 2141 2765 2187 te
2805 2131 3114 2195 laudabunt,
3143 2142 3195 2184 et
3225 2131 3473 2185 meliores
3517 2130 3763 2184 evadent.
3813 2130 3949 2182 Nam

2366 2235 2416 2279 et
2438 2225 2656 2277 Paulum
2685 2224 3063 2292 prmdicautem
3082 2221 3249 2277 ,ιιιόωὶ
3275 2238 3418 2290 sepe
3440 2222 3762 2283 dcrisvrunt,
3785 2224 3949 2274 vincti

2366 2323 2541 2366 autem
2569 2328 2687 2367 cum
2715 2327 2928 2366 summo
2957 2313 3170 2367 silentio
3200 2312 3505 2366 audiebant.
3537 2312 3677 2365 Nihil
3700 2314 3842 2365 enim
3879 2314 3950 2364 ita

2370 2405 2602 2456 animum
2655 2404 2720 2457 ad
2775 2402 3164 2472 philosophiam
3219 2411 3509 2471 praeparat.
3544 2411 3603 2456 ut
3648 2403 3954 2463 calamitas.

2374 2494 2900 2558 teutatio,a‘rumnm.
2920 2494 3043 2548 Haec
3071 2494 3246 2562 itaque
3267 2495 3728 2561 cogitantes,qnot
3757 2509 3956 2562 nempe

2377 2587 2427 2638 in
2461 2600 2677 2639 carcere
2708 2586 2895 2655 positis
2921 2586 3081 2651 bona,
3103 2593 3232 2654 quot
3255 2584 3409 2638 nobis
3438 2584 3566 2652 ipsis
3587 2583 3955 2645 conferemus,

2372 2677 2414 2728 si
2455 2689 2595 2742 sarpe
2624 2689 2743 2727 cum
2769 2676 2872 2729 illis
2896 2689 3189 2738 versemur,
3213 2673 3453 2729 forenses
3477 2674 3593 2727 illas
3613 2684 3667 2727 et
3689 2674 3956 2742 intempe—

2373 2768 2533 2818 stivas
2569 2764 2981 2818 consuetudines
3007 2779 3073 2818 eo
3104 2775 3391 2830 vertamus,
3427 2774 3559 2818 utet
3604 2766 3728 2818 illos
3775 2766 3957 2819 luere.—

2374 2873 2510 2917 mur,
2537 2867 2588 2910 et
2624 2856 2775 2911 nobis
2802 2858 2930 2925 Ipsis
2958 2856 3193 2910 lmtitiam
3224 2858 3511 2925 pariamus,
3533 2872 3595 2911 ae
3618 2858 3709 2911 Dei
3732 2858 3958 2927 gloriam

2373 2959 2641 3007 Curantes,
2675 2958 2870 3002 teterna
2898 2962 3289 3016 consequamur
3330 2948 3488 3011 bona,
3514 2948 3684 3016 gratia
3716 2957 3774 3002 et
3804 2950 3958 3002 boni-

2375 3040 2574 3106 guitate
2605 3037 2808 3091 Domini
2841 3038 3005 3091 nostri
3036 3037 3162 3091 Jesu
3194 3035 3411 3097 Christi,
3444 3053 3537 3104 per
3564 3053 3723 3105 quem
3755 3049 3810 3091 et
3839 3052 3963 3090 cum

2377 3144 2482 3196 quo
2518 3128 2658 3181 Patri
2687 3128 2853 3197 gloria
2881 3120 3144 3197 simulque
3184 3127 3399 3195 Spiritui
3446 3140 3651 3191 sancto,
3684 3130 3735 3182 in
3763 3130 3963 3182 swcula

2382 3218 2721 3271 seculorum.
2752 3219 2944 3270 Amen.

2443 3398 2454 3424 '
2498 3394 2635 3443 \lorel
2663 3393 2803 3455 legit,
2828 3395 3125 3456 sepeliendis,
3152 3410 3255 3457 pro,
3283 3404 3538 3445 vermium.

700 3512 3951 3549 “MM

2043 3597 2372 3659 llOMlLIA
2420 3596 2579 3655 LXI.

700 3755 826 3808 tlte.
862 3751 947 3806 10.
974 3767 1024 3805 v.
1051 3750 1142 3803 9.3.
1181 3747 1337 3800 Facta
1370 3757 1481 3799 sunt
1509 3755 1670 3798 autem
1693 3745 1915 3798 encania
1944 3744 1995 3795 in
2020 3741 2270 3810 Jerosoly-

771 3847 864 3897 mis
881 3885 894 3909 ,
923 3854 971 3897 et
992 3843 1147 3895 hiems
1170 3851 1292 3893 erat.
1316 3838 1403 3892 23.
1435 3835 1497 3889 Et
1519 3835 1803 3889 ambulabat
1822 3833 1969 3888 Iesus
1990 3834 2041 3886 in
2064 3833 2269 3900 templo,

776 3938 827 3987 in
858 3934 1049 4002 porticu
1081 3931 1389 3986 Salomonis.
1424 3926 1514 3980 24.
1546 3925 1988 3981 Circumdederunt
2018 3938 2133 3992 ergo
2166 3937 2273 3974 eunt

777 4026 979 4089 Juda'i,
1028 4033 1072 4077 et
1116 4022 1344 4076 dicebant
1376 4020 1462 4074 ei:
1499 4018 1767 4086 Quousque
1795 4015 2017 4068 animam
2053 4021 2275 4066 nostram

778 4118 951 4171 tollis?

777 4295 824 4346 1.
859 4290 1085 4344 Christus
1108 4283 1541 4339 mansuetudinem
1557 4284 1701 4333 verbo
1717 4289 1761 4331 et
1784 4278 2009 4347 eniitplo
2034 4277 2272 4344 pra'dica-

707 4388 787 4435 rit.
824 4378 994 4433 Malus
1017 4375 1313 4429 Judatorum
1341 4372 1557 4423 animus.
1578 4397 1649 4407 -—
1668 4365 1851 4419 Omnis
1876 4365 2089 4434 quidem
2110 4365 2274 4418 virtus

710 4475 845 4525 bona
883 4478 998 4532 est,
1040 4464 1270 4520 maxime
1309 4472 1483 4516 autem
1512 4457 1858 4513 mansuetudo
1887 4466 1955 4533 et,
1972 4455 2273 4509 clementia.

710 4561 831 4613 llaec
856 4572 951 4611 nos
979 4553 1219 4608 homines
1240 4564 1357 4605 esse
1377 4549 1722 4609 demonstrat,
1753 4557 1806 4601 et
1826 4561 1853 4598 a
1884 4546 2005 4599 feris
2033 4545 2232 4598 dirimit
2260 4564 2270 4597 :

711 4654 824 4706 lucc
849 4663 946 4703 nos
967 4646 1164 4716 angelis
1192 4650 1449 4711 exaequat.
1482 4638 1603 4694 Ideo
1622 4637 1863 4693 Christus
1890 4637 2192 4705 frequenter
2212 4633 2279 4688 de

714 4742 810 4793 bac
840 4739 1036 4791 virtute
1055 4733 1213 4788 verba
1238 4731 1392 4797 facit,
1422 4744 1540 4782 cum
1571 4728 1724 4781 mites
1752 4737 1804 4780 et
1832 4735 2135 4778 mansuetos
2160 4738 2278 4777 esse

706 4831 879 4900 jubet.
907 4827 1086 4893 Neque
1121 4822 1281 4877 verba
1313 4828 1509 4875 tantum
1543 4816 1665 4871 facit
1684 4859 1699 4879 .
1727 4816 1819 4871 sed
1852 4823 1905 4869 et
1933 4814 2183 4884 Operibus
2212 4812 2275 4866 ad

713 4920 891 4989 id,nos
916 4914 1171 4977 instituit,
1199 4909 1353 4964 modo
1377 4909 1555 4979 alapas
1584 4906 1850 4976 perferens
1869 4945 1883 4969 ,
1912 4902 2070 4957 modo
2098 4902 2280 4955 eonvi-

713 5012 792 5063 cia
822 5018 876 5063 et
905 5006 1141 5067 insidias,
1176 5017 1236 5056 ac
1263 5016 1467 5055 rursum
1495 5014 1613 5054 cum
1642 4996 2008 5052 insidiantibus
2037 5010 2276 5049 versans.

722 5101 846 5153 Nam
879 5098 965 5168 qui
995 5094 1380 5151 d:emoniacum
1418 5089 1564 5143 illum
1595 5098 1647 5143 et
1684 5088 2068 5143 Samaritanum
2097 5085 2277 5154 appel-

715 5199 981 5255 laverant,
1014 5190 1101 5260 qui
1132 5202 1273 5257 δειξρο
1297 5182 1545 5241 occidere
1573 5181 1717 5235 illum
1741 5181 2043 5245 voluerant,
2081 5180 2167 5247 qui
2202 5178 2279 5231 la-

717 5284 923 5353 pidibus
954 5279 1314 5348 impetierant,
1350 5274 1399 5328 lii
1431 5271 1827 5327 circumsistunt
1847 5280 1899 5323 et
1921 5270 2276 5335 interrogant,

717 5378 775 5429 Si
804 5386 856 5429 tu
886 5390 937 5428 es
967 5370 1228 5426 Christus?
1258 5368 1435 5437 Neque
1480 5365 1596 5419 illos
1630 5373 1746 5432 post
1780 5370 1858 5415 tot
1888 5361 2119 5429 talesque
2150 5359 2278 5411 insi-

714 5470 829 5522 dias
865 5464 1093 5533 repulit,
1137 5459 1230 5514 sed
1260 5466 1532 5512 mansuete
1567 5452 1849 5508 admodum
1890 5450 2179 5519 respondit.
2218 5451 2283 5502 At

716 5556 1072 5614 necessarium
1092 5564 1173 5608 est
1194 5554 1329 5606 hunc
1346 5564 1643 5605 sermonem
1666 5548 1822 5603 altius
1844 5552 2102 5613 repetere.
2127 5540 2283 5595 Facta

719 5662 830 5703 siml
852 5694 865 5714 ,
898 5649 1097 5717 inquit,
1130 5643 1350 5699 meretrici
1387 5642 1437 5695 in
1471 5639 1826 5709 Jerosolymis,
1869 5648 1913 5690 et
1956 5637 2112 5689 hiems
2156 5642 2280 5687 erat.

720 5745 935 5812 Magnus
965 5741 1047 5795 hic
1067 5739 1181 5792 dies
1206 5737 1365 5790 festus
1392 5744 1442 5787 et
1470 5730 1718 5786 solemnis
1741 5738 1871 5781 erat.
1898 5728 2010 5792 Qua
2040 5726 2177 5777 enim
2201 5722 2284 5775 die

2378 3739 2629 3805 templum
2659 3746 3019 3790 constructum
3049 3736 3249 3802 fuerat,
3281 3753 3344 3791 cx
3381 3738 3531 3808 longa
3561 3750 3614 3793 et
3637 3738 3850 3793 Persira
3881 3744 3964 3809 (tl)

2379 3830 2575 3885 reversi
2607 3830 2929 3897 captivitate,
2962 3829 3097 3883 hanc
3125 3830 3484 3885 celebritatem
3506 3830 3819 3886 solemniter
3834 3847 3962 3902 age-

2381 3922 2523 3973 bant.
2574 3919 2684 3973 Diei
2729 3918 2863 3974 festo
2903 3919 3088 3975 aderat
3130 3920 3395 3973 Christus.
3446 3919 3681 3975 Instante
3732 3937 3965 3992 namque

2380 4020 2580 4076 morte,
2625 4010 2928 4079 frequenter
2964 4012 3013 4064 in
3043 4009 3280 4065 .ludacam
3308 4002 3572 4065 veniebat.
3608 4010 3967 4067 Circumdede-

2379 4112 2496 4154 runt
2533 4118 2651 4172 ergo
2680 4118 2792 4154 eum
2824 4101 2995 4154 Juda'i
3035 4110 3079 4155 et
3125 4103 3354 4156 dicebant
3384 4119 3403 4156 :
3435 4103 3706 4172 Quousque
3737 4104 3964 4156 mum».

2379 4204 2599 4247 nostram
2624 4194 2797 4247 tollis?
2824 4193 2884 4248 Si
2914 4203 2965 4245 tn
2993 4210 3043 4247 es
3064 4193 3293 4247 Christus
3311 4236 3325 4257 ,
3355 4194 3436 4247 dic
3465 4195 3605 4247 nobis
3628 4196 3820 4263 palam.
3844 4195 3965 4251 Non

2380 4286 2544 4350 dixit,
2586 4286 2721 4351 Quid
2758 4300 2787 4338 a
2838 4300 2921 4338 me
2962 4285 3237 4351 qua-ritis?
3274 4284 3657 4339 da'moniaeum
3686 4301 3831 4358 szepe
3865 4302 3961 4340 vo-

2380 4377 2561 4439 castis,
2597 4375 2873 4440 furiosum,
2908 4377 3335 4430 Samaritanum:
3370 4377 3477 4431 Deo
3502 4377 3869 4432 adversariqu
3910 4390 3966 4432 et

2381 4465 2719 4533 deeeptorem
2775 4481 2858 4519 me
2899 4466 3116 4533 putastis
3164 4480 3324 4520 esse:
3367 4477 3420 4521 et
3455 4482 3623 4535 nuper
3664 4468 3958 4527 dicebatis.

2385 4557 2460 4609 Tu
2497 4558 2829 4610 testimonium
2860 4556 3087 4627 perhibes
3121 4558 3182 4609 de
3210 4558 3400 4625 teipse;
3432 4558 3775 4610 testimonium
3819 4569 3966 4611 tuum

2383 4662 2481 4698 non
2514 4655 2585 4699 est
2614 4661 2782 4699 verum
2819 4645 2992 4715 (Joan.
3022 4645 3072 4699 8.
3104 4645 3192 4715 15)
3220 4662 3233 4699 :
3267 4661 3364 4699 cur
3390 4660 3517 4715 ergo
3543 4647 3885 4715 interrogatis
3912 4657 3967 4701 et

2382 4735 2447 4789 de
2475 4752 2558 4789 me
2581 4735 2764 4790 audire
2797 4737 2953 4790 vultis
2973 4778 2986 4796 ,
3018 4736 3170 4805 cujus
3192 4736 3554 4790 testimonium
3582 4736 3842 4806 rcjicitis?
3872 4738 3965 4792 Ni-

2385 4825 2456 4880 hil
2490 4826 2677 4880 horum
2714 4827 2877 4889 dixit,
2920 4826 3019 4880 etsi
3066 4837 3246 4881 nosset
3282 4828 3477 4881 malum
3521 4827 3964 4895 interrOgantium

2384 4919 2635 4971 animum.
2660 4918 2788 4971 Nam
2811 4917 2951 4987 quod
2976 4933 3096 4973 eum
3123 4918 3571 4975 circumdederint
3589 4960 3604 4985 ,
3626 4934 3688 4976 ac
3708 4920 3966 4989 dixerint,

2389 5010 2658 5079 Quousque
2674 5012 2893 5063 animant
2912 5020 3134 5064 nostram
3156 5011 3328 5065 tollis?
3345 5011 3395 5066 id
3414 5012 3687 5067 videbatur
3702 5029 3767 5068 ex
3784 5030 3971 5071 amore

2386 5101 2614 5167 quodam
2644 5110 2698 5153 et
2725 5100 2960 5155 discendi
2992 5102 3169 5155 studio
3197 5102 3486 5171 proficisci.
3510 5103 3657 5159 Mens
3686 5114 3869 5159 autem
3893 5105 3973 5159 in—

2389 5192 2769 5260 ter-rogantium
2813 5202 3059 5261 corrupta
3100 5202 3153 5247 et
3190 5193 3411 5248 subdola
3458 5204 3594 5248 erat.
3639 5194 3777 5262 Quia
3826 5196 3972 5251 enim

2386 5296 2546 5350 opera
2572 5281 2851 5337 calumniis
2875 5298 2977 5336 non
3006 5283 3159 5337 obvia
3188 5293 3343 5337 crant
3361 5326 3375 5349 ,
3406 5283 3581 5339 verbis
3604 5299 3800 5355 capere
3829 5303 3975 5356 qua:-

2388 5377 2573 5429 rebant
2592 5417 2606 5441 ,
2637 5376 2791 5429 aliter
2818 5391 2973 5444 quam
3002 5376 3149 5445 prius
3176 5356 3597 5445 interrogantes,
3629 5392 3691 5432 ac
3721 5377 3975 5449 frequen-

2392 5476 2470 5519 ter
2500 5465 2863 5529 sciscitantes,
2896 5481 2960 5519 ex
2994 5466 3122 5535 ipsis
3151 5466 3330 5521 verbis
3363 5482 3486 5522 eum
3512 5467 3797 5523 confutare
3823 5469 3974 5523 vole-

2393 5556 2549 5620 bant;
2578 5565 2628 5609 ct
2663 5571 2781 5611 cum
2813 5571 2972 5627 Opera
3005 5570 3227 5627 carpere
3264 5572 3369 5612 non
3409 5568 3663 5630 possent,
3696 5574 3767 5613 ex
3794 5559 3975 5614 verbis

2393 5731 2426 5778 Α
2456 5670 2709 5777 (aliave
2747 5670 3119 5731 Cltrysostomus
3160 5670 3403 5721 Persidem
3430 5679 3570 5723 vocat
3593 5669 3969 5734 Babyloniamet

2433 5744 2553 5777 SNV'I‘I
2587 5744 2651 5778 m.

2433 5744 2651 5779 SNV'I‘IQHI.
