4164 6330
177 364 284 419 337

183 490 371 532 ansam
412 470 745 544 qutun-bant.
791 464 917 521 Ideo
952 460 1237 525 dicebant,
1288 456 1384 511 Dic
1429 456 1590 510 nobis.
1624 451 1784 521 Atqui

182 584 329 637 szepe
367 565 521 621 dixit.
568 562 699 616 Nam
744 559 821 613 sic
864 556 1256 612 Samaritanam
1304 549 1611 618 alloquuttts
1653 552 1782 637 est:

186 635 302 732 Ego
324 675 437 713 sum
467 656 551 726 qui
574 655 753 723 loquor
773 660 934 704 tecum
961 648 1140 717 (Joan.
1168 645 1224 699 4.
1248 641 1337 713 26)
1373 648 1426 694 et
1448 652 1591 694 caeco

185 727 257 811 Ei
282 750 450 808 vidisti
498 765 612 803 eum
633 789 647 812 ,
690 756 737 801 et
771 744 858 814 qui
888 742 1108 813 loquitur
1147 748 1335 800 tecum,
1366 734 1455 788 ille
1490 743 1563 786 est
1610 727 1780 803 (Ibid.

180 850 237 906 9.
267 847 381 918 37).
416 844 523 898 Illis
562 854 775 913 quoque
814 837 978 900 dixit,
1023 833 1116 888 sed
1155 830 1274 886 aliis
1313 827 1510 883 verbis.
1543 822 1703 893 Atqui
1738 821 1781 875 si

180 950 367 998 mente
393 937 721 997 valuissent,
751 940 804 985 et
834 937 978 984 recte
1004 924 1290 995 explorare
1315 919 1640 980 voluissent,
1663 928 1787 968 ver-

181 1032 265 1085 bis
323 1031 494 1099 ipsum
547 1020 791 1080 conﬁteri
846 1016 1192 1077 debuissent,
1245 1011 1334 1082 qui
1384 1008 1636 1080 operibus
1680 1004 1783 1058 hoc

183 1126 359 1194 ipsum
402 1134 547 1190 smpe
587 1112 1047 1182 comprobaverat.
1089 1107 1239 1162 Nunc
1266 1118 1396 1159 vero
1423 1102 1632 1157 illorum
1661 1112 1783 1194 per-

185 1190 494 1272 versitatem
521 1207 826 1265 considera.
858 1204 993 1258 Cum
1024 1200 1374 1256 concionatur
1404 1204 1458 1250 et
1486 1192 1663 1247 verbis
1684 1190 1783 1243 do-

179 1318 270 1364 cet
290 1352 305 1375 ,
336 1307 488 1361 aiunt
514 1322 528 1355 :
562 1300 714 1368 Quod
734 1299 931 1367 signant
959 1291 1220 1348 ostendis?
1248 1290 1380 1344 Cum
1403 1296 1579 1341 autem
1602 1282 1780 1351 operi-

180 1402 284 1456 bus
323 1394 809 1453 demonstrationes
851 1386 1085 1457 profert,
1133 1383 1317 1437 dicunt
1360 1379 1436 1433 illi
1472 1395 1485 1429 :
1519 1377 1580 1433 Si
1626 1384 1680 1429 tu
1728 1390 1779 1427 es

179 1492 435 1554 Christus,
465 1486 547 1538 dic
575 1482 718 1538 nobis
746 1481 939 1550 patum.
974 1478 1105 1532 Dum
1128 1488 1293 1544 opera
1313 1472 1583 1533 clamant,
1615 1465 1777 1521 verba

102 1562 109 1565 ’
177 1590 464 1652 quaerunt;
497 1586 551 1633 et
574 1590 693 1631 cmn
717 1574 877 1627 verba
908 1571 1134 1636 docent,
1164 1566 1230 1621 ad
1253 1578 1418 1635 opera
1440 1559 1776 1652 confugiunt,

176 1650 573 1739 contrariisque
632 1679 845 1734 semper
884 1662 1155 1717 insistunt.
1186 1656 1339 1726 Quod
1370 1656 1511 1711 enim
1550 1667 1656 1708 non
1698 1650 1780 1705 di-

174 1762 364 1818 scendi
381 1774 542 1814 causa
566 1758 976 1825 interrogarent,
1000 1751 1175 1806 exitus
1192 1744 1776 1811 demonstravit.Quem

177 1854 325 1909 enim
367 1853 435 1905 ita
470 1848 571 1904 ﬁde
598 1847 815 1917 dignum
852 1843 1138 1915 putabant,
1181 1850 1240 1894 ut
1277 1838 1345 1893 de
1371 1838 1549 1907 seipso
1584 1833 1776 1889 testiﬁ-

174 1953 390 2000 cantem
414 1941 793 2002 admitterent,
824 1936 903 1991 vel
927 1949 1091 2006 pauca
1121 1935 1423 2004 loquentem
1446 1971 1462 1996 ,
1491 1928 1669 1984 statim
1694 1927 1777 1981 la-

177 2036 394 2106 pidibus
427 2034 708 2101 impetunt.
742 2030 919 2098 Itaque
960 2025 1102 2096 quod
1144 2021 1543 2080 circumdarent
1568 2034 1691 2074 eum
1724 2026 1779 2072 et

175 2132 478 2191 instarent,
511 2124 562 2178 id
589 2138 652 2177 ex
681 2120 917 2190 nequitia
940 2115 1401 2189 proﬁciscebatur.
1430 2111 1619 2166 Modus
1640 2123 1775 2179 quo-

173 2236 283 2290 que
313 2214 677 2286 interrogandi
717 2211 944 2267 multum
984 2224 1092 2279 prce
1127 2222 1186 2262 se
1216 2205 1422 2260 ferebat
1445 2201 1649 2258 odium.
1680 2198 1775 2253 Dic

175 2310 323 2364 nobis
355 2308 547 2377 palam,
580 2308 623 2360 si
652 2315 705 2358 tu
724 2320 780 2358 es
808 2302 1061 2357 Christus.
1092 2297 1251 2368 Atqui
1280 2296 1455 2365 palam
1478 2293 1566 2348 ille
1593 2292 1778 2359 loque-

176 2401 334 2453 batur
362 2399 413 2451 in
436 2394 863 2452 solemnitatibus
882 2434 897 2458 ,
931 2391 1124 2461 quibus
1150 2403 1365 2457 semper
1384 2385 1589 2451 aderat,
1620 2382 1777 2436 nihil-

173 2506 280 2558 que
297 2489 438 2542 clam
460 2486 703 2550 dicebat;
733 2483 957 2550 ideoque
974 2479 1256 2535 adulantes
1278 2477 1481 2540 dicunt,
1507 2475 1779 2541 Quousque

172 2582 406 2634 animum
434 2589 663 2631 nostram
689 2575 863 2629 tollis?
894 2584 949 2627 ut
981 2579 1336 2642 provocantes
1355 2611 1371 2636 ,
1403 2568 1637 2637 aliquam
1666 2563 1776 2618 cri-

174 2669 415 2725 minandi
456 2680 643 2722 ansam
688 2666 977 2734 reperiant.
1039 2661 1193 2728 Quod
1238 2661 1381 2716 enim
1430 2672 1643 2727 semper
1684 2655 1777 2709 illo

176 2773 246 2816 an
273 2778 364 2815 mo
405 2762 829 2830 interrogarent,
862 2773 968 2814 non
1009 2765 1065 2810 ut
1099 2755 1389 2819 discerent,
1414 2752 1509 2809 sed
1551 2763 1608 2807 ut
1634 2750 1774 2805 dicta
1810 2744 1819 2753 “

174 2861 501 2922 carperent,
528 2868 635 2906 non
663 2851 787 2905 hinc
816 2848 991 2903 solum
1009 2889 1023 2913 ,
1060 2846 1154 2902 sed
1171 2856 1226 2900 et
1250 2836 1468 2899 aliunde
1488 2858 1631 2913 saepe
1655 2858 1778 2913 pro-

177 2948 357 3000 batur.
394 2944 527 3000 Nam
565 2959 687 2999 cmn
720 2950 1064 2997 accesserunt
1094 2939 1333 2994 dicentes
1365 2956 1376 2991 :
1414 2934 1548 2989 Licet
1575 2951 1777 2989 censum

176 3039 305 3092 dare
328 3035 548 3103 Cwsari,
581 3052 737 3090 necne
766 3033 991 3105 (Matth.
1016 3031 1106 3085 22.
1139 3031 1262 3099 l7)?
1295 3039 1493 3085 etcum
1524 3029 1591 3082 de
1621 3042 1778 3096 repu—

175 3128 372 3184 dianda
401 3142 573 3182 uxore
603 3135 855 3196 agerent,
889 3139 1119 3193 cumque
1143 3123 1207 3177 de
1240 3122 1326 3177 illa
1350 3121 1775 3187 sciscitarentur,

176 3237 339 3288 quam
387 3220 637 3274 dicebant
679 3228 881 3288 septem
924 3217 1175 3271 habuisse
1222 3218 1401 3283 viros,
1455 3213 1775 3284 deprehensi

175 3326 326 3379 sunt,
363 3329 465 3367 non
489 3313 726 3368 discendi
758 3312 954 3378 studio,
987 3311 1080 3366 sed
1102 3326 1172 3367 ex
1201 3325 1364 3380 pravo
1388 3310 1569 3364 animo
1594 3308 1778 3363 scisci-

177 3410 298 3461 tari.
331 3407 433 3462 Sed
466 3419 589 3460 Huic
622 3406 740 3460 illos
770 3389 1004 3475 coarguit
1035 3404 1117 3458 bis
1150 3404 1360 3471 verbis,
1402 3405 1539 3471 Quid
1568 3420 1645 3456 mc
1670 3413 1777 3456 ten-

176 3501 325 3560 tuti’s,
359 3498 671 3567 hypocrilw?
701 3496 988 3551 ostendens
1015 3511 1073 3551 se
1102 3496 1315 3549 illorum
1341 3506 1600 3549 secretam
1630 3509 1778 3547 men-

177 3599 287 3641 ιυιιι
319 3603 667 3657 Cognoscere.
696 3586 789 3640 llic
811 3602 936 3640 vero
966 3586 1094 3639 nihil
1126 3586 1353 3654 loquitur
1379 3585 1573 3649 simile,
1599 3594 1656 3638 ut
1680 3598 1777 3637 nos

175 3680 404 3745 doceat,
438 3679 776 3732 insidiatores
810 3693 915 3731 non
940 3693 1151 3745 semper
1178 3692 1298 3731 esse
1324 3676 1648 3746 arguendos,
1681 3674 1775 3729 sed

178 3775 345 3825 multa
391 3770 630 3824 modeste
666 3779 718 3823 ct
755 3777 1032 3823 mansuete
1062 3782 1182 3822 esse
1211 3767 1447 3822 ferenda.
1480 3768 1612 3834 Quia
1649 3781 1778 3835 ergo

178 3865 401 3917 stultum
432 3870 565 3924 erat,
596 3861 724 3931 ipsis
751 3860 1002 3931 operibus
1030 3857 1462 3928 praedicantibus,
1494 3858 1775 3911 verborum

179 3955 488 4009 testimonia
518 3969 759 4023 qumrere
780 3993 793 4017 ,
826 3952 946 4005 audi
980 3950 1249 4021 quomodo
1276 3950 1404 4014 ipsis
1433 3948 1775 4018 respondeat,

174 4047 341 4100 simul
390 4044 732 4099 subindicaus
776 4044 891 4097 ha‘c.
934 4043 1054 4095 illos
1098 4043 1292 4096 frustra
1343 4056 1622 4110 qtuercre,
1672 4054 1778 4092 non

178 4136 423 4190 discendi
447 4150 603 4188 causa
624 4176 638 4195 ,
670 4142 725 4188 et
748 4134 1075 4203 signiﬁcans,
1112 4146 1169 4186 se
1188 4132 1295 4200 jam
1321 4132 1497 4186 verbis
1526 4132 1653 4201 ipsis
1674 4131 1781 4184 cla-

180 4230 379 4283 riorem
405 4229 646 4283 emisisse
674 4242 857 4281 vocem
884 4269 895 4293 ,
929 4244 1022 4296 per
1054 4242 1214 4295 opera
1244 4227 1470 4282 scilicet.
1506 4226 1636 4280 Nam
1664 4226 1737 4279 ait
1767 4243 1778 4278 :

174 4320 272 4375 25.
308 4320 462 4389 Sa’pe
494 4320 601 4372 dixi
637 4320 804 4383 vobis,
838 4331 883 4372 et
915 4336 1011 4372 non
1045 4320 1247 4372 creditis
1278 4319 1400 4371 mihi
1431 4336 1446 4371 :
1478 4335 1631 4389 Opera
1671 4335 1784 4389 qua:

176 4429 272 4480 ego
316 4412 447 4479 {ario
488 4411 538 4462 in
571 4411 771 4463 nomine
812 4409 981 4463 Patris
1013 4410 1138 4475 mei,
1173 4409 1263 4463 illa
1308 4411 1640 4463 testimonium
1672 4426 1783 4479 pcr-

181 4504 353 4556 hibent
383 4502 444 4555 de
476 4517 571 4554 me.
617 4500 769 4567 Quod
818 4502 887 4565 ii,
920 4502 1007 4571 qui
1046 4500 1185 4570 apud
1229 4502 1349 4555 illos
1393 4502 1783 4558 moderatiores

179 4604 367 4659 erant,
403 4608 546 4663 sa'pe
574 4604 757 4648 mutuo
778 4593 1023 4647 dicebant
1047 4613 1057 4646 :
1091 4592 1267 4665 Neque
1294 4596 1424 4648 enim
1451 4604 1608 4664 potest
1633 4597 1783 4648 homo

180 4694 419 4752 peccator
448 4686 554 4738 hazc
591 4686 735 4755 signa
782 4686 947 4753 facere
977 4684 1165 4753 (Joan.
1198 4686 1250 4741 9.
1283 4687 1402 4758 16);
1437 4699 1489 4742 et
1535 4704 1779 4754 rursum,

184 4776 309 4830 Non
355 4785 519 4845 potest
559 4777 862 4830 dwmonium
911 4793 1160 4831 (cocorum
1203 4780 1378 4833 oculos
1417 4781 1645 4848 aperire;
1699 4788 1778 4845 cl,

180 4868 355 4921 Nemo
395 4879 550 4937 potest
584 4867 706 4921 talia
743 4871 888 4938 signa
917 4870 1081 4937 facere
1101 4912 1114 4934 ,
1147 4872 1240 4923 nisi
1269 4873 1332 4924 sit
1360 4889 1474 4924 cum
1502 4873 1591 4925 illo
1620 4871 1779 4925 Dens.

178 4960 248 5012 Et
279 4958 519 5011 videntes
550 4960 697 5026 signa
737 4976 854 5024 qua:
899 4960 1155 5022 iaciebat,
1189 4960 1437 5016 dicebant
1472 4981 1484 5016 :
1520 4961 1783 5029 Numquid

180 5050 264 5100 hic.
293 5057 363 5100 est
393 5046 665 5102 Christus?
696 5049 795 5102 Alii
828 5060 1004 5104 autem
1033 5051 1276 5105 dicebant
1307 5070 1317 5103 :
1354 5053 1569 5118 Quando
1600 5058 1784 5109 rencrit

177 5139 418 5193 Christus
438 5181 451 5199 ,
484 5157 602 5192 num
626 5141 773 5209 plura
800 5143 948 5210 signa
971 5144 1149 5211 faciet,
1182 5160 1332 5211 quam
1362 5146 1440 5197 hic
1464 5146 1578 5215 fecit
1606 5146 1779 5215 (Ibid.

182 5232 234 5281 7.
262 5231 396 5297 5i}?
424 5229 585 5284 iidem
614 5246 738 5283 vero
769 5232 865 5301 ipsi
897 5248 958 5284 ex
1002 5235 1252 5301 operibus
1278 5237 1523 5290 volebant
1560 5238 1611 5290 in
1638 5240 1783 5293 illum

180 5322 407 5376 credere
434 5322 673 5376 dicentes
703 5340 715 5376 :
752 5324 898 5387 Quod
928 5325 1127 5394 signum
1166 5329 1384 5380 ostendis
1421 5329 1562 5382 nobis
1583 5371 1597 5395 ,
1628 5339 1681 5383 nt
1710 5332 1782 5382 vi-

179 5414 394 5465 deamus
423 5422 467 5465 et
496 5413 760 5466 credamus
790 5414 876 5466 tibi
904 5415 1063 5482 (Ibid.
1095 5416 1147 5468 2.
1181 5417 1262 5487 l8)
1282 5419 1305 5469 ’ἶ

259 5501 319 5553 2.
356 5503 625 5567 Quomodo
666 5505 891 5560 Christus
912 5507 1121 5561 Judaros
1149 5511 1456 5580 increpando
1480 5515 1630 5567 simul
1667 5516 1785 5567 alli—

179 5598 285 5649 ciat
326 5610 371 5649 ct
400 5598 591 5650 inritet.
631 5597 822 5651 Eadem
862 5602 1087 5668 polentia
1124 5600 1290 5657 Patris
1332 5615 1376 5656 ct
1421 5605 1573 5671 Filii,
1613 5608 1786 5660 eadem

183 5707 386 5741 manus.
406 5720 475 5727 σο-
496 5690 628 5755 Quia
654 5706 781 5758 ergo
806 5701 928 5745 tunc
959 5694 1279 5748 simulabant
1310 5713 1369 5751 sc
1395 5713 1457 5752 ex
1490 5700 1605 5752 solo
1625 5702 1786 5754 verbo

195 5783 491 5842 (aditurus
516 5824 529 5845 ,
571 5782 660 5849 qui
706 5790 782 5835 tot
816 5785 1078 5853 tantisque
1122 5790 1370 5857 operibus
1404 5807 1506 5846 non
1545 5794 1787 5847 t'l‘CtlltlU-

1290 344 1353 400 IN
1392 337 1706 398 JOANNEM
1747 335 1970 393 IIOMIL.
2016 335 2151 411 LXI.
2194 335 2265 391 al.
2307 336 2417 391 LX.

3393 332 3495 389 331$

1898 460 2050 517 rant,
2087 450 2296 506 illorum
2335 451 2624 521 nequitiam
2652 450 2826 520 arguit
2860 450 2942 505 his
2974 450 3190 503 verbis:
3227 450 3285 502 Si
3325 455 3495 518 operi.

1896 544 1987 595 bus
2009 559 2107 597 non
2130 544 2354 608 creditis,
2373 542 2625 613 quomodo
2649 544 2807 595 verbis
2827 541 3082 595 credetis?
3110 539 3287 609 Quare
3311 556 3371 595 su
3380 557 3495 609 per—

1896 634 1998 689 ﬂua
2029 644 2110 689 est
2140 636 2508 706 interrOgatiO.
2540 635 2631 690 26.
2666 635 2772 690 Sed
2793 635 2900 689 dixi
2922 635 3079 701 vobis,
3107 636 3295 705 inquit,
3328 644 3494 688 etnon

1894 726 2097 780 creditis
2124 726 2268 792 mihi,
2296 727 2417 796 quia
2444 743 2546 779 non
2580 727 2698 779 estis
2722 727 2784 780 de
2814 726 2986 780 oribus
3012 728 3154 779 meis.
3191 726 3299 795 Ego
3325 736 3492 778 totum

1895 816 2127 885 pastoris
2154 816 2389 871 ofﬁcium
2416 817 2633 871 exitibui
2659 836 2672 872 :
2700 818 2743 871 si
2777 832 2902 871 vero
2932 834 3016 871 me
3049 831 3157 872 non
3182 819 3491 886 sequimini,

1896 925 1999 962 non
2028 908 2169 979 quod
2192 925 2291 979 ego
2319 926 2423 965 non
2456 921 2640 979 pastor
2660 912 2760 965 sim
2792 912 3045 966 renuistis
3065 954 3081 977 ,
3110 911 3203 966 sed
3230 913 3371 981 quod
3400 930 3494 967 vos

1891 1013 2019 1054 oves
2046 1016 2179 1055 mea:
2203 1016 2307 1056 non
2330 1001 2467 1056 sitis.
2492 1001 2622 1055 Nam
2643 1001 2734 1056 27.
2762 1000 2890 1056 Oves
2914 1018 3038 1055 mea:
3056 1044 3069 1069 ,
3101 1003 3295 1072 inquit,
3325 1020 3494 1056 vocem

1891 1107 2054 1144 meam
2081 1092 2323 1156 audiunt,
2355 1103 2403 1146 et
2433 1104 2707 1163 sequuntur
2734 1109 2829 1158 me,
2862 1093 2952 1149 28.
2986 1102 3031 1147 et
3072 1094 3224 1147 vitam
3249 1104 3498 1148 internata:

1890 1180 1957 1234 do
1985 1182 2077 1246 eis,
2107 1191 2154 1234 et
2180 1198 2282 1235 non
2313 1183 2545 1251 peribunt
2580 1184 2633 1236 in
2663 1193 2909 1237 internum
2932 1198 2953 1237 .'
2981 1192 3026 1237 et
3054 1200 3199 1241 nemo
3226 1194 3384 1252 potest
3406 1172 3500 1228 ea»

1888 1288 2068 1342 rapere
2096 1272 2159 1325 de
2188 1290 2341 1327 manu
2370 1290 2499 1329 mea.
2533 1274 2624 1329 29.
2661 1275 2795 1342 Quia
2835 1274 3015 1341 Pater,
3045 1278 3129 1345 qui
3161 1276 3297 1328 dedit
3332 1278 3488 1339 mihi,

1887 1368 2055 1437 major
2079 1376 2149 1420 est
2180 1366 2411 1421 onmibus
2432 1383 2451 1421 :
2479 1376 2527 1422 et
2554 1384 2699 1421 nemo
2727 1379 2891 1438 potest
2918 1385 3004 1422 cas
3040 1386 3220 1437 rapere
3244 1371 3307 1422 de
3335 1386 3491 1421 manu

1890 1458 2063 1512 Patris
2093 1460 2208 1512 mei.
2242 1460 2332 1514 30.
2364 1458 2477 1531 Ego
2515 1470 2561 1515 et
2603 1460 2764 1515 Pater
2792 1478 2950 1515 unum
2991 1476 3187 1515 sumus.
3228 1462 3489 1517 Animad-

1886 1558 2037 1605 verte
2066 1550 2334 1621 quomodo
2359 1553 2480 1607 illos
2508 1553 2820 1622 rejiciendo,
2858 1554 3105 1609 hortetur
3142 1566 3320 1609 tamen
3349 1564 3404 1609 ut
3432 1572 3491 1610 se

1887 1651 2198 1712 sequantur.
2242 1642 2374 1710 Vos,
2406 1645 2608 1715 inquit,
2656 1662 2757 1700 non
2785 1646 2977 1701 auditis
3006 1662 3122 1708 me;
3163 1664 3321 1717 neque
3358 1649 3491 1701 enim

1886 1736 2003 1789 estis
2030 1751 2143 1790 oves
2163 1753 2182 1801 ;
2210 1736 2298 1803 qui
2332 1752 2459 1793 vero
2492 1747 2810 1807 sequuntur,
2844 1738 2897 1793 hi
2932 1748 3060 1793 sunt
3093 1754 3157 1793 ex
3186 1739 3333 1793 ovili.
3367 1739 3491 1794 lla-c

1887 1841 2048 1896 porro
2066 1826 2299 1895 dicebat,
2328 1839 2386 1883 ut
2410 1829 2483 1883 illi
2507 1844 2637 1884 oves
2660 1845 2778 1885 esse
2799 1839 3141 1885 conarentur.
3177 1830 3377 1885 Dt-inde
3401 1831 3488 1885 ubi

1886 1920 2014 1990 quid
2042 1922 2425 1990 consequuturi
2456 1921 2563 1976 sint
2591 1922 2867 1992 exposuit,
2909 1922 3095 1978 incitat
3122 1922 3241 1978 illos
3263 1963 3275 1986 ,
3311 1931 3368 1976 ut
3398 1937 3490 1977 se-

1885 2011 2079 2081 quendi
2103 2012 2427 2068 desiderium
2455 2013 2671 2068 inferat.
2699 2014 2837 2081 Quid
2862 2016 3030 2086 ergo?
3061 2032 3186 2070 num
3211 2016 3281 2071 ob
3314 2015 3489 2070 Patris

1887 2102 2177 2171 potentiam
2212 2118 2370 2157 nemo
2397 2104 2566 2173 rapit,
2596 2112 2652 2159 tu
2679 2120 2808 2159 vero
2840 2105 2969 2159 nihil
3002 2115 3156 2175 potes
3176 2149 3192 2172 ,
3223 2118 3277 2161 et
3310 2116 3491 2161 custo-

1883 2193 2002 2248 dire
2026 2209 2131 2247 non
2164 2194 2344 2249 vales?
2374 2194 2611 2251 Minime.
2642 2195 2712 2252 Ut
2736 2196 2913 2253 discas
2936 2197 3101 2263 enim,
3129 2197 3279 2263 illud,
3310 2196 3485 2264 Pater,

1883 2287 1968 2357 qui
1999 2287 2136 2341 dedit
2167 2287 2326 2354 mihi,
2373 2287 2493 2343 ideo
2531 2287 2731 2344 dictum
2776 2287 2975 2357 fuisse,
3008 2304 3077 2344 ne
3124 2291 3270 2346 illum
3312 2290 3489 2345 denuo

1887 2382 1997 2435 Deo
2018 2381 2385 2437 adversarium
2414 2381 2689 2449 dicerent;
2722 2392 3003 2453 postquam
3042 2383 3285 2448 dixerat,
3324 2382 3489 2437 Nemo

1884 2474 2019 2543 rapit
2039 2490 2123 2527 eas
2148 2472 2210 2527 de
2229 2490 2382 2527 manu
2405 2489 2535 2534 mea,
2561 2474 2733 2543 pergit
2750 2474 3040 2529 ostendens
3061 2490 3214 2530 suam
3240 2482 3293 2529 et
3314 2473 3489 2527 Patris

1885 2581 2102 2621 manum
2134 2582 2293 2622 unam
2324 2581 2467 2622 esse.
2494 2566 2606 2621 Nisi
2637 2568 2780 2622 enim
2814 2566 2916 2623 hoc
2942 2567 3013 2620 ita
3042 2575 3217 2633 esset,
3247 2566 3489 2621 dicturus

1884 2669 2037 2714 crat:
2072 2660 2233 2715 Pater
2267 2661 2357 2730 qui
2390 2659 2539 2715 dedit
2578 2659 2741 2726 mihi,
2786 2660 2960 2730 major
3001 2660 3252 2714 omnibus
3282 2669 3393 2725 est,
3437 2670 3491 2712 et

1886 2767 2045 2807 nemo
2084 2760 2263 2822 potest
2293 2766 2385 2806 eas
2430 2766 2620 2822 rapere
2659 2751 2727 2807 de
2771 2767 2931 2807 manu
2964 2767 3104 2807 mea.
3144 2751 3338 2807 Verum
3384 2768 3488 2806 non

1885 2846 1954 2899 ita
1982 2845 2151 2910 dixit,
2182 2844 2277 2899 scd
2297 2886 2311 2907 ,
2346 2844 2422 2898 De
2451 2861 2607 2898 manu
2638 2843 2812 2899 Patris
2844 2846 2957 2899 mei.
2989 2843 3191 2900 Deinde
3225 2860 3293 2899 ne
3336 2854 3487 2913 putes

1885 2938 2056 3008 ipsum
2088 2952 2209 2993 esse
2248 2937 2520 2992 inﬁrmum
2542 2978 2557 3005 ,
2588 2938 2682 2993 sed
2716 2953 2810 3008 per
2835 2939 3008 2993 Patris
3038 2939 3330 3009 potentiam
3360 2954 3489 2993 oves

1887 3029 1936 3084 in
1969 3038 2081 3084 tuto
2106 3044 2258 3097 esse,
2290 3029 2527 3103 subdidit
2554 3049 2567 3085 :
2598 3029 2709 3102 Ego
2740 3041 2784 3085 et
2819 3030 2972 3086 Pater
3002 3049 3159 3086 unum
3188 3048 3396 3095 sumus;
3428 3046 3491 3084 ac

1884 3122 1927 3175 si
1959 3121 2196 3187 diceret,
2222 3121 2337 3176 Non
2368 3121 2489 3177 ideo
2518 3121 2627 3177 dixi
2647 3166 2660 3189 ,
2692 3123 2761 3179 ob
2788 3116 2961 3178 Patris
2991 3123 3281 3196 potentiam
3315 3139 3486 3177 nenn-

1885 3229 2008 3267 nem
2037 3228 2131 3268 eas
2160 3228 2281 3270 esse
2311 3224 2588 3283 rapturum
2611 3256 2627 3282 ,
2659 3216 2810 3285 quasi
2852 3217 2971 3271 illas
3005 3225 3104 3286 ego
3132 3230 3350 3270 servare
3382 3229 3487 3269 non

1884 3307 2112 3360 valeam.
2135 3306 2267 3361 Nam
2292 3305 2405 3378 Ego
2427 3318 2473 3361 et
2507 3307 2661 3363 Pater
2681 3325 2833 3361 unum
2856 3324 3064 3372 sumus;
3094 3308 3142 3362 id
3167 3316 3267 3372 est,
3297 3323 3491 3363 secun-

1884 3399 2009 3453 dum
2039 3398 2328 3468 potentiam
2356 3418 2368 3454 :
2402 3415 2525 3454 nam
2553 3400 2620 3455 de
2640 3400 2727 3455 illa
2757 3400 2843 3455 hic
2870 3415 3050 3455 sermo
3071 3410 3206 3455 erat.
3232 3400 3285 3457 Si
3308 3409 3489 3456 autem

1884 3492 2070 3547 eadem
2103 3504 2183 3547 eSt
2210 3480 2444 3563 potentia
2468 3535 2482 3560 ,
2516 3494 2691 3562 palam
2720 3503 2797 3549 est
2822 3493 3067 3548 eamdem
3095 3509 3215 3550 esse
3238 3494 3489 3549 substan-

1889 3586 2033 3637 tiam.
2066 3582 2198 3638 Cum
2246 3584 2388 3638 enim
2421 3585 2585 3638 multa
2633 3585 2872 3640 facerent
2904 3584 3107 3645 Judaei.
3153 3586 3371 3640 insidias
3401 3601 3492 3655 pa-

1887 3683 2102 3739 rarent,
2134 3684 2286 3729 extra
2318 3690 2642 3747 synagogam
2681 3678 2939 3745 ejicerent
2960 3720 2973 3744 ,
3007 3676 3138 3731 dicit
3166 3677 3285 3731 illos
3314 3678 3491 3731 omnia

1887 3765 2154 3820 incassum
2189 3766 2522 3821 machinatos
2551 3783 2690 3823 esse.
2725 3768 2856 3823 Nam
2900 3769 2949 3822 iu
2982 3785 3142 3823 manu
3175 3770 3346 3825 Patris
3387 3772 3491 3823 inci

1886 3867 2011 3911 sunt
2051 3872 2211 3925 oves,
2261 3866 2318 3912 ut
2359 3858 2617 3929 propheta
2649 3860 2811 3915 dicit:
2849 3860 2913 3914 In
2956 3878 3109 3915 manu
3138 3879 3246 3915 mea
3286 3862 3495 3931 depinxi

1888 3966 2058 4003 muros
2089 3960 2201 4004 tuos
2235 3949 2401 4020 (lsai.
2434 3952 2525 4007 49.
2558 3951 2668 4024 16).
2706 3952 2907 4007 Deinde
2939 3970 3097 4007 unam
3128 3968 3248 4008 esse
3279 3969 3492 4006 manum

1888 4041 2197 4104 ostendens,
2232 4042 2372 4095 illam
2407 4041 2566 4097 modo
2594 4058 2766 4109 suam,
2801 4043 2962 4099 modo
2995 4045 3165 4099 Patris
3194 4060 3313 4100 cs~e
3343 4045 3493 4098 dicit.

1888 4134 2021 4188 Cum
2047 4149 2260 4187 manum
2286 4134 2457 4200 audis,
2484 4134 2611 4189 nihil
2637 4136 2832 4190 sensile
2856 4139 3077 4207 cogites,
3106 4138 3198 4190 sed
3226 4138 3493 4199 \‘it'lm'Cm,

1890 4228 2204 4297 potentiam.
2234 4227 2289 4283 Si
2313 4238 2489 4283 autem
2524 4244 2681 4283 nemo
2708 4230 2916 4298 rapuit,
2950 4232 3071 4298 quia
3103 4229 3259 4283 Pater
3281 4230 3378 4284 sibi
3407 4248 3496 4297 po-

1893 4330 2137 4376 lcstatem
2176 4320 2483 4387 indidisset,
2518 4320 2853 4391 superﬂuum
2886 4321 3078 4378 [uisset
3108 4323 3306 4377 addere
3328 4364 3340 4387 ,
3388 4322 3497 4393 Ego

1892 4423 1935 4468 et
1970 4412 2123 4467 Pater
2153 4431 2313 4467 unum
2340 4432 2536 4468 sumus.
2567 4414 2698 4469 Nam
2737 4417 2779 4470 si
2817 4418 2991 4470 minor
3020 4417 3384 4482 Filiuscsset,
3419 4428 3497 4471 tc-

1893 4504 2181 4558 tnerarium
2221 4513 2366 4558 esset
2402 4504 2625 4559 dictum.
2658 4504 2799 4560 Nihil
2844 4517 2990 4562 certe
3030 4508 3175 4561 aliud
3221 4507 3497 4571 declarat,

1893 4612 2050 4666 quam
2077 4597 2329 4665 potentiae
2357 4598 2715 4667 {equalitalem
2743 4618 2754 4651 :
2785 4600 2926 4669 quod
2952 4616 3070 4654 cum
3103 4601 3273 4655 Judeci
3306 4603 3501 4656 intelli-

1893 4697 2100 4756 gerent,
2132 4687 2398 4757 lapidibus
2422 4688 2596 4758 ipsum
2629 4690 2976 4759 itnpetebant.
3004 4692 3185 4763 Neque
3209 4705 3386 4748 tamen
3416 4695 3503 4747 ille

1896 4779 2033 4833 hanc
2065 4780 2265 4835 amovit
2286 4781 2614 4850 Opinionem.
2646 4783 2802 4851 Atqui
2828 4785 2869 4838 si
2904 4784 2951 4837 id
2984 4783 3116 4838 falso
3140 4786 3340 4854 opinati
3372 4789 3498 4841 luis-

1894 4882 2012 4926 sent
2031 4915 2044 4937 ,
2080 4872 2199 4927 illos
2229 4874 2520 4929 emendare
2546 4877 2784 4945 oportuit
2812 4893 2874 4931 ac
2902 4878 3080 4933 dicere
3107 4897 3119 4931 :
3155 4878 3263 4934 Cur
3295 4883 3395 4936 hoc
3424 4881 3504 4934 fa-

1896 4966 2054 5018 citis?
2084 4982 2187 5019 non
2224 4968 2338 5023 lucc
2366 4969 2510 5033 dixi,
2543 4980 2598 5023 ιιι
2630 4985 2817 5039 parem
2842 4980 3079 5040 paterna:
3114 4989 3286 5027 meam
3316 4985 3505 5044 poten-

1897 5062 2019 5113 tiam
2049 5061 2358 5115 iudicaretn.
2385 5062 2535 5117 Nunc
2558 5074 2766 5130 contra,
2792 5064 2896 5118 illis
2925 5064 3332 5133 ferocientibus,
3360 5069 3502 5122 illam

1895 5152 2200 5220 Opinionem
2235 5152 2518 5207 conﬁrmat
2554 5163 2609 5208 et
2646 5156 2856 5225 probat.
2889 5156 3005 5210 Non
3036 5172 3157 5212 sese
3191 5170 3413 5227 purgat,
3450 5170 3500 5211 ut

1898 5243 1985 5312 qui
2028 5245 2167 5298 male
2212 5255 2264 5300 et
2294 5245 2427 5300 falso
2455 5246 2684 5313 dixerit;
2721 5249 2827 5302 imo
2856 5250 2975 5303 illos
3008 5250 3283 5320 increpat,
3322 5262 3378 5305 ut
3418 5269 3504 5321 qui

1897 5351 2004 5389 non
2044 5346 2460 5392 cousentaneam
2493 5339 2558 5394 de
2601 5355 2660 5394 se
2710 5340 2943 5396 habeant
2989 5345 3319 5412 Opinionem.
3369 5345 3501 5399 Cirin

1896 5429 2038 5480 enim
2071 5429 2349 5484 dicerent:
2389 5432 2478 5485 55.
2518 5430 2595 5486 De
2625 5434 2753 5487 bono
2789 5452 2937 5503 opere
2966 5453 3065 5490 non
3105 5437 3397 5506 lapidmnns
3430 5449 3503 5493 te.

1897 5520 1984 5573 sed
2007 5522 2068 5572 de
2092 5521 2435 5591 blasphemia,
2470 5534 2513 5577 ct
2532 5527 2653 5597 quia
2676 5527 2825 5581 homo
2848 5546 2959 5581 cum
2991 5531 3061 5583 sis
3083 5573 3096 5596 ,
3130 5532 3259 5601 facis
3288 5533 3504 5599 tcirsum

1902 5611 2101 5677 Deum;
2132 5614 2253 5668 audi
2297 5617 2424 5683 quid
2466 5617 2650 5678 dicat:
2686 5622 2773 5676 55.
2823 5622 2882 5675 Si
2913 5623 3026 5676 illos
3070 5624 3192 5675 dicit
3235 5625 3504 5694 Scriptura

1897 5705 2044 5771 deos,
2079 5706 2146 5758 ad
2165 5724 2287 5777 quos
2309 5726 2472 5763 sermo
2502 5709 2595 5765 Dei
2617 5718 2780 5783 [actus
2802 5725 2896 5779 est,
2924 5716 3009 5770 56.
3034 5719 3289 5787 quomodo
3311 5733 3396 5772 vos
3418 5720 3497 5772 di~

1907 5800 2017 5852 ritis
2045 5801 2159 5869 quia
2188 5802 2500 5874 blusptu'mo,
2532 5808 2651 5875 quia
2673 5808 2799 5879 dixi,
2827 5808 2992 5863 Filius
3020 5809 3111 5865 Dei
3140 5813 3288 5865 sum?
3316 5813 3364 5867 ld
3390 5825 3494 5883 est,
