4164 6330
703 298 804 361 339

586 484 589 485 ν
702 420 755 473 Si
780 421 814 474 ii
838 419 925 489 qui
956 431 1049 488 per
1077 418 1294 486 gratiam
1323 414 1421 468 hoc
1446 423 1761 483 acceperunt
1782 454 1796 477 ,
1828 428 1931 466 non
1962 418 2278 465 accusantur

602 502 635 561 \
704 520 823 562 cum
847 524 904 563 se
929 507 1057 561 deos
1078 514 1296 569 vocant;
1324 505 1412 573 qui
1434 519 1498 557 ex
1527 512 1713 557 natura
1734 519 1828 558 sua
1849 502 1947 556 hoc
1974 502 2148 565 habet,
2172 516 2277 570 quo

707 599 820 668 jure
846 596 1181 663 inerepctur?
1212 594 1407 648 Verum
1431 610 1533 647 non
1566 598 1633 646 ita
1661 593 1829 657 dixit,
1861 592 1955 647 sed
1981 588 2275 653 demumid

709 689 982 755 probavit,
1015 696 1292 755 postquam
1335 684 1619 739 demissius
1662 685 1909 752 loquutus
1936 694 2016 736 est
2043 682 2123 735 Itis
2154 697 2276 735 vcr-

704 780 815 832 bis:
846 777 1004 842 Quem
1034 777 1184 832 Pater
1211 778 1538 845 sancti/ienuit
1561 787 1607 829 et
1633 776 1798 836 misit;
1825 784 1878 829 et
1903 786 2177 845 postquam
2210 775 2274 827 il-

705 868 875 921 lorum
899 866 1130 922 furorem
1157 867 1380 931 sedavit,
1406 875 1531 920 tunc
1551 871 1748 919 claram
1772 865 1927 919 affert
1946 865 2275 919 demonstra-

704 961 921 1014 tiOnem.
948 959 1158 1013 Interim
1184 968 1327 1023 vero,
1354 966 1408 1011 ut
1428 957 1795 1011 admitteretur
1817 957 1866 1010 id
1882 955 2021 1025 quod
2042 956 2271 1021 dicebat,

705 1052 958 1105 humilius
1000 1056 1247 1121 loquutus
1288 1062 1404 1117 est,
1437 1067 1497 1105 ac
1541 1051 1757 1105 demum
1796 1050 1862 1103 ad
1894 1050 2091 1117 majora
2132 1049 2272 1116 ipsos

705 1142 951 1207 adducit,
983 1142 1161 1196 dicens
1190 1160 1201 1194 :
1235 1144 1321 1196 57.
1357 1142 1417 1197 Si
1455 1155 1553 1195 non
1584 1142 1714 1212 facio
1741 1156 1893 1210 opera
1932 1134 2101 1193 Patris
2139 1139 2269 1205 mei,

706 1234 859 1286 nolite
886 1235 1084 1287 credere
1112 1236 1269 1298 nti/ti;
1298 1235 1383 1289 38.
1413 1236 1489 1287 sin
1519 1244 1686 1286 autem
1714 1234 1868 1302 facio,
1901 1235 1991 1287 etsi
2021 1234 2141 1285 mihi
2170 1251 2270 1286 non

695 1325 1159 1395 creditis,0peribus
1186 1328 1308 1380 meis
1336 1327 1537 1379 credite.
1572 1326 1752 1380 Viden‘
1773 1326 2036 1395 quomodo
2063 1326 2268 1393 probet,

698 1425 755 1469 ut
776 1416 884 1470 disi
906 1456 924 1482 ,
952 1431 1010 1471 se
1040 1418 1191 1471 Patre
1215 1419 1266 1471 in
1296 1418 1439 1473 nullo
1466 1417 1773 1471 inferiorem
1797 1431 1914 1470 esse
1934 1456 1949 1480 ,
1977 1418 2067 1469 sed
2091 1432 2268 1485 .aqua-

694 1503 799 1559 lem
829 1507 1085 1561 omnino?
1115 1507 1243 1572 Quia
1267 1507 1408 1561 enim
1437 1522 1539 1561 non
1563 1514 1769 1575 poterat
1791 1506 2079 1560 substantia
2105 1506 2269 1574 ipsius

695 1597 896 1663 videri,
938 1599 1005 1651 ab
1047 1612 1264 1665 operum
1296 1599 1595 1667 aequalitate
1633 1606 1687 1651 et
1732 1597 2004 1651 identitate
2049 1596 2267 1665 aequalis

689 1684 969 1757 potestatis
998 1689 1502 1742 demonstrationem
1532 1688 1702 1742 all‘ert.

757 1776 810 1832 5.
839 1778 1036 1846 Ecquid
1054 1819 1067 1839 ,
1095 1794 1275 1847 qtueso
1295 1819 1309 1842 ,
1338 1776 1659 1831 credemus?
1689 1776 1836 1843 Quod
1877 1792 1967 1845 ego
2004 1778 2057 1828 in
2089 1775 2261 1842 Patre,

691 1877 738 1920 et
770 1863 923 1921 Pater
946 1869 998 1921 in
1025 1885 1101 1921 me
1135 1870 1215 1922 sit.
1247 1868 1387 1922 Nihil
1430 1869 1571 1922 enim
1618 1866 1758 1922 aliud
1791 1878 1889 1936 ego
1917 1881 2055 1931 sum,
2108 1883 2263 1936 quant

686 1957 862 2021 Pater,
894 1973 1115 2013 manens
1144 1958 1343 2023 Filius;
1370 1958 1497 2011 nihil
1524 1957 1665 2011 aliud
1692 1966 1772 2011 est
1803 1958 1908 2023 ille,
1938 1973 2093 2027 quam
2125 1960 2263 2027 quod

685 2055 805 2115 ego,
835 2064 1055 2103 manens
1076 2049 1265 2103 Pater:
1296 2057 1349 2103 et
1368 2048 1455 2117 qui
1484 2063 1567 2101 me
1588 2048 1751 2112 novit,
1782 2049 1929 2101 novit
1950 2058 2001 2101 et
2029 2047 2259 2113 Patrem,

685 2134 726 2188 F
733 2137 982 2206 illumque
1006 2138 1203 2191 didicit.
1231 2135 1380 2205 Quod
1408 2139 1449 2191 si
1470 2138 1697 2204 potentia
1721 2137 1893 2190 minor
1921 2147 2081 2200 esset,
2101 2138 2258 2191 etiam

683 2228 912 2297 cognitio
932 2226 1061 2282 falsa
1080 2240 1239 2282 esset.
1266 2228 1443 2297 Neque
1458 2228 1598 2283 enim
1625 2228 1725 2281 alia
1751 2244 1842 2296 per
1858 2229 2016 2281 aliam
2034 2229 2110 2281 vel
2130 2244 2188 2281 su
2198 2230 2256 2282 b-

681 2318 871 2372 Stantia
895 2317 978 2372 vel
1002 2320 1232 2386 potentia
1248 2318 1377 2374 disci
1402 2328 1591 2388 potest.
1608 2318 1696 2374 59.
1715 2316 1987 2372 Voluerunt
2010 2335 2125 2389 ergo
2146 2335 2258 2371 eum

679 2408 1051 2476 apprehendere
1064 2426 1082 2463 :
1098 2420 1141 2462 et
1158 2410 1273 2462 exiit
1286 2411 1347 2463 de
1363 2410 1588 2463 manibus
1603 2426 1794 2473 eorum,
1812 2410 1900 2465 40.
1926 2422 1970 2463 et
1985 2410 2103 2463 abiit
2119 2421 2256 2465 trans

681 2498 987 2564 Iordanem,
1016 2498 1099 2553 ubi
1126 2511 1232 2554 erat
1264 2500 1488 2555 Joannes
1518 2502 1776 2570 baptisans
1804 2502 2039 2566 primum.
2065 2503 2155 2555 41.
2185 2501 2252 2555 Et

680 2591 824 2642 inulti
857 2603 1092 2645 venerunt
1130 2594 1196 2644 ad
1239 2609 1351 2646 eum
1374 2634 1387 2656 ,
1421 2602 1469 2645 et
1500 2591 1726 2645 dicebant
1751 2608 1771 2645 .'
1792 2591 2015 2646 Joannes
2058 2594 2256 2661 quidem

680 2682 877 2752 signum
929 2684 1043 2753 fecit
1083 2686 1309 2749 nullum;
1352 2688 1517 2737 omnia
1569 2694 1735 2737 autem
1778 2700 2101 2752 quacumque
2128 2686 2255 2739 dixit

678 2774 903 2829 Joannes
928 2776 992 2828 de
1016 2777 1109 2829 hoc
1129 2815 1142 2837 ,
1172 2793 1285 2830 uera
1331 2788 1460 2830 sunt.
1513 2777 1795 2845 Postquam
1827 2777 1968 2829 enim
1998 2792 2248 2847 maguum

680 2865 945 2936 quidpiam
970 2876 1023 2921 et
1051 2868 1277 2921 sublime
1300 2869 1454 2933 dixit,
1475 2867 1651 2921 statim
1678 2867 1901 2932 secedit,
1931 2867 2142 2921 illorum
2163 2882 2251 2923 ce-

678 2956 1027 3021 dens-furori,
1058 2967 1113 3011 ut
1143 2973 1235 3027 per
1261 2958 1553 3013 absentiam
1587 2958 1726 3013 illius
1754 2958 1969 3014 sedetur
1995 2970 2048 3014 et
2071 2963 2249 3030 sopia-

679 3059 781 3100 tur.
802 3046 951 3114 Quod
980 3050 1139 3102 etiam
1173 3057 1295 3103 tunc
1311 3049 1453 3103 fecit.
1479 3048 1580 3103 Sed
1603 3064 1696 3102 cur
1723 3050 2039 3119 evangelista
2075 3051 2246 3106 locum

677 3138 905 3191 indicat?
932 3138 997 3193 Ut
1018 3138 1187 3194 discas
1220 3141 1384 3208 ipsum
1408 3140 1523 3193 ideo
1554 3141 1687 3193 istuc
1716 3142 1930 3203 abiisse,
1959 3152 2013 3195 ut
2044 3143 2170 3211 ipsis
2193 3145 2245 3199 in

676 3228 981 3282 uicinoriam
1017 3230 1102 3282 illa
1146 3241 1455 3297 revocaret,
1485 3246 1602 3300 qua:
1630 3230 1861 3286 Joannes
1902 3232 2009 3287 illic
2051 3233 2248 3289 fecerat

672 3320 1021 3389 dixeratque,
1073 3336 1275 3376 necnon
1319 3322 1676 3376 testimonium
1732 3322 1913 3391 ipsius.
1958 3324 2245 3395 lstucergo

675 3421 794 3464 cum
837 3411 1144 3475 venissent,
1176 3414 1352 3466 statim
1378 3412 1601 3467 Joannis
1628 3412 1887 3467 recordati
1935 3424 2093 3479 sunt;
2126 3417 2245 3471 ideo

672 3504 871 3569 dicunt,
903 3503 1127 3557 Joannes
1158 3506 1351 3558 nullum
1388 3507 1503 3573 fecit
1529 3507 1763 3575 signant;
1796 3522 1914 3559 nam
1947 3506 2079 3561 alias
2117 3510 2241 3577 quid

671 3592 735 3646 ad
767 3610 876 3648 rem
910 3593 1121 3650 fecisset
1152 3596 1201 3649 id
1246 3596 1485 3651 addere?
1519 3597 1611 3651 sed
1649 3598 1768 3667 quia
1802 3598 1947 3652 locus
1995 3599 2241 3669 Baptistae

674 3687 983 3741 memoriam
1022 3688 1322 3751 revocavit,
1358 3702 1576 3743 JICCHOII
1608 3690 1722 3758 ejus
1763 3689 2067 3744 testimonii.
2112 3690 2241 3746 Vide

668 3787 841 3831 autem
864 3789 1021 3847 quam
1059 3788 1232 3833 certos
1268 3779 1599 3849 syllogismos
1624 3781 2235 3851 concinnent..foanues,

668 3867 932 3937 inquiunt,
962 3869 1162 3923 nullum
1190 3869 1312 3924 fecit
1336 3870 1580 3940 signum;
1634 3871 1720 3925 hic
1748 3871 1896 3941 signa
1925 3873 2045 3927 facit
2076 3890 2088 3925 :
2118 3877 2233 3931 hinc

665 3976 793 4029 ergo
829 3960 942 4029 ejus
973 3962 1325 4029 praecellentia
1351 3964 1661 4018 ostenditur.
1688 3963 1743 4020 Si
1781 3976 1908 4035 ergo
1939 3966 2008 4019 illi
2035 3966 2235 4022 nullum

664 4051 868 4119 signum
911 4049 1088 4106 edenti
1122 4052 1474 4117 credidimus,
1508 4053 1673 4107 multo
1700 4055 1865 4125 magis
1901 4058 2020 4111 huic
2046 4058 2235 4112 crede-

668 4157 801 4195 tuus.
835 4142 1053 4209 Deinde,
1083 4144 1203 4213 quia
1232 4143 1460 4198 Joannes
1482 4155 1595 4200 erat
1621 4146 1708 4213 qui
1736 4147 2091 4201 testimonium
2117 4165 2237 4217 pera

667 4231 929 4298 hihuerat,
965 4250 1030 4286 ne
1051 4235 1171 4302 quia
1204 4234 1410 4303 signum
1436 4250 1538 4289 non
1569 4231 1783 4300 fecerat,
1805 4238 2049 4307 indiguus
2074 4239 2235 4294 fuisse

667 4330 942 4389 putaretur
969 4324 1059 4391 qui
1105 4324 1463 4378 testimonium
1494 4323 1675 4388 ferret,
1708 4324 1995 4393 adjiciunt,
2028 4327 2235 4383 etiamsi

665 4418 871 4482 signum
898 4429 1003 4467 non
1032 4414 1233 4480 fecerit,
1264 4430 1385 4469 vera
1410 4425 1583 4471 tamen
1621 4417 1797 4470 omnia
1824 4416 1891 4472 de
1915 4416 2129 4472 Christo
2150 4420 2232 4473 di—

663 4508 821 4571 xissc,
853 4508 924 4562 ita
968 4517 1022 4560 ut
1053 4522 1157 4562 non
1187 4508 1432 4564 Christus
1461 4525 1523 4563 ex
1554 4509 1664 4574 illo,
1696 4510 1789 4565 sed
1815 4510 1904 4565 ille
1948 4526 2016 4565 ex
2052 4514 2233 4581 Operi:-

661 4602 759 4655 hus
781 4603 975 4657 Christi
1009 4602 1110 4658 fide
1135 4604 1323 4674 dignus
1347 4606 1647 4681 haberetur.
1680 4605 1766 4660 42.
1795 4605 1944 4660 Μαιιί
1973 4626 2089 4679 ergo
2118 4627 2229 4663 ere.

660 4695 892 4748 diderunt
920 4699 971 4749 in
1018 4712 1151 4751 eum.
1196 4697 1351 4752 Multa
1380 4699 1519 4753 enim
1554 4699 1672 4753 illos
1696 4698 2056 4753 attrabebaut.
2098 4700 2229 4757 Nam

662 4789 924 4842 recordati
954 4800 1078 4844 sunt
1114 4790 1394 4845 verborum
1427 4792 1541 4860 ejus
1560 4833 1575 4857 ,
1603 4806 1725 4845 cum
1754 4792 1927 4861 ipsum
1956 4808 2013 4847 sc
2052 4793 2227 4847 fortio-

660 4896 769 4934 rem
797 4880 1026 4946 dicebat,
1054 4882 1245 4947 lucem,
1277 4884 1453 4947 vitam,
1494 4884 1763 4938 veritatem
1794 4893 2093 4953 ceteraque
2118 4902 2231 4939 υπη-

659 4975 763 5036 uia;
791 4973 937 5027 vocis
957 4986 1167 5044 quoque
1195 4976 1424 5043 desuper
1448 4975 1620 5029 allatzr
1644 5017 1658 5041 ,
1684 4975 2019 5046 Spiritusqtte
2055 4978 2233 5044 Slit't'ie

663 5066 916 5119 columba:
939 5068 1263 5134 apparentis,
1308 5068 1580 5137 ipsumque
1609 5068 1852 5124 omnibus
1878 5069 2226 5126 ostendentis.

665 5152 739 5206 Ad
780 5153 893 5207 haec
921 5155 1294 5209 miraculorum
1339 5156 1723 5211 demonstratio
1763 5157 2079 5221 accedebat;
2126 5174 2228 5229 qua

660 5246 1128 5301 conﬁrmabantur.
1150 5247 1276 5301 Nam
1296 5250 1338 5301 si
1361 5246 1571 5310 Joanni,
1596 5248 1853 5319 inquiunt,
1876 5250 2224 5314 credendum,

652 5340 823 5394 multo
853 5341 1022 5409 magis
1065 5340 1207 5394 huic.
1244 5339 1303 5395 Si
1341 5342 1542 5411 absque
1570 5342 1735 5411 signis
1765 5342 1835 5396 illi
1884 5342 2227 5407 credidimus,

646 5433 822 5489 multo
852 5432 1021 5502 magis
1052 5432 1195 5496 huic,
1224 5433 1311 5501 qui
1342 5433 1482 5488 illius
1503 5431 1808 5488 testiumuio
1828 5433 2149 5497 celebratus,
2178 5438 2231 5489 et

645 5540 715 5577 cx
738 5524 901 5594 signis
929 5524 1325 5579 demoustratus
1352 5534 1452 5585 est.

633 5600 639 5611 ί
721 5614 1084 5685 Tranquillitas
1113 5627 1361 5687 quantum
1389 5620 1572 5673 animat
1600 5619 1776 5683 prosit.
1808 5618 1987 5671 Anima
2015 5634 2044 5669 η
2076 5634 2220 5688 nego-

659 5708 732 5757 tiis
756 5723 957 5774 vacans,
989 5707 1037 5761 in
1066 5720 1210 5777 portu
1233 5708 1388 5761 sedet.
1420 5707 1691 5762 Mulierum
1716 5709 2023 5778 ofﬁciunt.“
2043 5708 2223 5764 Videu‘

1404 300 1454 355 S.
1495 298 1767 354 JOASNIS
1804 288 2272 354 (LIIRYSOSTOMI
2312 287 2623 350 ARCHIEP.
2666 286 3195 351 CUNSTANTINOP.

3875 292 3969 351 εἰ(

2386 415 2639 474 quantum
2671 406 2773 461 illis
2801 407 2946 460 locus
2988 406 3275 474 profucrit,
3310 416 3563 475 quantum
3615 413 3975 478 sequestratio

2384 510 2412 546 a
2454 496 2578 549 vii-is
2623 496 2919 565 improbis?
2962 498 3084 550 Ideo
3126 497 3243 551 illos
3286 498 3587 567 lrrquenter
3625 500 3691 553 ab
3746 502 3971 555 istorum

2383 588 2652 641 consortio
2680 588 2913 641 abducit.
2950 588 3099 653 Quod
3147 589 3306 642 etiam
3346 590 3397 642 in
3429 591 3594 645 veteri
3631 592 3747 661 lege
3779 591 3974 647 fecisse

2382 677 2816 745 deprehenditur.
2846 677 3058 732 ludar-os
3087 678 3271 748 procul
3292 680 3361 733 ab
3382 678 3643 751 Egyptiis
3671 682 3723 736 in
3754 682 3974 736 deserto

2382 767 2695 837 informaus,
2719 780 2771 823 et
2796 770 2945 825 sicin
2972 771 3218 825 omnibus
3237 772 3538 828 instituens.
3568 774 3619 827 ld
3644 774 3786 843 quod
3809 776 3973 829 etiam

2382 859 2537 913 nubis
2563 861 2857 914 iaciendum
2889 864 3095 925 suadet,
3122 864 3315 929 jubens
3344 866 3517 918 forum
3544 865 3737 928 vitare,
3774 868 3972 920 tumul-

2381 959 2595 1019 tumque
2623 961 2678 1005 et
2705 954 2933 1017 turbam,
2960 963 3119 1022 atque
3142 954 3192 1007 in
3220 953 3467 1009 cubiculo
3484 956 3771 1025 tranquille
3786 974 3966 1013 orare.

2378 1040 2625 1096 Navicula
2653 1044 2795 1097 enim
2820 1051 3133 1113 tempestate
3155 1056 3259 1098 non
3287 1046 3502 1115 agitata,
3536 1048 3775 1102 secundo
3804 1061 3969 1103 vento

2316 1133 2589 1201 omavigat
2621 1151 2634 1187 :
2667 1134 2950 1203 animaque
2977 1150 3006 1187 a
3037 1136 3262 1208 negotiis
3293 1150 3490 1191 vacans
3517 1140 3568 1191 in
3601 1146 3758 1207 portu
3788 1138 3963 1193 sedet.

2378 1222 2607 1293 Ideoque
2654 1226 2903 1280 mulieres
2966 1226 3315 1296 pltiloSOphia:
3354 1229 3522 1297 magis
3570 1228 3779 1284 deditas
3842 1246 3965 1285 esse

2375 1324 2665 1385 Oporteret,
2698 1332 2857 1383 quam
2882 1317 3044 1380 viros,
3068 1333 3186 1386 qua:
3209 1318 3284 1371 rei
3318 1317 3560 1373 familiari
3583 1330 3642 1373 ut
3671 1321 3962 1388 plurimum

2377 1408 2705 1462 incumbunt.
2736 1408 2824 1463 Sic
2854 1408 3019 1464 Iacob
3045 1412 3336 1480 simplicior
3363 1414 3479 1477 fuit,
3514 1414 3602 1483 qui
3627 1413 3771 1467 domi
3804 1414 3962 1470 babis

2376 1506 2541 1560 turct,
2590 1513 2618 1552 a
2670 1498 2980 1552 tumultibus
3028 1499 3182 1553 liber.
3216 1500 3399 1571 Neque
3446 1503 3587 1557 enim
3636 1504 3754 1558 sine
3798 1520 3959 1558 causa

2374 1589 2486 1642 hinc
2514 1588 2785 1658 Scriptura
2832 1591 2983 1655 dixit,
3022 1590 3270 1645 (labimus
3305 1594 3507 1646 domum
3540 1596 3689 1663 (Gen.
3722 1594 3810 1651 9.3.
3840 1597 3957 1665 27).

2370 1680 2528 1750 Atqui
2554 1681 2696 1734 domi
2720 1684 2902 1744 etiam,
2933 1683 3163 1751 inquies,
3199 1700 3423 1752 magnus
3449 1689 3727 1739 tumultus.
3775 1687 3959 1756 Siqui-

2370 1769 2487 1824 dmtt
2521 1778 2573 1824 tu
2604 1772 2701 1835 vis.
2732 1782 2787 1826 et
2815 1772 3007 1826 multas
3038 1772 3129 1827 tibi
3156 1774 3379 1829 attrahis
3403 1791 3575 1831 curas.
3604 1775 3698 1831 Vir
3722 1790 3874 1834 certe
3904 1781 3960 1834 in

2368 1862 2543 1914 medio
2571 1861 2707 1927 loro,
2739 1870 2794 1916 et
2823 1877 2919 1931 pro
2946 1863 3217 1929 tribunali,
3242 1867 3480 1919 externis
3503 1866 3659 1921 rebus
3685 1871 3833 1937 quasi
3858 1872 3959 1925 llu-

2368 1951 2539 2006 ctibus
2565 1952 2792 2021 agitatur
2824 1967 2837 2004 :
2864 1953 3057 2007 mulier
3074 1970 3222 2020 vero,
3253 1970 3346 2009 seu
3374 1957 3425 2010 in
3457 1958 3687 2027 quodam
3716 1959 3960 2029 philoso-

2367 2043 2505 2110 phiae
2532 2046 2827 2114 gymnasio,
2862 2045 3004 2098 domi
3034 2046 3248 2112 sedens,
3281 2058 3512 2103 mentem
3544 2051 3818 2121 colligens,
3857 2065 3961 2121 po—

2368 2131 2486 2185 terit
2524 2144 2575 2186 et
2605 2133 2855 2202 precibus
2894 2144 2948 2189 et
2994 2134 3209 2190 lectioni
3235 2140 3551 2207 cmterisque
3598 2139 3957 2212 pbi'rJSOphia:

2363 2225 2629 2278 exercitiis
2660 2225 2986 2281 incumbere.
3015 2230 3092 2281 Ac
3118 2228 3561 2297 quemadmodum
3585 2233 3617 2286 ii
3654 2235 3743 2300 qui
3765 2236 3959 2290 deser-

2364 2327 2473 2369 tum
2505 2316 2758 2384 incolunt,
2788 2332 2816 2371 a
2850 2319 3063 2373 nemine
3084 2319 3398 2375 turbantur:
3424 2321 3498 2377 sic
3521 2324 3710 2378 mulier
3734 2340 3957 2396 semper

2363 2408 2502 2461 intus
2532 2422 2775 2472 manens,
2810 2418 3062 2477 perpetua
3088 2411 3277 2479 poterit
3307 2411 3407 2465 frui
3444 2414 3847 2482 tranquillitate.
3893 2418 3954 2473 δε

2360 2500 2571 2570 quando
2598 2512 2774 2555 autem
2793 2502 2953 2556 domo
2982 2504 3048 2556 sit
3067 2502 3390 2571 exeundum,
3414 2505 3555 2561 nulla
3588 2507 3709 2560 inde
3739 2519 3954 2577 pertur-

2361 2590 2588 2647 bationis
2618 2608 2799 2647 causa.
2827 2594 2952 2649 Sive
2978 2593 3117 2648 enim
3148 2595 3198 2647 in
3231 2595 3509 2651 ecclesiam
3552 2598 3799 2663 veniant,
3829 2600 3954 2657 sive

2356 2677 2422 2736 ad
2449 2684 2689 2739 balneum
2736 2686 2805 2738 sit
2854 2686 3213 2755 pergendum,
3255 2702 3397 2756 saepe
3425 2697 3685 2756 coguntur
3725 2688 3949 2757 quidem

2356 2772 2605 2828 mulieres
2635 2774 2782 2828 exire
2814 2792 2828 2827 :
2866 2783 2922 2827 ut
2948 2774 3229 2845 plurimum
3255 2784 3431 2829 autem
3463 2777 3602 2830 domi
3630 2789 3780 2831 sedet
3818 2794 3951 2832 mu-

2357 2863 2475 2927 lier,
2506 2874 2784 2933 potestque
2816 2865 3205 2934 philosophari,
3234 2865 3719 2936 adventantemque
3763 2870 3947 2924 virum

2356 2955 2719 3023 perturbatum
2766 2957 2975 3020 sedare,
3006 2970 3367 3024 compescere,
3402 2955 3701 3024 superfluos
3728 2973 3791 3011 ac
3818 2974 3949 3013 mo-

2353 3046 2515 3100 lestos
2540 3048 2657 3116 ejus
2685 3048 2948 3118 cogitatus
2966 3048 3265 3115 elimiuare,
3294 3056 3349 3103 et
3375 3048 3454 3104 sie
3483 3064 3665 3104 rursus
3691 3050 3950 3109 emittere

2350 3141 2496 3194 curis
2523 3141 2573 3194 in
2615 3139 2733 3194 foro
2767 3140 3032 3210 susceptis
3075 3154 3334 3209 vacuum,
3374 3149 3429 3196 et
3457 3141 3595 3197 liena
3640 3157 3759 3213 qua:
3788 3142 3948 3199 domi

2350 3229 2536 3285 όίάΜι
2564 3246 2744 3285 secum
2778 3231 3058 3286 ferentem.
3082 3230 3221 3286 Nihil
3248 3234 3413 3299 enim,
3450 3231 3579 3286 nihil
3608 3234 3791 3302 utique
3820 3232 3949 3290 for-

2350 3320 2453 3375 tius
2484 3320 2706 3374 muliere
2754 3321 2835 3389 pia
2884 3332 2938 3376 et
2989 3320 3282 3390 prudente,
3340 3331 3396 3375 ut
3435 3324 3604 3376 virum
3651 3325 3946 3392 informet,

2347 3410 2567 3479 ejusque
2596 3411 2849 3476 animam,
2885 3420 2940 3465 ut
2962 3413 3209 3477 voluerit,
3245 3413 3506 3468 instituat.
3540 3414 3657 3469 Non
3686 3419 3902 3472 amicos
3926 3452 3945 3486 ,

2348 3516 2452 3555 non
2480 3502 2749 3568 doctores,
2772 3514 2877 3556 non
2905 3504 3171 3573 principes
3193 3504 3415 3573 perinde
3440 3506 3593 3571 feret,
3626 3515 3682 3561 ut
3709 3524 3945 3565 uxorem

2347 3604 2672 3656 monentem,
2701 3602 2753 3647 et
2774 3594 3056 3647 consilium
3076 3593 3308 3649 dantem.
3341 3595 3557 3651 Munitio
3586 3597 3782 3667 quippe
3811 3602 3947 3657 talis

2343 3700 2463 3741 cum
2492 3685 2717 3755 quadam
2750 3685 3021 3754 voluptate
3048 3686 3331 3754 conjuncta
3359 3695 3474 3753 est,
3499 3687 3640 3758 quod
3672 3690 3758 3744 illa
3788 3693 3946 3745 mul-

2344 3788 2454 3832 tum
2492 3787 2719 3833 ametur.
2772 3777 2962 3832 Multos
3014 3793 3224 3847 possem
3275 3779 3468 3834 alIerre
3503 3785 3646 3836 viros
3682 3797 3939 3851 asperos,

2344 3872 2749 3942 immorigeros,
2782 3871 2850 3925 ab
2898 3872 3149 3927 uxoribus
3200 3873 3486 3942 mitigatos.
3534 3875 3681 3930 Uxor
3723 3877 3819 3931 viri
3880 3890 3947 3935 et

2343 3979 2541 4018 mensa:
2567 3972 2621 4019 ct
2662 3965 2781 4018 lecti
2826 3974 2878 4019 et
2918 3965 3210 4021 liberorum
3252 3969 3637 4035 procreationis
3680 3985 3939 4036 consors,

2342 4056 2451 4123 ipsa
2476 4056 2684 4110 conscia
2716 4056 2979 4110 dictorum
3004 4066 3054 4113 et
3073 4066 3413 4122 arcanorum,
3437 4060 3709 4129 ingressus
3733 4072 3788 4117 et
3808 4067 3944 4118 exi-

2342 4157 2447 4210 tus,
2492 4149 2947 4216 plurimorumque
2974 4149 3225 4215 aliorum,
3255 4150 3307 4202 in
3337 4152 3586 4205 omnibus
3616 4152 3807 4208 marito
3830 4154 3945 4211 de-

2340 4239 2470 4303 dita,
2501 4249 2556 4293 et
2584 4241 2659 4292 sic
2692 4239 2763 4292 illi
2789 4239 2997 4308 juncta,
3028 4249 3083 4294 ut
3122 4256 3216 4310 par
3247 4251 3329 4295 est
3357 4256 3550 4311 corpus
3577 4246 3734 4313 capiti
3757 4260 3941 4317 copu-

2340 4331 2458 4393 lari,
2486 4331 2529 4385 si
2571 4331 2802 4400 prudens
2826 4332 2895 4385 sit
2926 4341 2979 4385 et
3002 4332 3247 4401 diligens,
3289 4335 3407 4403 plus
3427 4349 3585 4405 quam
3612 4350 3801 4393 omnes
3832 4339 3940 4395 alii

2339 4422 2620 4492 conjugem
2652 4422 2850 4477 fovebit
2874 4433 2927 4477 et
2953 4423 3179 4477 curabit.

2408 4515 2458 4569 4.
2493 4505 2678 4569 Uxoris
2708 4514 2997 4567 christiana:
3022 4514 3204 4583 agendi
3226 4516 3354 4569 ratio
3381 4516 3547 4585 qualis
3572 4533 3681 4571 esse
3703 4519 3940 4587 debeat;

2336 4606 2484 4675 quale
2521 4607 2587 4658 sit
2626 4606 2786 4674 ipsius
2828 4621 2998 4659 verum
3043 4606 3663 4676 derum—Quamobrem
3700 4610 3939 4679 hortor,

2338 4706 2396 4751 ut
2442 4710 2659 4767 operam
2682 4697 2757 4750 illi
2786 4696 2863 4751 rei
2894 4697 3042 4762 deut,
3074 4709 3128 4752 et
3155 4715 3273 4768 qum
3302 4700 3495 4755 decent
3533 4702 3816 4758 suadeant.
3863 4706 3945 4764 Us

2337 4790 2477 4845 enim
2509 4790 2572 4841 ad
2604 4790 2848 4843 virtutem
2875 4804 3029 4853 uxor,
3053 4790 3131 4844 sic
3159 4800 3213 4845 et
3237 4791 3302 4845 ad
3345 4794 3635 4862 nequitiam
3667 4796 3945 4854 inducen-

2337 4881 2457 4935 dam
2489 4881 2707 4935 multam
2739 4883 2843 4934 vim
2892 4881 3063 4936 habet.
3114 4882 3299 4938 Mulier
3353 4885 3696 4948 Ahsalonem,
3728 4890 3945 4946 mulier

2338 4976 2632 5029 Amnonem
2682 4975 2931 5043 perdidit,
2988 4976 3179 5030 mulier
3223 4976 3416 5032 Jobum
3466 4980 3689 5048 perdere
3731 4997 3946 5040 conata

2336 5077 2417 5121 est
2447 5085 2459 5120 :
2488 5084 2623 5122 uxor
2649 5067 2901 5123 Nahalem
2928 5084 2957 5121 a
2980 5069 3123 5125 caede
3138 5071 3353 5141 eripuit,
3378 5072 3572 5127 mulier
3593 5084 3756 5130 totam
3791 5092 3949 5148 gen-

2336 5166 2441 5211 tem
2479 5159 2729 5212 servavit.
2762 5158 2893 5213 Nam
2924 5159 3129 5213 Debora
3159 5170 3214 5214 et
3259 5160 3441 5218 Juditb
3463 5203 3477 5225 ,
3508 5172 3562 5218 et
3591 5164 3709 5219 alite
3739 5167 3951 5226 multa:

2338 5248 2718 5318 imperatorum
2752 5249 2918 5318 probe
2957 5250 3154 5305 iunctm
3181 5262 3305 5306 sunt
3331 5253 3527 5308 officio.
3559 5255 3683 5311 Ideo
3730 5256 3953 5317 Paulus

2336 5341 2410 5393 ait
2439 5359 2450 5393 :
2483 5340 2616 5407 Quid
2656 5341 2787 5393 enim
2817 5343 2916 5395 scis
2936 5382 2949 5404 ,
2983 5343 3198 5409 mulier,
3237 5360 3303 5396 an
3330 5345 3492 5399 virum
3534 5346 3729 5400 solrum
3772 5354 3953 5420 [acies

2336 5432 2416 5499 (l.
2450 5431 2565 5486 Cor.
2595 5432 2645 5484 7.
2682 5432 2811 5500 16)?
2845 5431 3058 5502 Illisque
3092 5435 3421 5502 temporibus
3451 5436 3701 5505 Persida,
3737 5450 3792 5494 et
3824 5441 3955 5497 Ma-

2339 5523 2472 5575 riam
2515 5533 2567 5576 et
2597 5522 2913 5584 Priscillam,
2944 5525 3250 5592 apostolicis
3276 5528 3659 5583 certaminibus
3699 5544 3760 5585 se
3789 5532 3957 5590 ἀραία

2338 5613 2483 5669 disse
2518 5614 2716 5668 scimus
2744 5613 2917 5681 (Rom.
2946 5614 3051 5684 l6).
3086 5616 3228 5682 Quas
3255 5626 3305 5671 et
3334 5633 3429 5672 vos
3459 5619 3651 5673 imitari
3684 5620 3917 5681 debetis
3939 5669 3957 5691 ,

2340 5723 2435 5760 nu:
2468 5706 2640 5760 verbis
2662 5707 2855 5773 Solum,
2888 5707 2981 5761 sed
3010 5708 3170 5763 etiam
3198 5709 3449 5781 cperibus
3471 5712 3731 5782 eonjuges
3758 5714 3955 5773 Μυτ-
