  <div class='ocr_page' id='page_1' title='image "/cluster/home/n/w/nwhite01/storage/ocr_20150623/59/pst.000005712595/340.png"; bbox 0 0 4164 6330; ppageno 0'>
   <div class='ocr_carea' id='block_1_1' title="bbox 211 406 317 466">
    <p class='ocr_par' dir='ltr' id='par_1_1' title="bbox 211 406 317 466">
     <span class='ocr_line' id='line_1_1' title="bbox 211 406 317 466; baseline -0.019 0"><span class='ocrx_word' id='word_1_1' title='bbox 211 406 317 466; x_wconf 70' lang='grc'><strong>541</strong></span> 
     </span>
    </p>
   </div>
   <div class='ocr_carea' id='block_1_2' title="bbox 214 507 1824 585">
    <p class='ocr_par' dir='ltr' id='par_1_2' title="bbox 214 507 1824 585">
     <span class='ocr_line' id='line_1_2' title="bbox 214 507 1824 585; baseline -0.007 -10"><span class='ocrx_word' id='word_1_2' title='bbox 214 532 394 575; x_wconf 86' lang='lat' dir='ltr'><strong>mare.</strong></span> <span class='ocrx_word' id='word_1_3' title='bbox 416 514 482 571; x_wconf 85' lang='lat' dir='ltr'><strong>Et</strong></span> <span class='ocrx_word' id='word_1_4' title='bbox 497 509 769 585; x_wconf 87' lang='lat' dir='ltr'><strong>quomodo</strong></span> <span class='ocrx_word' id='word_1_5' title='bbox 792 508 1040 565; x_wconf 89' lang='lat' dir='ltr'><strong>maritum</strong></span> <span class='ocrx_word' id='word_1_6' title='bbox 1060 507 1311 578; x_wconf 81' lang='lat' dir='ltr'><strong>operibus</strong></span> <span class='ocrx_word' id='word_1_7' title='bbox 1325 510 1637 565; x_wconf 86' lang='lat' dir='ltr'><strong>erudiemus</strong></span> <span class='ocrx_word' id='word_1_8' title='bbox 1652 510 1675 561; x_wconf 81' lang='lat'><strong>?</strong></span> <span class='ocrx_word' id='word_1_9' title='bbox 1690 507 1824 563; x_wconf 90' lang='lat' dir='ltr'><strong>Cum</strong></span> 
     </span>
    </p>
   </div>
   <div class='ocr_carea' id='block_1_3' title="bbox 213 600 1825 676">
    <p class='ocr_par' dir='ltr' id='par_1_3' title="bbox 213 600 1825 676">
     <span class='ocr_line' id='line_1_3' title="bbox 213 600 1825 676; baseline -0.007 -10"><span class='ocrx_word' id='word_1_10' title='bbox 213 620 271 666; x_wconf 87' lang='lat' dir='ltr'><strong>te</strong></span> <span class='ocrx_word' id='word_1_11' title='bbox 304 608 503 665; x_wconf 75' lang='lat' dir='ltr'><strong>videbit</strong></span> <span class='ocrx_word' id='word_1_12' title='bbox 543 619 647 660; x_wconf 87' lang='lat' dir='ltr'><strong>nec</strong></span> <span class='ocrx_word' id='word_1_13' title='bbox 675 601 971 674; x_wconf 80' lang='lat' dir='ltr'><strong>improbam</strong></span> <span class='ocrx_word' id='word_1_14' title='bbox 993 643 1007 667; x_wconf 91' lang='lat'><strong>,</strong></span> <span class='ocrx_word' id='word_1_15' title='bbox 1036 613 1135 655; x_wconf 88' lang='lat' dir='ltr'><strong>nec</strong></span> <span class='ocrx_word' id='word_1_16' title='bbox 1160 600 1453 667; x_wconf 88' lang='lat' dir='ltr'><strong>curiosam,</strong></span> <span class='ocrx_word' id='word_1_17' title='bbox 1484 617 1583 657; x_wconf 89' lang='lat' dir='ltr'><strong>nec</strong></span> <span class='ocrx_word' id='word_1_18' title='bbox 1603 611 1825 676; x_wconf 70' lang='lat' dir='ltr'><strong>ornatus</strong></span> 
     </span>
    </p>
   </div>
   <div class='ocr_carea' id='block_1_4' title="bbox 213 693 1823 765">
    <p class='ocr_par' dir='ltr' id='par_1_4' title="bbox 213 693 1823 765">
     <span class='ocr_line' id='line_1_4' title="bbox 213 693 1823 765; baseline -0.004 -10"><span class='ocrx_word' id='word_1_19' title='bbox 213 708 514 762; x_wconf 86' lang='lat' dir='ltr'><strong>amantem,</strong></span> <span class='ocrx_word' id='word_1_20' title='bbox 562 710 671 752; x_wconf 91' lang='lat' dir='ltr'><strong>non</strong></span> <span class='ocrx_word' id='word_1_21' title='bbox 701 694 999 765; x_wconf 81' lang='lat' dir='ltr'><strong>superfluos</strong></span> <span class='ocrx_word' id='word_1_22' title='bbox 1024 700 1276 763; x_wconf 88' lang='lat' dir='ltr'><strong>sumptus</strong></span> <span class='ocrx_word' id='word_1_23' title='bbox 1303 702 1675 764; x_wconf 80' lang='lat' dir='ltr'><strong>expetentem,</strong></span> <span class='ocrx_word' id='word_1_24' title='bbox 1727 693 1823 749; x_wconf 88' lang='lat' dir='ltr'><strong>sed</strong></span> 
     </span>
    </p>
   </div>
   <div class='ocr_carea' id='block_1_5' title="bbox 212 785 1819 862">
    <p class='ocr_par' dir='ltr' id='par_1_5' title="bbox 212 785 1819 862">
     <span class='ocr_line' id='line_1_5' title="bbox 212 785 1819 862; baseline -0.005 -14"><span class='ocrx_word' id='word_1_25' title='bbox 212 790 577 862; x_wconf 69' lang='lat' dir='ltr'><strong>prrcsentibus</strong></span> <span class='ocrx_word' id='word_1_26' title='bbox 613 798 959 851; x_wconf 85' lang='lat' dir='ltr'><strong>contentam;</strong></span> <span class='ocrx_word' id='word_1_27' title='bbox 994 794 1120 841; x_wconf 87' lang='lat' dir='ltr'><strong>tunc</strong></span> <span class='ocrx_word' id='word_1_28' title='bbox 1169 793 1224 842; x_wconf 88' lang='lat' dir='ltr'><strong>te</strong></span> <span class='ocrx_word' id='word_1_29' title='bbox 1264 786 1637 842; x_wconf 91' lang='lat' dir='ltr'><strong>consulentem</strong></span> <span class='ocrx_word' id='word_1_30' title='bbox 1656 785 1819 843; x_wconf 87' lang='lat' dir='ltr'><strong>feret.</strong></span> 
     </span>
    </p>
   </div>
   <div class='ocr_carea' id='block_1_6' title="bbox 212 877 1822 949">
    <p class='ocr_par' dir='ltr' id='par_1_6' title="bbox 212 877 1822 949">
     <span class='ocr_line' id='line_1_6' title="bbox 212 877 1822 949; baseline -0.003 -11"><span class='ocrx_word' id='word_1_31' title='bbox 212 884 270 938; x_wconf 98' lang='lat' dir='ltr'><strong>Si</strong></span> <span class='ocrx_word' id='word_1_32' title='bbox 304 892 489 938; x_wconf 84' lang='lat' dir='ltr'><strong>autem</strong></span> <span class='ocrx_word' id='word_1_33' title='bbox 516 882 697 937; x_wconf 78' lang='lat' dir='ltr'><strong>verbis</strong></span> <span class='ocrx_word' id='word_1_34' title='bbox 742 877 1165 949; x_wconf 79' lang='lat' dir='ltr'><strong>philosopheris,</strong></span> <span class='ocrx_word' id='word_1_35' title='bbox 1196 879 1359 934; x_wconf 83' lang='lat' dir='ltr'><strong>rebus</strong></span> <span class='ocrx_word' id='word_1_36' title='bbox 1393 894 1524 933; x_wconf 90' lang='lat' dir='ltr'><strong>vero</strong></span> <span class='ocrx_word' id='word_1_37' title='bbox 1552 880 1822 933; x_wconf 87' lang='lat' dir='ltr'><strong>contraria</strong></span> 
     </span>
    </p>
   </div>
   <div class='ocr_carea' id='block_1_7' title="bbox 212 968 1822 1041">
    <p class='ocr_par' dir='ltr' id='par_1_7' title="bbox 212 968 1822 1041">
     <span class='ocr_line' id='line_1_7' title="bbox 212 968 1822 1041; baseline -0.002 -14"><span class='ocrx_word' id='word_1_38' title='bbox 212 973 437 1041; x_wconf 76' lang='lat' dir='ltr'><strong>feceris,</strong></span> <span class='ocrx_word' id='word_1_39' title='bbox 471 984 598 1027; x_wconf 91' lang='lat' dir='ltr'><strong>tunc</strong></span> <span class='ocrx_word' id='word_1_40' title='bbox 619 970 999 1040; x_wconf 73' lang='lat' dir='ltr'><strong>loquacitatem</strong></span> <span class='ocrx_word' id='word_1_41' title='bbox 1023 980 1167 1026; x_wconf 90' lang='lat' dir='ltr'><strong>tuam</strong></span> <span class='ocrx_word' id='word_1_42' title='bbox 1194 969 1487 1024; x_wconf 90' lang='lat' dir='ltr'><strong>damnabit.</strong></span> <span class='ocrx_word' id='word_1_43' title='bbox 1520 969 1615 1025; x_wconf 88' lang='lat' dir='ltr'><strong>Sin</strong></span> <span class='ocrx_word' id='word_1_44' title='bbox 1644 968 1822 1024; x_wconf 91' lang='lat' dir='ltr'><strong>verbis</strong></span> 
     </span>
    </p>
   </div>
   <div class='ocr_carea' id='block_1_8' title="bbox 211 1059 1823 1131">
    <p class='ocr_par' dir='ltr' id='par_1_8' title="bbox 211 1059 1823 1131">
     <span class='ocr_line' id='line_1_8' title="bbox 211 1059 1823 1131; baseline -0.002 -12"><span class='ocrx_word' id='word_1_45' title='bbox 211 1065 376 1119; x_wconf 83' lang='lat' dir='ltr'><strong>simul</strong></span> <span class='ocrx_word' id='word_1_46' title='bbox 403 1073 458 1119; x_wconf 90' lang='lat' dir='ltr'><strong>et</strong></span> <span class='ocrx_word' id='word_1_47' title='bbox 482 1059 736 1131; x_wconf 82' lang='lat' dir='ltr'><strong>cperibus</strong></span> <span class='ocrx_word' id='word_1_48' title='bbox 755 1059 1058 1117; x_wconf 85' lang='lat' dir='ltr'><strong>doctrinam</strong></span> <span class='ocrx_word' id='word_1_49' title='bbox 1090 1060 1315 1125; x_wconf 84' lang='lat' dir='ltr'><strong>inferas,</strong></span> <span class='ocrx_word' id='word_1_50' title='bbox 1357 1069 1482 1115; x_wconf 90' lang='lat' dir='ltr'><strong>tunc</strong></span> <span class='ocrx_word' id='word_1_51' title='bbox 1512 1070 1564 1114; x_wconf 87' lang='lat' dir='ltr'><strong>te</strong></span> <span class='ocrx_word' id='word_1_52' title='bbox 1592 1060 1823 1130; x_wconf 92' lang='lat' dir='ltr'><strong>excipiet</strong></span> 
     </span>
    </p>
   </div>
   <div class='ocr_carea' id='block_1_9' title="bbox 210 1152 1822 1226">
    <p class='ocr_par' dir='ltr' id='par_1_9' title="bbox 210 1152 1822 1226">
     <span class='ocr_line' id='line_1_9' title="bbox 210 1152 1822 1226; baseline -0.002 -16"><span class='ocrx_word' id='word_1_53' title='bbox 210 1166 380 1226; x_wconf 81' lang='lat' dir='ltr'><strong>atque</strong></span> <span class='ocrx_word' id='word_1_54' title='bbox 412 1154 581 1224; x_wconf 87' lang='lat' dir='ltr'><strong>magis</strong></span> <span class='ocrx_word' id='word_1_55' title='bbox 607 1152 1007 1224; x_wconf 87' lang='lat' dir='ltr'><strong>obtemperabit</strong></span> <span class='ocrx_word' id='word_1_56' title='bbox 1036 1171 1051 1207; x_wconf 91' lang='lat'>:</span> <span class='ocrx_word' id='word_1_57' title='bbox 1085 1161 1143 1207; x_wconf 93' lang='lat' dir='ltr'><strong>ut</strong></span> <span class='ocrx_word' id='word_1_58' title='bbox 1164 1167 1287 1207; x_wconf 93' lang='lat' dir='ltr'><strong>cum</strong></span> <span class='ocrx_word' id='word_1_59' title='bbox 1314 1167 1500 1205; x_wconf 87' lang='lat' dir='ltr'><strong>aurum</strong></span> <span class='ocrx_word' id='word_1_60' title='bbox 1533 1166 1639 1206; x_wconf 93' lang='lat' dir='ltr'><strong>non</strong></span> <span class='ocrx_word' id='word_1_61' title='bbox 1676 1168 1822 1220; x_wconf 73' lang='lat' dir='ltr'><strong>quae-</strong></span> 
     </span>
    </p>
   </div>
   <div class='ocr_carea' id='block_1_10' title="bbox 206 1244 1819 1317">
    <p class='ocr_par' dir='ltr' id='par_1_10' title="bbox 206 1244 1819 1317">
     <span class='ocr_line' id='line_1_10' title="bbox 206 1244 1819 1317; baseline -0.003 -14"><span class='ocrx_word' id='word_1_62' title='bbox 206 1264 322 1314; x_wconf 87' lang='lat' dir='ltr'><strong>res,</strong></span> <span class='ocrx_word' id='word_1_63' title='bbox 357 1261 533 1315; x_wconf 84' lang='lat' dir='ltr'><strong>neque</strong></span> <span class='ocrx_word' id='word_1_64' title='bbox 557 1247 875 1317; x_wconf 83' lang='lat' dir='ltr'><strong>margaritas</strong></span> <span class='ocrx_word' id='word_1_65' title='bbox 896 1285 912 1311; x_wconf 91' lang='lat'><strong>,</strong></span> <span class='ocrx_word' id='word_1_66' title='bbox 943 1260 1119 1314; x_wconf 87' lang='lat' dir='ltr'><strong>neque</strong></span> <span class='ocrx_word' id='word_1_67' title='bbox 1147 1246 1584 1299; x_wconf 70' lang='lat' dir='ltr'><strong>vestimentorum</strong></span> <span class='ocrx_word' id='word_1_68' title='bbox 1612 1244 1819 1314; x_wconf 81' lang='lat' dir='ltr'><strong>magni-</strong></span> 
     </span>
    </p>
   </div>
   <div class='ocr_carea' id='block_1_11' title="bbox 209 1335 1819 1407">
    <p class='ocr_par' dir='ltr' id='par_1_11' title="bbox 209 1335 1819 1407">
     <span class='ocr_line' id='line_1_11' title="bbox 209 1335 1819 1407; baseline -0.002 -13"><span class='ocrx_word' id='word_1_69' title='bbox 209 1339 524 1403; x_wconf 82' lang='lat' dir='ltr'><strong>licentiam;</strong></span> <span class='ocrx_word' id='word_1_70' title='bbox 569 1335 668 1394; x_wconf 87' lang='lat' dir='ltr'><strong>sed</strong></span> <span class='ocrx_word' id='word_1_71' title='bbox 712 1338 901 1394; x_wconf 91' lang='lat' dir='ltr'><strong>horum</strong></span> <span class='ocrx_word' id='word_1_72' title='bbox 954 1338 1094 1403; x_wconf 88' lang='lat' dir='ltr'><strong>loco,</strong></span> <span class='ocrx_word' id='word_1_73' title='bbox 1142 1337 1479 1402; x_wconf 82' lang='lat' dir='ltr'><strong>modestiam,</strong></span> <span class='ocrx_word' id='word_1_74' title='bbox 1512 1346 1819 1407; x_wconf 80' lang='lat' dir='ltr'><strong>temperan-</strong></span> 
     </span>
    </p>
   </div>
   <div class='ocr_carea' id='block_1_12' title="bbox 206 1426 1815 1498">
    <p class='ocr_par' dir='ltr' id='par_1_12' title="bbox 206 1426 1815 1498">
     <span class='ocr_line' id='line_1_12' title="bbox 206 1426 1815 1498; baseline 0 -14"><span class='ocrx_word' id='word_1_75' title='bbox 206 1431 367 1491; x_wconf 88' lang='lat' dir='ltr'><strong>tiam,</strong></span> <span class='ocrx_word' id='word_1_76' title='bbox 424 1428 855 1485; x_wconf 72' lang='lat' dir='ltr'><strong>benevolentiam</strong></span> <span class='ocrx_word' id='word_1_77' title='bbox 888 1445 906 1482; x_wconf 90' lang='lat'><strong>:</strong></span> <span class='ocrx_word' id='word_1_78' title='bbox 936 1438 1099 1498; x_wconf 90' lang='lat' dir='ltr'><strong>utque</strong></span> <span class='ocrx_word' id='word_1_79' title='bbox 1128 1443 1194 1482; x_wconf 89' lang='lat' dir='ltr'><strong>ex</strong></span> <span class='ocrx_word' id='word_1_80' title='bbox 1224 1428 1394 1497; x_wconf 88' lang='lat' dir='ltr'><strong>teipsa</strong></span> <span class='ocrx_word' id='word_1_81' title='bbox 1424 1427 1539 1482; x_wconf 64' lang='lat' dir='ltr'><strong>hate</strong></span> <span class='ocrx_word' id='word_1_82' title='bbox 1582 1426 1772 1483; x_wconf 76' lang='lat' dir='ltr'><strong>afferes</strong></span> <span class='ocrx_word' id='word_1_83' title='bbox 1797 1468 1815 1495; x_wconf 91' lang='lat'><strong>,</strong></span> 
     </span>
    </p>
   </div>
   <div class='ocr_carea' id='block_1_13' title="bbox 203 1519 1819 1591">
    <p class='ocr_par' dir='ltr' id='par_1_13' title="bbox 203 1519 1819 1591">
     <span class='ocr_line' id='line_1_13' title="bbox 203 1519 1819 1591; baseline 0.001 -17"><span class='ocrx_word' id='word_1_84' title='bbox 203 1522 287 1575; x_wconf 85' lang='lat' dir='ltr'><strong>sic</strong></span> <span class='ocrx_word' id='word_1_85' title='bbox 309 1519 501 1577; x_wconf 80' lang='lat' dir='ltr'><strong>altillo</strong></span> <span class='ocrx_word' id='word_1_86' title='bbox 525 1523 715 1579; x_wconf 87' lang='lat' dir='ltr'><strong>eadem</strong></span> <span class='ocrx_word' id='word_1_87' title='bbox 746 1522 948 1591; x_wconf 78' lang='lat' dir='ltr'><strong>exiges.</strong></span> <span class='ocrx_word' id='word_1_88' title='bbox 994 1520 1125 1574; x_wconf 85' lang='lat' dir='ltr'><strong>Nam</strong></span> <span class='ocrx_word' id='word_1_89' title='bbox 1156 1520 1203 1573; x_wconf 89' lang='lat' dir='ltr'><strong>si</strong></span> <span class='ocrx_word' id='word_1_90' title='bbox 1246 1519 1372 1590; x_wconf 90' lang='lat' dir='ltr'><strong>quid</strong></span> <span class='ocrx_word' id='word_1_91' title='bbox 1405 1519 1471 1574; x_wconf 85' lang='lat' dir='ltr'><strong>ad</strong></span> <span class='ocrx_word' id='word_1_92' title='bbox 1499 1520 1819 1589; x_wconf 90' lang='lat' dir='ltr'><strong>placendum</strong></span> 
     </span>
    </p>
   </div>
   <div class='ocr_carea' id='block_1_14' title="bbox 208 1613 1817 1684">
    <p class='ocr_par' dir='ltr' id='par_1_14' title="bbox 208 1613 1817 1684">
     <span class='ocr_line' id='line_1_14' title="bbox 208 1613 1817 1684; baseline -0.001 -16"><span class='ocrx_word' id='word_1_93' title='bbox 208 1616 331 1669; x_wconf 83' lang='lat' dir='ltr'><strong>viro</strong></span> <span class='ocrx_word' id='word_1_94' title='bbox 351 1616 425 1669; x_wconf 88' lang='lat' dir='ltr'><strong>sit</strong></span> <span class='ocrx_word' id='word_1_95' title='bbox 452 1613 741 1684; x_wconf 83' lang='lat' dir='ltr'><strong>agendum,</strong></span> <span class='ocrx_word' id='word_1_96' title='bbox 781 1613 1015 1665; x_wconf 89' lang='lat' dir='ltr'><strong>animam</strong></span> <span class='ocrx_word' id='word_1_97' title='bbox 1045 1620 1275 1681; x_wconf 87' lang='lat' dir='ltr'><strong>oportet,</strong></span> <span class='ocrx_word' id='word_1_98' title='bbox 1324 1627 1430 1664; x_wconf 92' lang='lat' dir='ltr'><strong>non</strong></span> <span class='ocrx_word' id='word_1_99' title='bbox 1478 1625 1675 1681; x_wconf 89' lang='lat' dir='ltr'><strong>corpus</strong></span> <span class='ocrx_word' id='word_1_100' title='bbox 1724 1628 1817 1666; x_wconf 89' lang='lat' dir='ltr'><strong>or-</strong></span> 
     </span>
    </p>
   </div>
   <div class='ocr_carea' id='block_1_15' title="bbox 206 1702 1813 1773">
    <p class='ocr_par' dir='ltr' id='par_1_15' title="bbox 206 1702 1813 1773">
     <span class='ocr_line' id='line_1_15' title="bbox 206 1702 1813 1773; baseline 0 -13"><span class='ocrx_word' id='word_1_101' title='bbox 206 1721 368 1772; x_wconf 84' lang='lat' dir='ltr'><strong>nare,</strong></span> <span class='ocrx_word' id='word_1_102' title='bbox 403 1707 510 1759; x_wconf 90' lang='lat' dir='ltr'><strong>imo</strong></span> <span class='ocrx_word' id='word_1_103' title='bbox 539 1719 903 1773; x_wconf 85' lang='lat' dir='ltr'><strong>corrumpere.</strong></span> <span class='ocrx_word' id='word_1_104' title='bbox 928 1702 1112 1773; x_wconf 88' lang='lat' dir='ltr'><strong>Neque</strong></span> <span class='ocrx_word' id='word_1_105' title='bbox 1137 1704 1279 1757; x_wconf 91' lang='lat' dir='ltr'><strong>enim</strong></span> <span class='ocrx_word' id='word_1_106' title='bbox 1309 1705 1379 1758; x_wconf 90' lang='lat' dir='ltr'><strong>ita</strong></span> <span class='ocrx_word' id='word_1_107' title='bbox 1422 1712 1472 1760; x_wconf 91' lang='lat' dir='ltr'><strong>te</strong></span> <span class='ocrx_word' id='word_1_108' title='bbox 1501 1705 1579 1759; x_wconf 88' lang='lat' dir='ltr'><strong>illi</strong></span> <span class='ocrx_word' id='word_1_109' title='bbox 1606 1705 1813 1760; x_wconf 90' lang='lat' dir='ltr'><strong>amabi-</strong></span> 
     </span>
    </p>
   </div>
   <div class='ocr_carea' id='block_1_16' title="bbox 206 1793 1812 1865">
    <p class='ocr_par' dir='ltr' id='par_1_16' title="bbox 206 1793 1812 1865">
     <span class='ocr_line' id='line_1_16' title="bbox 206 1793 1812 1865; baseline 0.002 -18"><span class='ocrx_word' id='word_1_110' title='bbox 206 1794 317 1848; x_wconf 87' lang='lat' dir='ltr'><strong>lem</strong></span> <span class='ocrx_word' id='word_1_111' title='bbox 364 1809 555 1848; x_wconf 89' lang='lat' dir='ltr'><strong>aurum</strong></span> <span class='ocrx_word' id='word_1_112' title='bbox 607 1793 818 1858; x_wconf 84' lang='lat' dir='ltr'><strong>reddet,</strong></span> <span class='ocrx_word' id='word_1_113' title='bbox 851 1804 910 1848; x_wconf 92' lang='lat' dir='ltr'><strong>ut</strong></span> <span class='ocrx_word' id='word_1_114' title='bbox 939 1794 1293 1862; x_wconf 84' lang='lat' dir='ltr'><strong>temperantia</strong></span> <span class='ocrx_word' id='word_1_115' title='bbox 1325 1803 1380 1850; x_wconf 91' lang='lat' dir='ltr'><strong>et</strong></span> <span class='ocrx_word' id='word_1_116' title='bbox 1420 1796 1812 1865; x_wconf 78' lang='lat' dir='ltr'><strong>benevnlentia,</strong></span> 
     </span>
    </p>
   </div>
   <div class='ocr_carea' id='block_1_17' title="bbox 204 1884 1808 1957">
    <p class='ocr_par' dir='ltr' id='par_1_17' title="bbox 204 1884 1808 1957">
     <span class='ocr_line' id='line_1_17' title="bbox 204 1884 1808 1957; baseline 0.004 -20"><span class='ocrx_word' id='word_1_117' title='bbox 204 1894 374 1954; x_wconf 90' lang='lat' dir='ltr'><strong>atque</strong></span> <span class='ocrx_word' id='word_1_118' title='bbox 396 1884 606 1939; x_wconf 91' lang='lat' dir='ltr'><strong>animus</strong></span> <span class='ocrx_word' id='word_1_119' title='bbox 632 1884 697 1940; x_wconf 83' lang='lat' dir='ltr'><strong>ad</strong></span> <span class='ocrx_word' id='word_1_120' title='bbox 725 1885 884 1939; x_wconf 85' lang='lat' dir='ltr'><strong>vitam</strong></span> <span class='ocrx_word' id='word_1_121' title='bbox 913 1899 1013 1955; x_wconf 92' lang='lat' dir='ltr'><strong>pro</strong></span> <span class='ocrx_word' id='word_1_122' title='bbox 1030 1886 1223 1940; x_wconf 88' lang='lat' dir='ltr'><strong>marito</strong></span> <span class='ocrx_word' id='word_1_123' title='bbox 1248 1887 1549 1957; x_wconf 84' lang='lat' dir='ltr'><strong>ponendam</strong></span> <span class='ocrx_word' id='word_1_124' title='bbox 1576 1900 1808 1957; x_wconf 87' lang='lat' dir='ltr'><strong>paratus.</strong></span> 
     </span>
    </p>
   </div>
   <div class='ocr_carea' id='block_1_18' title="bbox 206 1974 1811 2049">
    <p class='ocr_par' dir='ltr' id='par_1_18' title="bbox 206 1974 1811 2049">
     <span class='ocr_line' id='line_1_18' title="bbox 206 1974 1811 2049; baseline 0.004 -20"><span class='ocrx_word' id='word_1_125' title='bbox 206 1974 342 2031; x_wconf 70' lang='lat' dir='ltr'><strong>Ilaec</strong></span> <span class='ocrx_word' id='word_1_126' title='bbox 372 1976 516 2030; x_wconf 89' lang='lat' dir='ltr'><strong>viros</strong></span> <span class='ocrx_word' id='word_1_127' title='bbox 554 1977 790 2045; x_wconf 88' lang='lat' dir='ltr'><strong>capiunt.</strong></span> <span class='ocrx_word' id='word_1_128' title='bbox 810 1976 943 2032; x_wconf 88' lang='lat' dir='ltr'><strong>Nam</strong></span> <span class='ocrx_word' id='word_1_129' title='bbox 976 1978 1148 2032; x_wconf 89' lang='lat' dir='ltr'><strong>cultus</strong></span> <span class='ocrx_word' id='word_1_130' title='bbox 1171 1978 1261 2033; x_wconf 90' lang='lat' dir='ltr'><strong>ille</strong></span> <span class='ocrx_word' id='word_1_131' title='bbox 1290 1979 1592 2048; x_wconf 83' lang='lat' dir='ltr'><strong>superfluus</strong></span> <span class='ocrx_word' id='word_1_132' title='bbox 1622 1980 1811 2049; x_wconf 86' lang='lat' dir='ltr'><strong>displi-</strong></span> 
     </span>
    </p>
   </div>
   <div class='ocr_carea' id='block_1_19' title="bbox 204 2067 1813 2140">
    <p class='ocr_par' dir='ltr' id='par_1_19' title="bbox 204 2067 1813 2140">
     <span class='ocr_line' id='line_1_19' title="bbox 204 2067 1813 2140; baseline 0.002 -18"><span class='ocrx_word' id='word_1_133' title='bbox 204 2076 294 2122; x_wconf 86' lang='lat' dir='ltr'><strong>cet</strong></span> <span class='ocrx_word' id='word_1_134' title='bbox 318 2068 418 2134; x_wconf 77' lang='lat' dir='ltr'><strong>illi,</strong></span> <span class='ocrx_word' id='word_1_135' title='bbox 438 2083 549 2122; x_wconf 91' lang='lat' dir='ltr'><strong>rem</strong></span> <span class='ocrx_word' id='word_1_136' title='bbox 578 2067 892 2123; x_wconf 79' lang='lat' dir='ltr'><strong>familiarem</strong></span> <span class='ocrx_word' id='word_1_137' title='bbox 921 2079 1192 2136; x_wconf 88' lang='lat' dir='ltr'><strong>coarctat,</strong></span> <span class='ocrx_word' id='word_1_138' title='bbox 1215 2079 1268 2124; x_wconf 91' lang='lat' dir='ltr'><strong>et</strong></span> <span class='ocrx_word' id='word_1_139' title='bbox 1289 2080 1561 2140; x_wconf 91' lang='lat' dir='ltr'><strong>sumptum</strong></span> <span class='ocrx_word' id='word_1_140' title='bbox 1584 2081 1638 2126; x_wconf 92' lang='lat' dir='ltr'><strong>et</strong></span> <span class='ocrx_word' id='word_1_141' title='bbox 1658 2088 1813 2127; x_wconf 88' lang='lat' dir='ltr'><strong>curas</strong></span> 
     </span>
    </p>
   </div>
   <div class='ocr_carea' id='block_1_20' title="bbox 203 2159 1809 2233">
    <p class='ocr_par' dir='ltr' id='par_1_20' title="bbox 203 2159 1809 2233">
     <span class='ocr_line' id='line_1_20' title="bbox 203 2159 1809 2233; baseline 0.007 -24"><span class='ocrx_word' id='word_1_142' title='bbox 203 2159 371 2226; x_wconf 81' lang='lat' dir='ltr'><strong>parit.</strong></span> <span class='ocrx_word' id='word_1_143' title='bbox 406 2159 476 2211; x_wconf 79' lang='lat' dir='ltr'><strong>At</strong></span> <span class='ocrx_word' id='word_1_144' title='bbox 501 2174 619 2227; x_wconf 71' lang='lat' dir='ltr'><strong>qua:</strong></span> <span class='ocrx_word' id='word_1_145' title='bbox 640 2160 785 2224; x_wconf 88' lang='lat' dir='ltr'><strong>prius</strong></span> <span class='ocrx_word' id='word_1_146' title='bbox 813 2159 952 2215; x_wconf 88' lang='lat' dir='ltr'><strong>dicta</strong></span> <span class='ocrx_word' id='word_1_147' title='bbox 976 2170 1123 2226; x_wconf 88' lang='lat' dir='ltr'><strong>sunt,</strong></span> <span class='ocrx_word' id='word_1_148' title='bbox 1156 2160 1328 2215; x_wconf 87' lang='lat' dir='ltr'><strong>virum</strong></span> <span class='ocrx_word' id='word_1_149' title='bbox 1356 2163 1507 2217; x_wconf 87' lang='lat' dir='ltr'><strong>uxori</strong></span> <span class='ocrx_word' id='word_1_150' title='bbox 1535 2164 1809 2233; x_wconf 89' lang='lat' dir='ltr'><strong>copulant.</strong></span> 
     </span>
    </p>
   </div>
   <div class='ocr_carea' id='block_1_21' title="bbox 208 2247 1811 2321">
    <p class='ocr_par' dir='ltr' id='par_1_21' title="bbox 208 2247 1811 2321">
     <span class='ocr_line' id='line_1_21' title="bbox 208 2247 1811 2321; baseline 0.006 -19"><span class='ocrx_word' id='word_1_151' title='bbox 208 2247 597 2304; x_wconf 75' lang='lat' dir='ltr'><strong>Benevolcntia</strong></span> <span class='ocrx_word' id='word_1_152' title='bbox 629 2251 844 2321; x_wconf 83' lang='lat' dir='ltr'><strong>quippe,</strong></span> <span class='ocrx_word' id='word_1_153' title='bbox 877 2250 1130 2317; x_wconf 86' lang='lat' dir='ltr'><strong>amicitia,</strong></span> <span class='ocrx_word' id='word_1_154' title='bbox 1155 2252 1500 2320; x_wconf 88' lang='lat' dir='ltr'><strong>desiderium,</strong></span> <span class='ocrx_word' id='word_1_155' title='bbox 1526 2270 1626 2309; x_wconf 93' lang='lat' dir='ltr'><strong>nec</strong></span> <span class='ocrx_word' id='word_1_156' title='bbox 1655 2270 1811 2312; x_wconf 88' lang='lat' dir='ltr'><strong>curas</strong></span> 
     </span>
    </p>
   </div>
   <div class='ocr_carea' id='block_1_22' title="bbox 204 2338 1811 2414">
    <p class='ocr_par' dir='ltr' id='par_1_22' title="bbox 204 2338 1811 2414">
     <span class='ocr_line' id='line_1_22' title="bbox 204 2338 1811 2414; baseline 0.006 -21"><span class='ocrx_word' id='word_1_157' title='bbox 204 2338 433 2406; x_wconf 85' lang='lat' dir='ltr'><strong>faciunt,</strong></span> <span class='ocrx_word' id='word_1_158' title='bbox 469 2356 570 2395; x_wconf 91' lang='lat' dir='ltr'><strong>nec</strong></span> <span class='ocrx_word' id='word_1_159' title='bbox 593 2340 888 2412; x_wconf 89' lang='lat' dir='ltr'><strong>impensam</strong></span> <span class='ocrx_word' id='word_1_160' title='bbox 915 2344 1168 2414; x_wconf 84' lang='lat' dir='ltr'><strong>exigunt;</strong></span> <span class='ocrx_word' id='word_1_161' title='bbox 1196 2345 1304 2399; x_wconf 90' lang='lat' dir='ltr'><strong>imo</strong></span> <span class='ocrx_word' id='word_1_162' title='bbox 1328 2348 1661 2400; x_wconf 88' lang='lat' dir='ltr'><strong>contrarium</strong></span> <span class='ocrx_word' id='word_1_163' title='bbox 1694 2363 1811 2402; x_wconf 83' lang='lat' dir='ltr'><strong>ont-</strong></span> 
     </span>
    </p>
   </div>
   <div class='ocr_carea' id='block_1_23' title="bbox 206 2430 1805 2502">
    <p class='ocr_par' dir='ltr' id='par_1_23' title="bbox 206 2430 1805 2502">
     <span class='ocr_line' id='line_1_23' title="bbox 206 2430 1805 2502; baseline 0.006 -19"><span class='ocrx_word' id='word_1_164' title='bbox 206 2430 360 2484; x_wconf 88' lang='lat' dir='ltr'><strong>nino.</strong></span> <span class='ocrx_word' id='word_1_165' title='bbox 407 2432 641 2487; x_wconf 89' lang='lat' dir='ltr'><strong>Ornatus</strong></span> <span class='ocrx_word' id='word_1_166' title='bbox 672 2434 885 2502; x_wconf 89' lang='lat' dir='ltr'><strong>quidem</strong></span> <span class='ocrx_word' id='word_1_167' title='bbox 920 2433 1010 2488; x_wconf 92' lang='lat' dir='ltr'><strong>ille</strong></span> <span class='ocrx_word' id='word_1_168' title='bbox 1038 2450 1068 2489; x_wconf 89' lang='lat' dir='ltr'><strong>a</strong></span> <span class='ocrx_word' id='word_1_169' title='bbox 1109 2436 1498 2491; x_wconf 89' lang='lat' dir='ltr'><strong>consuetudine</strong></span> <span class='ocrx_word' id='word_1_170' title='bbox 1540 2438 1805 2492; x_wconf 86' lang='lat' dir='ltr'><strong>fastidium</strong></span> 
     </span>
    </p>
   </div>
   <div class='ocr_carea' id='block_1_24' title="bbox 204 2520 1807 2595">
    <p class='ocr_par' dir='ltr' id='par_1_24' title="bbox 204 2520 1807 2595">
     <span class='ocr_line' id='line_1_24' title="bbox 204 2520 1807 2595; baseline 0.007 -23"><span class='ocrx_word' id='word_1_171' title='bbox 204 2520 540 2590; x_wconf 77' lang='lat' dir='ltr'><strong>ingenerat:</strong></span> <span class='ocrx_word' id='word_1_172' title='bbox 575 2522 769 2576; x_wconf 71' lang='lat' dir='ltr'><strong>animat</strong></span> <span class='ocrx_word' id='word_1_173' title='bbox 813 2538 942 2577; x_wconf 89' lang='lat' dir='ltr'><strong>vero</strong></span> <span class='ocrx_word' id='word_1_174' title='bbox 987 2534 1210 2579; x_wconf 87' lang='lat' dir='ltr'><strong>ornatus</strong></span> <span class='ocrx_word' id='word_1_175' title='bbox 1238 2527 1479 2595; x_wconf 82' lang='lat' dir='ltr'><strong>quotidie</strong></span> <span class='ocrx_word' id='word_1_176' title='bbox 1506 2526 1663 2582; x_wconf 84' lang='lat' dir='ltr'><strong>floret</strong></span> <span class='ocrx_word' id='word_1_177' title='bbox 1689 2569 1703 2592; x_wconf 92' lang='lat'><strong>,</strong></span> <span class='ocrx_word' id='word_1_178' title='bbox 1752 2539 1807 2583; x_wconf 89' lang='lat' dir='ltr'><strong>et</strong></span> 
     </span>
    </p>
   </div>
   <div class='ocr_carea' id='block_1_25' title="bbox 204 2611 1805 2688">
    <p class='ocr_par' dir='ltr' id='par_1_25' title="bbox 204 2611 1805 2688">
     <span class='ocr_line' id='line_1_25' title="bbox 204 2611 1805 2688; baseline 0.007 -25"><span class='ocrx_word' id='word_1_179' title='bbox 204 2611 471 2678; x_wconf 82' lang='lat' dir='ltr'><strong>majorem</strong></span> <span class='ocrx_word' id='word_1_180' title='bbox 524 2612 770 2666; x_wconf 86' lang='lat' dir='ltr'><strong>accendit</strong></span> <span class='ocrx_word' id='word_1_181' title='bbox 798 2612 1089 2668; x_wconf 82' lang='lat' dir='ltr'><strong>flammam.</strong></span> <span class='ocrx_word' id='word_1_182' title='bbox 1136 2614 1316 2684; x_wconf 89' lang='lat' dir='ltr'><strong>Itaque</strong></span> <span class='ocrx_word' id='word_1_183' title='bbox 1346 2617 1389 2671; x_wconf 91' lang='lat' dir='ltr'><strong>si</strong></span> <span class='ocrx_word' id='word_1_184' title='bbox 1434 2619 1550 2672; x_wconf 79' lang='lat' dir='ltr'><strong>viro</strong></span> <span class='ocrx_word' id='word_1_185' title='bbox 1596 2620 1805 2688; x_wconf 90' lang='lat' dir='ltr'><strong>placere</strong></span> 
     </span>
    </p>
   </div>
   <div class='ocr_carea' id='block_1_26' title="bbox 202 2702 1804 2777">
    <p class='ocr_par' dir='ltr' id='par_1_26' title="bbox 202 2702 1804 2777">
     <span class='ocr_line' id='line_1_26' title="bbox 202 2702 1804 2777; baseline 0.009 -24"><span class='ocrx_word' id='word_1_186' title='bbox 202 2702 361 2764; x_wconf 83' lang='lat' dir='ltr'><strong>velis,</strong></span> <span class='ocrx_word' id='word_1_187' title='bbox 392 2718 522 2757; x_wconf 87' lang='lat' dir='ltr'><strong>orna</strong></span> <span class='ocrx_word' id='word_1_188' title='bbox 555 2705 787 2758; x_wconf 89' lang='lat' dir='ltr'><strong>animam</strong></span> <span class='ocrx_word' id='word_1_189' title='bbox 829 2707 1075 2762; x_wconf 78' lang='lat' dir='ltr'><strong>eaStitaIe</strong></span> <span class='ocrx_word' id='word_1_190' title='bbox 1095 2747 1111 2767; x_wconf 93' lang='lat'><strong>.</strong></span> <span class='ocrx_word' id='word_1_191' title='bbox 1140 2708 1358 2777; x_wconf 87' lang='lat' dir='ltr'><strong>pietate,</strong></span> <span class='ocrx_word' id='word_1_192' title='bbox 1390 2711 1465 2765; x_wconf 88' lang='lat' dir='ltr'><strong>rei</strong></span> <span class='ocrx_word' id='word_1_193' title='bbox 1492 2711 1804 2768; x_wconf 68' lang='lat' dir='ltr'><strong>domestica:</strong></span> 
     </span>
    </p>
   </div>
   <div class='ocr_carea' id='block_1_27' title="bbox 202 2793 1799 2871">
    <p class='ocr_par' dir='ltr' id='par_1_27' title="bbox 202 2793 1799 2871">
     <span class='ocr_line' id='line_1_27' title="bbox 202 2793 1799 2871; baseline 0.007 -24"><span class='ocrx_word' id='word_1_194' title='bbox 202 2806 354 2847; x_wconf 90' lang='lat' dir='ltr'><strong>cura.</strong></span> <span class='ocrx_word' id='word_1_195' title='bbox 388 2793 515 2848; x_wconf 65' lang='lat' dir='ltr'><strong>lla~c</strong></span> <span class='ocrx_word' id='word_1_196' title='bbox 544 2796 776 2850; x_wconf 80' lang='lat' dir='ltr'><strong>maxime</strong></span> <span class='ocrx_word' id='word_1_197' title='bbox 813 2797 1160 2862; x_wconf 89' lang='lat' dir='ltr'><strong>allieiunt,et</strong></span> <span class='ocrx_word' id='word_1_198' title='bbox 1201 2816 1488 2871; x_wconf 87' lang='lat' dir='ltr'><strong>numquam</strong></span> <span class='ocrx_word' id='word_1_199' title='bbox 1528 2801 1799 2858; x_wconf 55' lang='lat' dir='ltr'><strong>desinunt.</strong></span> 
     </span>
    </p>
   </div>
   <div class='ocr_carea' id='block_1_28' title="bbox 204 2885 1801 2956">
    <p class='ocr_par' dir='ltr' id='par_1_28' title="bbox 204 2885 1801 2956">
     <span class='ocr_line' id='line_1_28' title="bbox 204 2885 1801 2956; baseline 0.006 -17"><span class='ocrx_word' id='word_1_200' title='bbox 204 2885 359 2940; x_wconf 89' lang='lat' dir='ltr'><strong>Iluuc</strong></span> <span class='ocrx_word' id='word_1_201' title='bbox 384 2895 633 2941; x_wconf 88' lang='lat' dir='ltr'><strong>ornatum</strong></span> <span class='ocrx_word' id='word_1_202' title='bbox 683 2903 787 2943; x_wconf 91' lang='lat' dir='ltr'><strong>non</strong></span> <span class='ocrx_word' id='word_1_203' title='bbox 827 2901 1077 2945; x_wconf 89' lang='lat' dir='ltr'><strong>senectus</strong></span> <span class='ocrx_word' id='word_1_204' title='bbox 1106 2892 1292 2956; x_wconf 82' lang='lat' dir='ltr'><strong>solvit,</strong></span> <span class='ocrx_word' id='word_1_205' title='bbox 1321 2908 1423 2947; x_wconf 92' lang='lat' dir='ltr'><strong>non</strong></span> <span class='ocrx_word' id='word_1_206' title='bbox 1455 2895 1672 2948; x_wconf 84' lang='lat' dir='ltr'><strong>morbus</strong></span> <span class='ocrx_word' id='word_1_207' title='bbox 1707 2912 1801 2950; x_wconf 84' lang='lat' dir='ltr'><strong>au-</strong></span> 
     </span>
    </p>
   </div>
   <div class='ocr_carea' id='block_1_29' title="bbox 200 2976 1795 3055">
    <p class='ocr_par' dir='ltr' id='par_1_29' title="bbox 200 2976 1795 3055">
     <span class='ocr_line' id='line_1_29' title="bbox 200 2976 1795 3055; baseline 0.008 -25"><span class='ocrx_word' id='word_1_208' title='bbox 200 2976 340 3040; x_wconf 87' lang='lat' dir='ltr'><strong>fert;</strong></span> <span class='ocrx_word' id='word_1_209' title='bbox 377 2980 471 3033; x_wconf 89' lang='lat' dir='ltr'><strong>sed</strong></span> <span class='ocrx_word' id='word_1_210' title='bbox 497 2981 742 3049; x_wconf 88' lang='lat' dir='ltr'><strong>corporis</strong></span> <span class='ocrx_word' id='word_1_211' title='bbox 768 2982 969 3035; x_wconf 88' lang='lat' dir='ltr'><strong>cultum</strong></span> <span class='ocrx_word' id='word_1_212' title='bbox 998 2982 1307 3037; x_wconf 81' lang='lat' dir='ltr'><strong>diuturnum</strong></span> <span class='ocrx_word' id='word_1_213' title='bbox 1338 2995 1549 3054; x_wconf 84' lang='lat' dir='ltr'><strong>tempus</strong></span> <span class='ocrx_word' id='word_1_214' title='bbox 1595 2991 1795 3055; x_wconf 81' lang='lat' dir='ltr'><strong>atterit,</strong></span> 
     </span>
    </p>
   </div>
   <div class='ocr_carea' id='block_1_30' title="bbox 200 3069 1797 3145">
    <p class='ocr_par' dir='ltr' id='par_1_30' title="bbox 200 3069 1797 3145">
     <span class='ocr_line' id='line_1_30' title="bbox 200 3069 1797 3145; baseline 0.009 -24"><span class='ocrx_word' id='word_1_215' title='bbox 200 3069 426 3125; x_wconf 85' lang='lat' dir='ltr'><strong>morbus</strong></span> <span class='ocrx_word' id='word_1_216' title='bbox 452 3073 740 3138; x_wconf 88' lang='lat' dir='ltr'><strong>consumit,</strong></span> <span class='ocrx_word' id='word_1_217' title='bbox 765 3073 975 3143; x_wconf 87' lang='lat' dir='ltr'><strong>aliaque</strong></span> <span class='ocrx_word' id='word_1_218' title='bbox 1021 3077 1183 3129; x_wconf 88' lang='lat' dir='ltr'><strong>multa</strong></span> <span class='ocrx_word' id='word_1_219' title='bbox 1219 3078 1471 3145; x_wconf 89' lang='lat' dir='ltr'><strong>perdunt.</strong></span> <span class='ocrx_word' id='word_1_220' title='bbox 1517 3082 1797 3136; x_wconf 81' lang='lat' dir='ltr'><strong>Ataninue</strong></span> 
     </span>
    </p>
   </div>
   <div class='ocr_carea' id='block_1_31' title="bbox 199 3162 1795 3238">
    <p class='ocr_par' dir='ltr' id='par_1_31' title="bbox 199 3162 1795 3238">
     <span class='ocr_line' id='line_1_31' title="bbox 199 3162 1795 3238; baseline 0.01 -22"><span class='ocrx_word' id='word_1_221' title='bbox 199 3162 335 3217; x_wconf 85' lang='lat' dir='ltr'><strong>bona</strong></span> <span class='ocrx_word' id='word_1_222' title='bbox 376 3163 461 3218; x_wconf 91' lang='lat' dir='ltr'><strong>his</strong></span> <span class='ocrx_word' id='word_1_223' title='bbox 503 3166 751 3221; x_wconf 90' lang='lat' dir='ltr'><strong>omnibus</strong></span> <span class='ocrx_word' id='word_1_224' title='bbox 778 3178 901 3222; x_wconf 89' lang='lat' dir='ltr'><strong>sunt</strong></span> <span class='ocrx_word' id='word_1_225' title='bbox 930 3171 1226 3238; x_wconf 79' lang='lat' dir='ltr'><strong>superiora.</strong></span> <span class='ocrx_word' id='word_1_226' title='bbox 1274 3171 1366 3228; x_wconf 89' lang='lat' dir='ltr'><strong>Ille</strong></span> <span class='ocrx_word' id='word_1_227' title='bbox 1396 3184 1615 3230; x_wconf 88' lang='lat' dir='ltr'><strong>ornatus</strong></span> <span class='ocrx_word' id='word_1_228' title='bbox 1662 3178 1795 3233; x_wconf 88' lang='lat' dir='ltr'><strong>iuvi-</strong></span> 
     </span>
    </p>
   </div>
   <div class='ocr_carea' id='block_1_32' title="bbox 198 3252 1794 3336">
    <p class='ocr_par' dir='ltr' id='par_1_32' title="bbox 198 3252 1794 3336">
     <span class='ocr_line' id='line_1_32' title="bbox 198 3252 1794 3336; baseline 0.012 -32"><span class='ocrx_word' id='word_1_229' title='bbox 198 3252 338 3307; x_wconf 84' lang='lat' dir='ltr'><strong>diam</strong></span> <span class='ocrx_word' id='word_1_230' title='bbox 369 3255 512 3330; x_wconf 84' lang='lat' dir='ltr'><strong>parit</strong></span> <span class='ocrx_word' id='word_1_231' title='bbox 532 3265 585 3310; x_wconf 90' lang='lat' dir='ltr'><strong>et</strong></span> <span class='ocrx_word' id='word_1_232' title='bbox 607 3257 923 3328; x_wconf 81' lang='lat' dir='ltr'><strong>zelotypiam</strong></span> <span class='ocrx_word' id='word_1_233' title='bbox 950 3274 965 3323; x_wconf 88' lang='lat'><strong>;</strong></span> <span class='ocrx_word' id='word_1_234' title='bbox 997 3260 1082 3315; x_wconf 89' lang='lat' dir='ltr'><strong>hic</strong></span> <span class='ocrx_word' id='word_1_235' title='bbox 1102 3277 1237 3317; x_wconf 80' lang='lat' dir='ltr'><strong>vero</strong></span> <span class='ocrx_word' id='word_1_236' title='bbox 1261 3278 1290 3317; x_wconf 88' lang='lat' dir='ltr'><strong>a</strong></span> <span class='ocrx_word' id='word_1_237' title='bbox 1320 3265 1507 3320; x_wconf 89' lang='lat' dir='ltr'><strong>morbo</strong></span> <span class='ocrx_word' id='word_1_238' title='bbox 1529 3269 1715 3336; x_wconf 71' lang='lat' dir='ltr'><strong>quovis</strong></span> <span class='ocrx_word' id='word_1_239' title='bbox 1742 3280 1794 3323; x_wconf 89' lang='lat' dir='ltr'><strong>et</strong></span> 
     </span>
    </p>
   </div>
   <div class='ocr_carea' id='block_1_33' title="bbox 196 3347 1792 3421">
    <p class='ocr_par' dir='ltr' id='par_1_33' title="bbox 196 3347 1792 3421">
     <span class='ocr_line' id='line_1_33' title="bbox 196 3347 1792 3421; baseline 0.011 -26"><span class='ocrx_word' id='word_1_240' title='bbox 196 3357 224 3394; x_wconf 90' lang='lat' dir='ltr'><strong>a</strong></span> <span class='ocrx_word' id='word_1_241' title='bbox 252 3359 393 3398; x_wconf 84' lang='lat' dir='ltr'><strong>vana</strong></span> <span class='ocrx_word' id='word_1_242' title='bbox 422 3347 587 3415; x_wconf 82' lang='lat' dir='ltr'><strong>gloria</strong></span> <span class='ocrx_word' id='word_1_243' title='bbox 619 3347 753 3402; x_wconf 84' lang='lat' dir='ltr'><strong>liber</strong></span> <span class='ocrx_word' id='word_1_244' title='bbox 778 3359 880 3404; x_wconf 89' lang='lat' dir='ltr'><strong>est.</strong></span> <span class='ocrx_word' id='word_1_245' title='bbox 916 3350 1026 3406; x_wconf 86' lang='lat' dir='ltr'><strong>lloe</strong></span> <span class='ocrx_word' id='word_1_246' title='bbox 1056 3362 1210 3421; x_wconf 89' lang='lat' dir='ltr'><strong>pacto</strong></span> <span class='ocrx_word' id='word_1_247' title='bbox 1239 3369 1325 3408; x_wconf 91' lang='lat' dir='ltr'><strong>res</strong></span> <span class='ocrx_word' id='word_1_248' title='bbox 1346 3355 1639 3413; x_wconf 88' lang='lat' dir='ltr'><strong>domestica</strong></span> <span class='ocrx_word' id='word_1_249' title='bbox 1665 3358 1792 3414; x_wconf 87' lang='lat' dir='ltr'><strong>faci-</strong></span> 
     </span>
    </p>
   </div>
   <div class='ocr_carea' id='block_1_34' title="bbox 196 3432 1787 3515">
    <p class='ocr_par' dir='ltr' id='par_1_34' title="bbox 196 3432 1787 3515">
     <span class='ocr_line' id='line_1_34' title="bbox 196 3432 1787 3515; baseline 0.011 -27"><span class='ocrx_word' id='word_1_250' title='bbox 196 3432 295 3489; x_wconf 85' lang='lat' dir='ltr'><strong>lior</strong></span> <span class='ocrx_word' id='word_1_251' title='bbox 322 3438 426 3491; x_wconf 90' lang='lat' dir='ltr'><strong>erit</strong></span> <span class='ocrx_word' id='word_1_252' title='bbox 447 3478 463 3502; x_wconf 93' lang='lat'><strong>,</strong></span> <span class='ocrx_word' id='word_1_253' title='bbox 498 3448 551 3493; x_wconf 89' lang='lat' dir='ltr'><strong>et</strong></span> <span class='ocrx_word' id='word_1_254' title='bbox 578 3450 871 3507; x_wconf 85' lang='lat' dir='ltr'><strong>proventus</strong></span> <span class='ocrx_word' id='word_1_255' title='bbox 904 3442 1157 3513; x_wconf 86' lang='lat' dir='ltr'><strong>uberior,</strong></span> <span class='ocrx_word' id='word_1_256' title='bbox 1202 3432 1419 3515; x_wconf 84' lang='lat' dir='ltr'><strong>quando</strong></span> <span class='ocrx_word' id='word_1_257' title='bbox 1443 3465 1629 3503; x_wconf 88' lang='lat' dir='ltr'><strong>aurqu</strong></span> <span class='ocrx_word' id='word_1_258' title='bbox 1681 3468 1787 3507; x_wconf 92' lang='lat' dir='ltr'><strong>non</strong></span> 
     </span>
    </p>
   </div>
   <div class='ocr_carea' id='block_1_35' title="bbox 194 3527 1785 3610">
    <p class='ocr_par' dir='ltr' id='par_1_35' title="bbox 194 3527 1785 3610">
     <span class='ocr_line' id='line_1_35' title="bbox 194 3527 1785 3610; baseline 0.011 -32"><span class='ocrx_word' id='word_1_259' title='bbox 194 3527 408 3595; x_wconf 85' lang='lat' dir='ltr'><strong>corpori</strong></span> <span class='ocrx_word' id='word_1_260' title='bbox 441 3537 530 3581; x_wconf 91' lang='lat' dir='ltr'><strong>tuo</strong></span> <span class='ocrx_word' id='word_1_261' title='bbox 559 3530 993 3600; x_wconf 86' lang='lat' dir='ltr'><strong>circumpositum</strong></span> <span class='ocrx_word' id='word_1_262' title='bbox 1022 3535 1145 3600; x_wconf 88' lang='lat' dir='ltr'><strong>erit,</strong></span> <span class='ocrx_word' id='word_1_263' title='bbox 1179 3552 1277 3592; x_wconf 90' lang='lat' dir='ltr'><strong>nec</strong></span> <span class='ocrx_word' id='word_1_264' title='bbox 1326 3555 1515 3593; x_wconf 90' lang='lat' dir='ltr'><strong>manus</strong></span> <span class='ocrx_word' id='word_1_265' title='bbox 1566 3542 1785 3610; x_wconf 81' lang='lat' dir='ltr'><strong>ligabit;</strong></span> 
     </span>
    </p>
   </div>
   <div class='ocr_carea' id='block_1_36' title="bbox 193 3614 1785 3693">
    <p class='ocr_par' dir='ltr' id='par_1_36' title="bbox 193 3614 1785 3693">
     <span class='ocr_line' id='line_1_36' title="bbox 193 3614 1785 3693; baseline 0.011 -25"><span class='ocrx_word' id='word_1_266' title='bbox 193 3614 283 3669; x_wconf 78' lang='lat' dir='ltr'><strong>sed</strong></span> <span class='ocrx_word' id='word_1_267' title='bbox 316 3631 417 3684; x_wconf 89' lang='lat' dir='ltr'><strong>pro</strong></span> <span class='ocrx_word' id='word_1_268' title='bbox 448 3622 765 3675; x_wconf 79' lang='lat' dir='ltr'><strong>necessariis</strong></span> <span class='ocrx_word' id='word_1_269' title='bbox 796 3624 1125 3693; x_wconf 79' lang='lat' dir='ltr'><strong>expendetur</strong></span> <span class='ocrx_word' id='word_1_270' title='bbox 1152 3626 1341 3681; x_wconf 87' lang='lat' dir='ltr'><strong>usibus</strong></span> <span class='ocrx_word' id='word_1_271' title='bbox 1374 3646 1388 3682; x_wconf 89' lang='lat'><em>:</em></span> <span class='ocrx_word' id='word_1_272' title='bbox 1419 3638 1475 3683; x_wconf 90' lang='grc' dir='ltr'><strong>ιιι</strong></span> <span class='ocrx_word' id='word_1_273' title='bbox 1517 3630 1567 3683; x_wconf 88' lang='lat' dir='ltr'><strong>in</strong></span> <span class='ocrx_word' id='word_1_274' title='bbox 1608 3632 1785 3687; x_wconf 91' lang='lat' dir='ltr'><strong>cibum</strong></span> 
     </span>
    </p>
   </div>
   <div class='ocr_carea' id='block_1_37' title="bbox 194 3708 1782 3792">
    <p class='ocr_par' dir='ltr' id='par_1_37' title="bbox 194 3708 1782 3792">
     <span class='ocr_line' id='line_1_37' title="bbox 194 3708 1782 3792; baseline 0.013 -32"><span class='ocrx_word' id='word_1_275' title='bbox 194 3721 499 3776; x_wconf 73' lang='lat' dir='ltr'><strong>servorum,</strong></span> <span class='ocrx_word' id='word_1_276' title='bbox 531 3708 760 3765; x_wconf 88' lang='lat' dir='ltr'><strong>filiorum</strong></span> <span class='ocrx_word' id='word_1_277' title='bbox 790 3728 972 3768; x_wconf 89' lang='lat' dir='ltr'><strong>curam</strong></span> <span class='ocrx_word' id='word_1_278' title='bbox 1005 3720 1385 3786; x_wconf 86' lang='lat' dir='ltr'><strong>necessariam,</strong></span> <span class='ocrx_word' id='word_1_279' title='bbox 1436 3722 1646 3792; x_wconf 90' lang='lat' dir='ltr'><strong>aliaque</strong></span> <span class='ocrx_word' id='word_1_280' title='bbox 1693 3741 1782 3779; x_wconf 87' lang='lat' dir='ltr'><strong>ra-</strong></span> 
     </span>
    </p>
   </div>
   <div class='ocr_carea' id='block_1_38' title="bbox 1266 387 2451 449">
    <p class='ocr_par' dir='ltr' id='par_1_38' title="bbox 1266 387 2451 449">
     <span class='ocr_line' id='line_1_38' title="bbox 1266 387 2451 449; baseline 0 -2"><span class='ocrx_word' id='word_1_281' title='bbox 1266 389 1332 447; x_wconf 79' lang='grc' dir='ltr'><strong>ΙΝ</strong></span> <span class='ocrx_word' id='word_1_282' title='bbox 1368 389 1687 449; x_wconf 73' lang='lat' dir='ltr'><strong>JOANNEM</strong></span> <span class='ocrx_word' id='word_1_283' title='bbox 1728 387 1962 448; x_wconf 69' lang='lat' dir='ltr'><strong>IIOMIL.</strong></span> <span class='ocrx_word' id='word_1_284' title='bbox 2001 390 2161 449; x_wconf 81' lang='lat' dir='ltr'><strong>LXII.</strong></span> <span class='ocrx_word' id='word_1_285' title='bbox 2203 392 2274 447; x_wconf 91' lang='lat' dir='ltr'><strong>al.</strong></span> <span class='ocrx_word' id='word_1_286' title='bbox 2315 392 2451 449; x_wconf 78' lang='lat' dir='ltr'><strong>LXI.</strong></span> 
     </span>
    </p>
   </div>
   <div class='ocr_carea' id='block_1_39' title="bbox 3436 401 3542 458">
    <p class='ocr_par' dir='ltr' id='par_1_39' title="bbox 3436 401 3542 458">
     <span class='ocr_line' id='line_1_39' title="bbox 3436 401 3542 458; baseline -0.019 0"><span class='ocrx_word' id='word_1_287' title='bbox 3436 401 3542 458; x_wconf 68' lang='grc' dir='ltr'><strong>5ιί</strong></span> 
     </span>
    </p>
   </div>
   <div class='ocr_carea' id='block_1_40' title="bbox 1930 505 3538 586">
    <p class='ocr_par' dir='ltr' id='par_1_40' title="bbox 1930 505 3538 586">
     <span class='ocr_line' id='line_1_40' title="bbox 1930 505 3538 586; baseline 0.003 -26"><span class='ocrx_word' id='word_1_288' title='bbox 1930 505 2060 560; x_wconf 89' lang='lat' dir='ltr'><strong>tioni</strong></span> <span class='ocrx_word' id='word_1_289' title='bbox 2090 516 2471 562; x_wconf 88' lang='lat' dir='ltr'><strong>consentanea.</strong></span> <span class='ocrx_word' id='word_1_290' title='bbox 2496 506 2746 578; x_wconf 80' lang='lat' dir='ltr'><strong>Alioquin</strong></span> <span class='ocrx_word' id='word_1_291' title='bbox 2786 509 2830 564; x_wconf 91' lang='lat' dir='ltr'><strong>si</strong></span> <span class='ocrx_word' id='word_1_292' title='bbox 2863 508 2977 565; x_wconf 75' lang='lat' dir='ltr'><strong>luce</strong></span> <span class='ocrx_word' id='word_1_293' title='bbox 3003 512 3056 565; x_wconf 90' lang='lat' dir='ltr'><strong>in</strong></span> <span class='ocrx_word' id='word_1_294' title='bbox 3090 512 3272 568; x_wconf 76' lang='lat' dir='ltr'><strong>luxum</strong></span> <span class='ocrx_word' id='word_1_295' title='bbox 3322 529 3538 586; x_wconf 76' lang='lat' dir='ltr'><strong>pra-po-</strong></span> 
     </span>
    </p>
   </div>
   <div class='ocr_carea' id='block_1_41' title="bbox 1931 600 3540 675">
    <p class='ocr_par' dir='ltr' id='par_1_41' title="bbox 1931 600 3540 675">
     <span class='ocr_line' id='line_1_41' title="bbox 1931 600 3540 675; baseline 0.006 -22"><span class='ocrx_word' id='word_1_296' title='bbox 1931 609 2148 663; x_wconf 89' lang='lat' dir='ltr'><strong>nantur,</strong></span> <span class='ocrx_word' id='word_1_297' title='bbox 2177 600 2303 654; x_wconf 90' lang='lat' dir='ltr'><strong>dum</strong></span> <span class='ocrx_word' id='word_1_298' title='bbox 2330 615 2425 655; x_wconf 91' lang='lat' dir='ltr'><strong>cor</strong></span> <span class='ocrx_word' id='word_1_299' title='bbox 2448 600 2679 671; x_wconf 75' lang='lat' dir='ltr'><strong>angitur,</strong></span> <span class='ocrx_word' id='word_1_300' title='bbox 2707 602 2849 673; x_wconf 87' lang='lat' dir='ltr'><strong>quod</strong></span> <span class='ocrx_word' id='word_1_301' title='bbox 2876 603 3130 658; x_wconf 89' lang='lat' dir='ltr'><strong>lucrum?</strong></span> <span class='ocrx_word' id='word_1_302' title='bbox 3151 620 3272 675; x_wconf 63' lang='lat' dir='ltr'><strong>qua:</strong></span> <span class='ocrx_word' id='word_1_303' title='bbox 3295 608 3540 662; x_wconf 64' lang='lat' dir='ltr'><strong>utilitas?</strong></span> 
     </span>
    </p>
   </div>
   <div class='ocr_carea' id='block_1_42' title="bbox 1929 691 3535 766">
    <p class='ocr_par' dir='ltr' id='par_1_42' title="bbox 1929 691 3535 766">
     <span class='ocr_line' id='line_1_42' title="bbox 1929 691 3535 766; baseline 0.004 -20"><span class='ocrx_word' id='word_1_304' title='bbox 1929 691 2159 747; x_wconf 87' lang='lat' dir='ltr'><strong>Tantum</strong></span> <span class='ocrx_word' id='word_1_305' title='bbox 2196 693 2399 748; x_wconf 92' lang='lat' dir='ltr'><strong>cultum</strong></span> <span class='ocrx_word' id='word_1_306' title='bbox 2432 709 2537 748; x_wconf 90' lang='lat' dir='ltr'><strong>non</strong></span> <span class='ocrx_word' id='word_1_307' title='bbox 2565 694 2690 749; x_wconf 87' lang='lat' dir='ltr'><strong>sinit</strong></span> <span class='ocrx_word' id='word_1_308' title='bbox 2714 694 2868 749; x_wconf 89' lang='lat' dir='ltr'><strong>dolor</strong></span> <span class='ocrx_word' id='word_1_309' title='bbox 2894 696 3158 766; x_wconf 87' lang='lat' dir='ltr'><strong>aspicere.</strong></span> <span class='ocrx_word' id='word_1_310' title='bbox 3183 697 3343 753; x_wconf 86' lang='lat' dir='ltr'><strong>Scitis</strong></span> <span class='ocrx_word' id='word_1_311' title='bbox 3368 701 3535 765; x_wconf 70' lang='lat' dir='ltr'><strong>enim,</strong></span> 
     </span>
    </p>
   </div>
   <div class='ocr_carea' id='block_1_43' title="bbox 1928 784 3534 857">
    <p class='ocr_par' dir='ltr' id='par_1_43' title="bbox 1928 784 3534 857">
     <span class='ocr_line' id='line_1_43' title="bbox 1928 784 3534 857; baseline 0.002 -18"><span class='ocrx_word' id='word_1_312' title='bbox 1928 784 2079 839; x_wconf 82' lang='lat' dir='ltr'><strong>scitis</strong></span> <span class='ocrx_word' id='word_1_313' title='bbox 2131 784 2334 855; x_wconf 86' lang='lat' dir='ltr'><strong>utique,</strong></span> <span class='ocrx_word' id='word_1_314' title='bbox 2363 785 2506 854; x_wconf 90' lang='lat' dir='ltr'><strong>quod</strong></span> <span class='ocrx_word' id='word_1_315' title='bbox 2536 786 2582 839; x_wconf 89' lang='lat' dir='ltr'><strong>si</strong></span> <span class='ocrx_word' id='word_1_316' title='bbox 2623 786 2746 857; x_wconf 89' lang='lat' dir='ltr'><strong>quis</strong></span> <span class='ocrx_word' id='word_1_317' title='bbox 2777 786 3059 842; x_wconf 89' lang='lat' dir='ltr'><strong>mulierem</strong></span> <span class='ocrx_word' id='word_1_318' title='bbox 3102 789 3343 844; x_wconf 91' lang='lat' dir='ltr'><strong>omnium</strong></span> <span class='ocrx_word' id='word_1_319' title='bbox 3370 806 3534 845; x_wconf 85' lang='lat' dir='ltr'><strong>orna-</strong></span> 
     </span>
    </p>
   </div>
   <div class='ocr_carea' id='block_1_44' title="bbox 1931 875 3536 948">
    <p class='ocr_par' dir='ltr' id='par_1_44' title="bbox 1931 875 3536 948">
     <span class='ocr_line' id='line_1_44' title="bbox 1931 875 3536 948; baseline 0.006 -19"><span class='ocrx_word' id='word_1_320' title='bbox 1931 875 2195 931; x_wconf 84' lang='lat' dir='ltr'><strong>tissimam</strong></span> <span class='ocrx_word' id='word_1_321' title='bbox 2223 875 2421 940; x_wconf 74' lang='lat' dir='ltr'><strong>videat,</strong></span> <span class='ocrx_word' id='word_1_322' title='bbox 2446 875 2704 932; x_wconf 90' lang='lat' dir='ltr'><strong>delectari</strong></span> <span class='ocrx_word' id='word_1_323' title='bbox 2736 893 2841 931; x_wconf 92' lang='lat' dir='ltr'><strong>non</strong></span> <span class='ocrx_word' id='word_1_324' title='bbox 2892 887 3090 948; x_wconf 81' lang='lat' dir='ltr'><strong>potest,</strong></span> <span class='ocrx_word' id='word_1_325' title='bbox 3136 879 3181 934; x_wconf 88' lang='lat' dir='ltr'><strong>si</strong></span> <span class='ocrx_word' id='word_1_326' title='bbox 3212 881 3424 936; x_wconf 90' lang='lat' dir='ltr'><strong>aniums</strong></span> <span class='ocrx_word' id='word_1_327' title='bbox 3463 885 3536 938; x_wconf 90' lang='lat' dir='ltr'><strong>sit</strong></span> 
     </span>
    </p>
   </div>
   <div class='ocr_carea' id='block_1_45' title="bbox 1930 967 3531 1043">
    <p class='ocr_par' dir='ltr' id='par_1_45' title="bbox 1930 967 3531 1043">
     <span class='ocr_line' id='line_1_45' title="bbox 1930 967 3531 1043; baseline 0.004 -20"><span class='ocrx_word' id='word_1_328' title='bbox 1930 967 1982 1023; x_wconf 85' lang='lat' dir='ltr'><strong>in</strong></span> <span class='ocrx_word' id='word_1_329' title='bbox 2009 983 2245 1024; x_wconf 72' lang='lat' dir='ltr'><strong>maerore</strong></span> <span class='ocrx_word' id='word_1_330' title='bbox 2269 987 2283 1023; x_wconf 91' lang='lat'><strong>:</strong></span> <span class='ocrx_word' id='word_1_331' title='bbox 2309 968 2399 1039; x_wconf 90' lang='lat' dir='ltr'><strong>qui</strong></span> <span class='ocrx_word' id='word_1_332' title='bbox 2434 970 2577 1024; x_wconf 87' lang='lat' dir='ltr'><strong>enim</strong></span> <span class='ocrx_word' id='word_1_333' title='bbox 2602 969 2715 1025; x_wconf 87' lang='lat' dir='ltr'><strong>vult</strong></span> <span class='ocrx_word' id='word_1_334' title='bbox 2738 970 3017 1032; x_wconf 88' lang='lat' dir='ltr'><strong>delectari,</strong></span> <span class='ocrx_word' id='word_1_335' title='bbox 3052 971 3240 1026; x_wconf 81' lang='lat' dir='ltr'><strong>hilaris</strong></span> <span class='ocrx_word' id='word_1_336' title='bbox 3272 974 3342 1029; x_wconf 87' lang='lat' dir='ltr'><strong>sit</strong></span> <span class='ocrx_word' id='word_1_337' title='bbox 3363 990 3531 1043; x_wconf 90' lang='lat' dir='ltr'><strong>opor-</strong></span> 
     </span>
    </p>
   </div>
   <div class='ocr_carea' id='block_1_46' title="bbox 1930 1058 3533 1123">
    <p class='ocr_par' dir='ltr' id='par_1_46' title="bbox 1930 1058 3533 1123">
     <span class='ocr_line' id='line_1_46' title="bbox 1930 1058 3533 1123; baseline 0.006 -10"><span class='ocrx_word' id='word_1_338' title='bbox 1930 1066 2026 1115; x_wconf 92' lang='lat' dir='ltr'><strong>tet.</strong></span> <span class='ocrx_word' id='word_1_339' title='bbox 2084 1058 2142 1115; x_wconf 89' lang='lat' dir='ltr'><strong>Si</strong></span> <span class='ocrx_word' id='word_1_340' title='bbox 2182 1068 2363 1115; x_wconf 89' lang='lat' dir='ltr'><strong>autem</strong></span> <span class='ocrx_word' id='word_1_341' title='bbox 2397 1075 2584 1115; x_wconf 87' lang='lat' dir='ltr'><strong>aurum</strong></span> <span class='ocrx_word' id='word_1_342' title='bbox 2638 1070 2806 1115; x_wconf 90' lang='lat' dir='ltr'><strong>totum</strong></span> <span class='ocrx_word' id='word_1_343' title='bbox 2857 1063 2923 1117; x_wconf 89' lang='lat' dir='ltr'><strong>ad</strong></span> <span class='ocrx_word' id='word_1_344' title='bbox 2989 1064 3290 1119; x_wconf 88' lang='lat' dir='ltr'><strong>ornandum</strong></span> <span class='ocrx_word' id='word_1_345' title='bbox 3349 1068 3533 1123; x_wconf 78' lang='lat' dir='ltr'><strong>uxoris</strong></span> 
     </span>
    </p>
   </div>
   <div class='ocr_carea' id='block_1_47' title="bbox 1925 1153 3530 1225">
    <p class='ocr_par' dir='ltr' id='par_1_47' title="bbox 1925 1153 3530 1225">
     <span class='ocr_line' id='line_1_47' title="bbox 1925 1153 3530 1225; baseline 0.005 -18"><span class='ocrx_word' id='word_1_346' title='bbox 1925 1166 2123 1222; x_wconf 91' lang='lat' dir='ltr'><strong>corpus</strong></span> <span class='ocrx_word' id='word_1_347' title='bbox 2150 1153 2477 1221; x_wconf 88' lang='lat' dir='ltr'><strong>insumptum</strong></span> <span class='ocrx_word' id='word_1_348' title='bbox 2507 1163 2609 1221; x_wconf 88' lang='lat' dir='ltr'><strong>est,</strong></span> <span class='ocrx_word' id='word_1_349' title='bbox 2642 1156 2692 1208; x_wconf 92' lang='lat' dir='ltr'><strong>in</strong></span> <span class='ocrx_word' id='word_1_350' title='bbox 2710 1156 2956 1225; x_wconf 74' lang='lat' dir='ltr'><strong>angustia</strong></span> <span class='ocrx_word' id='word_1_351' title='bbox 2979 1157 3053 1211; x_wconf 90' lang='lat' dir='ltr'><strong>rei</strong></span> <span class='ocrx_word' id='word_1_352' title='bbox 3078 1156 3358 1213; x_wconf 89' lang='lat' dir='ltr'><strong>familiaris</strong></span> <span class='ocrx_word' id='word_1_353' title='bbox 3388 1160 3530 1216; x_wconf 87' lang='lat' dir='ltr'><strong>nulla</strong></span> 
     </span>
    </p>
   </div>
   <div class='ocr_carea' id='block_1_48' title="bbox 1926 1243 3530 1321">
    <p class='ocr_par' dir='ltr' id='par_1_48' title="bbox 1926 1243 3530 1321">
     <span class='ocr_line' id='line_1_48' title="bbox 1926 1243 3530 1321; baseline 0.007 -24"><span class='ocrx_word' id='word_1_354' title='bbox 1926 1252 2103 1313; x_wconf 88' lang='lat' dir='ltr'><strong>potest</strong></span> <span class='ocrx_word' id='word_1_355' title='bbox 2130 1258 2250 1299; x_wconf 87' lang='lat' dir='ltr'><strong>esse</strong></span> <span class='ocrx_word' id='word_1_356' title='bbox 2272 1243 2387 1299; x_wconf 91' lang='lat' dir='ltr'><strong>heri</strong></span> <span class='ocrx_word' id='word_1_357' title='bbox 2413 1246 2674 1316; x_wconf 86' lang='lat' dir='ltr'><strong>voluptas.</strong></span> <span class='ocrx_word' id='word_1_358' title='bbox 2697 1246 3035 1317; x_wconf 83' lang='lat' dir='ltr'><strong>Quapropter</strong></span> <span class='ocrx_word' id='word_1_359' title='bbox 3060 1248 3103 1303; x_wconf 93' lang='lat' dir='ltr'><strong>si</strong></span> <span class='ocrx_word' id='word_1_360' title='bbox 3127 1250 3287 1303; x_wconf 83' lang='lat' dir='ltr'><strong>vultis</strong></span> <span class='ocrx_word' id='word_1_361' title='bbox 3317 1251 3530 1321; x_wconf 82' lang='lat' dir='ltr'><strong>placere</strong></span> 
     </span>
    </p>
   </div>
   <div class='ocr_carea' id='block_1_49' title="bbox 1924 1333 3528 1410">
    <p class='ocr_par' dir='ltr' id='par_1_49' title="bbox 1924 1333 3528 1410">
     <span class='ocr_line' id='line_1_49' title="bbox 1924 1333 3528 1410; baseline 0.007 -22"><span class='ocrx_word' id='word_1_362' title='bbox 1924 1334 2078 1401; x_wconf 85' lang='lat' dir='ltr'><strong>viris,</strong></span> <span class='ocrx_word' id='word_1_363' title='bbox 2111 1333 2307 1391; x_wconf 87' lang='lat' dir='ltr'><strong>dabitis</strong></span> <span class='ocrx_word' id='word_1_364' title='bbox 2335 1336 2595 1406; x_wconf 84' lang='lat' dir='ltr'><strong>voluptati</strong></span> <span class='ocrx_word' id='word_1_365' title='bbox 2620 1337 2797 1392; x_wconf 90' lang='lat' dir='ltr'><strong>locum</strong></span> <span class='ocrx_word' id='word_1_366' title='bbox 2822 1353 2836 1389; x_wconf 90' lang='lat'><strong>:</strong></span> <span class='ocrx_word' id='word_1_367' title='bbox 2864 1337 3060 1395; x_wconf 87' lang='lat' dir='ltr'><strong>dabitis</strong></span> <span class='ocrx_word' id='word_1_368' title='bbox 3080 1355 3265 1410; x_wconf 89' lang='lat' dir='ltr'><strong>porro,</strong></span> <span class='ocrx_word' id='word_1_369' title='bbox 3292 1343 3334 1396; x_wconf 89' lang='lat' dir='ltr'><strong>si</strong></span> <span class='ocrx_word' id='word_1_370' title='bbox 3368 1344 3528 1399; x_wconf 86' lang='lat' dir='ltr'><strong>talem</strong></span> 
     </span>
    </p>
   </div>
   <div class='ocr_carea' id='block_1_50' title="bbox 1925 1428 3529 1506">
    <p class='ocr_par' dir='ltr' id='par_1_50' title="bbox 1925 1428 3529 1506">
     <span class='ocr_line' id='line_1_50' title="bbox 1925 1428 3529 1506; baseline 0.006 -25"><span class='ocrx_word' id='word_1_371' title='bbox 1925 1428 2125 1482; x_wconf 91' lang='lat' dir='ltr'><strong>cultum</strong></span> <span class='ocrx_word' id='word_1_372' title='bbox 2156 1438 2211 1483; x_wconf 90' lang='lat' dir='ltr'><strong>et</strong></span> <span class='ocrx_word' id='word_1_373' title='bbox 2250 1436 2498 1483; x_wconf 84' lang='lat' dir='ltr'><strong>ornatum</strong></span> <span class='ocrx_word' id='word_1_374' title='bbox 2530 1428 2747 1484; x_wconf 88' lang='lat' dir='ltr'><strong>tollatis.</strong></span> <span class='ocrx_word' id='word_1_375' title='bbox 2780 1428 2906 1485; x_wconf 58' lang='lat' dir='ltr'><strong>fltrc</strong></span> <span class='ocrx_word' id='word_1_376' title='bbox 2943 1430 3139 1500; x_wconf 87' lang='lat' dir='ltr'><strong>quippe</strong></span> <span class='ocrx_word' id='word_1_377' title='bbox 3158 1434 3335 1486; x_wconf 87' lang='lat' dir='ltr'><strong>omnia</strong></span> <span class='ocrx_word' id='word_1_378' title='bbox 3364 1449 3529 1506; x_wconf 90' lang='lat' dir='ltr'><strong>spon-</strong></span> 
     </span>
    </p>
   </div>
   <div class='ocr_carea' id='block_1_51' title="bbox 1924 1520 3527 1595">
    <p class='ocr_par' dir='ltr' id='par_1_51' title="bbox 1924 1520 3527 1595">
     <span class='ocr_line' id='line_1_51' title="bbox 1924 1520 3527 1595; baseline 0.005 -22"><span class='ocrx_word' id='word_1_379' title='bbox 1924 1520 2116 1574; x_wconf 88' lang='lat' dir='ltr'><strong>salium</strong></span> <span class='ocrx_word' id='word_1_380' title='bbox 2162 1530 2403 1591; x_wconf 91' lang='lat' dir='ltr'><strong>tempore</strong></span> <span class='ocrx_word' id='word_1_381' title='bbox 2434 1521 2717 1592; x_wconf 88' lang='lat' dir='ltr'><strong>quamdam</strong></span> <span class='ocrx_word' id='word_1_382' title='bbox 2752 1521 3004 1577; x_wconf 78' lang='lat' dir='ltr'><strong>videntur</strong></span> <span class='ocrx_word' id='word_1_383' title='bbox 3032 1522 3231 1580; x_wconf 90' lang='lat' dir='ltr'><strong>habere</strong></span> <span class='ocrx_word' id='word_1_384' title='bbox 3275 1526 3527 1595; x_wconf 84' lang='lat' dir='ltr'><strong>volupta—</strong></span> 
     </span>
    </p>
   </div>
   <div class='ocr_carea' id='block_1_52' title="bbox 1925 1606 3527 1682">
    <p class='ocr_par' dir='ltr' id='par_1_52' title="bbox 1925 1606 3527 1682">
     <span class='ocr_line' id='line_1_52' title="bbox 1925 1606 3527 1682; baseline 0.004 -17"><span class='ocrx_word' id='word_1_385' title='bbox 1925 1617 2063 1677; x_wconf 89' lang='lat' dir='ltr'><strong>tem;</strong></span> <span class='ocrx_word' id='word_1_386' title='bbox 2096 1606 2690 1682; x_wconf 67' lang='lat' dir='ltr'><strong>demumquetcmpore</strong></span> <span class='ocrx_word' id='word_1_387' title='bbox 2723 1623 3078 1668; x_wconf 86' lang='lat' dir='ltr'><strong>marcescunt.</strong></span> <span class='ocrx_word' id='word_1_388' title='bbox 3102 1614 3156 1669; x_wconf 90' lang='lat' dir='ltr'><strong>Si</strong></span> <span class='ocrx_word' id='word_1_389' title='bbox 3177 1614 3319 1669; x_wconf 90' lang='lat' dir='ltr'><strong>enim</strong></span> <span class='ocrx_word' id='word_1_390' title='bbox 3337 1618 3527 1673; x_wconf 74' lang='lat' dir='ltr'><strong>Ctl‘lttm</strong></span> 
     </span>
    </p>
   </div>
   <div class='ocr_carea' id='block_1_53' title="bbox 1926 1701 3525 1774">
    <p class='ocr_par' dir='ltr' id='par_1_53' title="bbox 1926 1701 3525 1774">
     <span class='ocr_line' id='line_1_53' title="bbox 1926 1701 3525 1774; baseline 0.006 -19"><span class='ocrx_word' id='word_1_391' title='bbox 1926 1709 2034 1756; x_wconf 90' lang='lat' dir='ltr'><strong>tam</strong></span> <span class='ocrx_word' id='word_1_392' title='bbox 2067 1701 2392 1770; x_wconf 85' lang='lat' dir='ltr'><strong>pulchrum,</strong></span> <span class='ocrx_word' id='word_1_393' title='bbox 2426 1703 2593 1759; x_wconf 91' lang='lat' dir='ltr'><strong>solem</strong></span> <span class='ocrx_word' id='word_1_394' title='bbox 2627 1714 2733 1758; x_wconf 84' lang='lat' dir='ltr'><strong>tam</strong></span> <span class='ocrx_word' id='word_1_395' title='bbox 2777 1704 3121 1774; x_wconf 76' lang='lat' dir='ltr'><strong>Splendidum</strong></span> <span class='ocrx_word' id='word_1_396' title='bbox 3146 1746 3162 1773; x_wconf 90' lang='lat'><strong>,</strong></span> <span class='ocrx_word' id='word_1_397' title='bbox 3192 1707 3277 1761; x_wconf 90' lang='lat' dir='ltr'><strong>cui</strong></span> <span class='ocrx_word' id='word_1_398' title='bbox 3321 1708 3525 1764; x_wconf 88' lang='lat' dir='ltr'><strong>nullum</strong></span> 
     </span>
    </p>
   </div>
   <div class='ocr_carea' id='block_1_54' title="bbox 1922 1793 3526 1870">
    <p class='ocr_par' dir='ltr' id='par_1_54' title="bbox 1922 1793 3526 1870">
     <span class='ocr_line' id='line_1_54' title="bbox 1922 1793 3526 1870; baseline 0.008 -29"><span class='ocrx_word' id='word_1_399' title='bbox 1922 1806 2019 1861; x_wconf 80' lang='lat' dir='ltr'><strong>pnr</strong></span> <span class='ocrx_word' id='word_1_400' title='bbox 2046 1806 2166 1847; x_wconf 90' lang='lat' dir='ltr'><strong>esse</strong></span> <span class='ocrx_word' id='word_1_401' title='bbox 2192 1807 2387 1862; x_wconf 91' lang='lat' dir='ltr'><strong>corpus</strong></span> <span class='ocrx_word' id='word_1_402' title='bbox 2406 1793 2629 1859; x_wconf 81' lang='lat' dir='ltr'><strong>dixeris,</strong></span> <span class='ocrx_word' id='word_1_403' title='bbox 2653 1794 2723 1848; x_wconf 94' lang='lat' dir='ltr'><strong>ob</strong></span> <span class='ocrx_word' id='word_1_404' title='bbox 2749 1794 3196 1851; x_wconf 89' lang='lat' dir='ltr'><strong>consuetudinem</strong></span> <span class='ocrx_word' id='word_1_405' title='bbox 3219 1812 3325 1853; x_wconf 92' lang='lat' dir='ltr'><strong>non</strong></span> <span class='ocrx_word' id='word_1_406' title='bbox 3357 1813 3526 1870; x_wconf 88' lang='lat' dir='ltr'><strong>usque</strong></span> 
     </span>
    </p>
   </div>
   <div class='ocr_carea' id='block_1_55' title="bbox 1923 1883 3523 1959">
    <p class='ocr_par' dir='ltr' id='par_1_55' title="bbox 1923 1883 3523 1959">
     <span class='ocr_line' id='line_1_55' title="bbox 1923 1883 3523 1959; baseline 0.006 -22"><span class='ocrx_word' id='word_1_407' title='bbox 1923 1883 2057 1939; x_wconf 87' lang='lat' dir='ltr'><strong>adeo</strong></span> <span class='ocrx_word' id='word_1_408' title='bbox 2084 1884 2363 1949; x_wconf 89' lang='lat' dir='ltr'><strong>miramur,</strong></span> <span class='ocrx_word' id='word_1_409' title='bbox 2394 1885 2668 1956; x_wconf 90' lang='lat' dir='ltr'><strong>quomodo</strong></span> <span class='ocrx_word' id='word_1_410' title='bbox 2693 1898 2939 1941; x_wconf 91' lang='lat' dir='ltr'><strong>ornatum</strong></span> <span class='ocrx_word' id='word_1_411' title='bbox 2971 1903 3167 1959; x_wconf 89' lang='lat' dir='ltr'><strong>corpus</strong></span> <span class='ocrx_word' id='word_1_412' title='bbox 3187 1889 3275 1945; x_wconf 92' lang='lat' dir='ltr'><strong>diu</strong></span> <span class='ocrx_word' id='word_1_413' title='bbox 3304 1893 3523 1947; x_wconf 83' lang='lat' dir='ltr'><strong>mirabi-</strong></span> 
     </span>
    </p>
   </div>
   <div class='ocr_carea' id='block_1_56' title="bbox 1920 1973 3521 2053">
    <p class='ocr_par' dir='ltr' id='par_1_56' title="bbox 1920 1973 3521 2053">
     <span class='ocr_line' id='line_1_56' title="bbox 1920 1973 3521 2053; baseline 0.007 -26"><span class='ocrx_word' id='word_1_414' title='bbox 1920 1975 2084 2028; x_wconf 88' lang='lat' dir='ltr'><strong>mur?</strong></span> <span class='ocrx_word' id='word_1_415' title='bbox 2110 1973 2223 2029; x_wconf 83' lang='lat' dir='ltr'><strong>Iloc</strong></span> <span class='ocrx_word' id='word_1_416' title='bbox 2250 1975 2405 2042; x_wconf 89' lang='lat' dir='ltr'><strong>dico,</strong></span> <span class='ocrx_word' id='word_1_417' title='bbox 2449 1976 2591 2047; x_wconf 92' lang='lat' dir='ltr'><strong>quod</strong></span> <span class='ocrx_word' id='word_1_418' title='bbox 2622 1978 2781 2031; x_wconf 89' lang='lat' dir='ltr'><strong>velim</strong></span> <span class='ocrx_word' id='word_1_419' title='bbox 2826 1993 2923 2034; x_wconf 90' lang='lat' dir='ltr'><strong>vos</strong></span> <span class='ocrx_word' id='word_1_420' title='bbox 2967 1981 3147 2035; x_wconf 88' lang='lat' dir='ltr'><strong>ornari</strong></span> <span class='ocrx_word' id='word_1_421' title='bbox 3179 1992 3305 2036; x_wconf 86' lang='lat' dir='ltr'><strong>vero</strong></span> <span class='ocrx_word' id='word_1_422' title='bbox 3349 1983 3521 2053; x_wconf 91' lang='lat' dir='ltr'><strong>cultu,</strong></span> 
     </span>
    </p>
   </div>
   <div class='ocr_carea' id='block_1_57' title="bbox 1919 2066 3519 2145">
    <p class='ocr_par' dir='ltr' id='par_1_57' title="bbox 1919 2066 3519 2145">
     <span class='ocr_line' id='line_1_57' title="bbox 1919 2066 3519 2145; baseline 0.008 -28"><span class='ocrx_word' id='word_1_423' title='bbox 1919 2081 2079 2135; x_wconf 89' lang='lat' dir='ltr'><strong>quem</strong></span> <span class='ocrx_word' id='word_1_424' title='bbox 2111 2066 2307 2122; x_wconf 84' lang='lat' dir='ltr'><strong>Paulus</strong></span> <span class='ocrx_word' id='word_1_425' title='bbox 2344 2070 2637 2137; x_wconf 71' lang='lat' dir='ltr'><strong>prmcepit;</strong></span> <span class='ocrx_word' id='word_1_426' title='bbox 2669 2067 2791 2123; x_wconf 85' lang='lat' dir='ltr'><strong>Non</strong></span> <span class='ocrx_word' id='word_1_427' title='bbox 2821 2086 2947 2124; x_wconf 88' lang='lat' dir='ltr'><strong>auro</strong></span> <span class='ocrx_word' id='word_1_428' title='bbox 2985 2082 3033 2125; x_wconf 88' lang='lat' dir='ltr'><strong>et</strong></span> <span class='ocrx_word' id='word_1_429' title='bbox 3079 2074 3392 2145; x_wconf 73' lang='lat' dir='ltr'><strong>margaritis,</strong></span> <span class='ocrx_word' id='word_1_430' title='bbox 3428 2090 3519 2129; x_wconf 85' lang='lat' dir='ltr'><strong>aut</strong></span> 
     </span>
    </p>
   </div>
   <div class='ocr_carea' id='block_1_58' title="bbox 1920 2160 3517 2235">
    <p class='ocr_par' dir='ltr' id='par_1_58' title="bbox 1920 2160 3517 2235">
     <span class='ocr_line' id='line_1_58' title="bbox 1920 2160 3517 2235; baseline 0.006 -23"><span class='ocrx_word' id='word_1_431' title='bbox 1920 2170 2053 2231; x_wconf 82' lang='lat' dir='ltr'><strong>veste</strong></span> <span class='ocrx_word' id='word_1_432' title='bbox 2086 2160 2307 2229; x_wconf 73' lang='lat' dir='ltr'><strong>pretiosa</strong></span> <span class='ocrx_word' id='word_1_433' title='bbox 2329 2202 2345 2227; x_wconf 87' lang='lat'><strong>,</strong></span> <span class='ocrx_word' id='word_1_434' title='bbox 2391 2161 2480 2215; x_wconf 85' lang='lat' dir='ltr'><strong>sed</strong></span> <span class='ocrx_word' id='word_1_435' title='bbox 2508 2162 2646 2229; x_wconf 80' lang='lat' dir='ltr'><strong>quod</strong></span> <span class='ocrx_word' id='word_1_436' title='bbox 2694 2164 2832 2216; x_wconf 82' lang='lat' dir='ltr'><strong>decet</strong></span> <span class='ocrx_word' id='word_1_437' title='bbox 2862 2165 3128 2227; x_wconf 80' lang='lat' dir='ltr'><strong>mulieres,</strong></span> <span class='ocrx_word' id='word_1_438' title='bbox 3164 2168 3517 2235; x_wconf 78' lang='lat' dir='ltr'><strong>promittentes</strong></span> 
     </span>
    </p>
   </div>
   <div class='ocr_carea' id='block_1_59' title="bbox 1918 2250 3518 2325">
    <p class='ocr_par' dir='ltr' id='par_1_59' title="bbox 1918 2250 3518 2325">
     <span class='ocr_line' id='line_1_59' title="bbox 1918 2250 3518 2325; baseline 0.007 -22"><span class='ocrx_word' id='word_1_439' title='bbox 1918 2250 2153 2320; x_wconf 77' lang='lat' dir='ltr'><strong>pietatem</strong></span> <span class='ocrx_word' id='word_1_440' title='bbox 2172 2266 2261 2320; x_wconf 87' lang='lat' dir='ltr'><strong>per</strong></span> <span class='ocrx_word' id='word_1_441' title='bbox 2277 2266 2430 2318; x_wconf 85' lang='lat' dir='ltr'><strong>opera</strong></span> <span class='ocrx_word' id='word_1_442' title='bbox 2457 2251 2585 2305; x_wconf 85' lang='lat' dir='ltr'><strong>bona</strong></span> <span class='ocrx_word' id='word_1_443' title='bbox 2608 2251 2686 2322; x_wconf 83' lang='grc'><strong>(1.</strong></span> <span class='ocrx_word' id='word_1_444' title='bbox 2707 2250 2843 2306; x_wconf 87' lang='lat' dir='ltr'><strong>Tim.</strong></span> <span class='ocrx_word' id='word_1_445' title='bbox 2862 2252 2917 2306; x_wconf 69' lang='lat'><strong>2.</strong></span> <span class='ocrx_word' id='word_1_446' title='bbox 2940 2252 3032 2309; x_wconf 86' lang='lat' dir='ltr'><strong>9et</strong></span> <span class='ocrx_word' id='word_1_447' title='bbox 3055 2253 3165 2325; x_wconf 82' lang='lat' dir='ltr'><strong>l0).</strong></span> <span class='ocrx_word' id='word_1_448' title='bbox 3190 2254 3295 2311; x_wconf 81' lang='lat' dir='ltr'><strong>Sed</strong></span> <span class='ocrx_word' id='word_1_449' title='bbox 3322 2257 3398 2313; x_wconf 74' lang='lat' dir='ltr'><strong>vis</strong></span> <span class='ocrx_word' id='word_1_450' title='bbox 3419 2274 3518 2313; x_wconf 80' lang='lat' dir='ltr'><strong>ex-</strong></span> 
     </span>
    </p>
   </div>
   <div class='ocr_carea' id='block_1_60' title="bbox 1918 2339 3510 2412">
    <p class='ocr_par' dir='ltr' id='par_1_60' title="bbox 1918 2339 3510 2412">
     <span class='ocr_line' id='line_1_60' title="bbox 1918 2339 3510 2412; baseline 0.006 -18"><span class='ocrx_word' id='word_1_451' title='bbox 1918 2339 2083 2394; x_wconf 87' lang='lat' dir='ltr'><strong>ternis</strong></span> <span class='ocrx_word' id='word_1_452' title='bbox 2115 2339 2346 2409; x_wconf 87' lang='lat' dir='ltr'><strong>placere,</strong></span> <span class='ocrx_word' id='word_1_453' title='bbox 2390 2340 2458 2394; x_wconf 91' lang='lat' dir='ltr'><strong>ab</strong></span> <span class='ocrx_word' id='word_1_454' title='bbox 2491 2342 2660 2412; x_wconf 87' lang='lat' dir='ltr'><strong>iisque</strong></span> <span class='ocrx_word' id='word_1_455' title='bbox 2711 2342 2955 2398; x_wconf 85' lang='lat' dir='ltr'><strong>laudari?</strong></span> <span class='ocrx_word' id='word_1_456' title='bbox 3003 2344 3163 2401; x_wconf 87' lang='lat' dir='ltr'><strong>Certe</strong></span> <span class='ocrx_word' id='word_1_457' title='bbox 3209 2362 3314 2402; x_wconf 89' lang='lat' dir='ltr'><strong>non</strong></span> <span class='ocrx_word' id='word_1_458' title='bbox 3344 2359 3510 2404; x_wconf 76' lang='lat' dir='ltr'><strong>casta:</strong></span> 
     </span>
    </p>
   </div>
   <div class='ocr_carea' id='block_1_61' title="bbox 1916 2429 3517 2501">
    <p class='ocr_par' dir='ltr' id='par_1_61' title="bbox 1916 2429 3517 2501">
     <span class='ocr_line' id='line_1_61' title="bbox 1916 2429 3517 2501; baseline 0.009 -19"><span class='ocrx_word' id='word_1_459' title='bbox 1916 2429 2157 2483; x_wconf 90' lang='lat' dir='ltr'><strong>mulieris</strong></span> <span class='ocrx_word' id='word_1_460' title='bbox 2184 2438 2269 2484; x_wconf 91' lang='lat' dir='ltr'><strong>est</strong></span> <span class='ocrx_word' id='word_1_461' title='bbox 2298 2431 2644 2487; x_wconf 86' lang='lat' dir='ltr'><strong>desiderium.</strong></span> <span class='ocrx_word' id='word_1_462' title='bbox 2669 2434 2796 2488; x_wconf 79' lang='lat' dir='ltr'><strong>Atsi</strong></span> <span class='ocrx_word' id='word_1_463' title='bbox 2828 2434 2984 2501; x_wconf 84' lang='lat' dir='ltr'><strong>velis,</strong></span> <span class='ocrx_word' id='word_1_464' title='bbox 3004 2437 3176 2491; x_wconf 81' lang='lat' dir='ltr'><strong>etiam</strong></span> <span class='ocrx_word' id='word_1_465' title='bbox 3207 2438 3327 2494; x_wconf 89' lang='lat' dir='ltr'><strong>illos</strong></span> <span class='ocrx_word' id='word_1_466' title='bbox 3349 2440 3517 2497; x_wconf 83' lang='lat' dir='ltr'><strong>habe-</strong></span> 
     </span>
    </p>
   </div>
   <div class='ocr_carea' id='block_1_62' title="bbox 1916 2519 3515 2587">
    <p class='ocr_par' dir='ltr' id='par_1_62' title="bbox 1916 2519 3515 2587">
     <span class='ocr_line' id='line_1_62' title="bbox 1916 2519 3515 2587; baseline 0.008 -13"><span class='ocrx_word' id='word_1_467' title='bbox 1916 2519 1998 2575; x_wconf 88' lang='lat' dir='ltr'><strong>bis</strong></span> <span class='ocrx_word' id='word_1_468' title='bbox 2037 2529 2090 2575; x_wconf 88' lang='lat' dir='ltr'><strong>et</strong></span> <span class='ocrx_word' id='word_1_469' title='bbox 2118 2530 2392 2576; x_wconf 88' lang='lat' dir='ltr'><strong>amatores</strong></span> <span class='ocrx_word' id='word_1_470' title='bbox 2420 2530 2476 2577; x_wconf 91' lang='lat' dir='ltr'><strong>et</strong></span> <span class='ocrx_word' id='word_1_471' title='bbox 2518 2523 2783 2580; x_wconf 87' lang='lat' dir='ltr'><strong>castitatis</strong></span> <span class='ocrx_word' id='word_1_472' title='bbox 2815 2524 3145 2583; x_wconf 87' lang='lat' dir='ltr'><strong>laudatores.</strong></span> <span class='ocrx_word' id='word_1_473' title='bbox 3176 2526 3326 2584; x_wconf 89' lang='lat' dir='ltr'><strong>Illam</strong></span> <span class='ocrx_word' id='word_1_474' title='bbox 3372 2531 3515 2587; x_wconf 86' lang='lat' dir='ltr'><strong>enim</strong></span> 
     </span>
    </p>
   </div>
   <div class='ocr_carea' id='block_1_63' title="bbox 1917 2608 3512 2687">
    <p class='ocr_par' dir='ltr' id='par_1_63' title="bbox 1917 2608 3512 2687">
     <span class='ocr_line' id='line_1_63' title="bbox 1917 2608 3512 2687; baseline 0.011 -25"><span class='ocrx_word' id='word_1_475' title='bbox 1917 2608 2077 2664; x_wconf 87' lang='lat' dir='ltr'><strong>talem</strong></span> <span class='ocrx_word' id='word_1_476' title='bbox 2109 2611 2391 2667; x_wconf 90' lang='lat' dir='ltr'><strong>mulierem</strong></span> <span class='ocrx_word' id='word_1_477' title='bbox 2414 2627 2572 2667; x_wconf 90' lang='lat' dir='ltr'><strong>nemo</strong></span> <span class='ocrx_word' id='word_1_478' title='bbox 2599 2629 2785 2685; x_wconf 60' lang='lat' dir='ltr'><strong>equus</strong></span> <span class='ocrx_word' id='word_1_479' title='bbox 2806 2616 3101 2672; x_wconf 63' lang='lat' dir='ltr'><strong>aestimator</strong></span> <span class='ocrx_word' id='word_1_480' title='bbox 3127 2619 3384 2687; x_wconf 85' lang='lat' dir='ltr'><strong>laudabit,</strong></span> <span class='ocrx_word' id='word_1_481' title='bbox 3416 2622 3512 2679; x_wconf 88' lang='lat' dir='ltr'><strong>sed</strong></span> 
     </span>
    </p>
   </div>
   <div class='ocr_carea' id='block_1_64' title="bbox 1913 2700 3511 2783">
    <p class='ocr_par' dir='ltr' id='par_1_64' title="bbox 1913 2700 3511 2783">
     <span class='ocr_line' id='line_1_64' title="bbox 1913 2700 3511 2783; baseline 0.009 -29"><span class='ocrx_word' id='word_1_482' title='bbox 1913 2700 2095 2757; x_wconf 86' lang='lat' dir='ltr'><strong>lascivi</strong></span> <span class='ocrx_word' id='word_1_483' title='bbox 2128 2711 2333 2758; x_wconf 87' lang='lat' dir='ltr'><strong>tantum</strong></span> <span class='ocrx_word' id='word_1_484' title='bbox 2365 2713 2419 2759; x_wconf 93' lang='lat' dir='ltr'><strong>et</strong></span> <span class='ocrx_word' id='word_1_485' title='bbox 2444 2706 2632 2761; x_wconf 90' lang='lat' dir='ltr'><strong>molles</strong></span> <span class='ocrx_word' id='word_1_486' title='bbox 2661 2705 2940 2773; x_wconf 83' lang='lat' dir='ltr'><strong>hetuines;</strong></span> <span class='ocrx_word' id='word_1_487' title='bbox 2968 2708 3075 2764; x_wconf 91' lang='lat' dir='ltr'><strong>imo</strong></span> <span class='ocrx_word' id='word_1_488' title='bbox 3104 2726 3171 2766; x_wconf 91' lang='lat' dir='ltr'><strong>ue</strong></span> <span class='ocrx_word' id='word_1_489' title='bbox 3211 2710 3265 2765; x_wconf 88' lang='lat' dir='ltr'><strong>hi</strong></span> <span class='ocrx_word' id='word_1_490' title='bbox 3295 2713 3511 2783; x_wconf 86' lang='lat' dir='ltr'><strong>quidem</strong></span> 
     </span>
    </p>
   </div>
   <div class='ocr_carea' id='block_1_65' title="bbox 1909 2794 3511 2862">
    <p class='ocr_par' dir='ltr' id='par_1_65' title="bbox 1909 2794 3511 2862">
     <span class='ocr_line' id='line_1_65' title="bbox 1909 2794 3511 2862; baseline 0.008 -13"><span class='ocrx_word' id='word_1_491' title='bbox 1909 2794 2237 2862; x_wconf 89' lang='lat' dir='ltr'><strong>laudabunt,</strong></span> <span class='ocrx_word' id='word_1_492' title='bbox 2269 2797 2364 2852; x_wconf 90' lang='lat' dir='ltr'><strong>sed</strong></span> <span class='ocrx_word' id='word_1_493' title='bbox 2405 2797 2725 2855; x_wconf 89' lang='lat' dir='ltr'><strong>maledicent</strong></span> <span class='ocrx_word' id='word_1_494' title='bbox 2753 2840 2768 2857; x_wconf 92' lang='lat'><strong>.</strong></span> <span class='ocrx_word' id='word_1_495' title='bbox 2799 2815 2922 2855; x_wconf 91' lang='lat' dir='ltr'><strong>cum</strong></span> <span class='ocrx_word' id='word_1_496' title='bbox 2954 2802 3199 2858; x_wconf 89' lang='lat' dir='ltr'><strong>mulieris</strong></span> <span class='ocrx_word' id='word_1_497' title='bbox 3238 2804 3511 2862; x_wconf 88' lang='lat' dir='ltr'><strong>lasciviam</strong></span> 
     </span>
    </p>
   </div>
   <div class='ocr_carea' id='block_1_66' title="bbox 1910 2880 3509 2959">
    <p class='ocr_par' dir='ltr' id='par_1_66' title="bbox 1910 2880 3509 2959">
     <span class='ocr_line' id='line_1_66' title="bbox 1910 2880 3509 2959; baseline 0.009 -20"><span class='ocrx_word' id='word_1_498' title='bbox 1910 2886 2301 2942; x_wconf 89' lang='lat' dir='ltr'><strong>intuebuntur:</strong></span> <span class='ocrx_word' id='word_1_499' title='bbox 2334 2889 2560 2959; x_wconf 90' lang='lat' dir='ltr'><strong>probam</strong></span> <span class='ocrx_word' id='word_1_500' title='bbox 2609 2880 2738 2947; x_wconf 89' lang='lat' dir='ltr'><strong>vero</strong></span> <span class='ocrx_word' id='word_1_501' title='bbox 2780 2891 2920 2949; x_wconf 91' lang='lat' dir='ltr'><strong>hanc</strong></span> <span class='ocrx_word' id='word_1_502' title='bbox 2944 2894 3225 2951; x_wconf 91' lang='lat' dir='ltr'><strong>mulierem</strong></span> <span class='ocrx_word' id='word_1_503' title='bbox 3274 2907 3326 2952; x_wconf 91' lang='lat' dir='ltr'><strong>et</strong></span> <span class='ocrx_word' id='word_1_504' title='bbox 3360 2898 3413 2952; x_wconf 92' lang='lat' dir='ltr'><strong>hi</strong></span> <span class='ocrx_word' id='word_1_505' title='bbox 3457 2908 3509 2954; x_wconf 91' lang='lat' dir='ltr'><strong>et</strong></span> 
     </span>
    </p>
   </div>
   <div class='ocr_carea' id='block_1_67' title="bbox 1907 2976 3506 3055">
    <p class='ocr_par' dir='ltr' id='par_1_67' title="bbox 1907 2976 3506 3055">
     <span class='ocr_line' id='line_1_67' title="bbox 1907 2976 3506 3055; baseline 0.01 -25"><span class='ocrx_word' id='word_1_506' title='bbox 1907 2976 1984 3031; x_wconf 91' lang='lat' dir='ltr'><strong>illi</strong></span> <span class='ocrx_word' id='word_1_507' title='bbox 2006 2993 2301 3049; x_wconf 90' lang='lat' dir='ltr'><strong>omnesque</strong></span> <span class='ocrx_word' id='word_1_508' title='bbox 2324 2980 2651 3049; x_wconf 89' lang='lat' dir='ltr'><strong>laudabunt;</strong></span> <span class='ocrx_word' id='word_1_509' title='bbox 2679 2984 2877 3054; x_wconf 87' lang='lat' dir='ltr'><strong>quippe</strong></span> <span class='ocrx_word' id='word_1_510' title='bbox 2903 2987 2991 3055; x_wconf 93' lang='lat' dir='ltr'><strong>qui</strong></span> <span class='ocrx_word' id='word_1_511' title='bbox 3016 2986 3148 3041; x_wconf 90' lang='lat' dir='ltr'><strong>nihil</strong></span> <span class='ocrx_word' id='word_1_512' title='bbox 3178 2987 3246 3043; x_wconf 90' lang='lat' dir='ltr'><strong>ab</strong></span> <span class='ocrx_word' id='word_1_513' title='bbox 3269 2988 3357 3043; x_wconf 90' lang='lat' dir='ltr'><strong>illa</strong></span> <span class='ocrx_word' id='word_1_514' title='bbox 3382 2991 3506 3046; x_wconf 88' lang='lat' dir='ltr'><strong>mali</strong></span> 
     </span>
    </p>
   </div>
   <div class='ocr_carea' id='block_1_68' title="bbox 1905 3062 3506 3152">
    <p class='ocr_par' dir='ltr' id='par_1_68' title="bbox 1905 3062 3506 3152">
     <span class='ocr_line' id='line_1_68' title="bbox 1905 3062 3506 3152; baseline 0.009 -30"><span class='ocrx_word' id='word_1_515' title='bbox 1905 3070 2230 3139; x_wconf 91' lang='lat' dir='ltr'><strong>acceperint,</strong></span> <span class='ocrx_word' id='word_1_516' title='bbox 2263 3071 2356 3126; x_wconf 91' lang='lat' dir='ltr'><strong>sed</strong></span> <span class='ocrx_word' id='word_1_517' title='bbox 2388 3072 2742 3143; x_wconf 74' lang='lat' dir='ltr'><strong>pltil050phitc</strong></span> <span class='ocrx_word' id='word_1_518' title='bbox 2767 3062 3067 3131; x_wconf 81' lang='lat' dir='ltr'><strong>doctrinam</strong></span> <span class='ocrx_word' id='word_1_519' title='bbox 3100 3095 3113 3131; x_wconf 89' lang='lat'><strong>:</strong></span> <span class='ocrx_word' id='word_1_520' title='bbox 3146 3095 3333 3149; x_wconf 80' lang='lat' dir='ltr'><strong>magna</strong></span> <span class='ocrx_word' id='word_1_521' title='bbox 3364 3083 3506 3152; x_wconf 90' lang='lat' dir='ltr'><strong>apud</strong></span> 
     </span>
    </p>
   </div>
   <div class='ocr_carea' id='block_1_69' title="bbox 1905 3159 3504 3237">
    <p class='ocr_par' dir='ltr' id='par_1_69' title="bbox 1905 3159 3504 3237">
     <span class='ocr_line' id='line_1_69' title="bbox 1905 3159 3504 3237; baseline 0.009 -23"><span class='ocrx_word' id='word_1_522' title='bbox 1905 3159 2153 3217; x_wconf 89' lang='lat' dir='ltr'><strong>homines</strong></span> <span class='ocrx_word' id='word_1_523' title='bbox 2172 3162 2286 3216; x_wconf 89' lang='lat' dir='ltr'><strong>laus</strong></span> <span class='ocrx_word' id='word_1_524' title='bbox 2312 3162 2506 3231; x_wconf 89' lang='lat' dir='ltr'><strong>aderit,</strong></span> <span class='ocrx_word' id='word_1_525' title='bbox 2536 3181 2730 3236; x_wconf 86' lang='lat' dir='ltr'><strong>magna</strong></span> <span class='ocrx_word' id='word_1_526' title='bbox 2748 3166 2887 3237; x_wconf 90' lang='lat' dir='ltr'><strong>apud</strong></span> <span class='ocrx_word' id='word_1_527' title='bbox 2908 3167 3074 3223; x_wconf 90' lang='lat' dir='ltr'><strong>Deum</strong></span> <span class='ocrx_word' id='word_1_528' title='bbox 3102 3184 3333 3226; x_wconf 89' lang='lat' dir='ltr'><strong>merces.</strong></span> <span class='ocrx_word' id='word_1_529' title='bbox 3354 3172 3504 3229; x_wconf 91' lang='lat' dir='ltr'><strong>llune</strong></span> 
     </span>
    </p>
   </div>
   <div class='ocr_carea' id='block_1_70' title="bbox 1904 3258 3502 3323">
    <p class='ocr_par' dir='ltr' id='par_1_70' title="bbox 1904 3258 3502 3323">
     <span class='ocr_line' id='line_1_70' title="bbox 1904 3258 3502 3323; baseline 0.008 -16"><span class='ocrx_word' id='word_1_530' title='bbox 1904 3267 2033 3323; x_wconf 86' lang='lat' dir='ltr'><strong>ergo</strong></span> <span class='ocrx_word' id='word_1_531' title='bbox 2062 3269 2365 3322; x_wconf 66' lang='lat' dir='ltr'><strong>quaeramus</strong></span> <span class='ocrx_word' id='word_1_532' title='bbox 2389 3265 2657 3323; x_wconf 91' lang='lat' dir='ltr'><strong>ornatum,</strong></span> <span class='ocrx_word' id='word_1_533' title='bbox 2678 3268 2735 3312; x_wconf 94' lang='lat' dir='ltr'><strong>nt</strong></span> <span class='ocrx_word' id='word_1_534' title='bbox 2755 3268 2808 3312; x_wconf 91' lang='lat' dir='ltr'><strong>et</strong></span> <span class='ocrx_word' id='word_1_535' title='bbox 2833 3258 2917 3313; x_wconf 89' lang='lat' dir='ltr'><strong>hic</strong></span> <span class='ocrx_word' id='word_1_536' title='bbox 2938 3274 3058 3315; x_wconf 89' lang='lat' dir='ltr'><strong>cum</strong></span> <span class='ocrx_word' id='word_1_537' title='bbox 3088 3261 3334 3318; x_wconf 86' lang='lat' dir='ltr'><strong>libertate</strong></span> <span class='ocrx_word' id='word_1_538' title='bbox 3358 3266 3502 3319; x_wconf 88' lang='lat' dir='ltr'><strong>viva-</strong></span> 
     </span>
    </p>
   </div>
   <div class='ocr_carea' id='block_1_71' title="bbox 1902 3344 3502 3422">
    <p class='ocr_par' dir='ltr' id='par_1_71' title="bbox 1902 3344 3502 3422">
     <span class='ocr_line' id='line_1_71' title="bbox 1902 3344 3502 3422; baseline 0.008 -23"><span class='ocrx_word' id='word_1_539' title='bbox 1902 3359 2023 3399; x_wconf 88' lang='lat' dir='ltr'><strong>mus</strong></span> <span class='ocrx_word' id='word_1_540' title='bbox 2046 3386 2061 3410; x_wconf 95' lang='lat'><strong>,</strong></span> <span class='ocrx_word' id='word_1_541' title='bbox 2094 3354 2147 3399; x_wconf 89' lang='lat' dir='ltr'><strong>et</strong></span> <span class='ocrx_word' id='word_1_542' title='bbox 2173 3344 2346 3399; x_wconf 86' lang='lat' dir='ltr'><strong>futura</strong></span> <span class='ocrx_word' id='word_1_543' title='bbox 2374 3361 2773 3418; x_wconf 90' lang='lat' dir='ltr'><strong>consequamur</strong></span> <span class='ocrx_word' id='word_1_544' title='bbox 2796 3349 2934 3403; x_wconf 91' lang='lat' dir='ltr'><strong>bona</strong></span> <span class='ocrx_word' id='word_1_545' title='bbox 2970 3369 2984 3405; x_wconf 92' lang='lat'><strong>:</strong></span> <span class='ocrx_word' id='word_1_546' title='bbox 3027 3367 3145 3422; x_wconf 73' lang='lat' dir='ltr'><strong>qua:</strong></span> <span class='ocrx_word' id='word_1_547' title='bbox 3185 3368 3283 3407; x_wconf 87' lang='lat' dir='ltr'><strong>nos</strong></span> <span class='ocrx_word' id='word_1_548' title='bbox 3313 3369 3502 3412; x_wconf 86' lang='lat' dir='ltr'><strong>omnes</strong></span> 
     </span>
    </p>
   </div>
   <div class='ocr_carea' id='block_1_72' title="bbox 1898 3436 3500 3512">
    <p class='ocr_par' dir='ltr' id='par_1_72' title="bbox 1898 3436 3500 3512">
     <span class='ocr_line' id='line_1_72' title="bbox 1898 3436 3500 3512; baseline 0.008 -23"><span class='ocrx_word' id='word_1_549' title='bbox 1898 3436 2110 3506; x_wconf 88' lang='lat' dir='ltr'><strong>assequi</strong></span> <span class='ocrx_word' id='word_1_550' title='bbox 2138 3436 2413 3507; x_wconf 86' lang='lat' dir='ltr'><strong>contingat</strong></span> <span class='ocrx_word' id='word_1_551' title='bbox 2434 3478 2447 3503; x_wconf 90' lang='lat'><strong>,</strong></span> <span class='ocrx_word' id='word_1_552' title='bbox 2476 3439 2646 3509; x_wconf 89' lang='lat' dir='ltr'><strong>gratia</strong></span> <span class='ocrx_word' id='word_1_553' title='bbox 2677 3448 2732 3495; x_wconf 92' lang='lat' dir='ltr'><strong>et</strong></span> <span class='ocrx_word' id='word_1_554' title='bbox 2779 3439 3109 3512; x_wconf 80' lang='lat' dir='ltr'><strong>benignitate</strong></span> <span class='ocrx_word' id='word_1_555' title='bbox 3158 3442 3369 3499; x_wconf 88' lang='lat' dir='ltr'><strong>Domini</strong></span> <span class='ocrx_word' id='word_1_556' title='bbox 3400 3462 3500 3501; x_wconf 83' lang='lat' dir='ltr'><strong>no-</strong></span> 
     </span>
    </p>
   </div>
   <div class='ocr_carea' id='block_1_73' title="bbox 1897 3527 3495 3603">
    <p class='ocr_par' dir='ltr' id='par_1_73' title="bbox 1897 3527 3495 3603">
     <span class='ocr_line' id='line_1_73' title="bbox 1897 3527 3495 3603; baseline 0.007 -20"><span class='ocrx_word' id='word_1_557' title='bbox 1897 3528 1995 3583; x_wconf 90' lang='lat' dir='ltr'><strong>stri</strong></span> <span class='ocrx_word' id='word_1_558' title='bbox 2031 3527 2161 3583; x_wconf 83' lang='lat' dir='ltr'><strong>Jesu</strong></span> <span class='ocrx_word' id='word_1_559' title='bbox 2190 3527 2429 3598; x_wconf 89' lang='lat' dir='ltr'><strong>Christi,</strong></span> <span class='ocrx_word' id='word_1_560' title='bbox 2473 3530 2559 3586; x_wconf 92' lang='lat' dir='ltr'><strong>cui</strong></span> <span class='ocrx_word' id='word_1_561' title='bbox 2599 3531 2769 3603; x_wconf 88' lang='lat' dir='ltr'><strong>gloria</strong></span> <span class='ocrx_word' id='word_1_562' title='bbox 2811 3533 2865 3587; x_wconf 92' lang='lat' dir='ltr'><strong>in</strong></span> <span class='ocrx_word' id='word_1_563' title='bbox 2908 3535 3104 3589; x_wconf 68' lang='lat' dir='ltr'><strong>sarcula</strong></span> <span class='ocrx_word' id='word_1_564' title='bbox 3150 3540 3495 3594; x_wconf 70' lang='lat' dir='ltr'><strong>smenlorum.</strong></span> 
     </span>
    </p>
   </div>
   <div class='ocr_carea' id='block_1_74' title="bbox 1896 3620 2091 3677">
    <p class='ocr_par' dir='ltr' id='par_1_74' title="bbox 1896 3620 2091 3677">
     <span class='ocr_line' id='line_1_74' title="bbox 1896 3620 2091 3677; baseline 0.01 -2"><span class='ocrx_word' id='word_1_565' title='bbox 1896 3620 2091 3677; x_wconf 81' lang='lat' dir='ltr'><strong>Amen.</strong></span> 
     </span>
    </p>
   </div>
   <div class='ocr_carea' id='block_1_75' title="bbox 1473 3965 2201 4052">
    <p class='ocr_par' dir='ltr' id='par_1_75' title="bbox 1473 3965 2201 4052">
     <span class='ocr_line' id='line_1_75' title="bbox 1473 3965 2201 4052; baseline 0.008 -26"><span class='ocrx_word' id='word_1_566' title='bbox 1473 3965 1823 4032; x_wconf 84' lang='lat' dir='ltr'><strong>HOMILIA</strong></span> <span class='ocrx_word' id='word_1_567' title='bbox 1865 3970 2041 4032; x_wconf 87' lang='lat' dir='ltr'><strong>Lxu</strong></span> <span class='ocrx_word' id='word_1_568' title='bbox 2088 3968 2201 4052; x_wconf 84' lang='grc' dir='ltr'><strong>(α).</strong></span> 
     </span>
    </p>
   </div>
   <div class='ocr_carea' id='block_1_76' title="bbox 189 4089 1773 4176">
    <p class='ocr_par' dir='ltr' id='par_1_76' title="bbox 189 4089 1773 4176">
     <span class='ocr_line' id='line_1_76' title="bbox 189 4089 1773 4176; baseline 0.013 -31"><span class='ocrx_word' id='word_1_569' title='bbox 189 4089 312 4149; x_wconf 69' lang='grc' dir='ltr'><strong>οη.</strong></span> <span class='ocrx_word' id='word_1_570' title='bbox 347 4095 437 4149; x_wconf 80' lang='lat' dir='ltr'><strong>ll.</strong></span> <span class='ocrx_word' id='word_1_571' title='bbox 482 4110 533 4148; x_wconf 75' lang='grc' dir='ltr'><strong>ν.</strong></span> <span class='ocrx_word' id='word_1_572' title='bbox 569 4097 620 4150; x_wconf 83' lang='grc' dir='ltr'>ι.</span> <span class='ocrx_word' id='word_1_573' title='bbox 664 4095 789 4151; x_wconf 83' lang='lat' dir='ltr'><strong>Erat</strong></span> <span class='ocrx_word' id='word_1_574' title='bbox 818 4108 986 4153; x_wconf 87' lang='lat' dir='ltr'><strong>autem</strong></span> <span class='ocrx_word' id='word_1_575' title='bbox 1029 4102 1236 4169; x_wconf 85' lang='lat' dir='ltr'><strong>quidam</strong></span> <span class='ocrx_word' id='word_1_576' title='bbox 1265 4104 1511 4176; x_wconf 85' lang='lat' dir='ltr'><strong>languens</strong></span> <span class='ocrx_word' id='word_1_577' title='bbox 1541 4109 1773 4166; x_wconf 76' lang='lat' dir='ltr'><strong>Lazarus</strong></span> 
     </span>
    </p>
   </div>
   <div class='ocr_carea' id='block_1_77' title="bbox 254 4183 1784 4260">
    <p class='ocr_par' dir='ltr' id='par_1_77' title="bbox 254 4183 1784 4260">
     <span class='ocr_line' id='line_1_77' title="bbox 254 4183 1784 4260; baseline 0.016 -25"><span class='ocrx_word' id='word_1_578' title='bbox 254 4199 286 4235; x_wconf 77' lang='grc' dir='ltr'><em>α</em></span> <span class='ocrx_word' id='word_1_579' title='bbox 328 4183 604 4253; x_wconf 75' lang='lat' dir='ltr'><strong>Bethania,</strong></span> <span class='ocrx_word' id='word_1_580' title='bbox 646 4204 709 4242; x_wconf 77' lang='lat' dir='ltr'><strong>et:</strong></span> <span class='ocrx_word' id='word_1_581' title='bbox 754 4191 962 4246; x_wconf 85' lang='lat' dir='ltr'><strong>castello</strong></span> <span class='ocrx_word' id='word_1_582' title='bbox 1010 4193 1194 4249; x_wconf 71' lang='lat' dir='ltr'><strong>Maria:</strong></span> <span class='ocrx_word' id='word_1_583' title='bbox 1242 4206 1289 4250; x_wconf 87' lang='lat' dir='ltr'><strong>et</strong></span> <span class='ocrx_word' id='word_1_584' title='bbox 1331 4197 1553 4256; x_wconf 72' lang='lat' dir='ltr'><strong>Martha:</strong></span> <span class='ocrx_word' id='word_1_585' title='bbox 1594 4209 1784 4260; x_wconf 85' lang='lat' dir='ltr'><strong>sororis</strong></span> 
     </span>
    </p>
   </div>
   <div class='ocr_carea' id='block_1_78' title="bbox 254 4276 1783 4358">
    <p class='ocr_par' dir='ltr' id='par_1_78' title="bbox 254 4276 1783 4358">
     <span class='ocr_line' id='line_1_78' title="bbox 254 4276 1783 4358; baseline 0.016 -31"><span class='ocrx_word' id='word_1_586' title='bbox 254 4276 387 4343; x_wconf 82' lang='lat' dir='ltr'><strong>ejus.</strong></span> <span class='ocrx_word' id='word_1_587' title='bbox 430 4276 487 4332; x_wconf 69' lang='grc'><strong>2.</strong></span> <span class='ocrx_word' id='word_1_588' title='bbox 539 4277 708 4333; x_wconf 75' lang='lat' dir='ltr'><strong>Maria</strong></span> <span class='ocrx_word' id='word_1_589' title='bbox 755 4292 923 4336; x_wconf 83' lang='lat' dir='ltr'><strong>autent</strong></span> <span class='ocrx_word' id='word_1_590' title='bbox 970 4295 1077 4339; x_wconf 86' lang='lat' dir='ltr'><strong>erat</strong></span> <span class='ocrx_word' id='word_1_591' title='bbox 1105 4303 1165 4341; x_wconf 85' lang='lat' dir='ltr'><strong>ea</strong></span> <span class='ocrx_word' id='word_1_592' title='bbox 1192 4304 1306 4358; x_wconf 75' lang='lat' dir='ltr'><strong>qua:</strong></span> <span class='ocrx_word' id='word_1_593' title='bbox 1333 4293 1478 4345; x_wconf 73' lang='lat' dir='ltr'><strong>unxit</strong></span> <span class='ocrx_word' id='word_1_594' title='bbox 1504 4292 1783 4352; x_wconf 88' lang='lat' dir='ltr'><strong>Dominum</strong></span> 
     </span>
    </p>
   </div>
   <div class='ocr_carea' id='block_1_79' title="bbox 255 4377 531 4438">
    <p class='ocr_par' dir='ltr' id='par_1_79' title="bbox 255 4377 531 4438">
     <span class='ocr_line' id='line_1_79' title="bbox 255 4377 531 4438; baseline 0.014 -20"><span class='ocrx_word' id='word_1_595' title='bbox 255 4377 531 4438; x_wconf 72' lang='lat' dir='ltr'><strong>unguento.</strong></span> 
     </span>
    </p>
   </div>
   <div class='ocr_carea' id='block_1_80' title="bbox 258 4502 1782 4590">
    <p class='ocr_par' dir='ltr' id='par_1_80' title="bbox 258 4502 1782 4590">
     <span class='ocr_line' id='line_1_80' title="bbox 258 4502 1782 4590; baseline 0.015 -34"><span class='ocrx_word' id='word_1_596' title='bbox 258 4502 308 4557; x_wconf 85' lang='lat' dir='ltr'><strong>l.</strong></span> <span class='ocrx_word' id='word_1_597' title='bbox 367 4502 647 4561; x_wconf 59' lang='lat' dir='ltr'><strong>AErumna:</strong></span> <span class='ocrx_word' id='word_1_598' title='bbox 688 4509 866 4563; x_wconf 84' lang='lat' dir='ltr'><strong>amicis</strong></span> <span class='ocrx_word' id='word_1_599' title='bbox 918 4509 1013 4565; x_wconf 89' lang='lat' dir='ltr'><strong>Dei</strong></span> <span class='ocrx_word' id='word_1_600' title='bbox 1076 4516 1296 4570; x_wconf 63' lang='lat' dir='ltr'><strong>maxime</strong></span> <span class='ocrx_word' id='word_1_601' title='bbox 1347 4531 1662 4590; x_wconf 86' lang='lat' dir='ltr'><strong>competunt.</strong></span> <span class='ocrx_word' id='word_1_602' title='bbox 1701 4522 1782 4579; x_wconf 88' lang='lat' dir='ltr'><strong>De</strong></span> 
     </span>
    </p>
   </div>
   <div class='ocr_carea' id='block_1_81' title="bbox 192 4592 1780 4685">
    <p class='ocr_par' dir='ltr' id='par_1_81' title="bbox 192 4592 1780 4685">
     <span class='ocr_line' id='line_1_81' title="bbox 192 4592 1780 4685; baseline 0.016 -38"><span class='ocrx_word' id='word_1_603' title='bbox 192 4592 361 4649; x_wconf 74' lang='lat' dir='ltr'><strong>Maria</strong></span> <span class='ocrx_word' id='word_1_604' title='bbox 407 4614 580 4652; x_wconf 79' lang='lat' dir='ltr'><strong>sorore</strong></span> <span class='ocrx_word' id='word_1_605' title='bbox 625 4598 816 4655; x_wconf 81' lang='lat' dir='ltr'><strong>Lazari</strong></span> <span class='ocrx_word' id='word_1_606' title='bbox 861 4606 1091 4675; x_wconf 74' lang='lat' dir='ltr'><strong>qumtio.</strong></span> <span class='ocrx_word' id='word_1_607' title='bbox 1123 4608 1367 4664; x_wconf 85' lang='lat' dir='ltr'><strong>—Multi</strong></span> <span class='ocrx_word' id='word_1_608' title='bbox 1402 4627 1524 4667; x_wconf 88' lang='lat' dir='ltr'><strong>cum</strong></span> <span class='ocrx_word' id='word_1_609' title='bbox 1570 4615 1780 4685; x_wconf 86' lang='lat' dir='ltr'><strong>aliquos</strong></span> 
     </span>
    </p>
   </div>
   <div class='ocr_carea' id='block_1_82' title="bbox 187 4686 1777 4776">
    <p class='ocr_par' dir='ltr' id='par_1_82' title="bbox 187 4686 1777 4776">
     <span class='ocr_line' id='line_1_82' title="bbox 187 4686 1777 4776; baseline 0.016 -38"><span class='ocrx_word' id='word_1_610' title='bbox 187 4686 367 4742; x_wconf 79' lang='lat' dir='ltr'><strong>vident</strong></span> <span class='ocrx_word' id='word_1_611' title='bbox 417 4687 659 4745; x_wconf 87' lang='lat' dir='ltr'><strong>homines</strong></span> <span class='ocrx_word' id='word_1_612' title='bbox 712 4692 819 4748; x_wconf 91' lang='lat' dir='ltr'><strong>Deo</strong></span> <span class='ocrx_word' id='word_1_613' title='bbox 858 4707 1129 4766; x_wconf 89' lang='lat' dir='ltr'><strong>acceptos,</strong></span> <span class='ocrx_word' id='word_1_614' title='bbox 1180 4700 1231 4754; x_wconf 91' lang='lat' dir='ltr'><strong>in</strong></span> <span class='ocrx_word' id='word_1_615' title='bbox 1263 4717 1558 4759; x_wconf 67' lang='lat' dir='ltr'><strong>aerumnam</strong></span> <span class='ocrx_word' id='word_1_616' title='bbox 1588 4723 1777 4776; x_wconf 90' lang='lat' dir='ltr'><strong>quam-</strong></span> 
     </span>
    </p>
   </div>
   <div class='ocr_carea' id='block_1_83' title="bbox 189 4777 1779 4865">
    <p class='ocr_par' dir='ltr' id='par_1_83' title="bbox 189 4777 1779 4865">
     <span class='ocr_line' id='line_1_83' title="bbox 189 4777 1779 4865; baseline 0.018 -36"><span class='ocrx_word' id='word_1_617' title='bbox 189 4777 349 4844; x_wconf 81' lang='lat' dir='ltr'><strong>piam.</strong></span> <span class='ocrx_word' id='word_1_618' title='bbox 406 4787 464 4835; x_wconf 94' lang='lat' dir='ltr'><strong>ut</strong></span> <span class='ocrx_word' id='word_1_619' title='bbox 494 4783 762 4850; x_wconf 89' lang='lat' dir='ltr'><strong>morbum,</strong></span> <span class='ocrx_word' id='word_1_620' title='bbox 800 4800 1192 4857; x_wconf 85' lang='lat' dir='ltr'><strong>paupertatem,</strong></span> <span class='ocrx_word' id='word_1_621' title='bbox 1223 4802 1315 4849; x_wconf 90' lang='lat' dir='ltr'><strong>aut</strong></span> <span class='ocrx_word' id='word_1_622' title='bbox 1339 4796 1466 4865; x_wconf 91' lang='lat' dir='ltr'><strong>quid</strong></span> <span class='ocrx_word' id='word_1_623' title='bbox 1494 4798 1669 4855; x_wconf 90' lang='lat' dir='ltr'><strong>simile</strong></span> <span class='ocrx_word' id='word_1_624' title='bbox 1696 4802 1779 4856; x_wconf 89' lang='lat' dir='ltr'><strong>in-</strong></span> 
     </span>
    </p>
   </div>
   <div class='ocr_carea' id='block_1_84' title="bbox 188 4867 1779 4946">
    <p class='ocr_par' dir='ltr' id='par_1_84' title="bbox 188 4867 1779 4946">
     <span class='ocr_line' id='line_1_84' title="bbox 188 4867 1779 4946; baseline 0.017 -27"><span class='ocrx_word' id='word_1_625' title='bbox 188 4867 404 4934; x_wconf 85' lang='lat' dir='ltr'><strong>cidisse,</strong></span> <span class='ocrx_word' id='word_1_626' title='bbox 432 4872 824 4941; x_wconf 89' lang='lat' dir='ltr'><strong>perturbantur,</strong></span> <span class='ocrx_word' id='word_1_627' title='bbox 872 4880 1034 4933; x_wconf 90' lang='lat' dir='ltr'><strong>nescii</strong></span> <span class='ocrx_word' id='word_1_628' title='bbox 1081 4881 1192 4936; x_wconf 89' lang='lat' dir='ltr'><strong>Deo</strong></span> <span class='ocrx_word' id='word_1_629' title='bbox 1235 4885 1420 4941; x_wconf 90' lang='lat' dir='ltr'><strong>amicis</strong></span> <span class='ocrx_word' id='word_1_630' title='bbox 1465 4887 1516 4941; x_wconf 94' lang='lat' dir='ltr'><strong>id</strong></span> <span class='ocrx_word' id='word_1_631' title='bbox 1549 4891 1779 4946; x_wconf 89' lang='lat' dir='ltr'><strong>maxime</strong></span> 
     </span>
    </p>
   </div>
   <div class='ocr_carea' id='block_1_85' title="bbox 188 4964 1778 5049">
    <p class='ocr_par' dir='ltr' id='par_1_85' title="bbox 188 4964 1778 5049">
     <span class='ocr_line' id='line_1_85' title="bbox 188 4964 1778 5049; baseline 0.018 -38"><span class='ocrx_word' id='word_1_632' title='bbox 188 4971 511 5029; x_wconf 85' lang='lat' dir='ltr'><strong>competere.</strong></span> <span class='ocrx_word' id='word_1_633' title='bbox 558 4964 689 5018; x_wconf 87' lang='lat' dir='ltr'><strong>Nam</strong></span> <span class='ocrx_word' id='word_1_634' title='bbox 728 4967 962 5025; x_wconf 83' lang='lat' dir='ltr'><strong>Lazarus</strong></span> <span class='ocrx_word' id='word_1_635' title='bbox 992 4988 1057 5027; x_wconf 91' lang='lat' dir='ltr'><strong>ex</strong></span> <span class='ocrx_word' id='word_1_636' title='bbox 1085 4974 1282 5031; x_wconf 85' lang='lat' dir='ltr'><strong>Christi</strong></span> <span class='ocrx_word' id='word_1_637' title='bbox 1314 4980 1501 5034; x_wconf 89' lang='lat' dir='ltr'><strong>amicis</strong></span> <span class='ocrx_word' id='word_1_638' title='bbox 1526 4992 1674 5049; x_wconf 88' lang='lat' dir='ltr'><strong>erat,</strong></span> <span class='ocrx_word' id='word_1_639' title='bbox 1722 4996 1778 5039; x_wconf 90' lang='lat' dir='ltr'><strong>et</strong></span> 
     </span>
    </p>
   </div>
   <div class='ocr_carea' id='block_1_86' title="bbox 190 5044 1773 5138">
    <p class='ocr_par' dir='ltr' id='par_1_86' title="bbox 190 5044 1773 5138">
     <span class='ocr_line' id='line_1_86' title="bbox 190 5044 1773 5138; baseline 0.019 -39"><span class='ocrx_word' id='word_1_640' title='bbox 190 5044 559 5138; x_wconf 53' lang='lat' dir='ltr'><strong>ipfirmabatur</strong></span> <span class='ocrx_word' id='word_1_641' title='bbox 598 5070 612 5106; x_wconf 92' lang='lat'>:</span> <span class='ocrx_word' id='word_1_642' title='bbox 660 5055 710 5109; x_wconf 89' lang='lat' dir='ltr'><strong>id</strong></span> <span class='ocrx_word' id='word_1_643' title='bbox 756 5060 894 5127; x_wconf 91' lang='lat' dir='ltr'><strong>quod</strong></span> <span class='ocrx_word' id='word_1_644' title='bbox 942 5061 1191 5119; x_wconf 89' lang='lat' dir='ltr'><strong>dicebant</strong></span> <span class='ocrx_word' id='word_1_645' title='bbox 1241 5066 1274 5120; x_wconf 90' lang='lat' dir='ltr'><strong>ii</strong></span> <span class='ocrx_word' id='word_1_646' title='bbox 1322 5068 1414 5138; x_wconf 91' lang='lat' dir='ltr'><strong>qui</strong></span> <span class='ocrx_word' id='word_1_647' title='bbox 1468 5044 1773 5129; x_wconf 84' lang='lat' dir='ltr'><strong>miserunt:</strong></span> 
     </span>
    </p>
   </div>
   <div class='ocr_carea' id='block_1_87' title="bbox 192 5136 1775 5234">
    <p class='ocr_par' dir='ltr' id='par_1_87' title="bbox 192 5136 1775 5234">
     <span class='ocr_line' id='line_1_87' title="bbox 192 5136 1775 5234; baseline 0.02 -46"><span class='ocrx_word' id='word_1_648' title='bbox 192 5136 314 5191; x_wconf 83' lang='lat' dir='ltr'><strong>Ecce</strong></span> <span class='ocrx_word' id='word_1_649' title='bbox 348 5157 497 5210; x_wconf 83' lang='lat' dir='ltr'><strong>quem</strong></span> <span class='ocrx_word' id='word_1_650' title='bbox 538 5160 681 5199; x_wconf 88' lang='lat' dir='ltr'><strong>amas</strong></span> <span class='ocrx_word' id='word_1_651' title='bbox 722 5148 1033 5217; x_wconf 75' lang='lat' dir='ltr'><strong>inﬁrmatur.</strong></span> <span class='ocrx_word' id='word_1_652' title='bbox 1083 5154 1191 5209; x_wconf 90' lang='lat' dir='ltr'><strong>Sed</strong></span> <span class='ocrx_word' id='word_1_653' title='bbox 1229 5136 1403 5213; x_wconf 80' lang='lat' dir='ltr'><strong>locum</strong></span> <span class='ocrx_word' id='word_1_654' title='bbox 1435 5161 1593 5215; x_wconf 87' lang='lat' dir='ltr'><strong>altius</strong></span> <span class='ocrx_word' id='word_1_655' title='bbox 1624 5180 1775 5234; x_wconf 87' lang='lat' dir='ltr'><strong>repe-</strong></span> 
     </span>
    </p>
   </div>
   <div class='ocr_carea' id='block_1_88' title="bbox 190 5232 1774 5317">
    <p class='ocr_par' dir='ltr' id='par_1_88' title="bbox 190 5232 1774 5317">
     <span class='ocr_line' id='line_1_88' title="bbox 190 5232 1774 5317; baseline 0.02 -39"><span class='ocrx_word' id='word_1_656' title='bbox 190 5234 377 5284; x_wconf 88' lang='lat' dir='ltr'><strong>tamus.</strong></span> <span class='ocrx_word' id='word_1_657' title='bbox 428 5232 576 5298; x_wconf 58' lang='lat' dir='ltr'><strong>Era‘t,</strong></span> <span class='ocrx_word' id='word_1_658' title='bbox 622 5236 812 5307; x_wconf 84' lang='lat' dir='ltr'><strong>inquit,</strong></span> <span class='ocrx_word' id='word_1_659' title='bbox 852 5243 1059 5310; x_wconf 83' lang='lat' dir='ltr'><strong>quidam</strong></span> <span class='ocrx_word' id='word_1_660' title='bbox 1086 5246 1331 5317; x_wconf 85' lang='lat' dir='ltr'><strong>languens</strong></span> <span class='ocrx_word' id='word_1_661' title='bbox 1356 5249 1584 5306; x_wconf 67' lang='lat' dir='ltr'><strong>LAzartts</strong></span> <span class='ocrx_word' id='word_1_662' title='bbox 1612 5270 1644 5307; x_wconf 75' lang='grc' dir='ltr'><em>α</em></span> <span class='ocrx_word' id='word_1_663' title='bbox 1673 5232 1774 5310; x_wconf 68' lang='grc' dir='ltr'><strong>Βε-</strong></span> 
     </span>
    </p>
   </div>
   <div class='ocr_carea' id='block_1_89' title="bbox 190 5320 1771 5407">
    <p class='ocr_par' dir='ltr' id='par_1_89' title="bbox 190 5320 1771 5407">
     <span class='ocr_line' id='line_1_89' title="bbox 190 5320 1771 5407; baseline 0.02 -37"><span class='ocrx_word' id='word_1_664' title='bbox 190 5320 381 5374; x_wconf 82' lang='lat' dir='ltr'><strong>thania.</strong></span> <span class='ocrx_word' id='word_1_665' title='bbox 418 5324 533 5378; x_wconf 87' lang='lat' dir='ltr'><strong>Non</strong></span> <span class='ocrx_word' id='word_1_666' title='bbox 558 5327 654 5383; x_wconf 86' lang='lat' dir='ltr'><strong>abs</strong></span> <span class='ocrx_word' id='word_1_667' title='bbox 694 5346 752 5386; x_wconf 89' lang='lat' dir='ltr'><strong>re</strong></span> <span class='ocrx_word' id='word_1_668' title='bbox 779 5332 918 5387; x_wconf 83' lang='lat' dir='ltr'><strong>dixit</strong></span> <span class='ocrx_word' id='word_1_669' title='bbox 949 5336 1088 5391; x_wconf 88' lang='lat' dir='ltr'><strong>unde</strong></span> <span class='ocrx_word' id='word_1_670' title='bbox 1118 5352 1259 5394; x_wconf 86' lang='lat' dir='ltr'><strong>esset</strong></span> <span class='ocrx_word' id='word_1_671' title='bbox 1282 5340 1535 5407; x_wconf 82' lang='lat' dir='ltr'><strong>Lazarus,</strong></span> <span class='ocrx_word' id='word_1_672' title='bbox 1585 5345 1679 5400; x_wconf 92' lang='lat' dir='ltr'><strong>scd</strong></span> <span class='ocrx_word' id='word_1_673' title='bbox 1710 5362 1771 5400; x_wconf 88' lang='lat' dir='ltr'><strong>ea</strong></span> 
     </span>
    </p>
   </div>
   <div class='ocr_carea' id='block_1_90' title="bbox 192 5407 1772 5492">
    <p class='ocr_par' dir='ltr' id='par_1_90' title="bbox 192 5407 1772 5492">
     <span class='ocr_line' id='line_1_90' title="bbox 192 5407 1772 5492; baseline 0.019 -30"><span class='ocrx_word' id='word_1_674' title='bbox 192 5407 250 5464; x_wconf 86' lang='lat' dir='ltr'><strong>de</strong></span> <span class='ocrx_word' id='word_1_675' title='bbox 282 5426 465 5479; x_wconf 86' lang='lat' dir='ltr'><strong>causa,</strong></span> <span class='ocrx_word' id='word_1_676' title='bbox 513 5431 673 5484; x_wconf 90' lang='lat' dir='ltr'><strong>quam</strong></span> <span class='ocrx_word' id='word_1_677' title='bbox 720 5429 905 5489; x_wconf 87' lang='lat' dir='ltr'><strong>postea</strong></span> <span class='ocrx_word' id='word_1_678' title='bbox 952 5423 1191 5482; x_wconf 90' lang='lat' dir='ltr'><strong>dicturus</strong></span> <span class='ocrx_word' id='word_1_679' title='bbox 1239 5441 1340 5484; x_wconf 84' lang='lat' dir='ltr'><strong>est.</strong></span> <span class='ocrx_word' id='word_1_680' title='bbox 1385 5431 1600 5489; x_wconf 88' lang='lat' dir='ltr'><strong>Interim</strong></span> <span class='ocrx_word' id='word_1_681' title='bbox 1645 5450 1772 5492; x_wconf 76' lang='lat' dir='ltr'><strong>vero</strong></span> 
     </span>
    </p>
   </div>
   <div class='ocr_carea' id='block_1_91' title="bbox 213 5578 1765 5662">
    <p class='ocr_par' dir='ltr' id='par_1_91' title="bbox 213 5578 1765 5662">
     <span class='ocr_line' id='line_1_91' title="bbox 213 5578 1765 5662; baseline 0.016 -30"><span class='ocrx_word' id='word_1_682' title='bbox 213 5578 755 5662; x_wconf 23' lang='lat' dir='ltr'><strong>hit-tluiﬂlanckltotnillam</strong></span> <span class='ocrx_word' id='word_1_683' title='bbox 782 5598 833 5662; x_wconf 83' lang='lat' dir='ltr'><strong>et</strong></span> <span class='ocrx_word' id='word_1_684' title='bbox 854 5592 975 5645; x_wconf 89' lang='lat' dir='ltr'><strong>duas</strong></span> <span class='ocrx_word' id='word_1_685' title='bbox 996 5607 1269 5659; x_wconf 80' lang='lat' dir='ltr'><strong>sequentes</strong></span> <span class='ocrx_word' id='word_1_686' title='bbox 1302 5602 1505 5653; x_wconf 85' lang='lat' dir='ltr'><strong>edidere</strong></span> <span class='ocrx_word' id='word_1_687' title='bbox 1538 5604 1655 5654; x_wconf 92' lang='lat' dir='ltr'><strong>olim</strong></span> <span class='ocrx_word' id='word_1_688' title='bbox 1680 5614 1765 5656; x_wconf 79' lang='lat' dir='ltr'><strong>Pa-</strong></span> 
     </span>
    </p>
   </div>
   <div class='ocr_carea' id='block_1_92' title="bbox 188 5640 1765 5731">
    <p class='ocr_par' dir='ltr' id='par_1_92' title="bbox 188 5640 1765 5731">
     <span class='ocr_line' id='line_1_92' title="bbox 188 5640 1765 5731; baseline 0 0"><span class='ocrx_word' id='word_1_689' title='bbox 188 5640 1765 5731; x_wconf 41' lang='lat' dir='ltr'><strong>semermiumaestassatissatis.</strong></span> 
     </span>
    </p>
   </div>
   <div class='ocr_carea' id='block_1_93' title="bbox 188 5695 1762 5792">
    <p class='ocr_par' dir='ltr' id='par_1_93' title="bbox 188 5695 1762 5792">
     <span class='ocr_line' id='line_1_93' title="bbox 210 5695 1762 5731; baseline 0 -18"><span class='ocrx_word' id='word_1_690' title='bbox 210 5697 223 5707; x_wconf 65' lang='grc' dir='ltr'>ς</span> <span class='ocrx_word' id='word_1_691' title='bbox 255 5702 264 5712; x_wconf 88' lang='grc'><strong><em>.</em></strong></span> <span class='ocrx_word' id='word_1_692' title='bbox 293 5705 300 5710; x_wconf 96' lang='grc'><em>.</em></span> <span class='ocrx_word' id='word_1_693' title='bbox 469 5695 512 5707; x_wconf 79' lang='grc' dir='ltr'>-ι</span> <span class='ocrx_word' id='word_1_694' title='bbox 564 5695 594 5708; x_wconf 78' lang='grc' dir='ltr'>υ</span> <span class='ocrx_word' id='word_1_695' title='bbox 788 5695 914 5703; x_wconf 63' lang='grc' dir='ltr'><strong>-ν---ν</strong></span> <span class='ocrx_word' id='word_1_696' title='bbox 962 5695 1177 5709; x_wconf 60' lang='lat' dir='ltr'><strong>ww.-.&quot;</strong></span> <span class='ocrx_word' id='word_1_697' title='bbox 1224 5695 1529 5714; x_wconf 67' lang='grc' dir='ltr'><strong>μευ-υυιυυιυε</strong></span> <span class='ocrx_word' id='word_1_698' title='bbox 1556 5695 1650 5716; x_wconf 61' lang='grc' dir='ltr'>,ιιι</span> <span class='ocrx_word' id='word_1_699' title='bbox 1665 5695 1762 5731; x_wconf 72' lang='lat' dir='ltr'><strong>um,</strong></span> 
     </span>
     <span class='ocr_line' id='line_1_94' title="bbox 188 5695 1762 5792; baseline 0.01 -26"><span class='ocrx_word' id='word_1_700' title='bbox 188 5695 885 5792; x_wconf 42' lang='lat' dir='ltr'><strong>Ezggnﬁ’ﬁfﬂndfjﬁgmine</strong></span> <span class='ocrx_word' id='word_1_701' title='bbox 908 5721 1239 5792; x_wconf 26' lang='lat' dir='ltr'><strong>sanctirttasilii</strong></span> <span class='ocrx_word' id='word_1_702' title='bbox 1265 5724 1500 5774; x_wconf 64' lang='lat' dir='ltr'><strong>solent-ia:</strong></span> <span class='ocrx_word' id='word_1_703' title='bbox 1527 5732 1762 5792; x_wconf 74' lang='lat' dir='ltr'><strong>episcopi,</strong></span> 
     </span>
    </p>
   </div>
   <div class='ocr_carea' id='block_1_94' title="bbox 189 5765 1765 5889">
    <p class='ocr_par' dir='ltr' id='par_1_94' title="bbox 189 5765 1765 5889">
     <span class='ocr_line' id='line_1_95' title="bbox 189 5765 1765 5889; baseline -0.052 -2"><span class='ocrx_word' id='word_1_704' title='bbox 598 5765 686 5833; x_wconf 46' lang='lat' dir='ltr'><strong>Per</strong></span> <span class='ocrx_word' id='word_1_705' title='bbox 717 5765 1020 5828; x_wconf 64' lang='grc' dir='ltr'><strong>Τυυοάοηιιιὶ</strong></span> <span class='ocrx_word' id='word_1_706' title='bbox 1031 5765 1040 5767; x_wconf 39' lang='lat'>_</span> 
     </span>
    </p>
   </div>
   <div class='ocr_carea' id='block_1_95' title="bbox 395 5840 491 5876">
    <p class='ocr_par' dir='ltr' id='par_1_95' title="bbox 395 5840 491 5876">
     <span class='ocr_line' id='line_1_96' title="bbox 395 5840 491 5876; baseline 0.031 -3"><span class='ocrx_word' id='word_1_707' title='bbox 395 5840 491 5876; x_wconf 87' lang='lat' dir='ltr'><strong>um.</strong></span> 
     </span>
    </p>
   </div>
   <div class='ocr_carea' id='block_1_96' title="bbox 1892 4116 3492 4195">
    <p class='ocr_par' dir='ltr' id='par_1_96' title="bbox 1892 4116 3492 4195">
     <span class='ocr_line' id='line_1_97' title="bbox 1892 4116 3492 4195; baseline 0.01 -26"><span class='ocrx_word' id='word_1_708' title='bbox 1892 4116 2173 4184; x_wconf 59' lang='lat' dir='ltr'><strong>praesentia</strong></span> <span class='ocrx_word' id='word_1_709' title='bbox 2204 4125 2512 4174; x_wconf 88' lang='lat' dir='ltr'><strong>tractemus.</strong></span> <span class='ocrx_word' id='word_1_710' title='bbox 2558 4120 2785 4177; x_wconf 89' lang='lat' dir='ltr'><strong>Sorores</strong></span> <span class='ocrx_word' id='word_1_711' title='bbox 2823 4124 3023 4180; x_wconf 89' lang='lat' dir='ltr'><strong>utiliter</strong></span> <span class='ocrx_word' id='word_1_712' title='bbox 3054 4127 3275 4195; x_wconf 88' lang='lat' dir='ltr'><strong>indicat,</strong></span> <span class='ocrx_word' id='word_1_713' title='bbox 3306 4138 3360 4184; x_wconf 91' lang='lat' dir='ltr'><strong>ct</strong></span> <span class='ocrx_word' id='word_1_714' title='bbox 3384 4130 3492 4185; x_wconf 85' lang='lat' dir='ltr'><strong>Ma-</strong></span> 
     </span>
    </p>
   </div>
   <div class='ocr_carea' id='block_1_97' title="bbox 1890 4209 3491 4289">
    <p class='ocr_par' dir='ltr' id='par_1_97' title="bbox 1890 4209 3491 4289">
     <span class='ocr_line' id='line_1_98' title="bbox 1890 4209 3491 4289; baseline 0.01 -27"><span class='ocrx_word' id='word_1_715' title='bbox 1890 4209 2021 4262; x_wconf 85' lang='lat' dir='ltr'><strong>riam</strong></span> <span class='ocrx_word' id='word_1_716' title='bbox 2048 4225 2167 4278; x_wconf 63' lang='lat' dir='ltr'><strong>quae</strong></span> <span class='ocrx_word' id='word_1_717' title='bbox 2200 4210 2250 4264; x_wconf 91' lang='lat' dir='ltr'><strong>in</strong></span> <span class='ocrx_word' id='word_1_718' title='bbox 2292 4212 2473 4281; x_wconf 85' lang='lat' dir='ltr'><strong>aliquo</strong></span> <span class='ocrx_word' id='word_1_719' title='bbox 2512 4215 2819 4283; x_wconf 58' lang='lat' dir='ltr'><strong>praestabat,</strong></span> <span class='ocrx_word' id='word_1_720' title='bbox 2874 4217 2977 4272; x_wconf 85' lang='lat' dir='ltr'><strong>hoc</strong></span> <span class='ocrx_word' id='word_1_721' title='bbox 3018 4219 3309 4289; x_wconf 85' lang='lat' dir='ltr'><strong>adjiciens,</strong></span> <span class='ocrx_word' id='word_1_722' title='bbox 3362 4224 3491 4277; x_wconf 79' lang='lat' dir='ltr'><strong>Erat</strong></span> 
     </span>
    </p>
   </div>
   <div class='ocr_carea' id='block_1_98' title="bbox 1886 4301 3490 4381">
    <p class='ocr_par' dir='ltr' id='par_1_98' title="bbox 1886 4301 3490 4381">
     <span class='ocr_line' id='line_1_99' title="bbox 1886 4301 3490 4381; baseline 0.011 -28"><span class='ocrx_word' id='word_1_723' title='bbox 1886 4309 2056 4354; x_wconf 87' lang='lat' dir='ltr'><strong>autem</strong></span> <span class='ocrx_word' id='word_1_724' title='bbox 2102 4301 2275 4356; x_wconf 79' lang='lat' dir='ltr'><strong>Maria</strong></span> <span class='ocrx_word' id='word_1_725' title='bbox 2316 4320 2431 4370; x_wconf 76' lang='lat' dir='ltr'><strong>qua:</strong></span> <span class='ocrx_word' id='word_1_726' title='bbox 2474 4303 2755 4360; x_wconf 86' lang='lat' dir='ltr'><strong>Dominum</strong></span> <span class='ocrx_word' id='word_1_727' title='bbox 2796 4318 3011 4363; x_wconf 70' lang='lat' dir='ltr'><strong>auxerat</strong></span> <span class='ocrx_word' id='word_1_728' title='bbox 3056 4324 3337 4381; x_wconf 83' lang='lat' dir='ltr'><strong>unguento.</strong></span> <span class='ocrx_word' id='word_1_729' title='bbox 3394 4316 3490 4370; x_wconf 84' lang='lat' dir='ltr'><strong>llic</strong></span> 
     </span>
    </p>
   </div>
   <div class='ocr_carea' id='block_1_99' title="bbox 1886 4392 3489 4466">
    <p class='ocr_par' dir='ltr' id='par_1_99' title="bbox 1886 4392 3489 4466">
     <span class='ocr_line' id='line_1_100' title="bbox 1886 4392 3489 4466; baseline 0.011 -22"><span class='ocrx_word' id='word_1_730' title='bbox 1886 4392 2105 4462; x_wconf 88' lang='lat' dir='ltr'><strong>quidam</strong></span> <span class='ocrx_word' id='word_1_731' title='bbox 2148 4397 2502 4463; x_wconf 73' lang='lat' dir='ltr'><strong>qurcstioncm</strong></span> <span class='ocrx_word' id='word_1_732' title='bbox 2534 4408 2785 4466; x_wconf 88' lang='lat' dir='ltr'><strong>movent,</strong></span> <span class='ocrx_word' id='word_1_733' title='bbox 2820 4416 2914 4455; x_wconf 90' lang='lat' dir='ltr'><strong>cur</strong></span> <span class='ocrx_word' id='word_1_734' title='bbox 2944 4402 3203 4457; x_wconf 90' lang='lat' dir='ltr'><strong>Dominus</strong></span> <span class='ocrx_word' id='word_1_735' title='bbox 3236 4404 3337 4460; x_wconf 87' lang='lat' dir='ltr'><strong>hoc</strong></span> <span class='ocrx_word' id='word_1_736' title='bbox 3368 4424 3489 4462; x_wconf 90' lang='lat' dir='ltr'><strong>mu-</strong></span> 
     </span>
    </p>
   </div>
   <div class='ocr_carea' id='block_1_100' title="bbox 1885 4484 3486 4569">
    <p class='ocr_par' dir='ltr' id='par_1_100' title="bbox 1885 4484 3486 4569">
     <span class='ocr_line' id='line_1_101' title="bbox 1885 4484 3486 4569; baseline 0.01 -31"><span class='ocrx_word' id='word_1_737' title='bbox 1885 4484 2072 4540; x_wconf 90' lang='lat' dir='ltr'><strong>lierem</strong></span> <span class='ocrx_word' id='word_1_738' title='bbox 2102 4484 2279 4541; x_wconf 90' lang='lat' dir='ltr'><strong>facere</strong></span> <span class='ocrx_word' id='word_1_739' title='bbox 2312 4490 2658 4557; x_wconf 76' lang='lat' dir='ltr'><strong>permiserit?</strong></span> <span class='ocrx_word' id='word_1_740' title='bbox 2691 4491 2872 4548; x_wconf 86' lang='lat' dir='ltr'><strong>Primo</strong></span> <span class='ocrx_word' id='word_1_741' title='bbox 2902 4493 3084 4565; x_wconf 88' lang='lat' dir='ltr'><strong>itaque</strong></span> <span class='ocrx_word' id='word_1_742' title='bbox 3123 4497 3300 4553; x_wconf 87' lang='lat' dir='ltr'><strong>discas</strong></span> <span class='ocrx_word' id='word_1_743' title='bbox 3329 4515 3486 4569; x_wconf 90' lang='lat' dir='ltr'><strong>opor-</strong></span> 
     </span>
    </p>
   </div>
   <div class='ocr_carea' id='block_1_101' title="bbox 1887 4577 3487 4653">
    <p class='ocr_par' dir='ltr' id='par_1_101' title="bbox 1887 4577 3487 4653">
     <span class='ocr_line' id='line_1_102' title="bbox 1887 4577 3487 4653; baseline 0.013 -26"><span class='ocrx_word' id='word_1_744' title='bbox 1887 4583 1996 4640; x_wconf 92' lang='lat' dir='ltr'><strong>tet,</strong></span> <span class='ocrx_word' id='word_1_745' title='bbox 2047 4592 2154 4630; x_wconf 90' lang='lat' dir='ltr'><strong>non</strong></span> <span class='ocrx_word' id='word_1_746' title='bbox 2196 4577 2333 4633; x_wconf 89' lang='lat' dir='ltr'><strong>hanc</strong></span> <span class='ocrx_word' id='word_1_747' title='bbox 2375 4594 2495 4634; x_wconf 87' lang='lat' dir='ltr'><strong>esse</strong></span> <span class='ocrx_word' id='word_1_748' title='bbox 2528 4584 2866 4637; x_wconf 90' lang='lat' dir='ltr'><strong>meretricem</strong></span> <span class='ocrx_word' id='word_1_749' title='bbox 2895 4584 2966 4639; x_wconf 91' lang='lat' dir='ltr'><strong>de</strong></span> <span class='ocrx_word' id='word_1_750' title='bbox 2994 4601 3098 4653; x_wconf 91' lang='lat' dir='ltr'><strong>qua</strong></span> <span class='ocrx_word' id='word_1_751' title='bbox 3129 4587 3407 4645; x_wconf 73' lang='lat' dir='ltr'><strong>Matthazus</strong></span> <span class='ocrx_word' id='word_1_752' title='bbox 3433 4604 3487 4647; x_wconf 91' lang='lat' dir='ltr'><strong>et</strong></span> 
     </span>
    </p>
   </div>
   <div class='ocr_carea' id='block_1_102' title="bbox 1884 4664 3524 4751">
    <p class='ocr_par' dir='ltr' id='par_1_102' title="bbox 1884 4664 3524 4751">
     <span class='ocr_line' id='line_1_103' title="bbox 1884 4664 3524 4751; baseline 0.013 -33"><span class='ocrx_word' id='word_1_753' title='bbox 1884 4664 2080 4732; x_wconf 90' lang='lat' dir='ltr'><strong>Lucas,</strong></span> <span class='ocrx_word' id='word_1_754' title='bbox 2126 4666 2219 4721; x_wconf 90' lang='lat' dir='ltr'><strong>sed</strong></span> <span class='ocrx_word' id='word_1_755' title='bbox 2251 4668 2411 4723; x_wconf 90' lang='lat' dir='ltr'><strong>aliam</strong></span> <span class='ocrx_word' id='word_1_756' title='bbox 2460 4670 2743 4727; x_wconf 84' lang='lat' dir='ltr'><strong>honestam</strong></span> <span class='ocrx_word' id='word_1_757' title='bbox 2772 4675 3078 4731; x_wconf 89' lang='lat' dir='ltr'><strong>mulierem.</strong></span> <span class='ocrx_word' id='word_1_758' title='bbox 3114 4678 3221 4732; x_wconf 67' lang='lat' dir='ltr'><strong>Illa:</strong></span> <span class='ocrx_word' id='word_1_759' title='bbox 3254 4697 3486 4751; x_wconf 88' lang='lat' dir='ltr'><strong>namque</strong></span> <span class='ocrx_word' id='word_1_760' title='bbox 3519 4734 3524 4739; x_wconf 90' lang='lat'><strong>.</strong></span> 
     </span>
    </p>
   </div>
   <div class='ocr_carea' id='block_1_103' title="bbox 1886 4758 3487 4832">
    <p class='ocr_par' dir='ltr' id='par_1_103' title="bbox 1886 4758 3487 4832">
     <span class='ocr_line' id='line_1_104' title="bbox 1886 4758 3487 4832; baseline 0.012 -22"><span class='ocrx_word' id='word_1_761' title='bbox 1886 4758 2140 4813; x_wconf 90' lang='lat' dir='ltr'><strong>mulieres</strong></span> <span class='ocrx_word' id='word_1_762' title='bbox 2174 4771 2329 4815; x_wconf 91' lang='lat' dir='ltr'><strong>erant</strong></span> <span class='ocrx_word' id='word_1_763' title='bbox 2360 4764 2595 4832; x_wconf 88' lang='lat' dir='ltr'><strong>peccatis</strong></span> <span class='ocrx_word' id='word_1_764' title='bbox 2636 4775 2845 4820; x_wconf 72' lang='lat' dir='ltr'><strong>onustae</strong></span> <span class='ocrx_word' id='word_1_765' title='bbox 2874 4784 2886 4819; x_wconf 90' lang='lat'><strong>:</strong></span> <span class='ocrx_word' id='word_1_766' title='bbox 2932 4768 3050 4823; x_wconf 72' lang='lat' dir='ltr'><strong>haec</strong></span> <span class='ocrx_word' id='word_1_767' title='bbox 3078 4786 3205 4824; x_wconf 83' lang='lat' dir='ltr'><strong>vero</strong></span> <span class='ocrx_word' id='word_1_768' title='bbox 3233 4781 3284 4827; x_wconf 91' lang='lat' dir='ltr'><strong>ct</strong></span> <span class='ocrx_word' id='word_1_769' title='bbox 3313 4773 3487 4829; x_wconf 86' lang='lat' dir='ltr'><strong>hone-</strong></span> 
     </span>
    </p>
   </div>
   <div class='ocr_carea' id='block_1_104' title="bbox 1880 4850 3481 4932">
    <p class='ocr_par' dir='ltr' id='par_1_104' title="bbox 1880 4850 3481 4932">
     <span class='ocr_line' id='line_1_105' title="bbox 1880 4850 3481 4932; baseline 0.012 -31"><span class='ocrx_word' id='word_1_770' title='bbox 1880 4857 1963 4901; x_wconf 85' lang='lat' dir='ltr'><strong>sta</strong></span> <span class='ocrx_word' id='word_1_771' title='bbox 2010 4859 2065 4903; x_wconf 90' lang='lat' dir='ltr'><strong>et</strong></span> <span class='ocrx_word' id='word_1_772' title='bbox 2123 4850 2381 4905; x_wconf 88' lang='lat' dir='ltr'><strong>studiosa.</strong></span> <span class='ocrx_word' id='word_1_773' title='bbox 2442 4853 2569 4906; x_wconf 81' lang='lat' dir='ltr'><strong>Nam</strong></span> <span class='ocrx_word' id='word_1_774' title='bbox 2627 4855 2903 4911; x_wconf 83' lang='lat' dir='ltr'><strong>Christum</strong></span> <span class='ocrx_word' id='word_1_775' title='bbox 2955 4863 3211 4932; x_wconf 82' lang='lat' dir='ltr'><strong>excipere</strong></span> <span class='ocrx_word' id='word_1_776' title='bbox 3255 4868 3481 4920; x_wconf 75' lang='lat' dir='ltr'><strong>curavit.</strong></span> 
     </span>
    </p>
   </div>
   <div class='ocr_carea' id='block_1_105' title="bbox 1880 4936 3475 5024">
    <p class='ocr_par' dir='ltr' id='par_1_105' title="bbox 1880 4936 3475 5024">
     <span class='ocr_line' id='line_1_106' title="bbox 1880 4936 3475 5024; baseline 0.011 -34"><span class='ocrx_word' id='word_1_777' title='bbox 1880 4936 2073 4991; x_wconf 84' lang='lat' dir='ltr'><strong>Narrat</strong></span> <span class='ocrx_word' id='word_1_778' title='bbox 2135 4950 2312 4995; x_wconf 89' lang='lat' dir='ltr'><strong>autem</strong></span> <span class='ocrx_word' id='word_1_779' title='bbox 2371 4945 2736 5013; x_wconf 79' lang='lat' dir='ltr'><strong>evangelista,</strong></span> <span class='ocrx_word' id='word_1_780' title='bbox 2786 4962 3003 5003; x_wconf 88' lang='lat' dir='ltr'><strong>sorores</strong></span> <span class='ocrx_word' id='word_1_781' title='bbox 3044 4966 3255 5021; x_wconf 82' lang='lat' dir='ltr'><strong>quoque</strong></span> <span class='ocrx_word' id='word_1_782' title='bbox 3304 4955 3475 5024; x_wconf 82' lang='lat' dir='ltr'><strong>ipsum</strong></span> 
     </span>
    </p>
   </div>
   <div class='ocr_carea' id='block_1_106' title="bbox 1881 5032 3482 5115">
    <p class='ocr_par' dir='ltr' id='par_1_106' title="bbox 1881 5032 3482 5115">
     <span class='ocr_line' id='line_1_107' title="bbox 1881 5032 3482 5115; baseline 0.013 -32"><span class='ocrx_word' id='word_1_783' title='bbox 1881 5032 2175 5097; x_wconf 87' lang='lat' dir='ltr'><strong>amavisse;</strong></span> <span class='ocrx_word' id='word_1_784' title='bbox 2224 5042 2279 5087; x_wconf 90' lang='lat' dir='ltr'><strong>ct</strong></span> <span class='ocrx_word' id='word_1_785' title='bbox 2321 5045 2496 5089; x_wconf 83' lang='lat' dir='ltr'><strong>tamen</strong></span> <span class='ocrx_word' id='word_1_786' title='bbox 2532 5037 2969 5095; x_wconf 79' lang='lat' dir='ltr'><strong>Lazarum&#39;mori</strong></span> <span class='ocrx_word' id='word_1_787' title='bbox 3017 5046 3280 5113; x_wconf 83' lang='lat' dir='ltr'><strong>permisit.</strong></span> <span class='ocrx_word' id='word_1_788' title='bbox 3306 5048 3482 5115; x_wconf 82' lang='lat' dir='ltr'><strong>Quare</strong></span> 
     </span>
    </p>
   </div>
   <div class='ocr_carea' id='block_1_107' title="bbox 1880 5126 3479 5209">
    <p class='ocr_par' dir='ltr' id='par_1_107' title="bbox 1880 5126 3479 5209">
     <span class='ocr_line' id='line_1_108' title="bbox 1880 5126 3479 5209; baseline 0.013 -36"><span class='ocrx_word' id='word_1_789' title='bbox 1880 5135 2009 5184; x_wconf 88' lang='lat' dir='ltr'><strong>non,</strong></span> <span class='ocrx_word' id='word_1_790' title='bbox 2061 5131 2117 5175; x_wconf 90' lang='lat' dir='ltr'><strong>ut</strong></span> <span class='ocrx_word' id='word_1_791' title='bbox 2157 5126 2401 5178; x_wconf 83' lang='lat' dir='ltr'><strong>centurio</strong></span> <span class='ocrx_word' id='word_1_792' title='bbox 2447 5136 2499 5180; x_wconf 90' lang='lat' dir='ltr'><strong>et</strong></span> <span class='ocrx_word' id='word_1_793' title='bbox 2544 5130 2795 5198; x_wconf 82' lang='lat' dir='ltr'><strong>regulus,</strong></span> <span class='ocrx_word' id='word_1_794' title='bbox 2849 5134 3037 5188; x_wconf 89' lang='lat' dir='ltr'><strong>relicto</strong></span> <span class='ocrx_word' id='word_1_795' title='bbox 3091 5136 3253 5191; x_wconf 86' lang='lat' dir='ltr'><strong>fratre</strong></span> <span class='ocrx_word' id='word_1_796' title='bbox 3305 5155 3479 5209; x_wconf 64' lang='lat' dir='ltr'><strong>aegro-</strong></span> 
     </span>
    </p>
   </div>
   <div class='ocr_carea' id='block_1_108' title="bbox 1883 5208 3477 5287">
    <p class='ocr_par' dir='ltr' id='par_1_108' title="bbox 1883 5208 3477 5287">
     <span class='ocr_line' id='line_1_109' title="bbox 1883 5208 3477 5287; baseline 0.013 -23"><span class='ocrx_word' id='word_1_797' title='bbox 1883 5208 2079 5278; x_wconf 81' lang='lat' dir='ltr'><strong>tante,</strong></span> <span class='ocrx_word' id='word_1_798' title='bbox 2120 5212 2394 5269; x_wconf 89' lang='lat' dir='ltr'><strong>Christum</strong></span> <span class='ocrx_word' id='word_1_799' title='bbox 2444 5218 2675 5287; x_wconf 87' lang='lat' dir='ltr'><strong>adcnnt,</strong></span> <span class='ocrx_word' id='word_1_800' title='bbox 2725 5223 2817 5276; x_wconf 86' lang='lat' dir='ltr'><strong>sed</strong></span> <span class='ocrx_word' id='word_1_801' title='bbox 2870 5225 3135 5280; x_wconf 75' lang='lat' dir='ltr'><strong>mittunt?</strong></span> <span class='ocrx_word' id='word_1_802' title='bbox 3175 5208 3477 5285; x_wconf 87' lang='lat' dir='ltr'><strong>Admodum</strong></span> 
     </span>
    </p>
   </div>
   <div class='ocr_carea' id='block_1_109' title="bbox 1878 5301 3477 5392">
    <p class='ocr_par' dir='ltr' id='par_1_109' title="bbox 1878 5301 3477 5392">
     <span class='ocr_line' id='line_1_110' title="bbox 1878 5301 3477 5392; baseline 0.014 -38"><span class='ocrx_word' id='word_1_803' title='bbox 1878 5301 2092 5356; x_wconf 89' lang='lat' dir='ltr'><strong>Christo</strong></span> <span class='ocrx_word' id='word_1_804' title='bbox 2125 5304 2378 5373; x_wconf 85' lang='lat' dir='ltr'><strong>fidebant,</strong></span> <span class='ocrx_word' id='word_1_805' title='bbox 2426 5309 2634 5379; x_wconf 88' lang='lat' dir='ltr'><strong>ipsique</strong></span> <span class='ocrx_word' id='word_1_806' title='bbox 2680 5313 2968 5371; x_wconf 84' lang='lat' dir='ltr'><strong>familiares</strong></span> <span class='ocrx_word' id='word_1_807' title='bbox 3013 5328 3193 5373; x_wconf 90' lang='lat' dir='ltr'><strong>erant.</strong></span> <span class='ocrx_word' id='word_1_808' title='bbox 3225 5322 3477 5392; x_wconf 80' lang='lat' dir='ltr'><strong>Alioquin</strong></span> 
     </span>
    </p>
   </div>
   <div class='ocr_carea' id='block_1_110' title="bbox 1879 5393 3476 5480">
    <p class='ocr_par' dir='ltr' id='par_1_110' title="bbox 1879 5393 3476 5480">
     <span class='ocr_line' id='line_1_111' title="bbox 1879 5393 3476 5480; baseline 0.015 -35"><span class='ocrx_word' id='word_1_809' title='bbox 1879 5393 2130 5448; x_wconf 87' lang='lat' dir='ltr'><strong>mulieres</strong></span> <span class='ocrx_word' id='word_1_810' title='bbox 2156 5406 2311 5450; x_wconf 88' lang='lat' dir='ltr'><strong>erant</strong></span> <span class='ocrx_word' id='word_1_811' title='bbox 2342 5399 2569 5454; x_wconf 72' lang='lat' dir='ltr'><strong>infirmrc</strong></span> <span class='ocrx_word' id='word_1_812' title='bbox 2589 5443 2602 5465; x_wconf 90' lang='lat'><strong>,</strong></span> <span class='ocrx_word' id='word_1_813' title='bbox 2634 5412 2686 5457; x_wconf 92' lang='lat' dir='ltr'><strong>et</strong></span> <span class='ocrx_word' id='word_1_814' title='bbox 2720 5404 2861 5459; x_wconf 90' lang='lat' dir='ltr'><strong>luctu</strong></span> <span class='ocrx_word' id='word_1_815' title='bbox 2891 5406 3289 5466; x_wconf 89' lang='lat' dir='ltr'><strong>detinebantur.</strong></span> <span class='ocrx_word' id='word_1_816' title='bbox 3321 5414 3476 5480; x_wconf 87' lang='lat' dir='ltr'><strong>Quod</strong></span> 
     </span>
    </p>
   </div>
   <div class='ocr_carea' id='block_1_111' title="bbox 1877 5486 3474 5570">
    <p class='ocr_par' dir='ltr' id='par_1_111' title="bbox 1877 5486 3474 5570">
     <span class='ocr_line' id='line_1_112' title="bbox 1877 5486 3474 5570; baseline 0.013 -31"><span class='ocrx_word' id='word_1_817' title='bbox 1877 5486 2019 5539; x_wconf 79' lang='lat' dir='ltr'><strong>enim</strong></span> <span class='ocrx_word' id='word_1_818' title='bbox 2053 5502 2159 5541; x_wconf 86' lang='lat' dir='ltr'><strong>non</strong></span> <span class='ocrx_word' id='word_1_819' title='bbox 2191 5503 2256 5543; x_wconf 82' lang='lat' dir='ltr'><strong>ex</strong></span> <span class='ocrx_word' id='word_1_820' title='bbox 2282 5501 2590 5561; x_wconf 89' lang='lat' dir='ltr'><strong>contemptu</strong></span> <span class='ocrx_word' id='word_1_821' title='bbox 2618 5496 2695 5548; x_wconf 89' lang='lat' dir='ltr'><strong>sic</strong></span> <span class='ocrx_word' id='word_1_822' title='bbox 2724 5496 2986 5566; x_wconf 88' lang='lat' dir='ltr'><strong>fecerint,</strong></span> <span class='ocrx_word' id='word_1_823' title='bbox 3038 5512 3220 5570; x_wconf 82' lang='lat' dir='ltr'><strong>postea</strong></span> <span class='ocrx_word' id='word_1_824' title='bbox 3250 5504 3474 5559; x_wconf 85' lang='lat' dir='ltr'><strong>demou-</strong></span> 
     </span>
    </p>
   </div>
   <div class='ocr_carea' id='block_1_112' title="bbox 1878 5576 3473 5661">
    <p class='ocr_par' dir='ltr' id='par_1_112' title="bbox 1878 5576 3473 5661">
     <span class='ocr_line' id='line_1_113' title="bbox 1878 5576 3473 5661; baseline 0.016 -36"><span class='ocrx_word' id='word_1_825' title='bbox 1878 5583 2134 5629; x_wconf 89' lang='lat' dir='ltr'><strong>strarunt.</strong></span> <span class='ocrx_word' id='word_1_826' title='bbox 2180 5576 2335 5641; x_wconf 81' lang='lat' dir='ltr'><strong>Quod</strong></span> <span class='ocrx_word' id='word_1_827' title='bbox 2381 5580 2541 5649; x_wconf 88' lang='lat' dir='ltr'><strong>igitur</strong></span> <span class='ocrx_word' id='word_1_828' title='bbox 2571 5582 2686 5638; x_wconf 62' lang='lat' dir='ltr'><strong>bare</strong></span> <span class='ocrx_word' id='word_1_829' title='bbox 2732 5586 2819 5640; x_wconf 90' lang='lat' dir='ltr'><strong>illa</strong></span> <span class='ocrx_word' id='word_1_830' title='bbox 2850 5603 2955 5641; x_wconf 89' lang='lat' dir='ltr'><strong>non</strong></span> <span class='ocrx_word' id='word_1_831' title='bbox 2981 5601 3126 5645; x_wconf 70' lang='lat' dir='ltr'><strong>esset</strong></span> <span class='ocrx_word' id='word_1_832' title='bbox 3163 5594 3333 5661; x_wconf 87' lang='lat' dir='ltr'><strong>palam</strong></span> <span class='ocrx_word' id='word_1_833' title='bbox 3369 5602 3473 5651; x_wconf 86' lang='lat' dir='ltr'><strong>est.</strong></span> 
     </span>
    </p>
   </div>
   <div class='ocr_carea' id='block_1_113' title="bbox 1875 5665 3475 5743">
    <p class='ocr_par' dir='ltr' id='par_1_113' title="bbox 1875 5665 3475 5743">
     <span class='ocr_line' id='line_1_114' title="bbox 1875 5665 3475 5743; baseline 0.014 -23"><span class='ocrx_word' id='word_1_834' title='bbox 1875 5665 1979 5721; x_wconf 87' lang='lat' dir='ltr'><strong>Sed</strong></span> <span class='ocrx_word' id='word_1_835' title='bbox 2007 5667 2171 5734; x_wconf 88' lang='lat' dir='ltr'><strong>illam,</strong></span> <span class='ocrx_word' id='word_1_836' title='bbox 2207 5672 2435 5741; x_wconf 80' lang='lat' dir='ltr'><strong>tnqnies,</strong></span> <span class='ocrx_word' id='word_1_837' title='bbox 2468 5688 2563 5727; x_wconf 90' lang='lat' dir='ltr'><strong>cur</strong></span> <span class='ocrx_word' id='word_1_838' title='bbox 2588 5676 2805 5731; x_wconf 86' lang='lat' dir='ltr'><strong>admisit</strong></span> <span class='ocrx_word' id='word_1_839' title='bbox 2834 5680 3121 5736; x_wconf 79' lang='lat' dir='ltr'><strong>Christus?</strong></span> <span class='ocrx_word' id='word_1_840' title='bbox 3160 5694 3216 5737; x_wconf 90' lang='lat' dir='ltr'><strong>ut</strong></span> <span class='ocrx_word' id='word_1_841' title='bbox 3241 5686 3475 5743; x_wconf 79' lang='lat' dir='ltr'><strong>solveret</strong></span> 
     </span>
    </p>
   </div>
   <div class='ocr_carea' id='block_1_114' title="bbox 1877 5760 3473 5839">
    <p class='ocr_par' dir='ltr' id='par_1_114' title="bbox 1877 5760 3473 5839">
     <span class='ocr_line' id='line_1_115' title="bbox 1877 5760 3473 5839; baseline 0.014 -28"><span class='ocrx_word' id='word_1_842' title='bbox 1877 5760 2212 5827; x_wconf 86' lang='lat' dir='ltr'><strong>nequitiam,</strong></span> <span class='ocrx_word' id='word_1_843' title='bbox 2277 5772 2333 5815; x_wconf 90' lang='lat' dir='ltr'><strong>ut</strong></span> <span class='ocrx_word' id='word_1_844' title='bbox 2382 5763 2766 5822; x_wconf 86' lang='lat' dir='ltr'><strong>humanitatem</strong></span> <span class='ocrx_word' id='word_1_845' title='bbox 2816 5770 3135 5839; x_wconf 80' lang='lat' dir='ltr'><strong>exhihcrct,</strong></span> <span class='ocrx_word' id='word_1_846' title='bbox 3185 5786 3236 5828; x_wconf 92' lang='lat' dir='ltr'><strong>ut</strong></span> <span class='ocrx_word' id='word_1_847' title='bbox 3295 5776 3473 5834; x_wconf 69' lang='lat' dir='ltr'><strong>discas</strong></span> 
     </span>
    </p>
   </div>
   <div class='ocr_carea' id='block_1_115' title="bbox 1876 5849 3469 5940">
    <p class='ocr_par' dir='ltr' id='par_1_115' title="bbox 1876 5849 3469 5940">
     <span class='ocr_line' id='line_1_116' title="bbox 1876 5849 3469 5940; baseline 0.016 -36"><span class='ocrx_word' id='word_1_848' title='bbox 1876 5849 2076 5904; x_wconf 90' lang='lat' dir='ltr'><strong>nullum</strong></span> <span class='ocrx_word' id='word_1_849' title='bbox 2113 5866 2234 5907; x_wconf 90' lang='lat' dir='ltr'><strong>csse</strong></span> <span class='ocrx_word' id='word_1_850' title='bbox 2278 5855 2545 5927; x_wconf 88' lang='lat' dir='ltr'><strong>morbum,</strong></span> <span class='ocrx_word' id='word_1_851' title='bbox 2601 5860 2688 5929; x_wconf 86' lang='lat' dir='ltr'><strong>qui</strong></span> <span class='ocrx_word' id='word_1_852' title='bbox 2740 5861 2855 5931; x_wconf 85' lang='lat' dir='ltr'><strong>ejus</strong></span> <span class='ocrx_word' id='word_1_853' title='bbox 2898 5866 3190 5923; x_wconf 74' lang='lat' dir='ltr'><strong>bonitatem</strong></span> <span class='ocrx_word' id='word_1_854' title='bbox 3233 5881 3469 5940; x_wconf 84' lang='lat' dir='ltr'><strong>superet.</strong></span> 
     </span>
    </p>
   </div>
  </div>
