4164 6330
692 332 795 390 315

681 816 831 868 .fcsus
857 814 1114 867 Martham
1145 822 1190 865 et
1229 824 1447 864 sororem
1477 812 1604 879 ejus,
1635 818 1680 861 et
1709 806 2000 861 Lazarum!
2036 807 2109 861 Ne
2136 820 2252 859 um—

676 926 838 978 quam
873 910 1205 979 indignemur
1231 906 1309 959 vel
1342 918 1483 973 mgre
1514 905 1743 956 feramus
1767 943 1781 967 ,
1830 902 1872 955 si
1924 902 2019 955 viri
2062 901 2255 954 virtute

679 1001 886 1069 praaditi
931 1010 981 1053 et
1022 1001 1109 1053 Dei
1140 999 1328 1058 amici.
1359 997 1408 1049 in
1439 996 1682 1049 morbum
1727 993 1979 1046 incidant.
2022 990 2075 1048 5.
2125 991 2256 1045 Ecce

673 1112 824 1158 quem
868 1110 1028 1157 omns,
1076 1092 1380 1157 inﬁrmatur.
1425 1087 1479 1141 In
1526 1085 2044 1140 commiserationent
2091 1083 2250 1139 Chri-

682 1197 821 1239 stum
874 1182 1181 1253 pertrahere
1228 1180 1500 1233 volebant.
1546 1178 1733 1231 Adhuc
1780 1178 1923 1231 enim
1980 1175 2248 1231 hominem

670 1291 797 1330 esse
842 1275 1113 1343 putabant.
1160 1272 1298 1341 quod
1344 1286 1409 1325 ex
1453 1270 1607 1323 dictis
1652 1284 1838 1323 eorum
1880 1269 2136 1337 arguitur.
2188 1266 2250 1320 Si

677 1372 853 1435 fuisses
893 1367 1008 1427 hic,
1055 1381 1153 1414 non
1202 1363 1377 1432 fuisset
1427 1372 1671 1413 mortuus.
1730 1359 1911 1428 Neque
1965 1357 2245 1422 dixerunt,

679 1462 809 1511 lit-cc.
838 1458 1061 1510 Lazarus
1092 1454 1425 1513 infirmatur;
1476 1450 1592 1514 sed,
1626 1449 1755 1503 Ecce
1791 1464 1934 1517 quem
1965 1464 2128 1511 amas,
2163 1448 2246 1499 iu-

677 1551 928 1615 ﬁrmatur.
960 1546 1091 1612 Quid
1126 1560 1251 1613 ergo
1293 1543 1579 1597 Christus?
1618 1543 1669 1595 4.
1705 1540 1827 1593 [huc
1851 1540 2116 1606 inﬁrmitas
2147 1554 2247 1591 non

668 1656 742 1696 est
793 1644 859 1695 od
906 1651 1132 1705 mortem,
1184 1642 1273 1694 sed
1316 1654 1409 1708 pro
1454 1640 1614 1706 gloria
1664 1637 1787 1702 Dei,
1841 1647 1892 1688 ut
1935 1634 2246 1706 glorificetur

678 1739 835 1789 Filius
867 1736 955 1787 Dei
994 1752 1081 1803 per
1106 1751 1236 1785 eant.
1272 1732 1403 1785 Vide
1441 1729 1710 1801 quomodo
1750 1743 1958 1782 rursum
1998 1728 2241 1782 eamdem

664 1828 806 1879 dicat
851 1827 1069 1893 gloriam
1121 1830 1355 1875 suamet
1394 1820 1583 1874 Patris.
1648 1820 1777 1874 Cum
1828 1821 1969 1873 enim
1999 1819 2241 1881 dixisset,

671 1920 778 1978 Itei.
832 1918 1080 1981 subdidit,
1130 1915 1198 1970 Ut
1228 1914 1537 1985 gloriﬁcatur
1584 1911 1748 1965 Filius
1780 1910 1893 1964 Dei.
1948 1910 2242 1978 ilwcinﬁr-

662 2012 812 2061 mitus
871 2025 967 2059 non
1016 2016 1085 2059 est
1152 2007 1219 2057 ad
1274 2013 1502 2056 mortem.
1560 2001 1688 2057 Cum
1741 2003 1883 2055 enim
1929 2001 2036 2055 illic
2087 2002 2243 2055 biduo

665 2114 943 2153 mansurus
972 2107 1133 2161 esset,
1169 2095 1392 2150 remittit
1437 2094 1555 2147 illos
1603 2103 1659 2146 ut
1690 2093 1804 2145 haec
1835 2094 2097 2145 nuntient.
2126 2093 2238 2157 Qua

660 2192 714 2244 in
762 2206 818 2243 re
869 2187 1165 2241 mirandum
1210 2194 1320 2252 est,
1354 2185 1494 2255 quod
1535 2198 1748 2237 sorores
1796 2198 1915 2237 cum
1970 2184 2241 2237 audissent

662 2297 766 2332 non
815 2294 933 2332 esse
983 2277 1047 2331 ad
1095 2286 1342 2337 mortem.
1373 2285 1427 2330 et
1456 2283 1638 2345 postea
1670 2275 1803 2328 mori
1833 2274 2109 2339 vidissent,
2160 2274 2241 2327 of-

660 2373 823 2425 fensa!
863 2388 966 2423 non
1008 2371 1219 2428 fuerint.
1270 2384 1385 2422 rem
1415 2377 1599 2422 contra
1642 2368 1869 2422 cessisse
1912 2378 2235 2431 cernentes;

661 2481 841 2517 verum
882 2471 1262 2526 accesserunt.
1314 2476 1413 2516 nec
1459 2470 1712 2530 putarunt
1760 2462 2038 2515 mentitum
2089 2462 2233 2514 illum

657 2572 793 2609 csse.
840 2554 925 2606 Illa
969 2565 1143 2606 autem
1185 2552 1461 2619 particula,
1499 2551 1586 2616 Ut.
1618 2568 1721 2604 non
1746 2554 1973 2606 causalis
2003 2562 2106 2618 est,
2139 2554 2231 2607 sed

658 2655 901 2697 eventum
934 2644 1214 2711 signillcat.
1266 2642 1379 2695 Alia
1418 2657 1644 2712 namque
1681 2642 1777 2696 fuit
1817 2643 1985 2696 morbi
2032 2659 2231 2707 causa;

654 2736 748 2787 illo
791 2744 962 2787 autem
1009 2734 1073 2787 ad
1128 2734 1215 2786 Dei
1260 2734 1481 2799 gloriam
1514 2749 1641 2787 usus
1671 2744 1769 2787 est.
1808 2736 1857 2789 6.
1895 2732 2100 2788 Etcum
2128 2737 2235 2788 Iure

656 2827 879 2891 dixisset,
922 2827 1100 2878 momit
1140 2826 1189 2875 in
1234 2841 1290 2876 eo
1331 2825 1439 2877 loco
1485 2825 1612 2877 duos
1661 2824 1785 2877 dies.
1833 2826 1939 2879 Cur
1991 2828 2232 2879 mansit?

651 2915 725 2972 Ut
767 2920 1031 2986 espiraret
1078 2918 1163 2971 ille
1204 2926 1257 2970 et
1306 2917 1670 2986 sepeliretur:
1722 2932 1789 2971 ne
1836 2920 1956 2985 quis
2008 2917 2231 2981 ἀερίνη-ι,

657 3010 897 3062 Nuntium
922 3008 1229 3061 defunctum
1262 3008 1552 3073 suscitavit,
1604 3008 1805 3076 sepitus
1836 3019 2036 3061 tantum
2083 3018 2231 3074 erat;

657 3100 768 3162 \‘t'l,
821 3099 1033 3153 Solutus
1078 3098 1367 3163 defecerat,
1424 3115 1528 3152 non
1562 3115 1706 3154 mors
1749 3109 1883 3155 erat.
1928 3099 2049 3155 Ideo
2089 3110 2236 3156 tanto

651 3202 893 3260 tempore
921 3200 1116 3253 manet,
1140 3202 1195 3244 ut
1225 3192 1314 3244 illo
1339 3190 1446 3259 jam
1478 3199 1752 3259 corrupto,
1786 3191 1967 3245 dicere
1994 3202 2230 3260 possent,

653 3281 772 3335 Jum
794 3287 927 3352 fate:
968 3283 986 3351 (
1006 3282 1139 3336 Joon
1196 3284 1279 3336 11.
1313 3282 1441 3347 39).
1474 3281 1525 3335 7.
1559 3282 1751 3336 Deinde
1776 3284 1898 3336 dicit
1925 3284 2185 3351 discipulis
2216 3300 2228 3336 :

660 3376 845 3428 Eamus
874 3376 923 3427 in
945 3375 1197 3429 Judttmn.
1226 3375 1334 3429 Cur
1373 3391 1492 3427 cum
1523 3389 1780 3441 nusquam
1810 3375 1880 3427 ita
1907 3374 2230 3441 pra-dixerit,

654 3469 739 3520 hic
762 3467 1028 3535 praulicit?
1057 3466 1214 3517 Valde.
1236 3465 1491 3519 timebant
1512 3484 1520 3492 ·
1542 3473 1593 3518 et
1614 3466 1734 3533 quia
1761 3466 1838 3518 sic
1866 3465 2229 3529 affectierant,

658 3560 911 3625 pra'dicit.
962 3572 1026 3611 nc
1053 3558 1234 3610 statim
1270 3557 1567 3610 turbentur.
1618 3556 1755 3623 Quid
1792 3571 1915 3609 vero
1948 3556 2230 3625 discipuli?

648 3651 688 3703 ‘8
757 3648 905 3701 Nunc
946 3648 1232 3717 qtttcrebant
1276 3657 1321 3700 te
1360 3646 1530 3700 Judaei
1575 3647 1832 3714 iapidare,
1882 3657 1927 3699 ct
1971 3664 2145 3701 rursus
2176 3663 2230 3699 co

658 3741 795 3792 rudis
819 3740 843 3791 .’
866 3738 1145 3793 Timebant
1175 3738 1316 3791 enim
1347 3737 1506 3792 etiam
1534 3738 1604 3801 ei,
1634 3737 1725 3790 sed
1750 3738 1847 3791 sibi
1877 3738 2075 3807 magis;
2108 3754 2232 3790 non-

652 3830 783 3882 dum
810 3829 950 3881 enim
985 3828 1198 3897 perfecti
1237 3836 1408 3880 erant.
1455 3826 1789 3897 Quapropter
1822 3828 2009 3881 timore
2046 3829 2230 3894 exagi-

648 3930 794 3975 tatus
809 3920 1039 3974 Thomas
1060 3920 1249 3974 dicitei
1272 3936 1284 3971 :
1310 3916 1517 3984 Eamus,
1547 3929 1600 3971 ut
1619 3929 1664 3971 et
1679 3936 1767 3971 nos
1781 3918 2116 3985 moriamur(l
2126 3921 2227 3973 bid.

658 4012 767 4082 16).
803 4011 1063 4065 infirmior
1104 4025 1331 4079 namque
1373 4021 1425 4063 et
1477 4010 1643 4080 magis
1690 4010 2029 4064 iucrednlus‘
2073 4025 2228 4080 quam

650 4105 834 4157 cieteri
879 4113 1015 4155 erat.
1066 4101 1169 4156 Sed
1216 4100 1337 4154 vide
1371 4101 1639 4171 quomodo
1670 4101 1911 4154 Christus
1940 4101 2095 4156 dictis
2121 4103 2231 4155 suis

652 4198 777 4250 ﬂlns
803 4196 1102 4249 confirmet.
1144 4193 1197 4249 9.
1256 4193 1441 4247 Nonne
1462 4194 1727 4246 duodecim
1770 4193 1908 4245 horta
1939 4203 2053 4245 sunt
2085 4193 2183 4245 diei
2209 4193 2231 4244 ?

654 4286 751 4343 Vel
784 4290 880 4341 hoc
899 4288 1047 4350 dixit.
1083 4298 1138 4340 ut
1169 4288 1486 4349 declararet,
1517 4286 1645 4339 nihil
1672 4287 1961 4339 timendum
1985 4300 2102 4339 esse
2126 4288 2235 4339 nul-

648 4378 754 4433 sius
780 4380 878 4433 sibi
910 4378 1030 4431 mali
1059 4377 1276 4431 conscio
1303 4395 1317 4440 ;
1364 4376 1454 4429 sed
1482 4390 1602 4428 eum
1632 4376 1718 4443 qui
1750 4375 1888 4427 male
1929 4374 2111 4428 fecerit
2141 4390 2236 4442 pn-

652 4470 909 4521 n'reutlum
960 4470 1164 4536 (quare
1209 4468 1361 4521 nobis
1402 4465 1530 4519 nihil
1574 4464 1889 4529 timendum.
1937 4480 2058 4518 eum
2101 4464 2231 4518 nihil

650 4570 827 4613 inmte
871 4561 1086 4627 dignum
1140 4556 1631 4625 iecerimus):ve1
1673 4557 1752 4610 sic
1800 4556 2084 4623 intelligas,
2131 4556 2229 4621 Qui

655 4657 827 4707 tucem
862 4653 1016 4721 htg'ns
1041 4651 1225 4706 mundi
1265 4650 1424 4713 videt.
1460 4650 1511 4704 in
1544 4659 1659 4704 tuto
1684 4657 1808 4713 est;
1841 4649 1884 4702 si
1928 4658 2105 4702 autem
2140 4650 2230 4703 ille

658 4748 708 4797 in
738 4753 849 4798 tuto
874 4753 976 4809 est,
1008 4743 1174 4795 multo
1203 4742 1368 4810 magis
1396 4742 1440 4794 is
1462 4740 1549 4809 qui
1575 4755 1779 4794 mecum
1809 4751 1910 4804 ρει,
1959 4740 2055 4793 nisi
2087 4756 2115 4793 a
2148 4755 2233 4793 me

658 4833 982 4889 discesserit.
1014 4832 1107 4887 itis
1129 4831 1326 4885 verbis
1353 4831 1469 4883 illos
1496 4831 1851 4895 confirmavit,
1893 4839 1948 4884 et
1988 4845 2233 4885 necessa—

654 4927 792 4979 riam
822 4940 1036 4979 causam
1069 4922 1323 4984 subdidit.
1346 4936 1441 4975 cur
1464 4921 1559 4974 illo
1588 4921 1919 4989 migrantium
1952 4931 2095 4975 esset
2134 4938 2145 4973 :
2178 4930 2233 4975 et

662 5026 939 5086 postquam
980 5017 1320 5081 declarasset,
1368 5032 1473 5069 non
1513 5014 1679 5067 ituros
1704 5013 2110 5085 Jerosolymam,
2140 5013 2233 5067 sed

658 5111 993 5173 ilethaniam,
1019 5110 1153 5164 dixit
1186 5128 1199 5163 :
1232 5111 1289 5164 11
1340 5108 1569 5161 ιαιανυς
1595 5108 1782 5161 ominis
1808 5107 2012 5169 dormit,
2040 5116 2085 5158 et
2104 5106 2235 5158 vado

661 5211 713 5253 ut
742 5202 885 5254 illum
911 5214 1135 5255 exalent.
1172 5202 1280 5256 lloc
1321 5212 1423 5266 est,
1467 5200 1582 5254 Non
1618 5201 1806 5255 iterum
1832 5199 1966 5251 vado
1995 5215 2114 5252 cum
2137 5198 2235 5253 Jn~

655 5292 794 5347 dmis
826 5294 1187 5362 disputaturos
1216 5304 1265 5345 et
1292 5307 1698 5355 congressurus.
1742 5292 1834 5347 sed
1866 5293 2095 5345 anticum
2137 5308 2233 5344 no-

663 5397 831 5440 strum
880 5389 1226 5440 excitaturus.
1270 5385 1355 5439 12.
1390 5386 1577 5439 Dicunt
1609 5386 1848 5454 discipuli
1880 5402 1897 5437 :
1930 5384 2160 5450 Domine,
2193 5386 2233 5438 si

660 5479 865 5538 dormit.
898 5480 1063 5530 sulcus
1090 5480 1201 5530 erit.
1238 5478 1288 5531 Id
1321 5495 1447 5531 vero
1475 5496 1577 5532 non
1621 5479 1737 5531 sine
1772 5494 1927 5532 causa
1969 5479 2233 5543 dixerunt,

660 5572 752 5621 :a-d
798 5577 854 5621 ttt
891 5568 1206 5637 impedirent
1256 5572 1536 5637 quominus
1579 5572 1697 5623 iret.
1737 5569 1907 5633 Dicis.
1955 5571 2189 5639 inquiunt
2219 5612 2233 5635 ,

729 5722 741 5755 '
785 5722 836 5773 in
862 5728 1020 5775 \torcl.
1050 5724 1250 5788 legitur,
1276 5726 1503 5784 (iunctio-3
1524 5742 1634 5788 pro.
1664 5726 1815 5791 magis
1844 5726 2148 5777 incredulus.

1426 330 1483 384 S.
1515 325 1789 383 JOANNIS
1827 322 2299 381 CIIIWSUSTOMI
2337 324 2655 387 ARCHIEP.
2693 330 3228 395 CONSTANTINOP.

690 452 764 510 Ne
810 452 987 516 itaque
1030 449 1130 503 hoc
1180 454 1382 501 tantum
1427 446 1678 513 respicias
1721 442 1861 512 quod
1904 442 2045 496 illam
2090 440 2259 494 admi-

688 544 837 605 serit,
868 541 959 594 sed
988 549 1041 593 et
1068 538 1189 592 illttd
1217 536 1517 600 considera,
1562 534 1831 604 quomodo
1862 533 2163 586 mutaverit.
2196 531 2260 585 Et

682 649 779 685 cur
819 633 952 684 hanc
983 637 1241 682 memorat
1271 627 1545 681 historiam
1575 626 1941 694 evangelista?
1988 625 2093 677 imo
2134 638 2259 676 vero

682 723 807 791 quid
851 738 946 776 nos
992 721 1102 774 vult
1146 720 1380 782 docere,
1429 734 1547 770 cum
1589 718 1706 769 ait:
1748 716 1800 767 5.
1844 716 2056 767 Amabat
2093 722 2257 765 autem

3866 355 3978 409 3H

2375 441 2519 537 illum
2551 443 2833 501 dormire?
2875 465 3002 515 ergo
3034 451 3161 505 nihil
3193 455 3331 525 cogit
3361 456 3451 511 illo
3475 459 3643 516 abire.
3680 466 3843 535 Atqui
3882 470 3975 523 illo

2370 533 2497 587 ideo
2537 535 2762 601 dixerat,
2806 540 3011 594 Amicus
3052 555 3237 609 noster,
3281 558 3337 601 ut
3364 549 3676 609 ostenderet
3710 533 3970 613 necessa-

2368 625 2499 679 riam
2528 642 2647 681 esse
2673 630 3075 699 profectionem.
3212 624 3215 627 ’

2432 715 2663 809 2.”Qnia
2708 736 2835 776 vero
2877 725 2947 775 illi
2992 727 3268 795 segniores
3308 742 3488 799 erant,
3539 737 3670 792 dixit
3713 743 3963 809 tandem,

2368 804 2454 897 i4.
2482 806 2717 862 Mortuus
2750 824 2839 864 est.
2871 811 3050 866 Primo
3074 818 3254 885 itaque
3286 830 3341 873 ut
3368 822 3563 879 fastum
3594 830 3825 897 tolleret,
3876 804 3964 886 sic

2365 894 2849 989 loqttutus‘fuerat;
2880 918 3000 957 cum
3033 918 3211 961 autem
3242 910 3291 963 id
3323 911 3396 965 illi
3426 925 3533 968 non
3565 894 3960 989 intelligerent.

2361 984 2575 1074 adjecit,
2610 982 2842 1043 Mortuus
2869 1002 2960 1059 est,
3005 992 3087 1049 15.
3122 1006 3170 1049 et
3199 1001 3395 1067 gaudeo
3425 1016 3633 1072 propter
3658 982 3765 1062 eos:
3819 982 3959 1074 Cvr.

2364 1072 2582 1143 Propter
2619 1080 2747 1132 vos?
2788 1080 2938 1148 Quod
2969 1085 3166 1141 absens
3198 1090 3535 1157 pra-dixerim
3562 1114 3574 1149 :
3611 1099 3790 1168 itaque
3823 1119 3956 1155 cum

2359 1168 2766 1259 resuscitavero.
2800 1173 2942 1228 nulla
2972 1181 3270 1234 remanebit
3296 1184 3550 1252 suspicio.
3592 1188 3779 1243 Viden'
3806 1210 3955 1259 quo-

2356 1257 2515 1355 modo
2542 1258 2715 1315 adhuc
2736 1262 3165 1333 imperfectiores
3189 1283 3373 1328 essent
3398 1276 3661 1348 discipuli.
3694 1300 3793 1338 nec
3824 1257 3956 1355 ejus

2356 1348 2603 1405 virtutem
2632 1362 2687 1406 ut
2728 1369 2822 1422 par
2858 1366 2975 1411 erat
3018 1368 3443 1429 cognoscerent?
3479 1370 3628 1436 Quod
3678 1392 3743 1429 ex
3796 1348 3951 1431 metu

2354 1439 2567 1496 illorum
2614 1446 2823 1501 animos
2871 1450 3121 1506 turbante
3164 1460 3528 1523 proveniebat.
3587 1465 3651 1519 Et
3696 1483 3818 1521 cum
3856 1472 3951 1523 di-

2354 1532 2448 1593 xit.
2483 1531 2703 1600 Dormit,
2742 1537 2961 1603 addidit,
3001 1539 3145 1595 Vado
3173 1556 3227 1597 ut
3251 1550 3459 1602 excitem
3497 1570 3645 1619 eum;
3689 1574 3809 1609 cmn
3843 1575 3951 1612 au-

2353 1629 2458 1675 tem
2488 1621 2640 1684 dixit.
2672 1626 2908 1683 Mortuus
2936 1642 3028 1696 est,
3063 1649 3167 1688 non
3194 1637 3301 1703 jam
3334 1640 3736 1710 addidit,l’udo,
3772 1662 3828 1700 ut
3857 1668 3951 1702 stt-

2350 1712 2519 1764 scitem
2550 1730 2681 1768 eum.
2716 1717 2829 1773 Non
2872 1722 3013 1775 enim
3046 1726 3257 1779 volebat
3285 1744 3345 1782 cx
3384 1732 3560 1786 verbis
3599 1738 3900 1803 pra-dicere
3927 1781 3945 1806 ,

2349 1824 2468 1878 qua:
2498 1825 2660 1879 opere
2689 1813 3100 1868 confirmaturus
3137 1830 3273 1879 erat.
3308 1836 3407 1875 nos
3442 1839 3657 1893 semper
3696 1827 3943 1895 docens,

2350 1916 2537 1955 vanam
2566 1904 2788 1972 gloriam
2819 1919 2942 1959 esse
2981 1905 3305 1975 fugiendam,
3360 1927 3531 1981 neque
3576 1926 3775 1971 tcnn-re
3817 1936 3948 1973 esse

2353 1994 2793 2060 promittendum.
2842 1996 2991 2061 Quod
3024 1999 3066 2051 si
3098 2011 3311 2069 rogatus
3352 2002 3452 2057 hoc
3483 2010 3781 2060 centurioni
3814 2010 3948 2064 fecit

2347 2084 2683 2151 (dixitenim,
2710 2084 2817 2155 Ego
2846 2088 3072 2153 veniam;
3099 2100 3142 2140 et
3163 2091 3347 2144 curabo
3365 2109 3476 2146 eum
3502 2092 3712 2166 [Matt/i.
3739 2100 3789 2151 8.
3817 2100 3873 2169 ἠ
3896 2102 3942 2167 );

2350 2174 2397 2227 id
2430 2174 2582 2241 dixit,
2616 2187 2670 2229 ut
2696 2177 2812 2245 ejus
2841 2179 2996 2233 fidem
3026 2183 3355 2238 ostenderet.
3390 2186 3444 2240 Si
3471 2190 3590 2255 quis
3622 2205 3750 2243 vero
3777 2192 3943 2245 dixe-

2348 2267 2433 2330 rit,
2466 2269 2571 2322 Cur
2592 2284 2836 2325 somnum
2880 2274 3290 2342 suspicabantur
3312 2293 3434 2333 esse
3458 2280 3727 2351 discipuli,
3757 2298 3947 2354 neque

2345 2368 2609 2412 noverunt
2639 2370 2902 2415 mortuum
2935 2379 3073 2423 esse.
3102 2382 3222 2419 cum
3250 2368 3471 2433 diceret.
3530 2370 3723 2427 Vadam
3756 2387 3807 2428 et
3840 2392 3944 2429 cn-

2345 2448 2475 2500 rabo
2516 2450 2674 2502 eum?
2724 2451 2985 2520 (stultum
3031 2458 3174 2509 enim
3216 2468 3332 2511 erat
3362 2460 3405 2511 si
3438 2471 3684 2528 putarent
3723 2465 3919 2520 Jesnm

2345 2538 2643 2606 quindecim
2673 2542 2841 2594 stadia
2882 2544 3251 2600 confecturum
3289 2563 3445 2615 esse,
3479 2561 3536 2605 ut
3565 2553 3709 2607 illum
3741 2572 3942 2623 expc-r-

2343 2627 2611 2695 gefaceret
2642 2631 2660 2699 )
2693 2650 2705 2682 :
2738 2636 3095 2701 rcSpotttleim,
3153 2649 3363 2704 putasse
3408 2642 3528 2696 illos
3562 2643 3663 2699 hoc
3702 2649 3938 2717 :l‘ttigma

2340 2735 2483 2785 esse.
2516 2733 2571 2775 ut
2598 2723 2699 2775 alia
2732 2726 2892 2778 multa
2925 2743 3043 2793 qua:
3074 2729 3303 2784 dicebat.

2418 2811 2633 2865 Thomas
2681 2816 2904 2867 onmium
2957 2819 3333 2886 inﬁrmissimus
3394 2836 3568 2892 postea
3620 2830 3940 2898 fortissimus

2341 2904 2547 2969 e/i'ectus
2596 2916 2686 2958 est.
2734 2939 2801 2946 —
2841 2909 3039 2964 Omnes
3089 2913 3265 2979 itaque
3301 2913 3610 2972 Jud;eurum
3665 2920 3935 2990 impetum

2343 2997 2729 3052 formidabant:
2765 3001 2999 3054 omnium
3034 3006 3266 3059 maxime
3299 3006 3533 3061 Thomas
3568 3028 3579 3062 :
3613 3010 3729 3064 idco
3763 3012 3935 3076 dixit,

2344 3088 2429 3141 Hi.
2466 3088 2676 3149 Eamus.
2711 3102 2761 3142 ut
2792 3103 2836 3145 et
2865 3111 2955 3145 nos
2979 3098 3253 3147 moriamur
3289 3113 3402 3150 cum
3432 3116 3508 3151 eo.
3542 3100 3765 3167 Quidam
3798 3120 3939 3156 rem

2340 3180 2542 3247 dicunt,
2590 3182 2761 3251 ipsum
2814 3187 2945 3238 mori
2997 3198 3251 3257 optasse;
3297 3191 3389 3243 sed
3424 3208 3527 3245 non
3572 3195 3639 3245 ita
3686 3210 3771 3249 res
3802 3210 3935 3251 est:

2341 3288 2461 3326 nam
2487 3276 2659 3342 potius
2679 3292 2741 3328 ex
2775 3278 2961 3331 timore
2986 3280 3318 3347 loquebatur.
3341 3281 3446 3337 Sed
3482 3300 3585 3339 non
3618 3286 3939 3357 increpath

2341 3365 2454 3419 fuit.
2510 3365 2638 3435 Ejus
2668 3370 2810 3422 enim
2848 3371 3205 3425 infirmitatem
3249 3374 3428 3429 adhuc
3476 3377 3775 3442 tolerabat;
3832 3379 3939 3431 dc-

2339 3473 2485 3513 mnm
2514 3469 2660 3513 certe
2686 3460 2766 3513 his
2796 3463 3031 3515 omnium
3059 3463 3382 3520 fortissimus
3412 3468 3635 3521 eﬂ‘ectns
3664 3480 3742 3523 est
3770 3480 3823 3524 et
3858 3473 3938 3523 iu-

2338 3551 2672 3617 snperabilis.
2726 3552 2877 3618 Nam,
2928 3558 3067 3623 quod
3098 3556 3453 3613 admiratione
3478 3558 3694 3629 dignum
3728 3572 3831 3624 est.
3889 3565 3937 3615 is

2338 3655 2495 3708 quem
2523 3642 2593 3694 ita
2621 3642 2883 3697 inﬁrmum
2907 3655 3027 3698 ante
3054 3661 3265 3699 crucem
3296 3648 3545 3713 vidimus.
3571 3663 3687 3719 post
3708 3668 3936 3707 crucem

2280 3728 2287 3735 ’
2338 3739 2391 3797 et
2424 3741 2540 3797 post
2567 3736 2974 3787 resurrectionis
3015 3734 3170 3791 fidem
3202 3737 3656 3795 ferventissimam
3683 3745 3935 3797 omnium

2339 3824 2717 3891 conspicimus.
2746 3826 2912 3879 Tanta
2944 3838 3023 3880 est
3048 3826 3243 3882 Christi
3271 3831 3462 3885 virtus.
3510 3832 3641 3887 Nam
3684 3837 3772 3903 qui
3801 3850 3936 3893 cum

2340 3914 2551 3969 Christo
2582 3915 2890 3969 Bethaniam
2925 3919 2999 3971 ire
3028 3933 3129 3971 non
3160 3920 3409 3987 audebat,
3460 3924 3547 3978 hic
3574 3924 3792 3979 Christo
3815 3944 3935 3983 non

2337 4016 2603 4073 prasente
2645 4005 2829 4061 orbem
2874 4006 2985 4061 fere
3035 4012 3317 4077 percurrit.
3369 4014 3420 4066 in
3473 4014 3664 4069 mediis
3715 4020 3933 4086 populis

2339 4096 2650 4148 vorsabatur
2677 4100 3049 4167 sanguinariis,
3082 4102 3169 4169 qui
3204 4103 3349 4156 illum
3380 4104 3683 4160 interficere
3713 4124 3928 4173 qurere—

2342 4185 2486 4239 bant.
2530 4186 2584 4240 Si
2617 4198 2793 4239 autem
2823 4190 3007 4242 stadiis
3036 4191 3338 4258 quindecim
3372 4194 3599 4247 distabat
3630 4194 3887 4250 Bctbaria
3912 4243 3929 4260 ,

2340 4294 2458 4344 qua:
2489 4288 2614 4331 sunt
2639 4280 2890 4334 milliaria
2916 4282 3042 4345 dtto,
3093 4283 3361 4349 quomodo
3393 4286 3781 4352 quatriduauns
3810 4303 3931 4346 erat

2345 4369 2616 4424 Lazarus?
2664 4371 2853 4425 Mansit
2896 4372 3105 4427 duolms
3151 4374 3356 4441 diebus,
3406 4387 3461 4432 et
3506 4380 3677 4445 pridie
3710 4398 3931 4441 venerat

2344 4466 2559 4517 nuntius
2579 4504 2593 4527 ,
2642 4480 2706 4517 eo
2754 4465 2867 4533 ipso
2906 4466 3091 4519 mortis
3125 4468 3211 4522 die
3238 4487 3251 4521 :
3285 4468 3479 4523 deinde
3503 4480 3691 4538 quarta
3720 4473 3807 4526 die
3828 4473 3922 4526 ad-

2345 4556 2509 4610 venit.
2545 4556 2667 4611 Ideo
2696 4555 2871 4609 donec
2896 4567 3179 4611 Vocaretur
3206 4559 3569 4627 exspectavit;
3618 4577 3790 4629 neque
3822 4579 3928 4618 non

2335 4646 2631 4701 accersitus
2685 4647 2829 4700 venit
2880 4662 2947 4701 ne
2998 4662 3099 4717 qua
3150 4650 3383 4703 oriretur
3430 4653 3684 4720 suspicio.
3743 4654 3933 4720 Neque

2345 4737 2493 4803 ipsa‘,
2528 4752 2646 4806 qua:
2672 4737 3005 4803 amabantur,
3037 4751 3293 4793 venerunt
3320 4758 3334 4806 ;
3382 4741 3476 4795 sed
3505 4744 3593 4796 alii
3622 4745 3929 4799 mittuntur.

2347 4829 2428 4882 18.
2466 4826 2592 4881 Erat
2618 4838 2787 4881 mitem
2818 4828 3064 4883 Det/mnia
3093 4834 3237 4898 quasi
3264 4834 3441 4888 stadiis
3464 4835 3766 4904 quindecim.
3793 4837 3931 4893 Hinc

2343 4919 2671 4986 signiﬁcatur
2721 4920 2916 4974 inultos
2958 4936 3023 4975 ex
3076 4923 3425 4995 .lerosoiymis
3470 4926 3741 4990 adfuisse;
3805 4945 3929 4983 nam

2343 5012 2519 5063 statim
2559 5011 2760 5079 adjicit.
2802 5012 2999 5065 multos
3024 5027 3091 5066 ex
3127 5012 3325 5070 ludatis
3345 5016 3584 5073 adfuisse
3610 5020 3700 5088 qui
3726 5034 3932 5073 conso-

2344 5100 2688 5155 larenturcas
2713 5102 2887 5172 (Joon.
2928 5105 3009 5157 11.
3045 5104 3159 5173 19).
3178 5105 3459 5171 Quomodo
3479 5108 3494 5138 ¹
3514 5124 3543 5161 a
3563 5109 3932 5165 Cbristodile«

2342 5204 2456 5245 ctas
2491 5192 2657 5246 Judaei
2690 5195 3149 5249 consolabantur?
3201 5198 3359 5265 Atqui
3405 5211 3769 5257 convenerant
3800 5212 3855 5256 ut
3887 5204 3933 5255 si

2343 5284 2463 5353 quis
2490 5283 2761 5337 Chrisutm
2790 5288 3159 5351 conﬁteretur,
3203 5300 3352 5342 extra
3381 5304 3708 5362 synagogam
3739 5292 3934 5345 ﬁeret?

2408 5423 2422 5452 ι
2664 5421 2777 5470 fere
2804 5430 2907 5492 uss.
2935 5427 3080 5474 nostri
3106 5424 3284 5492 locum,
3301 5438 3366 5492 ut
3402 5428 3619 5492 intexto
3633 5431 3780 5492 jacet,
3807 5429 3937 5479 effe-

2344 5490 2483 5551 runt;
2512 5483 2634 5551 ἔξάὶιί
2650 5498 2776 5532 vero
2798 5487 2967 5533 sic..."
3002 5505 3023 5530 ι
3040 5486 3177 5551 quasi
3201 5483 3370 5538 stadiis
3392 5483 3668 5551 quindecim
3691 5509 3739 5539 ι.
3770 5483 3939 5551 ’.κτρα

2349 5543 3023 5623 filudusitte‘coustsruotutnri
3051 5543 3421 5623 sedﬂstendere:
3457 5550 3602 5623 notuit
3626 5543 3935 5623 ειμιᾳιῃεζᾷιη

2346 5607 2498 5675 tot-tun
2521 5620 2624 5675 esse
2647 5607 2921 5668 proximum
2941 5616 3023 5675 ,_et
3062 5622 3125 5658 ea:
3142 5608 3228 5659 illo
3275 5611 3583 5675 prodmitute
3624 5607 3939 5667 rerisimt'lcm

2346 5668 2455 5727 ﬁeri
2478 5669 2733 5739 multorum
2757 5669 3075 5739 praesentiain.
3126 5668 3288 5739 Itaque
3314 5673 3609 5739 subjmxit:
3639 5694 3660 5720 ι
3688 5676 3823 5725 stulti
3845 5689 3939 5724 au-

2350 5741 2442 5777 um
2460 5732 2717 5781 eer'knis
2740 5739 2964 5781 texerant
2982 5738 3031 5781 ut
3052 5732 3409 5785 consolarentur
3420 5738 3822 5796 eusmouomodo,
3834 5744 3938 5787 etc.
