4164 6330
261 406 295 456 τ)
305 404 361 452 ιῗ)

282 518 370 568 \rl
394 514 464 565 ob
492 508 811 564 calamitatis
841 500 1278 571 uuignittulint-m,
1305 497 1384 550 vel
1407 497 1526 564 quia
1555 503 1609 546 ttt
1640 490 1861 545 nobilio-

277 622 365 660 res
416 600 846 659 venerabantur;
889 592 971 646 vel
1016 592 1151 644 forte
1177 587 1266 655 qui
1300 600 1402 639 non
1434 582 1656 651 improbi
1685 590 1860 643 erant,

274 699 537 748 venerunt
569 708 581 743 :
608 685 910 740 mnlticnitn
934 696 995 735 ex
1027 680 1153 748 ipsis
1172 675 1532 731 crediderunt.
1558 673 1681 727 llaec
1706 686 1863 739 porro

270 787 403 839 dit-it
450 780 813 847 evangelista,
864 772 1046 828 Lazari
1090 780 1316 824 mortem
1356 766 1701 822 confirmans.
1754 761 1865 816 Cur

268 889 431 941 porro
459 870 676 926 Christo
699 867 908 921 obviam
936 863 1081 918 venit
1111 862 1226 915 sine
1257 872 1445 913 sorore
1477 854 1713 910 comite?
1741 853 1865 907 Vult

263 964 497 1017 seorsim
532 960 683 1014 illum
713 956 883 1018 adire,
908 963 961 1008 et
992 967 1102 1007 rem
1136 949 1399 1004 nuntiare.
1434 948 1721 1016 Postquam
1764 958 1862 996 au-

267 1064 377 1106 tem
409 1051 657 1106 Christus
682 1060 833 1115 Spem
882 1043 1074 1097 bonam
1124 1038 1408 1103 indiderat,
1461 1046 1585 1090 tunc
1628 1034 1761 1098 abit,
1812 1042 1865 1087 et

274 1141 496 1193 Mariam
538 1147 711 1198 vocat,
758 1144 811 1189 et
857 1132 1092 1187 occurrit
1124 1128 1220 1191 illi,
1252 1129 1398 1182 luctu
1428 1126 1604 1181 adhuc
1632 1126 1860 1193 vigente.

273 1230 467 1285 \‘iden‘
495 1227 695 1282 amoris
726 1222 1178 1295 magnitudinem?
1224 1220 1348 1274 "th
1386 1226 1471 1273 est
1497 1217 1563 1272 de
1590 1231 1690 1287 qua
1716 1216 1862 1269 dice-

274 1322 363 1373 bat
394 1339 405 1373 :
441 1318 612 1372 Maria
644 1332 758 1369 vero
784 1314 1022 1383 Optimam
1049 1322 1245 1379 portent
1266 1310 1412 1379 elegit
1452 1306 1602 1373 (Luc.
1636 1305 1719 1361 IO.
1751 1303 1860 1374 42).

267 1409 555 1477 Quomodo
579 1423 726 1477 ergo,
748 1398 985 1474 inquies,
1034 1402 1237 1457 Martha
1278 1415 1421 1454 nunc
1471 1397 1763 1452 ferventior
1791 1397 1866 1449 vi-

265 1500 473 1554 detur?
522 1499 636 1552 Non
680 1505 793 1549 erat
835 1494 949 1548 haec
976 1492 1301 1555 ferventior;
1333 1490 1427 1545 sed
1458 1490 1544 1543 illa
1570 1488 1697 1541 nihil
1726 1486 1866 1541 didi-

263 1600 465 1645 cerat:
507 1604 629 1643 nam
676 1587 877 1641 Martha
926 1584 1248 1639 imbecillior
1286 1592 1421 1636 erat.
1454 1578 1587 1634 Cum
1615 1582 1759 1633 enim
1784 1576 1867 1632 tot

268 1692 527 1749 tantaque
571 1679 831 1741 audisset,
882 1676 1056 1730 adhuc
1105 1684 1281 1728 tamen
1327 1664 1477 1736 dicit,
1522 1670 1643 1724 Jam
1688 1675 1866 1740 [σείου

264 1772 639 1841 quatriduanus
665 1781 736 1824 est
765 1771 920 1823 enim.
956 1769 1046 1823 Illa
1078 1781 1234 1828 vero,
1269 1765 1369 1820 etsi
1398 1763 1658 1817 nihildum
1684 1762 1867 1815 audis-

265 1875 376 1928 set,
426 1864 556 1917 nihil
584 1860 883 1930 huiusmodi
906 1860 1122 1929 loquuta
1150 1868 1266 1920 est;
1311 1855 1403 1911 sed
1432 1856 1611 1910 Statim
1642 1854 1868 1908 credens

266 1954 409 2007 dixit
437 1972 449 2007 :
472 1953 564 2006 2|.
590 1950 824 2015 Domine,
853 1950 896 2003 si
922 1950 1103 2020 fuisses
1128 1949 1230 2013 hic,
1262 1950 1420 2017 frater
1446 1962 1582 1999 meus
1607 1960 1708 1999 non
1735 1944 1859 2013 fuis-

265 2057 340 2102 set
386 2056 637 2100 mortuus.

341 2142 400 2193 5.
434 2137 619 2193 Videte
640 2143 840 2207 quanta
867 2134 938 2189 sit
960 2133 1246 2189 mulierum
1279 2130 1635 2201 philosolihia,
1660 2130 1867 2185 etiamsi

268 2229 547 2285 imbecilla
596 2236 776 2283 mente
819 2225 1041 2282 essent?
1068 2223 1199 2279 Viso
1234 2238 1465 2292 namque
1506 2220 1721 2276 Christo
1762 2238 1868 2276 non

267 2322 455 2375 statim
506 2319 558 2374 in
607 2318 828 2382 luctum,
880 2316 935 2371 in
978 2316 1269 2386 planctum,
1310 2314 1362 2369 in
1406 2315 1662 2383 gemitum
1692 2329 1869 2368 erum-

272 2420 441 2480 punt,
489 2419 549 2464 ut
578 2423 677 2463 nos
704 2408 967 2471 solemus,
1022 2405 1241 2477 quando
1283 2414 1441 2459 notos
1476 2404 1755 2474 quospiam
1802 2403 1868 2458 ad

269 2504 476 2556 luctum
514 2503 791 2557 venientes
819 2498 1218 2568 conspicimus;
1250 2496 1345 2553 sed
1387 2497 1566 2551 statim
1608 2496 1715 2551 illae
1753 2512 1869 2551 ma-

268 2594 503 2660 gistrum
548 2590 832 2645 mirantur.
883 2588 1188 2643 Credebant
1222 2588 1404 2656 utique
1432 2587 1602 2642 ambae
1634 2586 1685 2641 in
1714 2586 1871 2641 Chri-

269 2691 449 2746 stuiu;
500 2680 593 2735 sed
646 2696 752 2735 non
799 2688 975 2751 utpar
1001 2689 1135 2733 erat.
1175 2677 1419 2733 Nondum
1464 2678 1607 2731 enim
1639 2677 1873 2745 perfecte

271 2772 539 2834 sciebant,
571 2786 672 2825 nec
702 2770 867 2825 Deum
897 2782 1034 2832 esse,
1071 2783 1246 2835 neque
1277 2781 1372 2823 sua
1404 2776 1668 2837 potestate
1696 2777 1749 2822 et
1777 2783 1873 2822 au-

270 2864 525 2919 ctoritate
554 2864 671 2918 lucc
697 2862 870 2918 facere
903 2882 918 2919 :
946 2861 1089 2932 quod
1122 2870 1409 2931 utrumque
1449 2860 1590 2929 ipsas
1632 2859 1869 2915 edocuit.

270 2954 431 3021 Quod
475 2964 652 3008 autem
698 2953 1020 3021 ignorarent,
1074 2959 1217 3021 patet
1249 2966 1315 3006 ex
1362 2965 1429 3006 eo
1464 2950 1606 3020 quod
1648 2949 1731 3004 his
1756 2965 1876 3005 vcr-

274 3046 378 3109 bis,
432 3042 495 3099 Si
537 3045 718 3115 fuisses
762 3043 862 3106 hic,
910 3042 1069 3109 frater
1111 3050 1281 3095 noster
1312 3056 1413 3094 non
1444 3050 1570 3094 esset
1602 3049 1831 3093 mortuus
1856 3080 1870 3103 ,

275 3135 612 3198 addiderint,
658 3133 750 3187 ‘22.
823 3132 1162 3201 Quacumque
1207 3131 1409 3201 petieris
1458 3147 1490 3185 a
1534 3128 1682 3193 Deo,
1733 3129 1873 3182 dabit

277 3228 409 3289 tibi;
441 3225 590 3295 quasi
637 3226 706 3279 de
735 3225 931 3278 virtute
959 3223 1183 3289 praedito
1227 3232 1281 3277 et
1309 3221 1603 3290 consuicuo
1637 3221 1754 3274 viro
1794 3220 1874 3273 lo-

274 3327 524 3385 quentes.
551 3315 684 3370 Vide
729 3322 907 3369 autem
947 3312 1072 3384 quid
1102 3312 1347 3366 Christus
1379 3310 1698 3380 respondeat
1724 3328 1739 3367 :
1766 3309 1858 3364 25.

282 3409 536 3477 llesurget
571 3407 729 3476 frater
771 3417 931 3469 tuus;
984 3402 1118 3458 illud
1165 3402 1472 3467 coufntans,
1535 3402 1877 3473 Quacumque

281 3499 510 3565 petieris.
540 3496 721 3565 Neque
750 3495 894 3549 enim
922 3493 1076 3557 dixit,
1112 3492 1316 3557 Petam,
1347 3492 1439 3545 sed
1470 3490 1639 3561 quid?
1689 3489 1879 3544 Resur-

279 3601 360 3659 get
387 3592 547 3659 frater
572 3597 708 3641 tuus.
759 3585 813 3642 Si
856 3585 1080 3640 dixisset
1120 3584 1263 3638 enim
1299 3599 1313 3636 :
1346 3582 1391 3638 Ο
1419 3582 1646 3647 mulier,
1702 3582 1877 3637 adhuc

280 3690 483 3734 terram
530 3678 799 3749 respicis?
840 3677 1017 3731 alieno
1058 3690 1165 3729 non
1205 3688 1337 3744 egeo
1364 3673 1591 3735 auxilio,
1618 3687 1645 3725 a
1672 3672 1877 3742 meipso

280 3772 464 3826 omnia
512 3768 689 3835 facio;
722 3769 839 3823 hmc
863 3767 1091 3823 molesta
1125 3767 1371 3833 fuissent,
1403 3774 1457 3820 ct
1484 3765 1767 3819 mulierem
1798 3765 1878 3819 of-

282 3862 604 3916 fendissent.
655 3858 805 3915 Nuuc
831 3872 959 3913 vero
980 3858 1187 3921 dicens,
1221 3854 1492 3927 Resurget,
1530 3855 1764 3909 medium
1796 3864 1877 3908 te-

282 3954 404 4006 nuit
444 3952 685 4017 modum,
728 3961 783 4006 et
828 3965 924 4020 per
950 3949 1226 4019 sequentia
1256 3963 1319 4002 ea
1346 3963 1466 4017 qua:
1492 3947 1603 4002 dixi
1632 3946 1877 4001 suliindi—

280 4046 448 4099 cavit.
483 4044 707 4098 Dicente
733 4043 874 4097 enim
906 4042 1016 4103 illa,
1045 4041 1133 4096 24.
1162 4042 1283 4096 Scio
1309 4043 1426 4109 quia
1454 4048 1679 4109 resurget
1706 4040 1757 4092 in
1788 4054 1881 4093 no-

282 4136 493 4190 tissimo
520 4134 618 4194 die,
665 4133 865 4189 clarius
897 4147 1047 4187 suam
1079 4131 1315 4186 ostendit
1354 4131 1752 4193 auctoritatem,
1796 4128 1879 4182 di-

282 4242 440 4293 cens,
469 4227 562 4281 25.
594 4225 703 4296 Ego
729 4241 843 4280 sum
876 4224 1173 4279 resurrectio
1203 4232 1251 4277 et
1272 4222 1421 4285 vita;
1449 4230 1880 4276 commonstrans

281 4332 345 4373 se
373 4332 483 4371 nou
513 4317 733 4371 alterius
758 4313 955 4368 auxilio
989 4327 1169 4383 egere,
1204 4311 1467 4382 siquidem
1499 4311 1615 4380 ipse
1642 4312 1749 4364 vita
1776 4318 1877 4365 est.

283 4406 443 4474 Quod
470 4406 515 4459 si
556 4405 772 4459 alterius
815 4412 998 4473 egeret
1041 4416 1227 4471 opera,
1276 4400 1547 4469 quomodo
1583 4400 1697 4468 ipse
1724 4399 1882 4455 fuerit

287 4495 623 4548 resurrectio
665 4501 720 4546 et
764 4491 912 4546 vita?
960 4490 1066 4547 Sed
1115 4504 1220 4544 non
1263 4498 1368 4543 tam
1394 4489 1539 4544 clare
1563 4488 1719 4552 dixit,
1756 4488 1883 4543 sub-

289 4583 551 4639 indicavit
600 4592 799 4637 tamen.
847 4582 1080 4636 Rursum
1127 4580 1215 4635 illa
1259 4580 1491 4644 dicente,
1547 4578 1883 4645 Quacumque

288 4675 607 4743 poposceris,
658 4674 746 4728 ille
790 4673 1045 4742 reponit:
1095 4671 1195 4737 Qui
1243 4670 1401 4725 credit
1439 4671 1493 4724 in
1536 4685 1635 4735 me,
1687 4670 1880 4723 etiamsi

288 4772 528 4817 mortuus
557 4763 708 4831 ﬁerit,
738 4764 862 4815 vivet
886 4778 903 4825 ;
932 4760 1227 4816 ostendens
1253 4774 1312 4814 se
1339 4760 1601 4813 bonorum
1641 4758 1882 4812 datorem

287 4872 443 4922 esse,
470 4866 525 4910 et
550 4870 577 4909 ει
607 4869 665 4910 se
689 4853 976 4926 petendum
1002 4868 1142 4907 csse.
1172 4850 1263 4907 26.
1298 4850 1363 4905 Et
1406 4852 1568 4905 omnis
1606 4850 1691 4919 qui
1735 4850 1880 4913 vivit,

285 4959 339 5001 et
386 4947 556 5001 credit
583 4944 635 4997 in
665 4958 761 5008 me,
809 4961 909 4997 non
938 4944 1178 4996 morietur
1207 4943 1260 4996 in
1284 4951 1550 4996 (sternunt.
1584 4940 1719 4995 Vide
1745 4956 1882 5008 quo—

290 5038 465 5093 modo
503 5046 734 5091 mentem
763 5036 879 5105 ejus
907 5036 1097 5105 erigat.
1125 5034 1239 5088 Non
1267 5034 1411 5088 enim
1444 5041 1651 5087 tantum
1687 5046 1885 5100 quaere-

288 5130 457 5183 batur
488 5127 808 5181 resurrectio
845 5124 1053 5189 Lazari,
1086 5125 1181 5179 sed
1229 5124 1510 5194 oportebat
1550 5132 1604 5177 et
1636 5124 1791 5186 hanc,
1832 5130 1887 5176 et

288 5221 383 5288 qui
428 5227 718 5287 praesentes
764 5232 885 5271 cum
928 5217 1015 5271 illa
1067 5225 1242 5281 erant,
1300 5214 1749 5269 resurrectionem
1773 5213 1887 5268 eui-

290 5325 476 5364 scere.
507 5308 793 5377 Propterea
820 5317 1105 5376 antequam
1136 5306 1360 5359 suscitet
1390 5320 1533 5368 cum,
1564 5302 1745 5357 verbis
1772 5302 1888 5371 phi-

293 5400 636 5468 losophatur.
671 5398 822 5465 Quod
863 5398 907 5451 si
936 5396 1264 5451 resurrectio
1290 5394 1359 5449 sit
1388 5403 1440 5448 et
1461 5395 1591 5460 vita,
1637 5408 1741 5447 non
1771 5393 1888 5447 loco

294 5487 784 5552 circumscribitur,
828 5485 921 5541 sed
968 5486 1164 5555 ubique
1204 5500 1396 5539 sanare
1438 5492 1633 5553 potest.
1678 5483 1732 5537 Si
1763 5498 1888 5536 vero

294 5582 568 5633 dixissent
614 5588 671 5632 ut
716 5577 981 5642 centurio,
1030 5577 1125 5629 Dic
1168 5576 1313 5629 verba
1363 5585 1407 5629 et
1455 5574 1717 5629 sanabitur
1766 5590 1890 5642 puer

298 5689 447 5724 meus
492 5668 705 5738 (Matth.
735 5669 787 5723 8.
814 5668 865 5737 8)
892 5710 907 5731 ,
940 5668 1003 5725 ,id
1031 5668 1268 5736 profecto
1298 5667 1508 5721 fecisset
1534 5684 1549 5719 :
1584 5665 1706 5734 quia
1758 5679 1888 5719 vero

302 5763 456 5817 illum
485 5761 550 5815 ad
584 5776 641 5815 se
669 5760 961 5827 vocabant,
1010 5768 1061 5813 et
1109 5768 1163 5813 ut
1193 5760 1395 5814 veniret
1434 5759 1723 5827 rogabant,
1768 5755 1884 5812 ideo

1332 382 1392 435 IN
1433 376 1742 435 JU.\.\'NE.\I
1786 373 2009 429 llOMIL.
2058 371 2207 426 LXII.
2253 374 2321 427 al.
2366 373 2496 427 l.\l.

3461 379 3560 435 3M

1973 492 2382 560 obtemperavit,
2435 500 2492 543 ut
2534 490 2649 544 iilas
2692 505 2719 542 a
2769 499 2874 541 tam
2921 491 3132 555 humili,
3184 507 3343 561 quam
3392 493 3459 547 de
3501 512 3561 550 se

1973 581 2260 646 habebant,
2309 580 2560 645 Opinione
2607 580 2936 644 retraheret,
2984 590 3035 633 et
3066 580 3131 633 ad
3164 583 3336 635 locum
3372 586 3517 639 venit
3550 603 3563 637 :

1973 681 2026 727 ct
2057 680 2233 726 tamen
2273 671 2399 724 dum
2444 686 2565 725 sese
2603 680 2952 739 attemperat,
3002 672 3236 726 ostendit
3282 689 3437 741 posse
3483 692 3565 740 se,

1972 765 2131 819 etiam
2152 762 2278 818 dum
2303 763 2501 815 absens
2527 771 2629 826 est,
2658 776 2883 825 sanare;
2917 761 3035 815 ideo
3066 764 3259 817 tardat.
3282 764 3395 819 Non
3421 768 3565 822 enim

1976 856 2187 924 vulgata
2234 855 2419 909 fuisset
2449 856 2619 924 gratia
2650 866 2875 922 repente
2906 857 3123 923 collata,
3170 858 3269 912 nisi
3319 858 3565 916 fauorem

1974 945 2259 1000 emisisset.
2294 945 2362 999 Et
2405 945 2547 999 unde
2577 946 2782 1000 sciebat
2815 947 3006 1000 mulier
3046 949 3276 1002 futuram
3323 965 3569 1006 resurre-

1974 1038 2202 1092 ctionem
2228 1039 2250 1091 ἵ
2290 1038 2547 1093 Audierat
2575 1037 2849 1093 Christum
2882 1040 3044 1107 multa
3074 1040 3142 1094 de
3172 1044 3572 1099 resurrectione

1975 1127 2307 1197 loquentem,
2339 1129 2434 1183 sed
2468 1145 2609 1185 nunc
2641 1130 2825 1185 videre
2854 1131 3139 1201 cupiebrt;
3196 1145 3249 1186 et
3280 1134 3400 1187 vide
3432 1151 3569 1204 quo-

1976 1220 2135 1273 modo
2163 1220 2337 1274 adhuc
2366 1220 2511 1274 humi
2545 1230 2811 1277 versetur.
2832 1221 2966 1276 Cum
2996 1224 3235 1277 audisset
3262 1227 3427 1290 enim,
3462 1225 3572 1295 ligo

1974 1328 2084 1363 sum
2113 1312 2411 1365 resurrectio
2433 1321 2477 1364 et
2506 1313 2628 1378 vita,
2655 1328 2761 1367 uon
2791 1315 3086 1381 respondit.
3114 1314 3391 1370 Resuseita
3412 1335 3568 1379 eum;

1974 1400 2068 1454 sed
2100 1400 2268 1469 quid?
2296 1401 2457 1454 Credo
2484 1403 2602 1470 quia
2634 1412 2687 1454 tu
2716 1420 2766 1456 es
2796 1401 3029 1457 Christus
3063 1403 3229 1458 Filius
3260 1404 3373 1459 Dei.
3431 1407 3569 1475 Quid

1974 1505 2103 1561 ergo
2133 1490 2378 1547 Christus
2406 1492 2480 1545 illi
2504 1493 2525 1546 ’ἶ
2545 1492 2635 1548 25.
2665 1494 2842 1546 Omnis
2870 1495 2957 1565 qui
2984 1495 3141 1547 credit
3170 1496 3221 1548 iu
3252 1502 3349 1561 me,
3378 1499 3573 1553 etiamsi

1976 1592 2204 1635 mortuus
2232 1583 2407 1652 fuerit,
2442 1584 2567 1636 viret
2592 1625 2606 1647 ,
2639 1584 2684 1638 si
2728 1584 2827 1638 hac
2878 1600 3070 1654 nempe
3102 1598 3275 1641 morte
3322 1600 3568 1643 mortuus

1976 1672 2165 1739 fuerit;
2204 1674 2295 1729 26.
2325 1684 2372 1728 et
2413 1676 2577 1730 omnis
2604 1676 2689 1746 qui
2719 1678 2837 1730 vivit
2863 1686 2908 1730 et
2935 1677 3093 1730 credit
3120 1679 3170 1731 in
3205 1694 3303 1741 nte,
3334 1696 3435 1732 non
3463 1698 3574 1733 mo-

1974 1764 2155 1829 rietttr,
2181 1764 2267 1817 illa
2299 1765 2540 1819 videlicet
2566 1775 2761 1820 morte.
2780 1765 2914 1820 Cum
2941 1767 3102 1836 igitur
3128 1783 3228 1838 ego
3257 1769 3358 1822 sim
3396 1785 3575 1823 resur-

1979 1854 2169 1918 rectio,
2199 1869 2266 1908 ne
2299 1855 2528 1909 turberis
2551 1854 2594 1909 si
2615 1855 2727 1924 jam
2752 1866 2994 1911 mortuus
3025 1855 3215 1923 fuerit,
3268 1859 3360 1913 scd
3388 1861 3568 1916 crede.

1978 1942 2104 1997 Ihec
2134 1944 2277 1997 enim
2324 1958 2429 1997 non
2476 1959 2622 1999 mors
2669 1955 2770 1999 est.
2820 1946 3037 2001 Interim
3078 1947 3224 2002 illaut
3270 1948 3336 2004 de
3378 1959 3572 2005 eventu

1976 2034 2280 2089 consolatus
2308 2045 2410 2100 est,
2432 2050 2693 2105 spemque
2720 2035 2936 2105 adjecit,
2960 2046 3071 2091 tum
3099 2038 3284 2105 dicens
3304 2056 3425 2094 eum
3452 2055 3574 2096 esse

1976 2132 2428 2192 resurrecturmu,
2480 2136 2591 2181 tum
2625 2128 2740 2181 haec
2769 2126 3068 2196 proferens,
3124 2100 3236 2200 ifgo
3262 2147 3374 2185 sunt
3401 2148 3573 2185 resur-

1976 2218 2129 2269 rectio
2154 2234 2173 2281 ;
2201 2224 2309 2269 tum
2337 2216 2499 2271 etiam
2534 2218 2675 2287 quia,
2720 2218 2765 2272 si
2796 2229 3042 2288 resurgat
3072 2229 3127 2275 et
3148 2221 3341 2275 iterum
3371 2224 3572 2277 moria-

1979 2316 2083 2369 tur,
2112 2306 2241 2360 nihil
2266 2306 2387 2361 mali
2421 2321 2678 2375 passurus
2704 2307 2795 2363 sit.
2830 2308 3014 2379 Itaque
3041 2324 3147 2364 non
3179 2320 3264 2366 cst
3291 2310 3405 2365 lucc
3429 2326 3575 2366 mors

1978 2395 2309 2451 formidanda
2333 2412 2347 2462 ;
2376 2396 2478 2453 hoc
2506 2408 2608 2462 est,
2638 2399 2823 2470 Neque
2842 2400 2955 2468 ipse
2984 2411 3229 2457 mortuus
3260 2413 3363 2468 est,
3399 2418 3575 2474 neque

1978 2500 2074 2540 vos
2097 2488 2420 2543 moriemini.
2449 2487 2625 2544 Credis
2655 2490 2791 2544 hoc?
2818 2492 2901 2543 Ait
2927 2490 3021 2544 illa
3051 2508 3069 2544 :
3101 2492 3262 2546 Credo
3298 2494 3419 2564 quia
3447 2507 3498 2547 tu
3522 2512 3575 2549 es

1979 2575 2210 2631 Christus
2255 2577 2422 2632 Filius
2466 2579 2582 2646 Dei,
2630 2580 2716 2649 qui
2742 2581 2795 2634 in
2827 2580 3072 2634 mundum
3103 2583 3302 2637 venisti.
3354 2583 3576 2639 Videtur

1979 2668 2173 2723 mulier
2213 2668 2414 2724 Christi
2458 2670 2659 2724 dictum
2706 2684 2812 2725 non
2862 2671 3215 2727 intellexisse.
3249 2672 3406 2727 Novit
3428 2684 3576 2729 certe

1979 2775 2231 2830 magnum
2258 2776 2379 2816 esse
2419 2763 2715 2832 quidpiam,
2763 2762 2857 2817 sed
2905 2771 3076 2818 totum
3131 2781 3236 2819 non
3288 2764 3572 2820 intellexit.

1980 2853 2106 2907 Ideo
2132 2852 2201 2907 de
2227 2853 2326 2907 alia
2355 2868 2415 2909 re
2443 2855 2790 2923 interrogata,
2814 2855 2881 2908 de
2898 2855 3002 2909 alia
3028 2856 3343 2924 restiondet.
3376 2856 3427 2911 Id
3447 2873 3576 2911 vero

1981 2943 2193 2998 interim
2226 2944 2428 2999 lucrata
2461 2954 2565 3011 est,
2596 2945 2736 3015 quod
2766 2946 2967 3000 lnctmn
3001 2956 3251 3018 poneret.
3286 2947 3410 3002 ll:cc
3429 2950 3577 3019 quip-

1982 3052 2047 3106 pe
2078 3039 2246 3092 virtus
2292 3049 2379 3092 cst
2406 3038 2698 3093 verborum
2737 3040 2960 3093 Christi.
3016 3040 3141 3094 Ideo
3172 3041 3257 3094 illa
3288 3044 3574 3110 praevenit,

1982 3129 2096 3183 haec
2145 3138 2369 3200 sequuta
2423 3140 2527 3186 est.
2602 3129 2747 3185 Nam'
2801 3131 3182 3186 benevolentia
3243 3146 3369 3202 erga
3411 3133 3579 3203 magi-

1980 3232 2153 3275 strum
2201 3236 2260 3276 re
2306 3222 2556 3291 prresenti
2602 3237 2708 3277 non
2742 3222 2969 3277 multum
3012 3222 3150 3276 affici
3203 3224 3567 3293 permittebat.

1981 3312 2164 3381 Itaque
2213 3327 2335 3367 cum
2380 3313 2548 3381 gratia
2598 3327 2754 3368 mens
2800 3326 3018 3381 quoque
3068 3312 3352 3368 mulierum
3401 3314 3580 3386 philo-

1982 3402 2330 3472 sophabatur.

2056 3497 2110 3549 4.
2148 3481 2424 3548 Mulierum
2454 3494 2688 3564 planctus
2713 3504 2761 3547 et
2796 3496 2963 3549 luctus
2987 3494 3331 3552 immodestus.
3375 3526 3447 3538 -—-
3472 3496 3581 3553 γεω

1982 3602 2100 3642 rum
2129 3602 2271 3642 nunc
2298 3629 2313 3653 ,
2340 3596 2538 3657 prmter
2580 3589 2681 3643 alia
2730 3587 2868 3642 mala
2890 3630 2904 3653 ,
2934 3587 3021 3643 hic
3051 3602 3265 3658 quoque
3293 3590 3578 3645 mulierum

1984 3678 2201 3733 morbus
2244 3680 2473 3734 obtinet.
2525 3679 2657 3734 Nam
2702 3680 2755 3734 in
2804 3680 2951 3734 luctu
2995 3687 3052 3735 et
3089 3680 3304 3750 planctu
3342 3689 3577 3735 ostenta-

1986 3775 2183 3829 tionem
2213 3774 2484 3840 affectanl,
2510 3774 2729 3830 brachia
2754 3774 3019 3835 nudant‘.
3046 3774 3226 3829 crines
3243 3773 3574 3843 discerpunt,

1984 3882 2148 3937 genas
2179 3867 2415 3929 laniant;
2443 3867 2563 3920 alias
2587 3866 2657 3921 ob
2687 3865 2927 3920 dolorem
2953 3882 2968 3930 ;
3002 3865 3120 3919 alia:
3153 3864 3220 3919 ad
3260 3868 3578 3919 ostentatio-

1985 3975 2130 4024 nem;
2156 3958 2275 4013 alize
2299 3957 2570 4026 impudico
2597 3957 2778 4011 animo
2806 3956 3024 4011 brachia
3055 3955 3293 4020 nudant,
3326 3958 3457 4009 viris
3496 3958 3582 4009 in-

1985 4050 2283 4105 tuentibus.
2309 4049 2444 4118 Quid
2474 4050 2605 4104 facis
2630 4090 2644 4112 ,
2678 4065 2711 4103 0
2738 4048 2973 4104 mulier?
3024 4049 3099 4103 Te
3139 4050 3191 4103 in
3238 4048 3416 4103 medio
3462 4047 3582 4101 foro

1987 4141 2214 4209 turpiter
2240 4139 2440 4203 nudas,
2474 4154 2593 4209 qua:
2621 4138 2821 4193 Christi
2854 4139 3157 4193 membrum
3207 4152 3266 4193 es
3292 4179 3307 4203 ,
3339 4138 3495 4207 idque
3527 4138 3578 4191 in

1987 4231 2104 4286 foro
2130 4231 2261 4285 viris
2295 4229 2693 4299 praesentibus?
2721 4230 2909 4285 Crines
2954 4229 3172 4283 vcllicas
3195 4269 3211 4295 ,
3262 4239 3463 4283 vestem
3500 4228 3582 4282 di-

1987 4322 2207 4389 scindis,
2232 4337 2453 4393 magnos
2478 4322 2707 4391 eiulatus
2732 4322 2954 4387 emittis,
2976 4321 3226 4376 choream
3247 4321 3447 4375 circum
3468 4321 3581 4375 cftl-

1986 4417 2093 4482 cis,
2126 4425 2180 4471 ct
2217 4415 2519 4470 maenadum
2564 4414 2775 4469 illarum
2818 4413 3105 4484 imaginem
3143 4428 3328 4468 servas
3353 4452 3369 4477 ,
3405 4422 3580 4467 necte

1990 4516 2145 4578 putas
2191 4507 2356 4562 Deum
2404 4504 2723 4561 offendere?
2768 4505 2898 4572 Qua:
2936 4506 3024 4560 illa
3088 4505 3337 4559 insania?
3387 4505 3579 4559 Annon

1987 4597 2213 4669 gentiles
2251 4596 2761 4653 ridebunHAnnon
2796 4596 2998 4650 fabulas
3045 4606 3227 4649 nostra
3272 4608 3390 4649 esse
3432 4605 3583 4663 puta-

1989 4691 2119 4744 bunt
2142 4689 2168 4728 ν
2197 4688 2386 4743 Dicent
2409 4688 2573 4753 enim,
2603 4686 2755 4742 Nulla
2792 4696 2874 4741 est
2904 4687 3263 4751 resurrectio;
3298 4686 3391 4741 sed
3420 4686 3580 4742 Chri-

1989 4783 2284 4836 stianorum
2315 4778 2563 4848 dogmata
2598 4778 2821 4831 ridicula
2854 4785 3018 4846 sunt,
3050 4776 3265 4833 fraudes
3287 4820 3301 4842 ,
3337 4778 3582 4834 fallaciw.

1991 4873 2071 4927 Ac
2095 4873 2137 4925 si
2166 4869 2307 4925 enim
2340 4869 2470 4925 nihil
2500 4880 2619 4939 post
2649 4869 2968 4945 hancvitam
2998 4870 3273 4938 supersit,
3300 4870 3367 4924 ita
3403 4870 3589 4939 lugent

1990 4962 2129 5032 apud
2171 4962 2290 5015 illos
2326 4960 2613 5024 mulieres;
2660 4961 2793 5014 nihil
2821 4960 3105 5015 attendunt
3130 4960 3419 5030 Scriptnris
3448 4962 3582 5017 suis.

1992 5055 2269 5123 Figmenta
2304 5062 2429 5105 sunt
2471 5052 2558 5106 illa
2586 5051 2764 5105 omnia
2796 5092 2811 5115 ,
2843 5062 2901 5105 ut
2944 5051 3074 5120 ipsae
3098 5052 3472 5122 comprobant.
3527 5052 3584 5106 Si

1991 5148 2134 5202 enim
2163 5146 2443 5202 crederent
2467 5159 2588 5199 eum
2618 5143 2705 5213 qui
2734 5152 2977 5196 mortuus
3002 5152 3082 5197 est
3105 5183 3121 5209 ,
3144 5158 3250 5198 non
3278 5158 3405 5197 vere
3436 5160 3585 5198 mor-

1994 5250 2141 5294 tuum
2168 5252 2289 5293 esse
2315 5278 2329 5302 ,
2361 5237 2455 5293 sed
2492 5235 2559 5290 ad
2592 5236 2871 5289 meliorem
2899 5235 3057 5289 vitam
3090 5235 3404 5289 translatum
3432 5252 3446 5300 ;
3477 5253 3584 5290 non

1993 5333 2146 5387 illum
2172 5333 2323 5402 quasi
2354 5330 2463 5400 jam
2491 5331 2628 5384 ultra
2660 5344 2766 5381 non
2794 5337 2937 5383 esset
2966 5329 3245 5398 lugerent,
3287 5344 3390 5381 non
3430 5331 3498 5382 ita
3528 5344 3586 5381 se

1995 5431 2352 5490 macerarent,
2385 5436 2487 5475 non
2521 5421 2640 5475 illas
2680 5422 2987 5474 emitterent
3016 5434 3173 5475 voces
3204 5418 3587 5474 incredulitatis

2059 5579 2075 5609 ¹
2114 5575 2204 5626 Alii
2230 5577 2430 5633 habent,
2460 5583 2726 5639 cruentam,
2757 5590 2858 5637 pro,
2880 5576 3081 5639 nudant.
3110 5583 3237 5625 More
3264 5590 3445 5639 nempe
3462 5590 3586 5636 gon-

1996 5639 2173 5701 tilium,
2197 5639 2281 5701 qui
2319 5640 2531 5700 pradicas
2565 5639 2613 5685 in
2649 5638 3174 5701 funerainducebant,
3201 5638 3403 5701 quarum
3436 5642 3585 5687 otium

1994 5699 2236 5810 deteripta
2275 5699 2388 5751 sunt
2433 5709 2579 5751 Tomo
2620 5702 2787 5761 quinto
2820 5700 3131 5761 Antiquitatis
3176 5699 3445 5764 eiplanata‘
3498 5702 3589 5749 sub

2001 5775 2063 5810 un
2093 5775 2206 5810 mm.

2001 5775 2206 5812 Illilllilll.
