4164 6330
664 430 763 485 547

664 558 886 617 ptenas:
922 546 1031 599 Non
1062 554 1110 595 te
1138 541 1362 608 amplius
1393 538 1580 589 Videbo
1610 579 1623 597 ,
1665 552 1767 586 non
1801 543 1848 584 te
1888 525 2231 592 reettl“"‘"'"“

668 640 879 694 l-‘abulae
901 636 1035 704 apud
1068 636 1185 687 illos
1216 633 1392 684 omnia
1426 640 1567 681 sunt.
1600 626 1748 691 Quod
1778 626 1817 674 si
1844 622 1891 675 id
1921 618 2058 688 quod
2084 626 2238 678 carl"

665 730 897 783 omnium
930 729 1188 781 bonorum
1213 734 1296 779 est
1322 739 1424 775 non
1451 720 1693 778 credunt,
1722 715 1887 769 multo
1919 712 2095 764 minus
2119 722 2237 759 ere-

664 823 791 877 dent
833 830 1045 875 cirtera.
1078 818 1191 873 Non
1218 829 1321 871 tam
1364 812 1646 871 effeminati
1676 809 1898 879 gentiles
1924 813 2083 859 sunt:
2114 800 2241 902 trud-

666 913 703 965 ti
735 912 871 980 apud
902 912 1016 965 illos
1046 909 1506 978 philos0phantur.
1540 902 1774 957 Audiens
1810 898 2021 968 gentilis
2050 894 2239 945 mulier

666 1002 829 1055 lilium
851 1002 901 1055 iu
923 1014 1095 1069 pugna
1117 999 1391 1063 cecidisse,
1412 996 1587 1049 statim
1607 994 1871 1047 sciscitata
1894 999 1994 1050 est.
2012 1004 2237 1057 quomo-

664 1094 734 1147 do
750 1109 808 1148 se
828 1107 911 1146 res
938 1092 1139 1159 publica
1163 1090 1377 1144 haberet
1398 1087 1474 1157 (a)
1495 1104 1509 1151 ;
1529 1087 1766 1156 aliusque
1787 1081 2127 1153 philosophus
2144 1095 2238 1133 ro—

666 1194 904 1246 rnuatus,
925 1196 975 1236 ut
1000 1182 1195 1235 audivit
1228 1182 1388 1237 ﬁlium
1410 1195 1504 1249 pro
1537 1181 1701 1248 patria
1728 1177 2007 1239 cecidisse,
2031 1174 2236 1227 sublata

665 1293 857 1332 eorona
915 1276 1211 1331 sciscitatus
1242 1284 1360 1327 nter
1410 1289 1473 1328 ex
1521 1272 1728 1326 duobus
1751 1314 1767 1335 ,
1792 1286 1910 1326 cum
1940 1267 2058 1340 quis
2097 1278 2239 1321 esset

665 1369 956 1430 didicisset.
982 1382 1233 1422 coronam
1262 1368 1438 1419 statim
1471 1364 1726 1434 reposuit.
1759 1362 1903 1417 Multi
1937 1362 1988 1415 iu
2017 1360 2236 1413 deorum

662 1473 879 1511 suormu
904 1458 1159 1510 honorem
1189 1456 1324 1510 ﬁlios
1348 1457 1587 1523 ﬁliusque
1614 1454 1922 1509 mactandos
1953 1449 2236 1504 tradidere.

666 1546 903 1600 Lucaniae
929 1556 1104 1600 autem
1150 1546 1399 1600 mulieres
1428 1546 1565 1600 ﬁlios
1592 1544 1871 1599 hortantur
1892 1584 1905 1606 ,
1942 1551 1997 1595 ut
2030 1550 2235 1595 scutum

663 1654 727 1691 ex
765 1640 945 1707 praelio
982 1640 1241 1705 referant,
1274 1639 1356 1693 vel
1390 1654 1550 1708 super
1581 1641 1750 1708 ipsum
1781 1636 1974 1691 mortui
2003 1634 2239 1689 referan-

665 1741 771 1785 tur.
803 1731 971 1785 Pudet
1010 1749 1095 1787 me
1131 1732 1201 1786 ita
1246 1732 1474 1801 gentiles
1518 1730 1923 1802 philosophari,
1968 1730 2093 1784 dum
2143 1746 2239 1785 nos

663 1825 889 1893 turpiter
915 1826 1140 1895 agimus.
1170 1824 1267 1893 Qtti
1300 1824 1430 1879 nihil
1468 1825 1535 1883 de
1576 1825 1971 1879 resurrectione
2000 1831 2198 1877 norunt
2222 1863 2236 1882 .

663 1914 881 1983 perinde
920 1924 1083 1985 agunt
1127 1931 1187 1969 ac
1234 1916 1277 1969 si
1328 1928 1544 1969 nossent
1578 1935 1590 1969 :
1623 1918 1710 1985 qui
1758 1928 1949 1970 norunt
2000 1930 2238 1969 resurre-

661 2003 889 2057 ctionem
911 2047 926 2069 ,
958 2006 1025 2059 ita
1070 2021 1127 2059 se
1151 2016 1342 2076 gerunt
1369 2022 1431 2061 ae
1460 2008 1501 2059 si
1552 2008 1691 2063 illam
1735 2008 2058 2078 ignorarent.
2093 2008 2238 2062 Mnhi

662 2094 800 2160 quod
832 2106 1046 2163 propter
1074 2097 1238 2152 Deum
1268 2114 1372 2151 non
1419 2100 1654 2154 facerent
1678 2117 1740 2155 ex
1776 2101 2009 2153 lmmauo
2040 2101 2239 2168 pudore

663 2187 873 2240 faciunt.
930 2186 1306 2256 ()pnlentiores
1350 2192 1491 2243 enim
1552 2192 1801 2246 mulieres
1859 2192 2082 2259 capillos
2132 2208 2236 2245 non

662 2278 901 2341 vellunt,
934 2278 1147 2331 brachia
1181 2297 1285 2333 non
1328 2280 1565 2345 nudant;
1596 2282 1735 2351 quod
1765 2282 1977 2352 quidem
2008 2299 2240 2339 summo-

664 2381 791 2431 pere
820 2368 1223 2437 improbandum
1250 2412 1266 2438 ,
1304 2386 1409 2427 non
1432 2373 1571 2441 quod
1605 2388 1710 2428 non
1743 2374 1962 2438 nudent,
1995 2376 2087 2429 sed
2116 2376 2237 2445 quia

662 2472 768 2510 non
798 2459 1007 2528 pietatis
1047 2477 1205 2515 causa
1235 2504 1249 2529 ,
1280 2478 1342 2517 ac
1373 2479 1437 2518 nc
1469 2473 1651 2532 turpes
1690 2465 1968 2521 videantur
1990 2507 2006 2531 ,
2042 2466 2141 2520 hoc
2173 2468 2241 2520 fa-

663 2549 825 2602 rinnt.
853 2551 1027 2606 Pudor
1054 2553 1250 2606 luctum
1272 2555 1507 2621 cohibet,
1541 2557 1632 2611 Dei
1660 2567 1832 2611 metus
1855 2573 1957 2611 ltOn
1986 2559 2242 2613 cohibet?

666 2640 731 2693 Et
758 2643 1023 2710 quomodo
1054 2643 1169 2699 hzec
1208 2662 1311 2698 non
1350 2646 1636 2700 admodum
1667 2649 2049 2716 improbanda?
2073 2648 2239 2717 Opor-

666 2739 801 2785 tet-et
821 2748 949 2803 ergo
975 2736 1115 2803 quod
1145 2737 1413 2804 opulentae
1440 2737 1639 2792 faciunt
1660 2740 1778 2807 quia
1807 2742 2071 2808 opulente
2095 2751 2235 2804 sunt,

665 2820 716 2875 id
748 2838 1004 2891 pauperes
1050 2827 1120 2877 ob
1148 2826 1241 2879 Dei
1272 2828 1515 2882 timorem
1548 2828 1742 2883 facere.
1780 2830 1927 2886 Nunc
1955 2834 2129 2883 onmia
2163 2830 2240 2884 in-

664 2928 819 2967 verso
862 2914 1047 2968 ordine
1085 2916 1213 2969 fiunt
1241 2934 1251 2973 ;
1280 2917 1381 2970 illa:
1409 2918 1477 2971 ob
1510 2933 1697 2971 vanam
1744 2919 1967 2988 gloriam
2001 2920 2238 2990 philoso-

668 3003 932 3070 phantur,
982 3006 1062 3058 hze
1112 3007 1180 3061 ob
1233 3009 1721 3076 pusillanimitatem
1768 3013 1993 3080 turpiter
2054 3024 2238 3082 agunt.

666 3092 800 3157 Quid
825 3095 924 3147 hac
940 3094 1294 3164 inaequalitate
1321 3098 1597 3155 deterius?
1618 3100 1805 3156 Omnia
1835 3102 2107 3157 hominum
2126 3120 2245 3173 gra-

669 3186 739 3236 tia
784 3184 1025 3241 faciams.
1057 3186 1230 3242 Verba
1252 3206 1461 3259 quoque
1490 3193 1727 3247 stultitiae
1759 3194 1911 3263 plena
1948 3204 2000 3249 et
2024 3196 2243 3250 ridicula

670 3273 963 3343 proferunt.
999 3276 1250 3332 Dominus
1297 3282 1507 3349 quidem
1546 3282 1709 3337 dicit:
1735 3284 1880 3339 Beati
1920 3288 2005 3352 qui
2035 3288 2204 3358 lugent
2226 3328 2241 3354 ,

669 3363 735 3417 de
771 3366 835 3420 iis
865 3366 1123 3436 loquens,
1179 3371 1266 3437 qui
1320 3382 1535 3441 peceata
1588 3374 1765 3443 logi-nt
1791 3394 1803 3430 :
1834 3392 2099 3447 nemoque
2156 3380 2245 3433 illo

672 3455 813 3524 luget
843 3458 982 3512 luctu
1007 3500 1021 3524 ,
1056 3474 1153 3515 nec
1173 3471 1321 3516 curat
1348 3464 1391 3516 si
1422 3473 1602 3531 pereat
1625 3466 1834 3531 anima;
1864 3470 1964 3522 hoc
1990 3483 2091 3523 non
2111 3469 2244 3538 jnssi

672 3564 855 3603 sumus
880 3550 1077 3615 facere.
1102 3563 1155 3607 et
1177 3554 1397 3609 facimus
1425 3558 1463 3608 ¹.
1493 3558 1629 3622 Quid
1657 3574 1785 3630 ergo
1808 3601 1823 3625 ,
1864 3560 2069 3629 inquies
2100 3604 2113 3625 .
2144 3561 2245 3618 ho-

675 3640 870 3695 minem
901 3643 1099 3699 deﬁere
1129 3661 1233 3699 non
1292 3646 1510 3701 licebit?
1538 3650 1647 3704 lloc
1672 3668 1773 3705 non
1798 3662 1919 3706 veto
1950 3695 1964 3717 ,
1996 3654 2089 3707 sed
2138 3666 2249 3709 lun-

674 3732 853 3786 siones
876 3774 891 3796 ,
920 3734 1015 3788 sed
1046 3735 1424 3793 immoderatos
1464 3739 1642 3796 ﬂetus.
1691 3741 1805 3796 Non
1844 3760 1962 3798 sum
1997 3744 2198 3801 ferinus
2229 3788 2244 3811 ,

676 3838 778 3878 non
808 3823 1127 3881 inhumanus
1155 3844 1167 3878 :
1200 3828 1311 3883 seio
1342 3839 1581 3900 naturam
1609 3830 1767 3892 ﬂecti.
1802 3844 1857 3892 et
1885 3837 2247 3905 quotidianam

676 3916 944 3984 requirere
973 3920 1432 3977 consuetudinem.
1457 3922 1571 3979 Non
1597 3940 1879 3992 possumus
1909 3945 2011 3983 non
2045 3930 2246 4001 Ingere,

679 4009 820 4075 quod
865 4018 918 4064 et
955 4011 1200 4067 Christus
1229 4015 1460 4070 ostendit
1494 4034 1506 4070 :
1539 4019 1857 4090 laerymatus
1881 4024 2023 4078 enim
2063 4034 2146 4078 est
2185 4026 2251 4080 de

684 4098 905 4157 Lazaro.
934 4100 1045 4156 lloc
1084 4112 1138 4157 et
1185 4113 1237 4158 tu
1279 4103 1475 4160 facito!
1512 4109 1803 4180 Iacrymare
1828 4155 1841 4175 .
1881 4113 1973 4169 sed
2022 4115 2246 4181 leniter.

678 4190 770 4244 sed
804 4190 1081 4260 pudenter.
1107 4194 1199 4248 sed
1225 4210 1344 4253 cum
1378 4198 1567 4253 timore
1590 4201 1703 4256 Dei.
1738 4203 1791 4257 Si
1815 4203 1892 4259 sic
1919 4206 2248 4275 lacrymeris,

680 4296 785 4335 non
810 4282 1119 4353 lacrymaris
1159 4286 1309 4354 quasi
1362 4292 1804 4351 resurrectionem
1836 4310 1940 4350 non
1984 4298 2208 4352 credens
2232 4339 2248 4363 ,

680 4369 774 4423 sed
803 4372 952 4440 quasi
982 4375 1370 4441 separationem
1400 4393 1503 4430 non
1528 4379 1722 4434 ferens.

753 4461 807 4515 5.
850 4461 979 4516 Nam
1025 4462 1145 4517 illos
1171 4466 1330 4520 etiam
1356 4469 1446 4537 qui
1480 4485 1700 4541 peregre
1744 4474 2154 4545 proﬁciscuntur
2180 4480 2256 4533 la-

680 4552 878 4622 crymis
904 4556 1271 4625 prosequimur
1296 4600 1310 4621 ,
1340 4562 1435 4613 sed
1461 4574 1570 4615 non
1602 4565 1750 4631 quasi
1776 4565 2143 4637 desperantes.
2167 4573 2255 4627 Sic

682 4656 731 4697 et
759 4653 810 4698 tu
841 4645 1103 4716 laerymas
1126 4650 1308 4704 emitte
1332 4692 1346 4715 ,
1388 4667 1449 4706 ac
1472 4654 1516 4706 si
1565 4658 1989 4720 proﬁciscentem
2020 4666 2253 4731 prazmit-

686 4748 843 4791 teres.
871 4736 995 4792 llaec
1033 4756 1137 4793 non
1165 4741 1357 4808 jnbens
1381 4784 1396 4809 ,
1445 4745 1536 4797 sed
1566 4746 1810 4805 humana:
1838 4768 1922 4807 me
1964 4755 2254 4811 inﬁrmitati

684 4838 1042 4897 attemperans
1092 4832 1232 4887 dico.
1277 4832 1406 4887 Nam
1451 4835 1492 4887 si
1545 4851 1794 4905 pect'alor
1822 4854 1935 4899 erat
1975 4845 2018 4899 is
2043 4846 2131 4915 qui
2157 4847 2253 4903 de-

686 4914 896 4967 functus
919 4924 1018 4977 est,
1049 4916 1136 4984 qui
1166 4932 1308 4983 sirpe
1336 4916 1498 4972 Deum
1533 4919 1832 4991 offenderit,
1855 4914 2131 4984 deﬂendus
2157 4931 2256 4987 uti~

750 5025 765 5103 ξ
804 5023 990 5103 σξίδιίνὶξ
1010 5024 1211 5103 legitur,
1244 5041 1337 5103 non
1499 5046 1669 5103 sumus
1688 5035 1847 5103 lugere
1869 5047 1914 5089 et
1938 5040 2168 5103 Iugarius.

747 5085 819 5162 (ις)
840 5085 1092 5162 “mare?
1114 5089 1285 5162 referri
1310 5085 1369 5139 ad
1395 5085 2256 5162 ἐῌμάλιὶρριιιιίὶεειίιέἰἐτίὰἷίίὲιῗίηυ-

708 5146 717 5155 .
747 5111 819 5155 με)
840 5111 953 5139 ".sz
978 5111 1092 5147 ιηιιυ
1114 5111 1285 5138 return
1310 5111 1369 5139 au
1395 5111 1509 5145 muu
1534 5111 1885 5205 :zropttutegma
1909 5111 2113 5158 lacaenae
2149 5121 2256 5155 mu-

687 5146 1288 5227 lt_erts‘lapiid_ttlutarehu‘m
1306 5168 1354 5215 p.
1381 5154 1466 5205 401
1502 5155 1541 5205 Ε
1579 5159 1641 5227 i_t._
1671 5163 1797 5209 Paris
1821 5200 1833 5218 ,
1855 5176 1898 5227 As,
1928 5177 1973 5224 p.
2010 5166 2118 5215 ΞΗ.
2144 5178 2256 5227 una:

686 5221 795 5253 rum
822 5206 940 5292 ﬁlios
954 5212 1169 5277 quinth
1190 5212 1247 5285 ad
1272 5206 1480 5277 pugnam
1497 5206 1836 5292 emisisset,
1855 5206 1900 5271 iit

684 5280 795 5353 gnat
805 5276 1359 5353 Aestat‘in‘rAexIste-et‘areut,
1370 5279 1608 5353 nuntianti
1632 5276 1887 5353 ﬁliissuos
1902 5276 2072 5353 moues
2096 5290 2143 5339 in
2169 5276 2255 5353 pii-

685 5341 780 5437 ξω
803 5331 1059 5385 cuiuis“.
1086 5331 1188 5383 "ile
1222 5331 1532 5399 ηιαηῒὶνὲιιηι,
1558 5331 1824 5402 reswndit,
1848 5331 2257 5412 iioii"iii£iiii'ii'fr'é-

715 5391 906 5437 am:8('d
926 5404 1017 5437 ΗΙΙΟ
1034 5391 1132 5437 (om
1151 5404 1302 5437 εκερῃι
1320 5410 1395 5437 res
1419 5401 1590 5437 "uirili!
1620 5408 1884 5437 ιὶηοιιιιιιιιιιι
1914 5408 1996 5437 HL.
2016 5413 2254 5437 ..:..n....:.._.-

715 5391 906 5465 αηκδρᾴ
926 5391 1132 5465 auctiora
1151 5404 1302 5444 essent
1320 5391 1395 5446 res
1418 5391 1605 5458 ῃηυῖἰω.
1620 5391 2255 5465 ιίρεριιοιίίιὺί⁷

689 5464 843 5520 penes
875 5455 1129 5530 spartia't'as
1166 5468 1299 5530 psse.
1343 5455 1490 5530 nunc,
1520 5466 1679 5530 inquit
1706 5455 1815 5530 illa,
1841 5455 2255 5530 ﬁlim-iui;‘ri‘iiiiiliii

686 5515 776 5559 mm
800 5515 942 5562 inrita
966 5516 1124 5569 mulio.
1153 5515 1289 5565 Alius
1327 5515 1635 5627 pastas-aptius
1669 5527 1745 5576 hic
1778 5515 2085 5582 ιιίιέιιέφι-άῐὲἰέ
2103 5515 2259 5585 ὶῦἰῶἰ

686 5573 811 5627 pbon
848 5583 938 5623 est.
983 5575 1114 5625 Hane
1157 5592 1303 5627 porro
1356 5585 1579 5627 iistoriam
1617 5591 1766 5627 Μῖνι-ι
1808 5589 1930 5627 now
1974 5598 2183 5627 lcuuvlinu
2212 5603 2255 5627 ε..

684 5573 811 5683 ﬁlim]
848 5583 938 5623 est.
983 5575 1114 5625 Hane
1157 5592 1303 5639 porro
1327 5573 1579 5633 historiam
1617 5573 2257 5651 referthm;Hiemi-iisin

728 5637 1003 5683 enobhonte
1037 5652 1206 5683 versus
1228 5640 1389 5683 ﬁnunl-
1420 5645 1508 5683 Hie
1532 5652 1810 5683 nummi-itm-
1836 5652 1879 5683 l..
1901 5669 2030 5683 um..-
2063 5656 2238 5683 mm...”

728 5637 1003 5697 enophoute
1037 5637 1206 5720 versos
1226 5640 1390 5693 ﬁnem.
1420 5645 1508 5693 Hic
1532 5652 1810 5700 memoriter
1835 5652 1880 5701 lo
1898 5637 2045 5715 (pici;

685 5706 884 5758 stoiuus,
910 5712 1013 5746 rem
1036 5702 1178 5760 paulo
1203 5719 1345 5754 serus
1372 5718 1547 5761 narrat.

1389 420 1440 471 S.
1480 411 1753 468 J()\:\'.\'IS
1791 394 2259 462 (illliYSOSTtNl
2302 392 2620 449 ARCIIIEI’.
2661 395 3193 450 CONSTAN'I'INOP.

3838 399 3939 450 5ὶὲ

2349 536 2451 587 quo
2480 531 2595 581 est;
2632 524 2735 574 imo
2778 538 2883 575 non
2931 524 3207 576 ilo-ﬂendus
3250 534 3452 576 tantum
3486 566 3497 584 ,
3549 540 3670 575 runt
3711 526 3758 574 id
3809 525 3937 577 tultil

2350 612 2447 680 ipsi
2475 613 2657 665 aﬂ'erat
2686 614 2924 666 utilitatis
2946 657 2961 680 ,
2990 616 3083 668 sed
3110 630 3169 669 ea
3204 616 3443 669 facienda
3478 626 3633 681 sunt,
3663 632 3782 684 quie
3816 633 3937 685 pos-

2347 703 2452 755 sint
2481 705 2624 757 illum
2666 705 2853 773 juvare
2876 748 2888 770 ,
2926 716 2982 759 nt
3028 707 3386 777 eleemosynie
3411 750 3423 767 ,
3453 708 3774 763 oblationes.
3805 710 3938 767 Hinc

2345 795 2505 849 etiam
2535 797 2819 852 la'tandum
2847 809 2949 864 est,
2980 799 3119 868 quod
3145 800 3321 853 omnis
3354 800 3569 854 malitim
3596 802 3811 855 occasio
3838 803 3934 869 ipsi

2346 886 2517 940 ablata
2552 888 2639 941 sit.
2682 888 2737 941 Si
2765 904 2891 942 vero
2914 888 3092 956 justus
3121 892 3189 944 sit
3213 932 3227 956 ,
3258 891 3636 946 exsultantium
3660 934 3673 956 ,
3708 894 3852 961 quod
3883 896 3935 947 in

2348 986 2459 1034 tuto
2487 980 2556 1031 sit
2595 979 2891 1035 collocatus
2914 1020 2929 1046 ,
2958 990 3012 1034 Ct
3035 981 3167 1036 liber
3190 982 3257 1036 ab
3283 983 3488 1037 incerto
3535 983 3716 1039 futuro
3751 995 3892 1038 statu
3918 1004 3935 1041 :

2345 1071 2387 1124 si
2413 1071 2621 1139 jnreuis
2653 1074 2741 1136 sit,
2765 1073 3103 1141 gaudendum
3130 1074 3270 1143 quod
3299 1079 3407 1129 cito
3436 1086 3655 1145 ereptus
3678 1078 3751 1130 sit'
3775 1076 3935 1147 hujus

2346 1162 2465 1215 vita:
2496 1162 2679 1227 malis;
2710 1164 2753 1216 si
2785 1179 2971 1229 senex,
3003 1165 3143 1233 quod
3170 1179 3236 1220 eo
3257 1165 3459 1221 diutius
3488 1168 3557 1222 sit
3589 1183 3719 1233 usus
3746 1210 3761 1231 ,
3789 1170 3933 1239 quod

2348 1254 2576 1307 maxime
2606 1254 2960 1312 desiderabile
3005 1256 3304 1312 videbatur.
3337 1259 3415 1314 Tu
3450 1276 3577 1314 vero
3604 1260 3689 1314 his
3714 1273 3937 1330 praster-

2348 1344 2524 1397 missis
2546 1345 2816 1409 omnibus.
2847 1347 3067 1403 ancillas
3096 1348 3162 1403 ad
3194 1350 3390 1404 luetmn
3422 1351 3612 1406 incitas
3640 1394 3656 1419 ,
3688 1354 3844 1422 quasi
3883 1356 3934 1410 in

2344 1433 2574 1489 defuncti
2608 1434 2868 1492 honorent
2894 1478 2910 1503 ,
2945 1440 3087 1508 quod
3113 1451 3408 1497 extremum
3436 1444 3673 1502 dedecus
3694 1455 3797 1499 est.
3832 1446 3937 1500 llo-

2347 1539 2445 1578 nor
2473 1526 2612 1579 enim
2654 1528 2908 1584 defuncto
2947 1540 3091 1593 sunt.
3141 1548 3245 1588 non
3288 1535 3442 1590 fletus
3467 1579 3481 1602 ,
3517 1553 3622 1591 non
3654 1538 3889 1606 ejulatus
3917 1583 3931 1607 ,

2344 1618 2436 1670 sed
2466 1617 2784 1687 hymnorum
2832 1622 3267 1711 psalmorumth
3322 1640 3513 1684 cantus
3556 1670 3570 1691 ,
3621 1634 3934 1705 optimaque

2343 1708 2471 1762 vita.
2501 1710 2593 1763 Ille
2622 1708 2863 1781 namque
2882 1712 3155 1782 digressus
3197 1732 3317 1773 cum
3359 1721 3564 1788 angelis
3590 1726 3895 1779 versabitur
3915 1766 3931 1789 ,

2344 1799 2551 1854 etiamsi
2587 1800 2757 1857 funeri
2786 1820 2943 1860 nemo
2968 1806 3147 1860 adsit:
3180 1810 3268 1877 qui
3304 1826 3463 1879 porro
3502 1812 3783 1881 improbus
3822 1832 3930 1868 mo.-

2343 1892 2481 1946 ritur
2504 1934 2517 1956 ,
2551 1894 2648 1947 etsi
2696 1904 2859 1949 totam
2889 1897 3157 1952 civitatem
3182 1901 3450 1970 exsequiis
3484 1915 3806 1971 prmsentem
3836 1905 3929 1963 ha-

2343 1982 2486 2051 beat,
2520 1985 2649 2041 nihil
2679 1987 2803 2045 inde
2826 1990 3141 2046 lucrabitur.

2415 2076 2656 2148 Defuncli
2696 2083 2946 2149 quomodo
2974 2085 3071 2138 sint
3104 2085 3485 2140 houoroudi.—
3505 2088 3597 2142 Vis
3623 2088 3931 2149 defunctqu

2343 2167 2742 2226 eohouestare?
2787 2175 2902 2228 Alia
2949 2174 3164 2235 adhibe.
3190 2178 3563 2251 eleemosynas
3588 2222 3603 2246 ,
3652 2182 3927 2248 beneﬁcia.

2345 2262 2663 2317 ministeria.
2712 2266 2847 2331 Quid
2899 2283 2963 2321 ex
3019 2280 3095 2324 tot
3142 2270 3355 2327 ﬂetibus
3400 2275 3577 2330 lucri?
3627 2276 3742 2346 Ego
3788 2279 3929 2332 aliud

2344 2357 2560 2422 gravius
2590 2356 2766 2411 audivi
2798 2376 2809 2409 :
2842 2361 3033 2415 multas
3062 2378 3257 2433 nempe
3308 2380 3429 2420 esse
3460 2383 3578 2436 qua:
3634 2384 3729 2438 per
3779 2370 3934 2423 ﬂetus

2344 2457 2611 2502 amatores
2641 2450 2918 2517 alliciunt,
2948 2453 3073 2507 dum
3104 2456 3439 2512 vehementia
3470 2460 3645 2515 luctus
3672 2465 3931 2518 maritalis

2345 2542 2542 2595 amoris
2575 2543 2765 2597 famam
2811 2548 2910 2600 sibi
2959 2560 3290 2618 comparant.
3326 2552 3369 2606 Ο
3397 2553 3722 2610 diabolicmn
3749 2558 3930 2611 inven-

2349 2642 2459 2686 tum
2486 2636 2498 2688 !
2532 2632 2575 2690 Ο
2602 2637 2895 2692 satanicum
2937 2641 3219 2698 artiﬁcium
3246 2646 3257 2698 !
3288 2644 3573 2715 Usquequo
3611 2658 3754 2703 terra
3783 2658 3838 2705 et
3862 2651 3935 2705 ci-

2321 2796 2325 2800 η
2348 2727 2428 2781 uis
2455 2769 2469 2792 ,
2504 2743 2778 2802 nSquequo
2816 2736 3036 2806 sanguis
3062 2746 3114 2790 et
3140 2752 3265 2792 caro
3292 2739 3490 2795 erimus
3513 2742 3536 2792 7
3563 2741 3935 2813 Respiciamus

2348 2820 2397 2873 in
2429 2821 2589 2875 cados
2616 2863 2632 2889 ,
2684 2824 2979 2893 Spiritualia
3021 2830 3336 2897 cogitemus.
3385 2832 3667 2897 Quomodo
3710 2837 3934 2905 gentiles

2345 2927 2627 2982 arguemus
2656 2917 2679 2968 ?
2707 2915 2986 2983 Quomodo
3014 2920 3082 2975 de
3110 2924 3504 2980 resurrectione
3538 2940 3661 2980 eum
3690 2927 3798 2982 illis
3822 2944 3937 2993 agis

2348 3022 2465 3060 mus
2491 3049 2505 3072 ,
2535 3011 2803 3077 quomodo
2840 3012 2909 3067 de
2945 3014 3273 3070 virtutibus?
3312 3018 3425 3083 Qua
3464 3022 3759 3076 securitate
3805 3024 3938 3076 tivo-

2349 3100 2521 3151 mus?
2564 3103 2642 3153 An
2694 3102 2906 3170 ignoras
2950 3122 3013 3159 ex
3044 3122 3277 3163 maerore.
3328 3114 3611 3180 provenire
3658 3119 3935 3169 mortem?

2352 3186 2516 3242 Dolor
2554 3191 2696 3245 enim
2744 3205 2977 3250 mentem
3027 3198 3387 3255 obtenebrans
3417 3243 3431 3266 ,
3476 3218 3594 3261 uou‘
3614 3205 3777 3260 modo
3806 3206 3935 3260 nihil

2351 3289 2408 3331 ut
2436 3296 2531 3348 par
2556 3293 2697 3337 esset
2738 3286 2920 3342 videre
2948 3288 3114 3353 sinit,
3149 3294 3240 3348 sed
3288 3296 3513 3350 multum
3543 3297 3705 3352 infert
3731 3298 3936 3356 damni.

2353 3373 2446 3429 Illo
2473 3375 2651 3445 itaque
2685 3380 2844 3434 modo
2874 3381 3037 3436 Dcmn
3066 3385 3409 3453 oﬂ‘endimns,
3445 3404 3508 3443 ae
3536 3406 3711 3460 neque
3740 3393 3899 3447 nobis
3923 3434 3937 3457 .

2353 3481 2526 3533 neque
2573 3468 2824 3524 defuncto
2872 3488 3186 3540 prosumns:
3218 3479 3316 3532 hac
3371 3490 3548 3535 autem
3591 3484 3801 3539 ratione
3833 3484 3941 3541 Deo

2354 3558 2626 3625 placemus
2650 3603 2664 3626 ,
2699 3573 2751 3616 et
2794 3564 2861 3618 ab
2891 3564 3195 3622 hominibus
3216 3572 3569 3628 celebramur.
3605 3575 3735 3631 Nam
3767 3579 3811 3632 si
3842 3594 3940 3635 nos

2353 3668 2461 3708 non
2483 3655 2827 3710 roneidamus
2854 3701 2866 3723 ,
2894 3661 3002 3713 cito
3036 3666 3280 3717 maeroris
3317 3666 3570 3738 reliquias
3607 3672 3779 3725 aufert
3810 3690 3825 3727 :
3857 3673 3939 3728 sin

2355 3744 2691 3815 indigni-mur
2718 3790 2731 3809 .
2779 3765 2876 3803 nos
2916 3751 3088 3805 dolori
3140 3756 3290 3823 quasi
3331 3755 3603 3813 dedititios
3638 3760 3833 3815 reddit.
3884 3764 3940 3818 Si

2265 3883 2285 3899 ,
2355 3838 2553 3904 gratias
2583 3852 2823 3908 agamus,
2852 3855 2956 3897 non
2984 3843 3302 3900 delebimus.
3338 3847 3407 3901 Et
3430 3852 3701 3920 quomodo
3728 3864 3905 3923 potest
3923 3897 3939 3921 .

2359 3927 2582 3997 inquies,
2615 3945 2719 3983 non
2743 3931 2923 4000 lugere
2947 3974 2961 3996 ,
2989 3936 3076 4003 qui
3124 3934 3308 3999 ﬁlium,
3339 3949 3430 3992 aut
3465 3939 3624 3995 ﬁliam
3648 3984 3664 4008 ,
3686 3954 3781 3997 aut
3809 3960 3919 3998 ur-

2357 4035 2469 4074 rem
2500 4022 2723 4076 amisit?
2748 4023 2863 4077 Νοη
2902 4026 3024 4080 dico
3068 4043 3173 4081 non
3202 4028 3508 4098 lugendum,
3538 4033 3631 4087 sed
3676 4048 3782 4088 non
3826 4036 3943 4096 sine

2359 4114 2517 4167 modo
2547 4117 2836 4186 lugendum
2865 4135 3007 4175 esse.
3036 4120 3090 4175 Si
3122 4123 3262 4175 enim
3294 4124 3591 4193 cogitemus
3622 4126 3789 4180 Deum
3817 4129 3935 4181 abs—

2358 4210 2540 4264 tulisse
2561 4252 2575 4271 ,
2606 4228 2807 4281 nosque
2839 4229 2932 4267 seu
2960 4213 3128 4267 virum
3163 4232 3256 4268 seu
3301 4218 3465 4271 ﬁlium
3517 4220 3798 4275 mortalem
3854 4220 3942 4276 hn-

2360 4300 2507 4363 here.
2537 4302 2643 4355 cito
2682 4305 3479 4364 consolationimnadmittcmus.
3508 4310 3775 4380 lndignari
3806 4329 3951 4367 natu-

2358 4408 2463 4462 que
2493 4406 2576 4448 est
2601 4410 2785 4450 eorum
2813 4399 2900 4466 qui
2929 4400 3101 4466 majus
3129 4401 3401 4470 quidpiam
3427 4405 3710 4476 requirunt
3736 4452 3751 4474 ,
3785 4428 3946 4480 quam

2360 4492 2546 4538 natura
2576 4484 2727 4540 ferat.
2765 4487 2935 4542 Homo
2964 4501 3018 4545 et
3059 4494 3297 4549 mortalis
3346 4508 3500 4551 natus
3524 4515 3582 4553 es
3607 4542 3622 4563 ,
3669 4517 3771 4556 cur
3799 4504 3947 4559 doles

2358 4576 2497 4644 quod
2522 4577 2813 4632 secundum
2856 4592 3098 4636 naturam
3140 4586 3465 4654 contigerit?
3505 4592 3586 4644 An
3608 4591 3764 4647 doles
3803 4597 3945 4665 quod

2358 4670 2609 4723 comedas
2631 4670 2697 4725 ad
2727 4672 2885 4726 vitam
2915 4677 3276 4731 servandam?
3298 4680 3434 4735 Num
3458 4684 3655 4760 quieris
3682 4686 3803 4742 sine
3823 4690 3948 4741 cibo

2359 4761 2586 4815 vivere?
2610 4761 2697 4817 Sic
2722 4763 2862 4817 circa
2897 4776 3123 4821 mortem
3148 4766 3308 4824 farito
3328 4812 3342 4835 ,
3370 4788 3467 4827 nec
3494 4790 3706 4842 quaeras
3738 4777 3947 4833 immor-

2364 4853 2641 4913 talitatem.
2671 4857 2910 4915 mortalis
2938 4873 3056 4911 eum
3084 4860 3178 4914 sis.
3212 4861 3321 4917 lloe
3346 4866 3511 4919 semel
3540 4865 3820 4924 deﬁnitum
3843 4881 3947 4924 est.

2361 4944 2438 5000 Nc
2465 4947 2645 5003 doleas
2677 4990 2691 5011 .
2725 4966 2791 5005 ne
2836 4960 2889 5005 te
2931 4968 3174 5009 maceres
3204 4996 3218 5019 ,
3247 4958 3338 5011 sed
3365 4958 3441 5013 fer
3464 4975 3524 5012 ea
3556 4975 3675 5030 quae
3698 4966 3949 5018 omnibus

2362 5047 2737 5096 statuta-sunt.
2774 5042 2899 5098 Dole
2941 5045 3008 5099 de
3062 5044 3311 5113 peccatis.
3361 5048 3455 5104 llic
3494 5053 3734 5120 optimus
3780 5056 3949 5111 lectus

2362 5140 2483 5193 est,
2517 5131 2632 5186 hare
2682 5134 2911 5187 maxima
2961 5136 3314 5208 philosophia.
3350 5141 3473 5197 llirc
3515 5158 3643 5213 ergo
3689 5158 3949 5216 perpetuo

2360 5221 2649 5277 deﬂeamus
2674 5265 2687 5286 ,
2720 5235 2775 5277 ut
2805 5227 2913 5279 illic
2942 5230 3191 5297 gaudium
3234 5248 3626 5303 consequamur
3652 5278 3666 5302 ,
3695 5240 3865 5307 gratia
3899 5250 3948 5294 et

2364 5317 2687 5384 benignitate
2717 5318 2925 5373 Domini
2956 5324 3120 5376 nostri
3159 5323 3284 5381 Jesn
3315 5325 3512 5383 Christi
3533 5369 3548 5394 ,
3575 5331 3659 5386 eui
3701 5331 3870 5403 gloria
3894 5335 3947 5390 in

2361 5411 2553 5468 smeula
2587 5413 2923 5471 smeulorum.
2956 5416 3145 5475 Amen.
