4164 6330
232 354 334 408 3-29
1276 356 1338 408 IN
1378 355 1685 411 .IOANNEM
1729 358 1954 413 IIOMIL.
2001 362 2182 416 LXIII.
2224 367 2293 421 al.
2337 367 2493 423 LXll.
3432 393 3539 451 550

1555 539 1898 600 HOMILIA
1947 539 2167 600 LXIII.

1931 714 2125 769 (ιιιιιψθ
2153 702 2349 758 luctum
2384 706 2646 765 humanus
2671 713 2894 772 allectus
2925 735 3190 784 exertare.
3221 730 3427 791 Deinde
3449 740 3531 792 af-

1931 789 2123 843 fectum
2147 798 2444 866 corripiens
2466 801 2631 869 (illud
2660 811 2801 861 enim
2823 852 2836 872 ,
2863 811 3139 878 Infremuit
3161 824 3345 891 spiritu
3368 869 3384 889 .
3419 829 3523 887 hoc

1926 879 2191 945 signiﬁcat
2214 887 2230 952 )
2250 928 2264 948 ,
2301 891 2656 948 turbationem
2687 899 2954 968 cohibuit,
2987 918 3044 960 et
3072 911 3150 966 sic
3176 913 3469 990 interrogat
3499 941 3512 976 :

3321 971 3328 972 ,
3379 971 3468 990 ο..-
3500 971 3512 976 -

1923 971 2011 1022 5i.
2040 972 2137 1025 Ubi
2158 980 2397 1044 posuistis
2419 985 2572 1036 eum?
2597 1002 2662 1041 ne
2689 987 2866 1045 ﬂendo
2889 996 3265 1071 interrogaret.
3290 1009 3398 1062 Cur
3419 1029 3518 1066 att-

1925 1068 2031 1111 teut
2057 1063 2389 1135 interrogat?
2409 1071 2561 1136 Quod
2585 1078 2749 1132 nollet
2772 1096 2892 1137 sese
2915 1089 3154 1153 proferre
3173 1135 3187 1159 ,
3213 1098 3306 1152 sed
3333 1106 3510 1157 omnia

1916 1161 2132 1216 cuperet
2163 1154 2230 1206 ab
2259 1157 2362 1210 illis
2388 1160 2630 1217 ediscere
2671 1182 2924 1238 rogatus;
2961 1177 3031 1232 ita
3063 1191 3118 1234 ut
3148 1188 3295 1240 omni
3326 1189 3508 1261 suspi-

1925 1238 2072 1261 nﬂ--.-
2105 1241 2155 1261 '3'
2191 1259 2199 1261 ι
2345 1245 2368 1261 ¹¹
2470 1257 2479 1261 ‘
2538 1253 2548 1261 ¹
2775 1260 2787 1261 7

1921 1238 2075 1292 cione
2105 1241 2325 1298 liberum
2345 1245 2485 1305 feret
2505 1253 2738 1323 signum.
2775 1260 2966 1319 Dicunt
2993 1268 3104 1334 illi,
3150 1271 3272 1328 Veni
3303 1289 3349 1331 et
3373 1238 3533 1336 videu

1912 1331 1996 1385 35.
2025 1332 2358 1406 Lacrynmtns
2384 1354 2456 1396 cst
2477 1345 2652 1400 Jews.
2685 1351 2866 1408 Viden‘
2895 1358 3064 1427 ipsum
3096 1366 3300 1422 nullum
3330 1373 3506 1429 adhuc

1913 1429 2323 1486 resurrectionis
2362 1434 2572 1503 signum
2606 1440 2858 1512 dedisse,
2892 1460 3051 1521 atque
3094 1460 3352 1517 accedere
3394 1482 3500 1521 non

228 699 360 753 (ἷη.
396 702 482 754 ll.
513 718 564 753 v.
595 704 682 757 50.
745 704 988 756 Nondum
1025 715 1191 757 autent
1235 716 1432 756 venerat
1461 704 1611 755 Jesns
1654 706 1702 756 in
1735 720 1823 755 rn-

303 793 534 858 atellnm,
575 795 662 846 sed
695 797 863 846 eratin
901 795 1025 855 loco,
1066 797 1149 847 ubi
1171 798 1385 848 occurrit
1415 798 1459 848 ei
1492 796 1812 848 ΜανιΙια.5Ι.

299 881 476 937 Jutla'i
505 896 672 938 autem
691 928 703 944 ,
735 888 818 954 qui
840 898 978 939 erant
1008 904 1118 940 cum
1152 889 1240 940 illa
1259 931 1272 952 ,
1306 898 1410 940 etc.
1644 980 1650 987 ι

305 975 353 1026 Ι.
393 975 692 1028 Diuitiarum
720 989 1032 1048 contemptus
1069 981 1291 1032 etiamin
1322 986 1416 1031 hoc
1449 981 1549 1030 vita
1581 981 1814 1081 utilis:—

225 1066 478 1135 Magnnm
536 1070 728 1124 bonum
759 1080 837 1122 est
891 1071 1258 1138 philosophia:
1291 1072 1678 1172 philosophiam
1729 1072 1810 1124 dt-

223 1170 289 1204 ρο
322 1169 597 1222 nostram,
633 1176 733 1212 non
783 1171 1080 1215 externam.
1112 1161 1339 1218 Gentilis
1378 1164 1518 1216 enim
1565 1163 1807 1230 philoso-

216 1241 341 1309 phia
398 1246 554 1298 verba
583 1258 635 1299 et
676 1247 866 1303 fabula:
909 1260 1070 1304 sunt:
1124 1251 1416 1320 fabulaeque
1447 1252 1805 1354 ill-tennibil-ad

216 1332 549 1354 _I.1l,__,l,'_
599 1353 604 1354 ,
641 1353 659 1354 η
736 1343 766 1354 ,ι
885 1349 896 1354 -
948 1341 987 1354 ιι
1088 1342 1099 1352 ο
1233 1344 1244 1354 ι

213 1332 611 1404 philoSophiam
635 1343 919 1407 pertinent.
945 1341 1132 1395 Oumia
1156 1344 1354 1412 quippe
1380 1343 1519 1446 apud
1544 1344 1664 1446 illos
1690 1344 1801 1446 glo-

210 1424 307 1476 rize
349 1440 508 1480 causa
541 1429 688 1481 Iiunt.
726 1430 970 1500 Magnum
1007 1436 1180 1503 itaque
1221 1434 1416 1488 bonum
1471 1435 1799 1505 philosophia

205 1523 287 1567 est
319 1554 334 1574 ,
374 1532 489 1583 qua:
535 1519 685 1571 nobis
725 1522 804 1574 vel
840 1522 890 1574 in
937 1523 1034 1576 hac
1063 1525 1165 1577 vita
1199 1525 1366 1578 virem
1407 1540 1556 1579 suam
1604 1526 1796 1580 reddit.

205 1603 344 1658 Nam
367 1607 455 1675 qui
479 1607 687 1662 divitias
709 1613 1028 1677 contemnit,
1057 1613 1166 1683 jam
1195 1615 1278 1670 hic
1306 1617 1584 1670 utilitatem
1610 1619 1796 1671 decer-

203 1694 300 1761 pit,
330 1699 614 1764 superlluis
635 1701 1011 1774 inutilibusque
1031 1707 1174 1760 curis
1202 1722 1416 1761 vacuus.
1444 1710 1542 1784 Qui
1565 1711 1789 1779 gloriam

198 1789 412 1847 calcat.
443 1789 550 1855 jam
584 1790 670 1846 hic
717 1795 1017 1849 mercedem
1049 1811 1198 1851 suam
1245 1799 1469 1867 recipit,
1502 1815 1621 1854 cum
1667 1804 1787 1855 nul-

198 1878 300 1929 lius
333 1881 406 1931 sit
433 1896 650 1948 servus,
688 1887 778 1939 sed
811 1902 932 1940 vera
963 1889 1200 1945 libertate
1232 1892 1380 1945 liber.
1417 1894 1516 1959 Qui
1550 1895 1784 1948 ca-leslia

197 1967 500 2037 desiderat,
529 1974 611 2027 hic
631 1980 905 2044 przcn‘iium
927 1983 1136 2050 accipit,
1167 1999 1285 2037 cum
1305 1986 1585 2054 prtescnlin
1607 1988 1782 2040 οιηιιίει

194 2059 327 2114 nihil
362 2076 481 2114 esse
508 2067 809 2131 existimet,
842 2080 895 2124 et
924 2070 1164 2126 dolorem
1196 2087 1407 2127 omnem
1440 2077 1590 2129 facile
1619 2092 1780 2142 snpe-

194 2161 293 2202 ret.
335 2153 414 2206 En
449 2155 604 2223 igitur
654 2161 929 2214 mulierem
985 2163 1483 2233 philosophantem,
1531 2184 1648 2236 qua:
1695 2169 1779 2221 hic

190 2243 497 2298 meri-edem
540 2260 688 2299 suam
739 2252 961 2320 accepit.
1000 2251 1130 2306 Cum
1163 2257 1301 2307 enim
1335 2257 1530 2324 lugenti
1560 2267 1610 2310 et
1640 2275 1773 2311 tum-

188 2333 326 2383 renti
376 2347 565 2388 omnes
610 2338 938 2406 assiderent,
986 2358 1089 2395 non
1138 2347 1464 2412 exspectavit
1493 2347 1558 2398 ad
1591 2363 1647 2400 se
1687 2364 1776 2399 ve-

188 2423 426 2477 nientem
456 2426 756 2496 Magistrum
778 2472 792 2495 ,
833 2449 1004 2501 neque
1033 2435 1341 2504 dignitatem
1376 2440 1648 2501 servavit,
1682 2457 1773 2494 ne-

183 2528 286 2578 que
319 2516 462 2567 luctu
494 2519 704 2572 detenta
751 2521 865 2577 fuit.
906 2524 1037 2577 Nam
1072 2536 1264 2594 pneter
1292 2529 1426 2584 hanc
1458 2532 1725 2585 miseriam
1752 2575 1764 2596 ,

183 2617 300 2667 qua!
337 2606 552 2674 lugent,
587 2608 684 2664 hoc
723 2614 908 2668 morbo
941 2615 1182 2670 laborant
1212 2620 1350 2686 quod
1383 2621 1545 2674 velint
1572 2637 1601 2674 a
1632 2637 1768 2691 pra:-

182 2694 427 2747 sentibns
457 2697 508 2749 in
558 2699 756 2753 honore
800 2703 1001 2758 haberi.
1048 2705 1212 2761 Secus
1241 2709 1326 2761 illa
1348 2750 1363 2773 ,
1397 2711 1574 2765 statim
1608 2723 1767 2782 atque

179 2785 417 2849 audivit,
451 2789 557 2840 cito
585 2793 725 2844 venit
755 2795 818 2846 ad
850 2797 1014 2850 illum.
1047 2798 1204 2852 Jesus
1241 2812 1417 2855 autem
1446 2805 1680 2859 nondum
1714 2807 1764 2860 in

180 2875 352 2925 vicum
384 2877 692 2932 advi-nerat.
727 2883 893 2937 Lento
921 2889 1061 2940 enim
1089 2890 1256 2957 gradu
1285 2894 1530 2948 veniebat
1555 2938 1568 2959 ,
1602 2911 1667 2949 ne
1696 2899 1760 2950 ad

177 2962 388 3028 signum
434 2966 695 3022 edendum
744 2987 1025 3032 accurrere
1067 2980 1369 3044 videretur,
1404 2985 1497 3037 sed
1547 2997 1761 3054 rogatus

178 3056 382 3109 venire.
417 3058 508 3113 Vel
539 3063 637 3115 hoc
663 3066 997 3123 subintlicare
1025 3072 1135 3124 vult
1163 3078 1488 3144 evangelista
1519 3094 1636 3131 eum
1659 3081 1754 3144 ait,

173 3149 279 3199 cito
319 3154 618 3206 surrexisse
660 3157 799 3210 illam
826 3177 839 3222 ;
873 3163 952 3215 vel
983 3164 1218 3218 declarat
1249 3168 1317 3220 ita
1349 3172 1667 3235 aci'nrrisse,
1703 3183 1757 3226 ut

177 3237 470 3294 adventum
516 3248 632 3309 ejus
678 3261 1041 3316 prmvcrteret.
1079 3255 1229 3310 Venit
1259 3270 1433 3312 autem
1469 3277 1570 3313 non
1601 3264 1709 3316 sola
1739 3305 1752 3326 ,

171 3326 260 3378 sed
285 3344 410 3380 eum
431 3331 630 3387 Judaeis
656 3339 744 3404 qui
775 3339 918 3393 domi
944 3354 1112 3397 erant.
1147 3347 1211 3400 Et
1244 3363 1493 3416 perquam
1526 3353 1752 3419 pruden-

171 3424 249 3466 ter
270 3417 318 3469 ei
347 3433 503 3471 soror
523 3423 657 3475 clam
689 3426 917 3494 Magistri
951 3435 1236 3490 adventrum
1292 3440 1642 3508 signiliravit,
1686 3459 1752 3499 ne

167 3516 368 3560 emtum
399 3512 638 3568 turbaret
665 3534 676 3568 :
711 3533 880 3587 neque
902 3526 1149 3592 surgendi
1178 3543 1390 3582 causam
1415 3533 1545 3586 dixit
1571 3552 1583 3584 :
1616 3536 1749 3588 alio-

165 3598 290 3661 quin
345 3603 493 3654 multi
541 3610 904 3665 recessissent.
954 3614 1100 3672 Nunc
1148 3628 1323 3673 autem
1371 3623 1512 3676 illam
1560 3643 1746 3680 onmes

167 3688 315 3751 quasi
345 3691 411 3742 ad
446 3691 641 3747 luctum
694 3701 1116 3766 proﬁciscentem
1150 3722 1442 3777 sequuntur
1472 3733 1482 3768 :
1524 3727 1576 3768 et
1610 3717 1746 3772 forte

168 3773 286 3829 hinc
315 3779 478 3833 etiam
503 3795 768 3842 mortuum
797 3791 956 3846 luisse
979 3795 1237 3851 Lazarum
1262 3803 1622 3862 conﬁrmatur.
1652 3811 1740 3863 52.

166 3865 230 3916 Et
258 3871 481 3935 procidit
507 3874 574 3924 ad
594 3877 742 3943 pedes
765 3882 896 3949 ejus.
930 3883 1240 3942 Ferventior
1267 3892 1380 3947 hate
1404 3907 1516 3948 erat
1538 3937 1550 3960 ,
1585 3915 1740 3967 quam

163 3970 313 4011 soror
335 3961 474 4026 ejus.
499 3963 612 4017 Non
639 3969 844 4023 turbam
870 3977 1094 4029 reverita
1119 3989 1221 4044 est,
1253 3998 1356 4036 non
1381 3990 1738 4056 suspirionem

161 4065 316 4116 quam
341 4056 483 4107 circa
507 4056 650 4110 illum
676 4059 940 4118 habebant
970 4054 1149 4135 (Multi
1173 4075 1314 4128 enim
1346 4078 1440 4144 ipsi
1464 4093 1613 4134 erant
1638 4084 1739 4136 ini-

162 4139 278 4194 mici
302 4142 396 4208 qui
427 4144 708 4202 dieebant:
744 4151 864 4206 Non
887 4168 1080 4223 poterat
1103 4161 1204 4228 Itic,
1241 4167 1328 4233 qui
1347 4173 1545 4237 operuit
1567 4177 1736 4227 oculos

159 4229 274 4279 cit-ci
303 4231 435 4296 nati,
470 4236 632 4303 facere
654 4249 706 4291 ut
728 4241 809 4294 hic
835 4261 934 4299 non
967 4264 1242 4306 moreretur
1265 4255 1455 4326 (Joau.
1481 4264 1564 4315 ll.
1591 4265 1656 4318 37
1681 4267 1736 4334 )ν

157 4316 254 4369 Sed
301 4335 568 4387 pnesente
611 4327 858 4398 Magistro
908 4335 1190 4396 humanam
1231 4362 1443 4402 oinnem
1477 4355 1735 4411 rationem

157 4411 399 4476 expulit,
434 4430 698 4485 unumque
724 4426 938 4480 curabat
967 4429 1195 4501 Magistri
1224 4437 1499 4497 honorem.
1528 4447 1590 4500 Et
1611 4453 1735 4518 quid

161 4497 323 4518 ,If-‘--
370 4504 406 4518 λ
499 4508 509 4518 ⁸
667 4514 678 4518 ³
731 4514 741 4518 ⁴
784 4516 792 4518 “

1053 4497 1071 4501 ν
1528 4497 1590 4500 -_-
1615 4497 1735 4518 ν..-

155 4497 323 4555 dicit?
350 4504 574 4561 Domine
592 4550 606 4573 ,
635 4514 678 4563 si
717 4514 896 4580 fuisse:
921 4520 1030 4583 Itic,
1076 4529 1236 4595 frater
1262 4547 1400 4586 meus
1431 4552 1530 4589 non
1561 4543 1736 4608 fuisset

159 4603 388 4648 mortuus
409 4596 569 4665 (Ibid.
595 4617 640 4653 υ.
672 4604 785 4674 21).
807 4609 939 4675 Quid
959 4629 1085 4668 vero
1103 4614 1343 4678 Christus
1363 4627 1383 4678 ?
1405 4627 1542 4684 Nihil
1561 4596 1737 4692 adhuc

155 4693 269 4734 cum
303 4683 395 4737 illa
428 4687 680 4756 loquitur,
716 4712 885 4766 neque
913 4703 1042 4758 dixit
1071 4709 1257 4764 eadem
1303 4731 1421 4782 qune
1448 4683 1617 4775 sorori
1649 4725 1732 4778 di-

157 4783 300 4825 xerat
344 4776 540 4841 (turba
566 4785 762 4854 quippe
802 4791 965 4844 multa
1015 4796 1231 4863 aderat,
1265 4815 1318 4859 et
1349 4823 1452 4861 non
1478 4825 1594 4865 erat
1621 4815 1736 4870 ha-c

159 4862 410 4932 loquendi
441 4879 720 4943 tempus);
753 4881 844 4935 sed
876 4898 933 4938 se
958 4898 1355 4960 attemperatac
1380 4901 1615 4972 dimittit,
1649 4919 1728 4962 at-

154 4968 253 5017 'lue
281 4955 569 5015 humanam
594 4965 691 5019 sibi
723 4981 964 5027 naturam
992 4993 1111 5035 esse
1140 4984 1440 5056 declarans,
1476 4998 1734 5067 Iatllisper

156 5043 330 5067 l--_.-__
363 5058 424 5067 _.,
465 5065 474 5067 Α
560 5063 572 5067 -
633 5057 642 5067 ι
853 5064 864 5067 -
902 5065 931 5067 η

156 5043 498 5114 lacrymatur.
523 5063 576 5107 et
602 5057 808 5126 signum
833 5064 1010 5121 differt
1033 5070 1263 5130 interim.
1293 5081 1425 5146 Quia
1450 5087 1590 5140 enim
1622 5107 1732 5143 ma-

153 5146 310 5198 gnum
341 5150 459 5192 erat
489 5144 836 5217 miraculum,
868 5164 924 5210 et
969 5162 1125 5228 quale
1174 5181 1293 5223 raro
1333 5171 1528 5229 fecerat
1550 5220 1563 5243 ,
1597 5183 1732 5237 mul-

987 5219 999 5228 _
1235 5219 1285 5223 __
1333 5219 1528 5229 __--....
1550 5220 1563 5243 ,

156 5225 294 5292 tique
325 5219 575 5297 per'illud
606 5242 858 5298 credituri
889 5261 1038 5303 erant
1074 5255 1088 5284 ¹
1115 5295 1128 5316 ,
1165 5272 1230 5312 ne
1257 5261 1300 5313 si
1333 5266 1482 5319 turba
1512 5269 1731 5328 absente

155 5311 347 5371 factum
378 5333 552 5386 esset,
583 5343 688 5382 non
733 5335 1046 5394 crederetur
1066 5385 1078 5406 ,
1110 5346 1346 5417 nihilque
1375 5355 1479 5410 illis
1509 5362 1727 5427 prodes-

154 5415 261 5469 set,
293 5411 490 5466 multos
533 5420 750 5474 attrahit
795 5433 957 5483 testes
978 5471 992 5494 ,
1021 5433 1072 5487 in
1105 5435 1206 5492 hoc
1237 5440 1340 5496 illis
1365 5459 1424 5500 se
1468 5459 1728 5523 attempe-

156 5508 307 5564 rans,
342 5514 410 5553 ne
438 5506 671 5574 prmdam
713 5517 1006 5575 amitteret.
1038 5523 1332 5586 Humanam
1363 5546 1539 5592 autem
1571 5547 1724 5599 exhi-

157 5582 238 5639 bet
284 5599 577 5649 naturam:
616 5598 935 5672 lacrymatur
981 5614 1122 5668 enim
1167 5629 1220 5673 et
1265 5625 1530 5685 turbatur.
1577 5633 1726 5691 Solet

216 5720 231 5751 ⁸
268 5724 361 5776 Alii
385 5728 583 5788 habent.
609 5749 833 5799 magnum
852 5755 988 5795 erant
1016 5749 1200 5804 lucrum
1225 5769 1541 5816 consecuturi.

459 5831 724 5897 Ριτιιοι..
774 5843 888 5903 Gn.
939 5848 1097 5913 LIX.

1908 1523 1960 1563 ut
2008 1518 2389 1577 suscitaturum
2411 1565 2428 1588 ,
2459 1527 2555 1582 sed
2583 1540 2639 1584 ut
2679 1518 3139 1607 lacrymaturum?
3169 1549 3219 1603 id
3251 1554 3392 1621 quod
3420 1558 3498 1612 si-

1900 1604 2156 1667 gniﬁcant
2205 1608 2412 1679 Judaei,
2461 1619 2550 1686 qui
2597 1604 2893 1683 dicebant:
2951 1632 3038 1686 56.
3087 1633 3219 1692 Ecce
3244 1604 3496 1708 rinion—mdo

1908 1697 2106 1748 nutabat
2130 1715 2266 1755 cum.
2293 1705 2512 1768 Quidam
2547 1724 2710 1767 autem
2733 1732 2793 1770 ex
2820 1720 2922 1774 illis
2960 1724 3189 1783 dicebant
3216 1747 3234 1783 :
3260 1733 3347 1787 37.
3372 1734 3494 1793 Non

1902 1795 2099 1847 poterat
2127 1792 2228 1857 hic,
2250 1797 2333 1862 qui
2350 1802 2548 1863 aperuit
2569 1807 2740 1860 oculos
2759 1812 2879 1863 eieci
2897 1854 2913 1879 ,
2946 1817 3111 1878 facere
3132 1831 3185 1874 ut
3213 1834 3261 1876 et
3289 1827 3370 1879 hic
3389 1845 3490 1884 nou

1894 1883 2209 1933 moreretur?
2240 1883 2315 1938 Ne
2337 1887 2388 1939 in
2411 1892 2804 1951 calamitatibus
2834 1903 3050 1971 quidem
3081 1915 3367 1981 nequitiam
3398 1935 3488 1973 re-

1891 1978 2215 2031 presserunt.
2265 1977 2426 2046 Atqui
2474 1981 2709 2041 facturus
2739 2001 2819 2044 est
2846 2009 2956 2048 rem
3000 1997 3156 2070 longe
3187 2007 3482 2065 mirabilio-

1889 2067 2024 2108 rem.
2057 2057 2186 2112 Nam
2219 2063 2374 2134 longe
2401 2071 2696 2130 mirabilius
2725 2092 2805 2134 est
2835 2095 2953 2150 post
2979 2103 3206 2146 mortem
3229 2098 3293 2150 ad
3320 2101 3480 2157 vitam

1887 2157 2158 2213 revocare,
2190 2167 2348 2220 quam
2379 2158 2664 2218 instantem
2696 2183 2919 2228 mortem
2944 2177 3236 2248 depellere.
3268 2188 3346 2244 Ex
3367 2209 3477 2262 quo

3014 2239 3028 2248 -
3201 2239 3206 2240 ⁷
3226 2239 3233 2240 ί
3270 2239 3346 2244 _'_
3369 2239 3472 2262 1"

1884 2249 2010 2303 ergo
2031 2239 2144 2307 ejus
2173 2244 2420 2303 virtutem
2455 2253 2636 2308 mirari
2667 2274 2762 2328 par
2785 2277 2903 2319 erat
2924 2309 2936 2328 ,
2971 2271 3115 2325 illum
3145 2278 3472 2338 calumnian-

1885 2333 1968 2376 tur
1990 2343 2003 2389 ;
2029 2331 2354 2389 confitentur
2382 2347 2558 2396 tamen
2587 2345 2756 2415 ipsum
2781 2357 2969 2411 oculos
2996 2364 3125 2416 caeei
3155 2373 3430 2434 aperuisse
3457 2392 3470 2426 :

1881 2425 1935 2466 et
1962 2430 2081 2470 cum
2110 2427 2437 2490 oportuisset
2464 2432 2583 2488 ideo
2612 2439 2830 2508 mirari,
2865 2445 2941 2500 illi
2965 2461 3150 2507 contra
3181 2458 3474 2517 criminan-

1881 2510 1965 2557 tur
1987 2547 2003 2572 ,
2033 2511 2170 2577 quod
2212 2513 2313 2570 hoc
2354 2520 2512 2575 etiam
2543 2541 2647 2580 non
2681 2528 2888 2589 iecerit.
2919 2536 3100 2608 Neque
3135 2545 3258 2601 inde
3292 2553 3466 2608 solum

1878 2596 2134 2659 probatur
2164 2603 2281 2658 illos
2315 2624 2569 2676 perverso
2596 2618 2759 2673 fuisse
2787 2625 2969 2680 animo
2994 2645 3007 2694 ;
3042 2634 3139 2688 sed
3167 2640 3308 2706 quod
3340 2657 3460 2697 cum

1878 2683 1945 2706 Μ.
1970 2703 1976 2706 _
2195 2692 2204 2706 .
2318 2697 2327 2706 .

2994 2683 3006 2694 ,
3049 2683 3139 2688 -__
3169 2683 3308 2706 Ί-η..

1877 2683 2109 2740 "dudum
2141 2692 2482 2763 advenisset,
2516 2719 2615 2760 nec
2644 2711 2914 2780 quidpiam
2948 2723 3321 2794 praestitisset,
3355 2734 3463 2784 cri-

1876 2776 2254 2860 minationibus
2311 2801 2664 2859 pragvertant,
2701 2815 2804 2854 non
2860 2820 3174 2875 exSpectato
3216 2818 3291 2872 rei
3339 2819 3464 2877 line.

1876 2862 2056 2920 Viden'
2083 2887 2238 2937 quam
2266 2891 2518 2949 corrupto
2547 2899 2731 2943 essent
2755 2893 2995 2958 judicio?

1939 2956 1990 3007 2.
2021 2956 2360 3032 Evangelist
2386 2973 2611 3028 lmmaua
2633 2979 2696 3032 de
2716 2956 2916 3039 (ἀεικὴςιο
2937 2992 3181 3048 scribunt.
3209 3026 3280 3038 —-
3303 2999 3461 3058 Venit

1867 3060 1993 3115 ergo
2022 3051 2085 3103 ad
2134 3069 2573 3130 monumentum,
2607 3079 2659 3121 et
2706 3087 2894 3129 rursus
2917 3080 3167 3139 allectum
3211 3092 3455 3160 corripit.

1867 3133 2118 3160 P.._-l-!,,
2151 3143 2163 3160 ι
2240 3157 2247 3160 .
2289 3149 2298 3158 ο
2366 3151 2414 3160 ..
2517 3157 2563 3160 __

3216 3133 3452 3160 --...,,...

1866 3133 1971 3190 Cur
1991 3139 2056 3193 de
2076 3143 2333 3201 industria
2364 3151 2654 3211 identidem
2677 3161 2806 3218 dicit
2828 3174 3156 3238 evangelista
3183 3179 3452 3252 lacryma-

1866 3233 1971 3252 ιη...
2004 3231 2146 3252 ξιιμ---
2435 3245 2445 3252 ·
2498 3246 2515 3252 -

2968 3231 2992 3238 ν

1864 3233 1972 3280 tum
2003 3231 2152 3286 illum
2180 3252 2318 3302 esse,
2351 3251 2404 3295 et
2435 3245 2807 3307 intremuisse?
2852 3257 2916 3310 Ut
2942 3261 3117 3318 discas
3145 3268 3292 3325 illum
3322 3290 3448 3331 vere

1863 3327 2044 3370 natura
2071 3335 2252 3379 nostra
2287 3329 2526 3388 indutum
2563 3338 2746 3394 fuisse.
2777 3345 2907 3412 Quia
2931 3353 3072 3407 enim
3099 3359 3247 3424 plura
3272 3364 3339 3417 de
3360 3381 3450 3421 se-

1861 3407 2009 3476 ipso,
2043 3415 2349 3491 majoraqne
2378 3427 2541 3491 quam’
2585 3433 2758 3498 quivis
2787 3439 2919 3494 alius
2970 3446 3142 3511 palam
3198 3451 3410 3512 dixerat
3433 3500 3450 3525 ,

2970 3506 2986 3511 _
3263 3506 3268 3507 ν
3303 3506 3408 3512 ----
3433 3506 3450 3525 .

1859 3512 2068 3554 rursum
2099 3506 2150 3556 in
2198 3515 2470 3577 corporeis
2512 3517 2792 3578 humiliora
2838 3529 2986 3585 dicit.
3016 3535 3156 3593 Nihil
3183 3542 3249 3598 de
3283 3547 3451 3616 ipsius

1857 3600 2048 3654 morte,
2070 3604 2124 3646 ut
2145 3598 2333 3666 reiizpii
2358 3610 2715 3679 evangelista',
2740 3630 2918 3674 narrat
2936 3621 3050 3690 hic;
3071 3632 3210 3696 quod
3245 3638 3408 3693 tristis
3430 3683 3445 3706 ,

1857 3681 1994 3706 nunJ
2023 3684 2070 3706 ζ..
2104 3689 2255 3706 --Ακμσ
2504 3697 2575 3706 ι.-
2668 3702 2676 3706 .
2754 3705 2764 3706 κ

1853 3681 1994 3745 quod
2023 3684 2071 3735 in
2102 3689 2288 3754 agonia
2314 3705 2458 3747 esset
2496 3697 2704 3768 (Matt/1.
2743 3705 2830 3760 26.
2865 3711 2952 3766 58.

1854 3770 1944 3796 .....
1973 3785 2147 3796 μη.--
2191 3793 2210 3796 _
2311 3781 2322 3796 .
2461 3789 2468 3796 .

3124 3770 3130 3771 ⁷
3150 3770 3160 3772 ἡ
3202 3770 3217 3775 “
3239 3770 3283 3779 "
3316 3770 3404 3796 νἸ
3430 3771 3443 3794 I

1853 3770 1944 3821 Sed
1971 3785 2151 3828 contra
2182 3781 2324 3846 quod
2351 3789 2574 3854 supinos
2609 3804 2956 3859 prostravcrit
3003 3805 3200 3866 (Jomt.
3237 3816 3321 3870 18.
3354 3822 3443 3887 6).

1853 3859 2135 3887 (1.....I:It:_.
2164 3883 2180 3887 _
2211 3885 2217 3887 Α
2252 3871 2282 3887 o,
2483 3880 2492 3887 .
2521 3881 2529 3887 .

3008 3859 3018 3866 .
3090 3859 3103 3861 -
3239 3859 3321 3870 η..
3356 3859 3443 3887 η,

1851 3859 2000 3922 Quod
2029 3863 2135 3918 illic
2157 3871 2434 3937 omissmn,
2480 3880 2565 3934 hic
2604 3889 2892 3956 supplevit,
2938 3894 3063 3950 dum
3095 3901 3292 3960 luctum
3327 3913 3443 3979 ejus

1854 3965 2109 3979 ιιιιι-..ι....ιι
2186 3958 2251 3979 l1-
2390 3966 2401 3979 I
2713 3977 2740 3979 η

3251 3958 3254 3959 ν
3283 3958 3289 3960 .
3332 3958 3442 3979 .,..-

1853 3965 2134 4009 memorat.
2183 3958 2314 4015 Nam
2369 3966 2436 4020 de
2480 3983 2651 4028 morte
2692 3977 2964 4038 disserens
3000 3989 3208 4046 dicebat
3237 4013 3250 4047 :
3284 3997 3442 4053 Potr-

1850 4051 2028 4095 statrm
2050 4046 2205 4102 Itabco
2243 4059 2463 4118 ponendi
2493 4065 2717 4120 animum
2745 4087 2909 4127 meum
2953 4077 3141 4147 (Joau.
3179 4087 3262 4142 10.
3293 4092 3390 4162 18)
3426 4113 3438 4147 :

1850 4141 1898 4162 nl
1933 4136 2018 4162 nil.
2048 4139 2059 4162 I
2087 4141 2199 4162 ..1.2,
2244 4158 2255 4162 -
2390 4150 2418 4162 ιι
2447 4152 2454 4161 ο
2491 4155 2500 4162 .
2619 4158 2628 4162 -

2958 4136 2970 4147 1
3182 4136 3262 4142 “'
3298 4136 3388 4162 “'I
3426 4136 3438 4147 ⁸

1850 4141 1902 4184 et
1933 4136 2059 4190 nih.l
2085 4141 2354 4209 ahjcetum
2388 4150 2456 4203 ibi
2491 4155 2742 4224 loquitur.
2781 4164 2908 4220 Ideo
2933 4183 3112 4226 autem
3145 4179 3195 4230 in
3229 4187 3438 4247 passio-

1850 4239 1916 4277 ne
1964 4229 2126 4283 multa
2160 4234 2234 4288 illi
2276 4238 2502 4296 humana
2533 4247 2878 4324 adscribunt,
2913 4261 3038 4318 hinc
3086 4276 3442 4340 comproban-

1850 4323 1928 4368 tes
1978 4333 2155 4374 vcram
2206 4326 2626 4392 incarnationem
2659 4357 2798 4399 esse.
2856 4350 3136 4411 Mattlneus
3187 4363 3254 4416 ab
3303 4381 3438 4437 ago-

1850 4405 1966 4472 nia,
1999 4426 2026 4462 a
2083 4421 2481 4481 perturbatione
2503 4439 2570 4489 ,‘a
2617 4437 2814 4492 sudore
2842 4405 3134 4506 (Luca-2;.
3168 4405 3256 4508 43v.
3289 4405 3434 4532 42;;

1850 4496 1932 4532 ιιεη
1959 4516 1984 4532 ..
2016 4502 2155 4532 ι..,....
2189 4509 2236 4532 ;.ι
2268 4526 2351 4532 --η
2379 4515 2392 4532 .
2437 4527 2446 4532 -
2504 4521 2556 4532 η.
2662 4527 2670 4532 .

2847 4496 2858 4506 .
2997 4496 3003 4497 ί
3047 4496 3133 4502 ---
3177 4496 3256 4508 ’ν’
3289 4496 3391 4532 “'1
3419 4505 3434 4526 ν

1848 4496 1933 4552 hic
1957 4516 1986 4552 a
2015 4502 2155 4558 Iuetu
2188 4509 2236 4562 id
2266 4515 2470 4570 suadet.
2504 4521 2557 4574 Si
2587 4527 2727 4579 enim
2758 4543 2954 4589 nostra:
2983 4555 3086 4593 non
3120 4542 3304 4602 fuisset
3344 4568 3437 4605 na-

1849 4597 2014 4658 tur:e,
2046 4612 2148 4650 non
2179 4615 2206 4652 a
2240 4605 2383 4659 luctu
2413 4616 2578 4666 semel
2601 4627 2655 4669 et
2683 4619 2872 4677 iterum
2916 4643 3198 4702 correptus
3221 4639 3434 4700 luisset.

1849 4681 1978 4702 ll--3J
2008 4700 2036 4702 υ
2167 4689 2185 4702 ¹
2340 4701 2343 4702 ⁷
2387 4699 2393 4702 ’

2962 4681 2997 4683 κ-
3017 4681 3027 4684 _
3048 4681 3198 4702 7-..-
3221 4681 3430 4700 ...ωουη

1845 4681 1978 4745 Quid
2007 4700 2131 4741 vero
2156 4689 2346 4747 Jcsns'.’
2371 4699 2407 4751 A
2443 4705 2760 4763 criminibus
2784 4728 2888 4768 non
2913 4734 2972 4771 se
2993 4720 3271 4783 defendit:
3301 4736 3430 4802 quid

3258 4775 3271 4783 .
3302 4775 3423 4802 Ἰν...

1843 4775 1984 4827 enim
2009 4794 2141 4846 opus
2163 4795 2275 4838 erat
2298 4792 2473 4845 verbis
2494 4797 2771 4856 confutare
2791 4820 2884 4859 eos
2905 4812 2994 4878 qui
3021 4829 3143 4869 mox
3169 4825 3423 4888 operibus

1843 4878 1995 4922 erant
2039 4873 2391 4934 conlutandi?
2423 4885 2475 4938 ld
2508 4891 2646 4958 quod
2677 4895 2851 4950 minus
2886 4873 3165 4961 molestum
3196 4873 3343 4979 erat,
3378 4930 3433 4974 et

1845 4961 2010 5027 magis
2040 4974 2244 5030 poterat
2271 4970 2388 5024 illos
2417 4978 2763 5061 pudefacere._
2784 4988 2878 5042 59.
2906 4993 2989 5044 Ait
3011 4961 3219 5055 (interni
3247 4961 3432 5061 Toilite

1843 5047 2076 5116 lapidem.
2101 5055 2206 5110 Cur
2221 5077 2324 5115 non
2343 5066 2539 5123 absens
2557 5088 2682 5126 Voca
2692 5056 2763 5130 vit
2781 5089 2832 5133 et
2849 5099 3069 5154 surgere
3082 5091 3276 5158 jussit?
3296 5101 3426 5166 imo,

1842 5158 1938 5194 cur
1967 5160 2070 5199 non
2118 5150 2293 5208 adhuc
2336 5165 2675 5232 superposito
2723 5170 2898 5240 lapide
2948 5183 3263 5239 suscitavit?
3294 5189 3426 5248 Nam

1842 5233 1929 5296 qui
1950 5245 2157 5301 poterat
2179 5256 2372 5314 corpus
2395 5264 2662 5311 mortuum
2685 5276 2813 5318 voce
2835 5281 3050 5326 movere
3066 5284 3120 5328 et
3135 5279 3426 5342 animatum

1841 5325 2124 5381 ostendere
2149 5370 2162 5394 ,
2194 5337 2361 5389 multo
2407 5347 2572 5414 magis
2617 5365 2748 5405 voce
2797 5353 3027 5425 lapidem
3067 5371 3422 5437 removisset;

2851 5416 2866 5425 _
3103 5416 3214 5422 μη-
3235 5416 3388 5426 ⁷--νν-
3407 5417 3422 5437 .

1841 5416 1928 5479 qui
1985 5416 2218 5475 vinctum
2253 5428 2424 5483 insciis
2445 5474 2458 5496 ,
2489 5447 2542 5489 et
2568 5437 2878 5508 impeditum
2901 5489 2915 5513 ,
2949 5465 3077 5506 voce
3101 5464 3158 5508 ut
3183 5460 3423 5516 ambula-

1843 5513 1919 5556 rct
1947 5507 2123 5564 cﬂ‘ecit
2144 5553 2158 5579 ,
2194 5515 2350 5586 longe
2379 5521 2583 5581 faetlius
2613 5507 2844 5600 lapidem
2872 5545 3192 5602 removisset
3225 5551 3243 5619 (
3260 5550 3420 5609 Joau.

1843 5597 1899 5619 ,.
1968 5600 2023 5619 ..,
2234 5608 2266 5619 Α
2315 5612 2361 5619 ..
2411 5615 2442 5619 --

1843 5597 1930 5649 ll.
1958 5600 2043 5652 45.
2076 5604 2197 5676 44).
2228 5608 2362 5677 Quid
2391 5615 2555 5672 dico?
2579 5597 2752 5680 Etiam
2776 5629 2971 5688 absens
2993 5597 3298 5698 hoclaeere
3324 5660 3420 5714 po.

3039 5688 3090 5692 η
3125 5688 3298 5698 ηπ-.-
3324 5688 3417 5714 μμ

1842 5688 1956 5740 tuit.
1990 5689 2097 5745 Cur
2145 5711 2273 5766 ergo
2319 5719 2424 5758 non
2475 5707 2636 5766 fecit?
2666 5714 2734 5771 Ut
2782 5720 2924 5788 ipsos
2967 5727 3214 5785 miraculi
3253 5737 3418 5783 ιεδωε

1840 5777 2059 5847 laceret,
2096 5803 2160 5840 ne
2192 5791 2418 5861 idipsum
2446 5799 2691 5862 dicerent
2716 5814 2857 5880 (μιοά
2880 5817 3020 5870 circa
3053 5835 3251 5879 carrum
3280 5846 3292 5880 :
3328 5829 3420 5882 Hil-

3008 5911 3089 5970 22
