4164 6330
738 392 833 445 ssi
973 464 981 469 '

747 518 816 562 est
836 547 853 569 ,
897 519 1003 560 non
1034 512 1115 559 est
1145 502 1249 556 hic.
1293 498 1421 567 Ipsae
1452 507 1681 561 namque
1709 504 1897 547 manus
1918 529 1932 553 ,
1961 497 2012 539 et
2041 483 2176 555 quod
2206 497 2296 536 ve-

749 596 914 650 nisset
939 592 1005 646 ad
1042 589 1336 658 sepulcrum
1359 625 1374 649 ,
1407 579 1711 637 testimonio
1761 585 1916 632 erant
1944 574 2186 629 eumdem
2215 571 2296 637 ip-

746 698 863 736 sum
885 677 1192 748 esse(Joan.
1211 675 1261 728 9.
1281 674 1333 728 8.
1358 671 1442 741 9).
1468 670 1645 738 Quare
1667 668 1709 722 si
1732 681 1836 721 non
1859 678 1924 719 eo
1946 662 2300 722 advenissem,

748 768 976 840 putaturi
1003 774 1156 822 erant
1178 773 1268 818 aut
1294 761 1604 830 phantasma
1635 769 1756 811 esse
1776 795 1789 818 ,
1821 760 1911 807 aut
1935 753 2093 805 alium
2123 757 2301 803 etnon

747 864 893 917 illum
935 874 1057 915 esse
1079 872 1236 928 quem
1276 854 1541 908 videbant.
1568 849 1715 903 Nunc
1758 856 1933 902 autem
1976 859 2093 898 cum
2122 840 2184 896 ad
2216 854 2295 893 se-

742 952 986 1017 pulcrum
1028 945 1304 1010 venerint,
1331 939 1555 1011 lapidem
1585 936 1939 996 removerint,
1968 931 2206 1001 jussiquc
2233 928 2297 981 li-

744 1050 920 1109 gatum
949 1052 982 1092 a
1006 1034 1227 1089 vinculis
1268 1030 1521 1085 solverint
1539 1067 1554 1093 ,
1586 1034 1639 1081 et
1664 1024 1816 1079 amici
1845 1023 1932 1092 qui
1962 1037 2025 1076 ex
2056 1018 2302 1088 sepulcro

750 1126 1065 1189 retulerant,
1091 1138 1155 1178 ex
1184 1120 1371 1190 pannis
1403 1118 1546 1171 illum
1578 1113 1903 1185 agnoverint,
1935 1109 2071 1181 quod
2096 1122 2305 1163 sorores

754 1231 855 1269 non
909 1210 1291 1273 abscesserint,
1340 1206 1478 1277 quod
1524 1206 1687 1258 altera
1718 1202 1943 1265 dixerit,
1972 1199 2090 1253 Jam
2130 1200 2301 1267 faetet,

748 1303 1105 1375 quatriduanus
1130 1299 1261 1354 enim
1290 1305 1396 1359 est;
1435 1297 1540 1361 jam
1573 1292 1685 1346 haec
1715 1292 1889 1345 omnia
1921 1287 2125 1343 abunde
2154 1295 2303 1354 pote-

750 1402 865 1445 rant
887 1388 1155 1460 improbos
1182 1387 1279 1455 ipsi
1304 1382 1541 1439 miraculi
1564 1390 1723 1437 testes
1743 1379 2009 1434 Cohibere.
2036 1377 2155 1431 Ideo
2179 1389 2306 1445 prte-

744 1481 870 1549 cipit
891 1480 996 1533 illis
1026 1485 1079 1531 ut
1100 1474 1327 1545 lapidem
1354 1488 1383 1527 a
1408 1472 1653 1541 sepulcro
1680 1477 1999 1530 amoverent,
2023 1463 2307 1519 ostendens

748 1584 806 1625 se
830 1572 996 1639 ipsum
1016 1566 1306 1622 suscitare:
1341 1561 1459 1616 ideo
1476 1562 1633 1615 etiam
1658 1560 1941 1626 interrogat
1963 1598 1976 1621 ,
2013 1554 2109 1609 Ubi
2136 1554 2306 1623 posui-

754 1660 841 1710 stis
871 1673 980 1710 eum
1002 1656 1027 1708 ἱ)
1054 1664 1107 1707 ιιι
1133 1653 1220 1721 qui
1249 1649 1520 1711 dixerant,
1562 1647 1681 1701 Veni
1706 1656 1752 1699 et
1777 1646 1915 1706 uide,
1945 1656 1995 1698 et
2021 1644 2107 1712 qui
2138 1642 2304 1695 duxe-

746 1758 865 1801 rant
885 1745 1048 1809 illum,
1068 1743 1245 1797 dicere
1263 1754 1370 1795 non
1396 1738 1598 1808 possint
1614 1738 1768 1791 alium
1788 1735 1945 1789 fuisse
1962 1734 2267 1787 suscitatum
2292 1751 2305 1785 :

750 1844 805 1887 ut
833 1844 884 1887 et
912 1848 1010 1886 vos
1040 1840 1091 1886 et
1122 1842 1307 1884 manus
1339 1825 1743 1881 testiﬁcarentur
1774 1824 1907 1895 (vox
1936 1822 2183 1887 dicendo,
2214 1820 2308 1874 Ve-

747 1926 797 1977 ni
818 1934 861 1977 et
891 1925 1033 1985 ride;
1063 1935 1246 1975 manus
1270 1918 1496 1988 lapidem
1522 1915 1751 1970 tollendo
1772 1953 1789 1981 ,
1813 1926 1863 1969 et
1887 1915 2075 1967 fascias
2096 1914 2304 1967 solven-

744 2013 844 2084 do)
870 2036 873 2039 λ
909 2014 1049 2067 visus
1080 2026 1286 2081 quoque
1315 2018 1368 2063 et
1409 2008 1615 2062 auditus
1654 2007 1774 2077 (hic
1800 2021 1981 2060 vacem
2009 2004 2269 2058 audiendo
2291 2043 2306 2069 ,

748 2104 834 2155 ille
869 2110 1146 2155 exeuntem
1181 2097 1484 2167 videndo);
1518 2095 1742 2149 olfactus
1771 2110 1979 2165 quoque
2008 2095 2188 2157 testis,
2222 2095 2306 2162 qui

748 2191 967 2245 odorem
1020 2189 1258 2258 excepit;
1309 2186 1428 2239 lam
1475 2189 1644 2257 fwtet,
1696 2186 1893 2253 inquit;
1947 2185 2309 2253 quatriduanus

747 2283 859 2335 enin
916 2290 1004 2335 est.
1040 2281 1168 2334 .lure'
1194 2293 1319 2348 ergo
1347 2276 1489 2339 dixi,
1521 2291 1623 2330 non
1673 2276 1997 2329 intellexisse
2029 2274 2303 2325 mulierem

750 2372 848 2426 hoc
888 2371 1081 2427 Christi
1130 2369 1359 2431 dictum,
1411 2366 1574 2420 Etiam
1602 2368 1644 2419 si
1684 2374 1909 2419 mortuus
1938 2366 2120 2435 fuerit,
2163 2364 2304 2416 vivet.

752 2462 882 2516 Vide
903 2475 1029 2531 ergo
1054 2460 1174 2531 quid
1200 2472 1337 2513 nunc
1355 2458 1514 2522 dicat,
1539 2458 1683 2527 quasi
1707 2471 1791 2509 res
1813 2456 1880 2507 ob
1907 2454 2306 2508 diuturnitatem

751 2550 976 2619 amplius
1025 2550 1136 2601 lieri
1168 2562 1271 2602 non
1328 2546 1511 2615 possit.
1546 2546 1649 2599 lles
1673 2545 1811 2597 enim
1857 2543 2112 2611 stupenda
2155 2553 2307 2604 erat,

748 2643 1153 2712 quatridnauum
1182 2649 1236 2694 et
1282 2648 1588 2705 corruptum
1638 2636 1860 2689 cadaver
1905 2636 2179 2688 suscitare.
2226 2635 2314 2687 Di-

756 2731 973 2801 scipulis
1016 2731 1224 2798 quidem
1255 2728 1419 2793 dixit,
1456 2726 1521 2781 Ut
1548 2726 1854 2796 gloriﬁcatur
1900 2723 2060 2777 Filius
2098 2723 2213 2788 Dei,
2246 2722 2312 2777 de

757 2821 932 2888 Seipso
984 2820 1240 2887 loquens;
1289 2818 1493 2871 mulieri
1534 2830 1659 2869 vero
1700 2816 1808 2867 ait:
1854 2812 2049 2867 Videbis
2098 2814 2310 2883 gloriam

759 2909 853 2963 Dei
872 2950 888 2975 ,
920 2909 986 2962 de
1015 2908 1168 2962 Patre
1195 2908 1348 2961 verba
1382 2906 1598 2959 iaciens.
1632 2903 1811 2957 Viden‘
1832 2902 2129 2956 auditorum
2157 2901 2310 2957 dill'e-

756 3001 975 3054 rentiam
1019 3000 1212 3054 diversi
1260 2998 1520 3053 sermonis
1550 3010 1667 3051 esse
1709 2996 1961 3051 causam?
1994 2996 2047 3049 In
2078 3005 2309 3050 mentem

755 3098 966 3142 revocat
1009 3103 1069 3142 ea
1118 3104 1233 3155 qua:
1281 3087 1487 3141 mulieri
1538 3086 1771 3151 dixerat,
1805 3101 1867 3140 ac
1911 3087 1952 3139 si
1996 3085 2308 3155 redarguat,

754 3180 891 3245 quod
920 3180 1079 3233 oblita
1107 3179 1205 3241 sit;
1240 3180 1320 3233 vel
1351 3192 1469 3231 cum
1502 3177 1663 3230 nollet
1687 3176 1955 3230 adstantes
1982 3177 2271 3245 percellcre
2295 3216 2309 3239 ,

754 3268 957 3339 placide
982 3268 1105 3321 dicit
1132 3286 1143 3320 :
1179 3268 1266 3321 40.
1301 3265 1484 3337 Nonne
1508 3267 1614 3318 dixi
1639 3266 1756 3332 tibi,
1788 3268 1833 3320 si
1864 3266 2163 3332 credideris,
2188 3267 2337 3321 vide-.

753 3364 827 3415 bis
865 3361 1075 3431 gloriam
1107 3355 1197 3408 Dei
1220 3356 1244 3409 ?

819 3455 870 3508 5.
887 3447 1045 3507 Fides
1054 3446 1846 3519 quantumsitbo:ram.Apostoli
1860 3464 2009 3517 quam
2059 3459 2309 3515 pra'stan-

754 3547 900 3600 tiores
926 3546 1252 3614 philosophis.
1282 3571 1351 3585 -
1373 3541 1613 3613 Magnum
1656 3556 1779 3614 ergo
1806 3540 2000 3599 bonum
2032 3549 2114 3594 est
2146 3540 2307 3603 ﬁdes,

755 3651 999 3705 magnum
1052 3641 1265 3705 utique,
1316 3647 1372 3689 et
1424 3638 1706 3690 ntultorum
1754 3651 1910 3690 causa
1965 3637 2223 3689 bonorum
2258 3632 2307 3693 ¹;

756 3725 823 3777 ita
856 3735 912 3779 ut
941 3725 1184 3780 homines
1232 3725 1321 3795 Dei
1370 3739 1527 3804 Opera
1583 3728 1635 3779 in
1681 3726 1892 3779 nomine
1939 3726 2101 3794 ipsius
2154 3725 2309 3779 edere

756 3813 976 3880 possint.
1020 3812 1175 3871 Nam,
1233 3812 1292 3867 St
1344 3813 1608 3865 habueritis
1659 3814 1841 3879 ﬁdem,
1891 3813 2086 3881 inquit,
2138 3813 2309 3867 dicetis

753 3904 907 3956 menti
933 3904 1076 3969 huic,
1107 3901 1291 3955 Transi
1322 3903 1456 3969 hinc,
1489 3913 1533 3955 et
1563 3903 1789 3956 transibit
1820 3902 2032 3971 (Matth.
2065 3904 2150 3957 17.
2186 3904 2305 3969 l9);

752 4008 814 4047 at:
856 4007 1083 4059 rursum,
1129 3992 1226 4057 Qui
1271 3994 1426 4045 credit
1469 3996 1519 4045 in
1574 4010 1669 4059 me,
1719 4009 1900 4062 opera,
1951 4008 2064 4062 qua:
2103 4010 2193 4063 ego
2233 3998 2313 4063 {a-

753 4083 857 4145 cio,
883 4091 929 4133 et
948 4082 1053 4150 ipse
1076 4084 1250 4155 faciet,
1280 4092 1325 4135 et
1349 4085 1542 4148 majora
1564 4082 1641 4136 his
1686 4083 1831 4151 faciet
1856 4081 2046 4153 (Joan.
2077 4084 2160 4137 14.
2186 4082 2308 4152 12).

751 4172 880 4234 Qua:
919 4170 1157 4239 majora?
1185 4170 1257 4225 Ea
1285 4185 1400 4240 quae
1441 4170 1680 4239 discipuli
1722 4179 1901 4239 postea
1953 4169 2146 4226 fecere.
2180 4169 2309 4225 Nam

751 4260 932 4313 mnbra
952 4258 1091 4313 Petri
1110 4268 1373 4313 mortuum
1394 4259 1665 4313 suscitavit
1684 4259 1818 4330 (Act.
1838 4262 1889 4316 5.
1909 4260 1975 4315 15
1992 4261 2034 4329 ).
2058 4259 2147 4315 Sic
2163 4262 2306 4315 enim

750 4350 915 4419 magis
948 4350 1329 4417 praedicabatur
1369 4348 1565 4404 Christi
1614 4359 1870 4419 potestas.
1903 4350 2173 4421 Siquidem
2204 4368 2310 4407 non

746 4449 853 4491 tam
885 4438 1121 4492 mirabile
1149 4448 1263 4492 erat
1320 4439 1489 4507 ipsum
1537 4440 1799 4494 viventem
1829 4440 2080 4496 miracula
2111 4443 2269 4498 edere
2291 4484 2307 4511 ,

752 4544 907 4599 quam
935 4539 1053 4598 post
1079 4539 1303 4585 mortem
1334 4530 1450 4599 ejus
1475 4531 1608 4585 alios
1639 4532 1687 4583 in
1719 4532 1929 4586 nomine
1957 4532 2119 4603 ipsius
2148 4535 2312 4604 majo-

752 4636 806 4672 ra
849 4629 1101 4689 prtestare
1130 4634 1303 4689 posse.
1331 4618 1461 4674 Nam
1516 4627 1881 4690 argumentum
1916 4621 2045 4678 illud
2076 4638 2179 4677 non
2206 4625 2305 4679 du-

751 4710 892 4763 bium
919 4719 1032 4763 erat
1074 4709 1477 4765 resurrectionis
1517 4710 1675 4777 ejus:
1718 4726 1835 4780 quae
1879 4713 1923 4767 si
1953 4712 2021 4767 ab
2063 4714 2309 4768 omnibus

749 4798 859 4851 visa
892 4796 1109 4864 fuisset,
1134 4813 1237 4854 non
1268 4798 1336 4851 ita
1368 4798 1555 4853 fuisset
1581 4799 1778 4853 credita
1804 4816 1818 4865 ;
1854 4802 2145 4870 potuissent
2166 4804 2307 4857 enim

749 4889 925 4943 dicere
967 4889 1273 4957 phantasma
1315 4904 1469 4945 csse:
1512 4890 1634 4959 quia
1662 4900 1836 4945 autem
1870 4891 2083 4947 videbat
2106 4908 2168 4947 es
2194 4895 2309 4949 solo

750 4978 963 5033 nomine
982 4977 1096 5047 ejus
1122 4976 1276 5047 longe
1296 4980 1497 5048 majora
1524 4980 1670 5050 signa
1692 4980 1804 5035 ﬁeri
1828 5023 1842 5049 ,
1876 4998 2031 5051 quam
2057 4997 2175 5037 cum
2197 4983 2310 5054 ipse

750 5068 885 5120 inter
912 5066 1155 5121 homines
1185 5079 1506 5133 versaretur,
1536 5068 1691 5124 tidem
1719 5085 1912 5140 negare
1943 5087 2047 5126 non
2079 5081 2305 5142 poterat,

750 5155 849 5207 nisi
875 5154 1156 5211 admodum
1177 5156 1455 5226 desiperet.
1490 5158 1730 5228 Magnum
1762 5161 1935 5231 itaque
1961 5162 2155 5216 bonum
2179 5163 2308 5218 iides

749 5255 829 5297 est
848 5284 863 5309 ,
891 5259 1007 5299 cum
1033 5261 1099 5301 ex
1131 5246 1350 5302 ferventi
1372 5248 1546 5302 animo
1565 5288 1578 5314 ,
1628 5263 1809 5305 amore
1831 5266 2019 5320 magno
2039 5292 2054 5317 ,
2101 5253 2306 5307 ardenti

750 5333 913 5389 corde
955 5336 1209 5404 procedit.
1242 5336 1366 5391 llaec
1394 5350 1489 5391 nos
1519 5338 1859 5409 philosOphos
1885 5341 2115 5396 ostendit
2147 5358 2160 5395 :
2192 5341 2306 5396 haec

752 5427 1034 5480 lmmanam
1062 5424 1259 5497 detegit
1285 5428 1537 5482 vilitatem
1561 5470 1574 5494 ,
1603 5439 1654 5484 et
1681 5430 1856 5485 missis
1883 5430 2174 5485 ratiociniis
2192 5472 2206 5497 ,
2237 5430 2303 5485 de

811 5645 827 5675 ‘
862 5641 992 5715 Εᾳψ
1013 5644 1212 5716 ιιξὼεξιῑη
1236 5657 1411 5716 magna
1434 5652 1601 5716 mest
1619 5646 1741 5710 ﬁdes
1758 5682 1775 5711 ,
1797 5656 1841 5700 et
1885 5663 2078 5715 magnos
2102 5651 2307 5715 efﬁciens

746 5715 825 5755 eos
847 5706 1087 5766 mijuatta
1108 5706 1240 5757 iltam
1263 5706 1406 5757 vitam
1428 5706 1691 5759 iustitiam.

1535 376 1589 432 S.
1629 372 1900 429 JOAN‘NIS
1935 363 2404 425 CllRYSOSTmll
2446 361 2756 416 AllClllliP.
2790 359 3311 417 CUNSTANTINOP.

3886 364 3983 419 353

2414 475 2710 531 czelestibus
2728 474 3145 544 philosoithatur;
3168 475 3272 527 imo
3290 476 3460 543 potius
3476 489 3536 527 ea
3555 490 3670 545 qua:
3691 492 3795 530 non
3821 486 3988 545 potest

2414 568 2638 621 humana
2670 567 2920 635 sapientia
2955 566 3213 634 reperire,
3251 568 3358 634 ipsa
3391 566 3529 633 capit
3556 575 3610 619 et
3636 567 3836 636 dirigit.
3863 568 3988 623 lluic

2412 658 2586 729 itaque
2617 658 2909 711 hmreanins
2928 701 2943 722 ,
2971 671 3138 725 neque
3167 657 3455 710 ratiociniis
3480 666 3660 711 nostra
3688 661 3987 711 committa-

2414 765 2551 804 mus.
2586 749 2709 813 Cur,
2741 763 2950 817 qumso,
2995 748 3216 816 gentiles
3246 747 3370 799 nihil
3409 749 3641 816 reperire
3674 751 3989 815 potuerunt?

2411 855 2584 893 annon
2635 848 2796 892 totam
2837 838 2978 892 illam
3019 847 3288 890 externam
3342 839 3653 905 sapientiam
3684 840 3985 894 noverant?

2411 946 2506 983 cur
2545 931 2834 999 piscatores
2860 939 2911 981 et
2953 927 3297 983 tentoriorum
3334 928 3549 997 Opiﬁces
3585 945 3846 997 superare
3885 946 3987 983 non

2415 1018 2739 1088 potuerunt?
2774 1032 2948 1071 nonne
2973 1017 3060 1087 qui
3099 1018 3169 1070 illi
3201 1018 3517 1079 ratiociniis,
3561 1017 3611 1070 lii
3661 1017 3787 1072 fidei
3817 1028 3981 1072 totum

2412 1106 2829 1162 commiserant?
2876 1106 2999 1160 Ideo
3058 1105 3327 1160 Platonem
3373 1106 3474 1167 illi,
3526 1106 3885 1176 Pythagoram
3933 1116 3984 1160 et

2414 1199 2547 1252 alios
2575 1211 2759 1251 omnes
2803 1211 3024 1250 errones
3061 1196 3215 1265 longe
3258 1206 3603 1264 superarunt;
3644 1200 3943 1269 astrologos
3967 1239 3981 1261 ,

2414 1286 2811 1341 mathematicos
2832 1328 2846 1349 ,
2891 1293 3225 1354 geometras,
3260 1286 3652 1351 aritluncticos,
3685 1289 3875 1355 quavis
3913 1288 3985 1341 di.

2413 1378 2631 1446 sciplina
2660 1376 2944 1431 instructos
2970 1376 3207 1431 vicerunt
3226 1378 3262 1443 ',
3306 1376 3473 1445 iisque
3494 1379 3802 1443 superiores
3821 1378 3983 1433 effecti

2413 1476 2569 1530 sunt;
2619 1466 2687 1520 ita
2719 1477 2773 1519 ιιι
2800 1465 2851 1519 hi
2878 1481 3000 1520 vere
3026 1466 3304 1521 videantur
3334 1467 3626 1537 philosophi
3650 1507 3666 1534 ,
3700 1470 3776 1521 illi
3806 1480 3976 1523 autem

2414 1557 2555 1610 stulti
2585 1572 2645 1611 ac
2673 1556 2843 1610 deliri.
2881 1557 3255 1613 Animadverte
3295 1558 3468 1625 enim,
3519 1560 3614 1613 hos
3640 1560 3846 1615 dixisse
3874 1563 3981 1613 aui-

2414 1661 2552 1700 mam
2596 1647 2981 1709 immortalem;
3030 1663 3128 1701 nec
3158 1647 3364 1703 dixisse
3392 1648 3548 1703 modo
3569 1692 3582 1715 ,
3614 1664 3671 1703 sc
3698 1650 3708 1659 ’
3748 1651 3908 1704 etiam
3938 1652 3981 1704 id

2413 1738 2660 1792 suasisse.
2702 1737 2777 1791 Illi
2802 1754 2927 1792 vero
2955 1739 3124 1807 primo
3151 1738 3273 1807 quid
3301 1750 3440 1794 esset
3468 1741 3805 1805 nesciebant;
3846 1751 3980 1809 post-

2413 1842 2566 1894 quam
2594 1836 2767 1879 autem
2800 1829 3106 1881 invenerunt
3132 1869 3145 1891 ,
3192 1840 3241 1880 et
3271 1828 3623 1881 distinxerunt
3662 1845 3785 1883 eam
3814 1845 3842 1881 a
3868 1846 3980 1884 ror—

2414 1934 2575 1988 pore,
2623 1918 2775 1971 divisi
2802 1928 2924 1972 Sunt
2958 1919 3093 1970 inter
3121 1935 3206 1979 se,
3253 1919 3370 1971 aliis
3402 1920 3774 1984 incorpoream
3806 1920 3943 1973 illam
3964 1964 3976 1983 ,

2414 2009 2530 2063 aliis
2552 2022 2744 2075 corpus
2776 2022 2894 2061 esse
2911 2048 2924 2071 ,
2952 2016 3004 2061 et
3024 2022 3143 2060 eum
3168 2023 3391 2077 corpore
3414 2007 3627 2062 dissolvi
3665 2009 3979 2064 dicentibus.

2412 2100 2609 2153 Caelum
2656 2099 2779 2151 item
2825 2098 2895 2151 illi
2945 2100 3227 2152 animatuin
3260 2110 3313 2151 ct
3342 2100 3495 2153 deum
3528 2114 3648 2154 esse
3683 2101 3937 2156 dixerunt
3968 2121 3979 2156 :

2416 2189 2700 2255 piscatores
2727 2203 2852 2241 vero
2878 2189 3143 2256 opificium
3167 2204 3284 2243 esse
3306 2190 3394 2243 Dei
3421 2198 3475 2244 et
3502 2191 3753 2245 dixerunt
3791 2201 3847 2246 et
3870 2208 3981 2246 sua-

2413 2288 2613 2331 strnnt.
2666 2278 2770 2333 Sed
2815 2280 2952 2348 quod
2997 2282 3216 2348 gentiles
3262 2281 3552 2334 ratiociniis
3581 2293 3818 2348 utantur,
3858 2284 3979 2336 nihil

2413 2370 2603 2421 mirum
2630 2385 2642 2420 :
2667 2370 2806 2437 quod
2837 2381 3011 2423 autent
3043 2370 3074 2421 ii
3103 2372 3189 2438 qui
3222 2370 3405 2423 fideles
3430 2386 3550 2425 esse
3580 2372 3844 2437 videntur,
3871 2374 3977 2426 aui-

2415 2459 2579 2512 males
2618 2461 2949 2513 inveniantur
2973 2501 2985 2525 ,
3021 2461 3122 2515 hoc
3166 2461 3307 2514 luctu
3340 2462 3550 2530 dignum
3585 2475 3666 2516 est
3698 2465 3739 2513 '.
3773 2464 3896 2517 [deo
3934 2463 3979 2517 lii

2415 2561 2621 2616 quoque
2652 2559 2958 2603 erraverunt
2982 2592 2997 2615 ,
3019 2561 3071 2603 et
3093 2552 3179 2603 alii
3204 2551 3413 2619 quidem
3432 2553 3613 2606 dicunt
3638 2567 3696 2606 se
3725 2554 3795 2606 ita
3827 2567 3979 2607 nosse

2418 2636 2612 2701 Deum,
2660 2647 2715 2692 ut
2759 2639 2895 2692 Deus
2938 2640 3168 2707 seipsum
3212 2644 3383 2704 novit,
3438 2642 3578 2709 quod
3618 2658 3685 2695 ne
3711 2644 3981 2711 gentilium

2416 2728 2624 2795 quidem
2660 2729 2933 2797 quisquam
2976 2731 3154 2786 dicere
3182 2746 3343 2785 ausus
3377 2744 3456 2787 est
3485 2750 3499 2784 :
3533 2734 3618 2786 alii
3662 2735 3846 2789 dicunt
3879 2751 3978 2790 non

2418 2832 2573 2885 posse
2598 2818 2760 2873 Deum
2794 2821 2908 2873 sine
2937 2821 3178 2888 passione
3208 2822 3422 2890 gignere
3444 2865 3456 2885 ,
3511 2837 3605 2877 nec
3631 2825 3750 2891 plus
3782 2825 3856 2879 illi
3891 2826 3980 2877 tri-

2416 2910 2579 2963 buunt
2609 2924 2764 2979 quam
2797 2912 3096 2966 hominibus
3126 2914 3246 2965 :alii
3275 2913 3453 2968 dicunt
3478 2914 3606 2966 nihil
3633 2915 3885 2983 prond
3916 2916 3985 2991 vi-

2417 3010 2520 3054 tam
2550 3003 2763 3071 probam
2788 3044 2801 3069 ,
2835 3003 2914 3056 vel
2943 3017 3144 3058 rectum
3174 3005 3490 3060 institutum.
3524 3004 3628 3060 Sed
3658 3004 3775 3059 base
3804 3005 3984 3061 confu-

2419 3099 2530 3142 tare
2557 3105 2660 3143 non
2691 3091 2813 3145 licet
2842 3106 2934 3159 per
2958 3099 3183 3161 tempus.

2488 3180 2539 3233 ι.
2606 3178 2761 3233 Fides
2823 3182 2949 3234 nihil
3020 3182 3217 3249 prodest
3279 3184 3520 3250 improbo.
3589 3182 3776 3238 Contra
3834 3184 3983 3237 adul-

2420 3282 2565 3323 teros.
2627 3298 2696 3309 ——
2740 3271 2889 3337 Quod
2936 3281 3112 3326 autem
3152 3274 3281 3327 lides
3326 3284 3469 3328 recta
3508 3276 3635 3328 nihil
3679 3276 3884 3343 prosit,
3941 3277 3981 3330 si

2420 3370 2669 3427 eoi-rupta
2707 3362 2809 3413 vita
2842 3362 2945 3427 sit,
2988 3372 3042 3416 et
3079 3362 3323 3416 Christus
3348 3372 3402 3418 et
3443 3364 3633 3418 Paulus
3672 3364 3941 3420 declarant
3966 3406 3982 3431 ,

2417 3450 2506 3517 qui
2550 3450 2647 3503 hoc
2674 3450 2900 3504 maxime
2922 3461 3107 3504 curant
3146 3467 3159 3504 :
3200 3451 3441 3507 Christus
3461 3496 3475 3519 ,
3502 3469 3621 3508 cum
3644 3455 3721 3509 sic
3749 3457 3905 3511 docet
3923 3456 3942 3486 ⁸
3971 3474 3983 3509 :

2420 3535 2536 3591 Non
2565 3540 2723 3593 cumis
2750 3543 2834 3607 qui
2874 3541 2990 3593 dicit
3034 3543 3187 3607 mihi,
3224 3542 3433 3596 Domine
3457 3585 3470 3608 ,
3506 3543 3715 3598 Domine
3738 3586 3755 3611 ,
3784 3547 3986 3600 intrabit

2417 3626 2465 3678 in
2492 3643 2693 3695 regnum
2721 3630 2957 3682 crelorum
2984 3630 3179 3699 (Mat/2.
3216 3633 3264 3684 7.
3298 3632 3404 3702 2i)
3432 3649 3446 3697 ;
3480 3642 3531 3687 el
3562 3649 3799 3701 rursum,
3833 3635 3987 3689 Multi

2421 3719 2583 3777 dicent
2611 3721 2734 3775 mihi
2759 3722 2808 3773 in
2840 3719 2929 3773 illa
2955 3722 3037 3774 die
3066 3738 3085 3775 :
3108 3722 3323 3775 Domine
3342 3764 3356 3788 ,
3395 3741 3558 3778 nonne
3588 3726 3639 3777 in
3672 3728 3873 3779 nomine
3904 3741 3984 3780 tuo

2416 3814 2863 3885 praphetavimtts?
2906 3812 2972 3869 Et
2999 3824 3115 3868 tunc
3149 3816 3423 3880 conﬁtebor
3456 3815 3555 3868 illis
3580 3856 3594 3879 ,
3644 3814 3774 3879 Quia
3820 3819 3985 3871 nescio

2414 3922 2498 3960 vos
2518 3909 2783 3961 :discedite
2806 3925 2931 3961 aute
2963 3915 3047 3978 qui
3093 3906 3371 3977 operamini
3410 3907 3711 3977 iniquitatem
3746 3905 3905 3975 (Ibid.
3938 3924 3983 3959 v.

2414 3997 2501 4050 22.
2530 3998 2600 4053 23
2620 4002 2659 4067 ).
2688 4000 2785 4066 Qui
2809 4001 2948 4054 enim
2986 4000 3007 4031 "
3035 4014 3140 4055 non
3171 3986 3269 4054 sibi
3293 4003 3588 4065 attendunt,
3619 3997 3772 4055 facile
3794 4000 3857 4052 ad
3890 4015 3984 4053 ue-

2414 4088 2631 4156 quitiam
2679 4104 2821 4157 saepe
2850 4089 3148 4154 declinant,
3194 4090 3400 4144 etiamsi
3453 4091 3606 4144 [idem
3650 4103 3847 4146 rectam
3892 4088 3984 4141 ha-

2417 4180 2596 4232 beant.
2640 4178 2837 4233 Paulus
2865 4190 3037 4236 autem
3070 4181 3309 4236 Hebra‘is
3336 4182 3594 4245 scribens,
3629 4181 3743 4236 lia-c
3781 4183 3905 4235 dicit
3936 4194 3987 4236 et

2415 4280 2596 4326 monet
2625 4289 2636 4324 :
2671 4268 2857 4325 Pacem
2885 4288 2999 4324 cum
3032 4273 3257 4326 omnibus
3285 4273 3652 4342 perscquimini,
3684 4282 3728 4326 ct
3756 4274 3982 4341 sancti/i-

2415 4364 2685 4429 cationem,
2715 4364 2821 4417 sine
2845 4378 2943 4433 qua
2973 4380 3115 4418 nemo
3147 4365 3325 4417 videbit
3369 4363 3641 4417 Dominum
3663 4364 3684 4434 (
3705 4362 3865 4418 litor.
3895 4364 3983 4419 1‘2.

2418 4452 2484 4507 M
2505 4452 2543 4519 ).
2583 4452 3058 4508 Sanctiﬁcationcm
3088 4453 3319 4523 appellat
3346 4454 3643 4509 castitatem
3666 4493 3682 4519 ,
3724 4466 3782 4508 ut
3812 4470 3980 4509 unus-

2414 4545 2634 4615 quisque
2662 4559 2754 4599 sua
2787 4560 2948 4600 uxore
2974 4553 3255 4600 contentus
3277 4545 3383 4611 sit,
3414 4559 3587 4614 neque
3616 4546 3777 4598 aliam
3809 4544 3982 4598 adeat.

2413 4635 2540 4689 Nam
2567 4636 2654 4705 qui
2683 4650 2774 4689 sua
2801 4645 3084 4691 contentus
3108 4650 3214 4690 non
3244 4644 3361 4699 est,
3408 4635 3588 4689 salvus
3615 4649 3737 4688 esse
3766 4635 3946 4704 nequit
3970 4651 3983 4697 ;

2413 4725 2504 4780 sed
2536 4735 2713 4794 pereat
2739 4734 2977 4795 oportet,
3006 4726 3105 4780 etsi
3133 4725 3278 4780 mille
3307 4726 3459 4781 boitis
3515 4726 3769 4799 operibus
3798 4726 3864 4779 sit
3903 4726 3989 4778 in-

2417 4826 2667 4870 structus.
2702 4813 3073 4870 Fornicautem
3099 4816 3239 4870 enim
3269 4813 3589 4884 impossibile
3605 4824 3686 4869 est
3716 4814 3913 4869 intrare
3937 4816 3989 4867 in

2413 4920 2631 4975 regnum
2659 4904 2942 4970 cmlorum;
2975 4905 3083 4958 imo
3111 4904 3159 4957 id
3179 4903 3286 4973 jam
3312 4920 3418 4958 non
3445 4902 3725 4959 fornicatio
3750 4912 3864 4970 est,
3893 4906 3989 4957 sed

2414 4995 2744 5051 adulterium.
2792 4995 2939 5051 Sicut
2971 4996 3113 5049 enim
3152 4994 3366 5064 alligata
3394 4995 3508 5048 viro
3528 5033 3544 5059 ,
3592 4994 3637 5049 si
3665 5009 3787 5049 cum
3817 4996 3990 5049 altera

2413 5097 2594 5154 coeat,
2626 5087 2950 5142 adulteratur
2982 5104 2994 5139 :
3025 5086 3103 5142 sic
3130 5087 3375 5157 alligatus
3405 5088 3591 5152 uxori,
3624 5086 3670 5142 si
3703 5088 3858 5141 aliam
3892 5088 3981 5140 bar

2414 5179 2531 5234 beat
2551 5219 2565 5245 ,
2595 5177 2801 5233 adulter
2819 5188 2920 5233 est.
2948 5177 3045 5232 Hic
3068 5191 3193 5233 vero
3221 5191 3325 5231 non
3354 5177 3510 5233 heres
3533 5179 3637 5232 erit
3658 5178 3803 5249 regni
3824 5179 3987 5234 eicio-

2478 5350 2493 5380 ι
2520 5346 2611 5396 Alii
2633 5346 2979 5409 habent,qnasi
3002 5346 3243 5408 puluerem
3267 5345 3585 5409 dissipurwtt,
3610 5346 3738 5407 loco,
3755 5347 3989 5398 ricam.

2476 5411 2495 5441 ³
2528 5408 2727 5457 Quidam
2752 5407 2939 5457 lt‘sznut.
2964 5406 3049 5457 hoc
3075 5406 3336 5457 ridiculum
3353 5413 3439 5457 est.

2476 5416 2495 5441 ι
2528 5416 2727 5480 quidam
2752 5416 2939 5478 tegunt,
2964 5416 3049 5457 hoc
3075 5416 3336 5480 riatcumm
3353 5416 3439 5457 est.
3779 5468 3790 5479 .
3960 5470 3971 5479 _

2449 5471 2498 5539 h'
2533 5468 2588 5517 In
2611 5468 2719 5517 alus
2752 5468 2952 5531 legitur,
2987 5466 3207 5519 Cltrtstus
3245 5466 3389 5531 plura
3430 5469 3492 5518 de
3535 5468 3625 5520 hoc
3664 5467 3873 5528 loquar
3916 5470 3991 5522 ἀι-

2413 5534 2745 5638 εαθυιὲίιιιιιιιιιὶ
2790 5590 2919 5639 hunc
2949 5589 3108 5638 locum
3152 5591 3223 5639 sic
3269 5589 3498 5639 efferunt.
3630 5610 3653 5637 ι
3676 5589 3792 5650 (mia
3829 5594 3999 5641 nescio

2412 5662 2562 5717 tos»,
2604 5659 2669 5717 et
2689 5652 2903 5717 iterum;
2928 5669 2960 5717 ,ι
2992 5658 3321 5717 rei-imitatum
3363 5651 3413 5700 in
3458 5653 3547 5717 hoc
3591 5654 3733 5702 nolite
3775 5651 3999 5717 gmtdere

2414 5713 2527 5775 quia
2550 5710 2745 5774 spiritus
2767 5710 3082 5773 subjiciuntur
3104 5710 3252 5763 vobis.
3270 5728 3292 5755 ι
3322 5719 3409 5774 Qm
3430 5711 3575 5772 enim,
3604 5721 3699 5763 etc.
