  <div class='ocr_page' id='page_1' title='image "/cluster/home/n/w/nwhite01/storage/ocr_20150623/59/pst.000005712595/352.png"; bbox 0 0 4164 6330; ppageno 0'>
   <div class='ocr_carea' id='block_1_1' title="bbox 221 349 332 410">
    <p class='ocr_par' dir='ltr' id='par_1_1' title="bbox 221 349 332 410">
     <span class='ocr_line' id='line_1_1' title="bbox 221 349 332 410; baseline -0.036 0"><span class='ocrx_word' id='word_1_1' title='bbox 221 349 332 410; x_wconf 75' lang='lat'><strong>353</strong></span> 
     </span>
    </p>
   </div>
   <div class='ocr_carea' id='block_1_2' title="bbox 219 465 1805 541">
    <p class='ocr_par' dir='ltr' id='par_1_2' title="bbox 219 465 1805 541">
     <span class='ocr_line' id='line_1_2' title="bbox 219 465 1805 541; baseline 0.005 -21"><span class='ocrx_word' id='word_1_2' title='bbox 219 477 350 520; x_wconf 78' lang='lat' dir='ltr'><strong>rum</strong></span> <span class='ocrx_word' id='word_1_3' title='bbox 373 507 388 532; x_wconf 92' lang='lat'><strong>,</strong></span> <span class='ocrx_word' id='word_1_4' title='bbox 416 465 510 521; x_wconf 85' lang='lat' dir='ltr'><strong>sed</strong></span> <span class='ocrx_word' id='word_1_5' title='bbox 543 466 594 520; x_wconf 90' lang='lat' dir='ltr'><strong>in</strong></span> <span class='ocrx_word' id='word_1_6' title='bbox 622 465 916 534; x_wconf 76' lang='lat' dir='ltr'><strong>gehennam</strong></span> <span class='ocrx_word' id='word_1_7' title='bbox 944 466 1158 520; x_wconf 80' lang='lat' dir='ltr'><strong>incidet.</strong></span> <span class='ocrx_word' id='word_1_8' title='bbox 1209 469 1340 525; x_wconf 78' lang='lat' dir='ltr'><strong>Audi</strong></span> <span class='ocrx_word' id='word_1_9' title='bbox 1370 486 1487 541; x_wconf 72' lang='lat' dir='ltr'><strong>quae</strong></span> <span class='ocrx_word' id='word_1_10' title='bbox 1516 473 1584 527; x_wconf 91' lang='lat' dir='ltr'><strong>de</strong></span> <span class='ocrx_word' id='word_1_11' title='bbox 1614 473 1695 528; x_wconf 89' lang='lat' dir='ltr'><strong>his</strong></span> <span class='ocrx_word' id='word_1_12' title='bbox 1725 474 1805 528; x_wconf 89' lang='lat' dir='ltr'><strong>di-</strong></span> 
     </span>
    </p>
   </div>
   <div class='ocr_carea' id='block_1_3' title="bbox 219 558 1812 636">
    <p class='ocr_par' dir='ltr' id='par_1_3' title="bbox 219 558 1812 636">
     <span class='ocr_line' id='line_1_3' title="bbox 219 558 1812 636; baseline 0.004 -23"><span class='ocrx_word' id='word_1_13' title='bbox 219 560 297 613; x_wconf 89' lang='lat' dir='ltr'><strong>cit</strong></span> <span class='ocrx_word' id='word_1_14' title='bbox 327 558 572 614; x_wconf 76' lang='lat' dir='ltr'><strong>Christus</strong></span> <span class='ocrx_word' id='word_1_15' title='bbox 605 576 617 611; x_wconf 93' lang='lat'><strong>:</strong></span> <span class='ocrx_word' id='word_1_16' title='bbox 660 558 849 613; x_wconf 76' lang='lat' dir='ltr'><strong>Verulis</strong></span> <span class='ocrx_word' id='word_1_17' title='bbox 873 576 1044 612; x_wconf 89' lang='lat' dir='ltr'><strong>eorum</strong></span> <span class='ocrx_word' id='word_1_18' title='bbox 1068 578 1167 614; x_wconf 86' lang='lat' dir='ltr'><strong>non</strong></span> <span class='ocrx_word' id='word_1_19' title='bbox 1197 565 1455 630; x_wconf 88' lang='lat' dir='ltr'><strong>morietur,</strong></span> <span class='ocrx_word' id='word_1_20' title='bbox 1487 575 1533 619; x_wconf 86' lang='lat' dir='ltr'><strong>et</strong></span> <span class='ocrx_word' id='word_1_21' title='bbox 1554 567 1686 636; x_wconf 81' lang='lat' dir='ltr'><strong><em>ignis</em></strong></span> <span class='ocrx_word' id='word_1_22' title='bbox 1715 583 1812 620; x_wconf 88' lang='lat' dir='ltr'><strong>non</strong></span> 
     </span>
    </p>
   </div>
   <div class='ocr_carea' id='block_1_4' title="bbox 219 648 1810 726">
    <p class='ocr_par' dir='ltr' id='par_1_4' title="bbox 219 648 1810 726">
     <span class='ocr_line' id='line_1_4' title="bbox 219 648 1810 726; baseline 0.006 -24"><span class='ocrx_word' id='word_1_23' title='bbox 219 652 574 720; x_wconf 56' lang='lat' dir='ltr'><strong>extinguetur</strong></span> <span class='ocrx_word' id='word_1_24' title='bbox 603 650 621 719; x_wconf 89' lang='lat'>(</span> <span class='ocrx_word' id='word_1_25' title='bbox 649 648 809 705; x_wconf 78' lang='lat' dir='ltr'><strong>Marc.</strong></span> <span class='ocrx_word' id='word_1_26' title='bbox 855 651 908 706; x_wconf 90' lang='lat'><strong>9.</strong></span> <span class='ocrx_word' id='word_1_27' title='bbox 933 651 1001 706; x_wconf 73' lang='grc'><strong>45</strong></span> <span class='ocrx_word' id='word_1_28' title='bbox 1100 651 1259 719; x_wconf 47' lang='grc' dir='ltr'><strong>,ΝιιΙΙει</strong></span> <span class='ocrx_word' id='word_1_29' title='bbox 1287 656 1429 708; x_wconf 89' lang='lat' dir='ltr'><strong>enim</strong></span> <span class='ocrx_word' id='word_1_30' title='bbox 1460 657 1612 710; x_wconf 72' lang='lat' dir='ltr'><strong>venia</strong></span> <span class='ocrx_word' id='word_1_31' title='bbox 1642 659 1690 712; x_wconf 90' lang='lat' dir='ltr'><strong>ei</strong></span> <span class='ocrx_word' id='word_1_32' title='bbox 1723 660 1810 726; x_wconf 90' lang='lat' dir='ltr'><strong>qui</strong></span> 
     </span>
    </p>
   </div>
   <div class='ocr_carea' id='block_1_5' title="bbox 219 740 1810 815">
    <p class='ocr_par' dir='ltr' id='par_1_5' title="bbox 219 740 1810 815">
     <span class='ocr_line' id='line_1_5' title="bbox 219 740 1810 815; baseline 0.005 -25"><span class='ocrx_word' id='word_1_33' title='bbox 219 743 407 794; x_wconf 77' lang='lat' dir='ltr'><strong>uxoris</strong></span> <span class='ocrx_word' id='word_1_34' title='bbox 428 740 850 796; x_wconf 76' lang='lat' dir='ltr'><strong>consolationem</strong></span> <span class='ocrx_word' id='word_1_35' title='bbox 875 740 1107 807; x_wconf 91' lang='lat' dir='ltr'><strong>habens,</strong></span> <span class='ocrx_word' id='word_1_36' title='bbox 1141 743 1286 797; x_wconf 85' lang='lat' dir='ltr'><strong>illam</strong></span> <span class='ocrx_word' id='word_1_37' title='bbox 1314 786 1327 810; x_wconf 97' lang='lat'><strong>,</strong></span> <span class='ocrx_word' id='word_1_38' title='bbox 1356 745 1526 800; x_wconf 88' lang='lat' dir='ltr'><strong>altera</strong></span> <span class='ocrx_word' id='word_1_39' title='bbox 1555 747 1810 815; x_wconf 84' lang='lat' dir='ltr'><strong>admissa,</strong></span> 
     </span>
    </p>
   </div>
   <div class='ocr_carea' id='block_1_6' title="bbox 214 829 1813 905">
    <p class='ocr_par' dir='ltr' id='par_1_6' title="bbox 214 829 1813 905">
     <span class='ocr_line' id='line_1_6' title="bbox 214 829 1813 905; baseline 0.007 -24"><span class='ocrx_word' id='word_1_40' title='bbox 214 829 550 884; x_wconf 77' lang='lat' dir='ltr'><strong>Contumelia</strong></span> <span class='ocrx_word' id='word_1_41' title='bbox 595 829 759 885; x_wconf 87' lang='lat' dir='ltr'><strong>aflieit</strong></span> <span class='ocrx_word' id='word_1_42' title='bbox 787 848 801 886; x_wconf 88' lang='lat'>:</span> <span class='ocrx_word' id='word_1_43' title='bbox 831 831 944 886; x_wconf 63' lang='lat' dir='ltr'><strong>haec</strong></span> <span class='ocrx_word' id='word_1_44' title='bbox 985 833 1179 902; x_wconf 80' lang='lat' dir='ltr'><strong>quippe</strong></span> <span class='ocrx_word' id='word_1_45' title='bbox 1229 834 1640 905; x_wconf 76' lang='lat' dir='ltr'><strong>intemperantia</strong></span> <span class='ocrx_word' id='word_1_46' title='bbox 1689 854 1813 892; x_wconf 79' lang='lat' dir='ltr'><strong>vere</strong></span> 
     </span>
    </p>
   </div>
   <div class='ocr_carea' id='block_1_7' title="bbox 214 918 1812 994">
    <p class='ocr_par' dir='ltr' id='par_1_7' title="bbox 214 918 1812 994">
     <span class='ocr_line' id='line_1_7' title="bbox 214 918 1812 994; baseline 0.008 -23"><span class='ocrx_word' id='word_1_47' title='bbox 214 927 325 972; x_wconf 88' lang='lat' dir='ltr'><strong>est.</strong></span> <span class='ocrx_word' id='word_1_48' title='bbox 369 918 522 985; x_wconf 83' lang='lat' dir='ltr'><strong>Quod</strong></span> <span class='ocrx_word' id='word_1_49' title='bbox 569 921 613 974; x_wconf 88' lang='lat' dir='ltr'><strong>si</strong></span> <span class='ocrx_word' id='word_1_50' title='bbox 671 921 821 975; x_wconf 88' lang='lat' dir='ltr'><strong>multi</strong></span> <span class='ocrx_word' id='word_1_51' title='bbox 852 921 1125 991; x_wconf 79' lang='lat' dir='ltr'><strong>jejunandi</strong></span> <span class='ocrx_word' id='word_1_52' title='bbox 1171 933 1223 978; x_wconf 89' lang='lat' dir='ltr'><strong>et</strong></span> <span class='ocrx_word' id='word_1_53' title='bbox 1260 927 1511 994; x_wconf 84' lang='lat' dir='ltr'><strong>precandi</strong></span> <span class='ocrx_word' id='word_1_54' title='bbox 1558 941 1715 984; x_wconf 86' lang='lat' dir='ltr'><strong>causa</strong></span> <span class='ocrx_word' id='word_1_55' title='bbox 1745 929 1812 984; x_wconf 89' lang='lat' dir='ltr'><strong>ab</strong></span> 
     </span>
    </p>
   </div>
   <div class='ocr_carea' id='block_1_8' title="bbox 215 1009 1809 1081">
    <p class='ocr_par' dir='ltr' id='par_1_8' title="bbox 215 1009 1809 1081">
     <span class='ocr_line' id='line_1_8' title="bbox 215 1009 1809 1081; baseline 0.009 -21"><span class='ocrx_word' id='word_1_56' title='bbox 215 1021 394 1064; x_wconf 73' lang='lat' dir='ltr'><strong>uxore</strong></span> <span class='ocrx_word' id='word_1_57' title='bbox 423 1009 723 1076; x_wconf 77' lang='lat' dir='ltr'><strong>abstinent;</strong></span> <span class='ocrx_word' id='word_1_58' title='bbox 773 1011 861 1081; x_wconf 87' lang='lat' dir='ltr'><strong>qui</strong></span> <span class='ocrx_word' id='word_1_59' title='bbox 890 1028 985 1066; x_wconf 88' lang='lat' dir='ltr'><strong>sua</strong></span> <span class='ocrx_word' id='word_1_60' title='bbox 1019 1028 1124 1067; x_wconf 91' lang='lat' dir='ltr'><strong>non</strong></span> <span class='ocrx_word' id='word_1_61' title='bbox 1154 1026 1438 1071; x_wconf 90' lang='lat' dir='ltr'><strong>contentus</strong></span> <span class='ocrx_word' id='word_1_62' title='bbox 1462 1017 1681 1073; x_wconf 83' lang='lat' dir='ltr'><strong>alteram</strong></span> <span class='ocrx_word' id='word_1_63' title='bbox 1712 1021 1809 1075; x_wconf 89' lang='lat' dir='ltr'><strong>ad-</strong></span> 
     </span>
    </p>
   </div>
   <div class='ocr_carea' id='block_1_9' title="bbox 214 1097 1808 1172">
    <p class='ocr_par' dir='ltr' id='par_1_9' title="bbox 214 1097 1808 1172">
     <span class='ocr_line' id='line_1_9' title="bbox 214 1097 1808 1172; baseline 0.011 -23"><span class='ocrx_word' id='word_1_64' title='bbox 214 1097 418 1162; x_wconf 83' lang='lat' dir='ltr'><strong>mittit,</strong></span> <span class='ocrx_word' id='word_1_65' title='bbox 466 1110 717 1168; x_wconf 90' lang='lat' dir='ltr'><strong>quantum</strong></span> <span class='ocrx_word' id='word_1_66' title='bbox 751 1101 848 1155; x_wconf 90' lang='lat' dir='ltr'><strong>sibi</strong></span> <span class='ocrx_word' id='word_1_67' title='bbox 882 1102 1056 1172; x_wconf 82' lang='lat' dir='ltr'><strong>ignem</strong></span> <span class='ocrx_word' id='word_1_68' title='bbox 1084 1106 1428 1160; x_wconf 84' lang='lat' dir='ltr'><strong>accumulat?</strong></span> <span class='ocrx_word' id='word_1_69' title='bbox 1468 1107 1522 1163; x_wconf 89' lang='lat' dir='ltr'><strong>Si</strong></span> <span class='ocrx_word' id='word_1_70' title='bbox 1553 1124 1655 1163; x_wconf 90' lang='lat' dir='ltr'><strong>non</strong></span> <span class='ocrx_word' id='word_1_71' title='bbox 1687 1110 1808 1166; x_wconf 89' lang='lat' dir='ltr'><strong>licet</strong></span> 
     </span>
    </p>
   </div>
   <div class='ocr_carea' id='block_1_10' title="bbox 211 1188 1809 1268">
    <p class='ocr_par' dir='ltr' id='par_1_10' title="bbox 211 1188 1809 1268">
     <span class='ocr_line' id='line_1_10' title="bbox 211 1188 1809 1268; baseline 0.009 -26"><span class='ocrx_word' id='word_1_72' title='bbox 211 1188 264 1242; x_wconf 87' lang='lat' dir='ltr'><strong>ei</strong></span> <span class='ocrx_word' id='word_1_73' title='bbox 298 1189 392 1258; x_wconf 89' lang='lat' dir='ltr'><strong>qui</strong></span> <span class='ocrx_word' id='word_1_74' title='bbox 421 1205 640 1244; x_wconf 79' lang='lat' dir='ltr'><strong>uxorem</strong></span> <span class='ocrx_word' id='word_1_75' title='bbox 664 1192 959 1261; x_wconf 85' lang='lat' dir='ltr'><strong>repudiavit</strong></span> <span class='ocrx_word' id='word_1_76' title='bbox 985 1202 1041 1249; x_wconf 89' lang='lat' dir='ltr'><strong>et</strong></span> <span class='ocrx_word' id='word_1_77' title='bbox 1059 1196 1247 1265; x_wconf 81' lang='lat' dir='ltr'><strong>ejecit,</strong></span> <span class='ocrx_word' id='word_1_78' title='bbox 1279 1213 1396 1253; x_wconf 92' lang='lat' dir='ltr'><strong>cum</strong></span> <span class='ocrx_word' id='word_1_79' title='bbox 1426 1200 1598 1255; x_wconf 91' lang='lat' dir='ltr'><strong>altera</strong></span> <span class='ocrx_word' id='word_1_80' title='bbox 1623 1202 1809 1268; x_wconf 86' lang='lat' dir='ltr'><strong>coire;</strong></span> 
     </span>
    </p>
   </div>
   <div class='ocr_carea' id='block_1_11' title="bbox 213 1278 1811 1356">
    <p class='ocr_par' dir='ltr' id='par_1_11' title="bbox 213 1278 1811 1356">
     <span class='ocr_line' id='line_1_11' title="bbox 213 1278 1811 1356; baseline 0.01 -26"><span class='ocrx_word' id='word_1_81' title='bbox 213 1278 321 1334; x_wconf 86' lang='lat' dir='ltr'><strong>hoc</strong></span> <span class='ocrx_word' id='word_1_82' title='bbox 347 1282 545 1350; x_wconf 88' lang='lat' dir='ltr'><strong>quippe</strong></span> <span class='ocrx_word' id='word_1_83' title='bbox 583 1290 665 1335; x_wconf 91' lang='lat' dir='ltr'><strong>est</strong></span> <span class='ocrx_word' id='word_1_84' title='bbox 692 1282 1047 1351; x_wconf 83' lang='lat' dir='ltr'><strong>adulterium;</strong></span> <span class='ocrx_word' id='word_1_85' title='bbox 1098 1287 1187 1356; x_wconf 90' lang='lat' dir='ltr'><strong>qui</strong></span> <span class='ocrx_word' id='word_1_86' title='bbox 1230 1304 1448 1345; x_wconf 82' lang='lat' dir='ltr'><strong>uxorem</strong></span> <span class='ocrx_word' id='word_1_87' title='bbox 1495 1292 1811 1346; x_wconf 73' lang='lat' dir='ltr'><strong>secum-ha-</strong></span> 
     </span>
    </p>
   </div>
   <div class='ocr_carea' id='block_1_12' title="bbox 209 1369 1811 1452">
    <p class='ocr_par' dir='ltr' id='par_1_12' title="bbox 209 1369 1811 1452">
     <span class='ocr_line' id='line_1_12' title="bbox 209 1369 1811 1452; baseline 0.01 -31"><span class='ocrx_word' id='word_1_88' title='bbox 209 1369 355 1423; x_wconf 89' lang='lat' dir='ltr'><strong>bens</strong></span> <span class='ocrx_word' id='word_1_89' title='bbox 379 1411 395 1436; x_wconf 98' lang='lat'><strong>,</strong></span> <span class='ocrx_word' id='word_1_90' title='bbox 446 1371 667 1425; x_wconf 81' lang='lat' dir='ltr'><strong>alteram</strong></span> <span class='ocrx_word' id='word_1_91' title='bbox 700 1373 939 1440; x_wconf 91' lang='lat' dir='ltr'><strong>inducit,</strong></span> <span class='ocrx_word' id='word_1_92' title='bbox 987 1387 1244 1445; x_wconf 89' lang='lat' dir='ltr'><strong>quantum</strong></span> <span class='ocrx_word' id='word_1_93' title='bbox 1294 1380 1470 1434; x_wconf 87' lang='lat' dir='ltr'><strong>scelus</strong></span> <span class='ocrx_word' id='word_1_94' title='bbox 1502 1384 1811 1452; x_wconf 84' lang='lat' dir='ltr'><strong>perpetrat?</strong></span> 
     </span>
    </p>
   </div>
   <div class='ocr_carea' id='block_1_13' title="bbox 209 1458 1808 1542">
    <p class='ocr_par' dir='ltr' id='par_1_13' title="bbox 209 1458 1808 1542">
     <span class='ocr_line' id='line_1_13' title="bbox 209 1458 1808 1542; baseline 0.011 -29"><span class='ocrx_word' id='word_1_95' title='bbox 209 1458 392 1514; x_wconf 78' lang='lat' dir='ltr'><strong>Nemo</strong></span> <span class='ocrx_word' id='word_1_96' title='bbox 419 1460 578 1531; x_wconf 79' lang='lat' dir='ltr'><strong>igitur</strong></span> <span class='ocrx_word' id='word_1_97' title='bbox 621 1461 762 1518; x_wconf 90' lang='lat' dir='ltr'><strong>hunc</strong></span> <span class='ocrx_word' id='word_1_98' title='bbox 792 1465 1039 1519; x_wconf 90' lang='lat' dir='ltr'><strong>morbum</strong></span> <span class='ocrx_word' id='word_1_99' title='bbox 1066 1467 1117 1521; x_wconf 90' lang='lat' dir='ltr'><strong>in</strong></span> <span class='ocrx_word' id='word_1_100' title='bbox 1147 1469 1320 1523; x_wconf 85' lang='lat' dir='ltr'><strong>anima</strong></span> <span class='ocrx_word' id='word_1_101' title='bbox 1357 1471 1590 1528; x_wconf 88' lang='lat' dir='ltr'><strong>insidere</strong></span> <span class='ocrx_word' id='word_1_102' title='bbox 1634 1474 1808 1542; x_wconf 85' lang='lat' dir='ltr'><strong>sinat,</strong></span> 
     </span>
    </p>
   </div>
   <div class='ocr_carea' id='block_1_14' title="bbox 208 1550 1808 1636">
    <p class='ocr_par' dir='ltr' id='par_1_14' title="bbox 208 1550 1808 1636">
     <span class='ocr_line' id='line_1_14' title="bbox 208 1550 1808 1636; baseline 0.01 -32"><span class='ocrx_word' id='word_1_103' title='bbox 208 1550 308 1604; x_wconf 89' lang='lat' dir='ltr'><strong>sed</strong></span> <span class='ocrx_word' id='word_1_104' title='bbox 338 1552 592 1608; x_wconf 89' lang='lat' dir='ltr'><strong>radicitus</strong></span> <span class='ocrx_word' id='word_1_105' title='bbox 614 1555 825 1610; x_wconf 87' lang='lat' dir='ltr'><strong>evellat.</strong></span> <span class='ocrx_word' id='word_1_106' title='bbox 856 1556 1037 1627; x_wconf 85' lang='lat' dir='ltr'><strong>Neque</strong></span> <span class='ocrx_word' id='word_1_107' title='bbox 1064 1561 1205 1614; x_wconf 90' lang='lat' dir='ltr'><strong>enim</strong></span> <span class='ocrx_word' id='word_1_108' title='bbox 1233 1569 1338 1616; x_wconf 89' lang='lat' dir='ltr'><strong>tam</strong></span> <span class='ocrx_word' id='word_1_109' title='bbox 1364 1578 1584 1620; x_wconf 76' lang='lat' dir='ltr'><strong>uxorem</strong></span> <span class='ocrx_word' id='word_1_110' title='bbox 1607 1606 1622 1631; x_wconf 92' lang='lat'><strong>,</strong></span> <span class='ocrx_word' id='word_1_111' title='bbox 1652 1581 1808 1636; x_wconf 87' lang='lat' dir='ltr'><strong>quam</strong></span> 
     </span>
    </p>
   </div>
   <div class='ocr_carea' id='block_1_15' title="bbox 209 1644 1813 1726">
    <p class='ocr_par' dir='ltr' id='par_1_15' title="bbox 209 1644 1813 1726">
     <span class='ocr_line' id='line_1_15' title="bbox 209 1644 1813 1726; baseline 0.01 -30"><span class='ocrx_word' id='word_1_112' title='bbox 209 1645 454 1713; x_wconf 87' lang='lat' dir='ltr'><strong>seipsum</strong></span> <span class='ocrx_word' id='word_1_113' title='bbox 486 1644 650 1698; x_wconf 80' lang='lat' dir='ltr'><strong>Ledit.</strong></span> <span class='ocrx_word' id='word_1_114' title='bbox 683 1645 828 1700; x_wconf 84' lang='lat' dir='ltr'><strong>Adeo</strong></span> <span class='ocrx_word' id='word_1_115' title='bbox 858 1663 1023 1718; x_wconf 80' lang='lat' dir='ltr'><strong>grave</strong></span> <span class='ocrx_word' id='word_1_116' title='bbox 1044 1689 1059 1715; x_wconf 92' lang='lat'><strong>,</strong></span> <span class='ocrx_word' id='word_1_117' title='bbox 1085 1650 1221 1706; x_wconf 88' lang='lat' dir='ltr'><strong>adeo</strong></span> <span class='ocrx_word' id='word_1_118' title='bbox 1248 1654 1400 1708; x_wconf 88' lang='lat' dir='ltr'><strong>venia</strong></span> <span class='ocrx_word' id='word_1_119' title='bbox 1424 1655 1700 1726; x_wconf 84' lang='lat' dir='ltr'><strong>indignum</strong></span> <span class='ocrx_word' id='word_1_120' title='bbox 1729 1669 1813 1712; x_wconf 70' lang='lat' dir='ltr'><strong>e.~t</strong></span> 
     </span>
    </p>
   </div>
   <div class='ocr_carea' id='block_1_16' title="bbox 211 1732 1807 1816">
    <p class='ocr_par' dir='ltr' id='par_1_16' title="bbox 211 1732 1807 1816">
     <span class='ocr_line' id='line_1_16' title="bbox 211 1732 1807 1816; baseline 0.013 -33"><span class='ocrx_word' id='word_1_121' title='bbox 211 1732 320 1785; x_wconf 92' lang='lat' dir='ltr'><strong>hoc</strong></span> <span class='ocrx_word' id='word_1_122' title='bbox 352 1743 657 1802; x_wconf 89' lang='lat' dir='ltr'><strong>peccatum,</strong></span> <span class='ocrx_word' id='word_1_123' title='bbox 689 1745 750 1791; x_wconf 93' lang='lat' dir='ltr'><strong>ut</strong></span> <span class='ocrx_word' id='word_1_124' title='bbox 777 1738 820 1792; x_wconf 88' lang='lat' dir='ltr'><strong>si</strong></span> <span class='ocrx_word' id='word_1_125' title='bbox 843 1753 1010 1803; x_wconf 79' lang='lat' dir='ltr'><strong>uxor,</strong></span> <span class='ocrx_word' id='word_1_126' title='bbox 1049 1742 1213 1796; x_wconf 87' lang='lat' dir='ltr'><strong>invito</strong></span> <span class='ocrx_word' id='word_1_127' title='bbox 1241 1744 1470 1816; x_wconf 78' lang='lat' dir='ltr'><strong>conjuge</strong></span> <span class='ocrx_word' id='word_1_128' title='bbox 1500 1748 1660 1802; x_wconf 88' lang='lat' dir='ltr'><strong>etiam</strong></span> <span class='ocrx_word' id='word_1_129' title='bbox 1691 1748 1807 1804; x_wconf 85' lang='lat' dir='ltr'><strong>ido-</strong></span> 
     </span>
    </p>
   </div>
   <div class='ocr_carea' id='block_1_17' title="bbox 209 1823 1804 1903">
    <p class='ocr_par' dir='ltr' id='par_1_17' title="bbox 209 1823 1804 1903">
     <span class='ocr_line' id='line_1_17' title="bbox 209 1823 1804 1903; baseline 0.013 -29"><span class='ocrx_word' id='word_1_130' title='bbox 209 1823 408 1876; x_wconf 85' lang='lat' dir='ltr'><strong>lolatra</strong></span> <span class='ocrx_word' id='word_1_131' title='bbox 429 1863 445 1887; x_wconf 94' lang='lat'><strong>,</strong></span> <span class='ocrx_word' id='word_1_132' title='bbox 468 1825 534 1878; x_wconf 85' lang='lat' dir='ltr'><strong>ab</strong></span> <span class='ocrx_word' id='word_1_133' title='bbox 561 1826 651 1880; x_wconf 93' lang='lat' dir='ltr'><strong>illo</strong></span> <span class='ocrx_word' id='word_1_134' title='bbox 665 1839 964 1897; x_wconf 86' lang='lat' dir='ltr'><strong>separetur,</strong></span> <span class='ocrx_word' id='word_1_135' title='bbox 996 1845 1026 1885; x_wconf 89' lang='lat' dir='ltr'><strong>a</strong></span> <span class='ocrx_word' id='word_1_136' title='bbox 1050 1833 1161 1887; x_wconf 92' lang='lat' dir='ltr'><strong>Deo</strong></span> <span class='ocrx_word' id='word_1_137' title='bbox 1189 1835 1456 1903; x_wconf 90' lang='lat' dir='ltr'><strong>puniatur;</strong></span> <span class='ocrx_word' id='word_1_138' title='bbox 1486 1839 1529 1891; x_wconf 93' lang='lat' dir='ltr'><strong>si</strong></span> <span class='ocrx_word' id='word_1_139' title='bbox 1563 1838 1630 1891; x_wconf 91' lang='lat' dir='ltr'><strong>ab</strong></span> <span class='ocrx_word' id='word_1_140' title='bbox 1657 1839 1804 1893; x_wconf 89' lang='lat' dir='ltr'><strong>adul-</strong></span> 
     </span>
    </p>
   </div>
   <div class='ocr_carea' id='block_1_18' title="bbox 209 1916 1804 1990">
    <p class='ocr_par' dir='ltr' id='par_1_18' title="bbox 209 1916 1804 1990">
     <span class='ocr_line' id='line_1_18' title="bbox 209 1916 1804 1990; baseline 0.013 -26"><span class='ocrx_word' id='word_1_141' title='bbox 209 1923 368 1977; x_wconf 80' lang='lat' dir='ltr'><strong>tero,</strong></span> <span class='ocrx_word' id='word_1_142' title='bbox 401 1916 640 1972; x_wconf 89' lang='lat' dir='ltr'><strong>minime.</strong></span> <span class='ocrx_word' id='word_1_143' title='bbox 671 1917 856 1975; x_wconf 83' lang='lat' dir='ltr'><strong>Viden‘</strong></span> <span class='ocrx_word' id='word_1_144' title='bbox 880 1934 1134 1990; x_wconf 89' lang='lat' dir='ltr'><strong>quantum</strong></span> <span class='ocrx_word' id='word_1_145' title='bbox 1161 1927 1230 1980; x_wconf 93' lang='lat' dir='ltr'><strong>sit</strong></span> <span class='ocrx_word' id='word_1_146' title='bbox 1257 1927 1356 1982; x_wconf 87' lang='lat' dir='ltr'><strong>hoc</strong></span> <span class='ocrx_word' id='word_1_147' title='bbox 1383 1930 1626 1983; x_wconf 89' lang='lat' dir='ltr'><strong>malum?</strong></span> <span class='ocrx_word' id='word_1_148' title='bbox 1674 1931 1804 1985; x_wconf 85' lang='lat' dir='ltr'><strong>Nam</strong></span> 
     </span>
    </p>
   </div>
   <div class='ocr_carea' id='block_1_19' title="bbox 211 2004 1808 2093">
    <p class='ocr_par' dir='ltr' id='par_1_19' title="bbox 211 2004 1808 2093">
     <span class='ocr_line' id='line_1_19' title="bbox 211 2004 1808 2093; baseline 0.012 -36"><span class='ocrx_word' id='word_1_149' title='bbox 211 2004 278 2057; x_wconf 88' lang='lat' dir='ltr'><strong>Si</strong></span> <span class='ocrx_word' id='word_1_150' title='bbox 304 2021 409 2073; x_wconf 83' lang='lat' dir='ltr'><strong>qua</strong></span> <span class='ocrx_word' id='word_1_151' title='bbox 440 2007 635 2074; x_wconf 80' lang='lat' dir='ltr'><strong>ﬁdelis,</strong></span> <span class='ocrx_word' id='word_1_152' title='bbox 669 2010 876 2081; x_wconf 92' lang='lat' dir='ltr'><strong>inquit,</strong></span> <span class='ocrx_word' id='word_1_153' title='bbox 904 2013 1083 2069; x_wconf 66' lang='lat' dir='ltr'><strong>habeat</strong></span> <span class='ocrx_word' id='word_1_154' title='bbox 1110 2017 1270 2072; x_wconf 77' lang='lat' dir='ltr'><strong>virum</strong></span> <span class='ocrx_word' id='word_1_155' title='bbox 1300 2019 1586 2089; x_wconf 79' lang='lat' dir='ltr'><strong>infidelem,</strong></span> <span class='ocrx_word' id='word_1_156' title='bbox 1620 2033 1664 2075; x_wconf 86' lang='lat' dir='ltr'><strong>et</strong></span> <span class='ocrx_word' id='word_1_157' title='bbox 1701 2023 1808 2093; x_wconf 81' lang='lat' dir='ltr'><strong>ipse</strong></span> 
     </span>
    </p>
   </div>
   <div class='ocr_carea' id='block_1_20' title="bbox 204 2097 1802 2181">
    <p class='ocr_par' dir='ltr' id='par_1_20' title="bbox 204 2097 1802 2181">
     <span class='ocr_line' id='line_1_20' title="bbox 204 2097 1802 2181; baseline 0.014 -35"><span class='ocrx_word' id='word_1_158' title='bbox 204 2097 458 2148; x_wconf 71' lang='lat' dir='ltr'><strong>consentit</strong></span> <span class='ocrx_word' id='word_1_159' title='bbox 477 2099 703 2154; x_wconf 79' lang='lat' dir='ltr'><strong>habitare</strong></span> <span class='ocrx_word' id='word_1_160' title='bbox 722 2117 833 2155; x_wconf 85' lang='lat' dir='ltr'><strong>cum</strong></span> <span class='ocrx_word' id='word_1_161' title='bbox 855 2105 964 2169; x_wconf 89' lang='lat' dir='ltr'><strong>illa,</strong></span> <span class='ocrx_word' id='word_1_162' title='bbox 989 2123 1050 2160; x_wconf 87' lang='lat' dir='ltr'><strong>ne</strong></span> <span class='ocrx_word' id='word_1_163' title='bbox 1066 2108 1283 2162; x_wconf 80' lang='lat' dir='ltr'><strong>dimittat</strong></span> <span class='ocrx_word' id='word_1_164' title='bbox 1305 2111 1470 2180; x_wconf 84' lang='lat' dir='ltr'><strong>ipsum</strong></span> <span class='ocrx_word' id='word_1_165' title='bbox 1493 2114 1578 2181; x_wconf 83' lang='lat' dir='ltr'><strong>(l.</strong></span> <span class='ocrx_word' id='word_1_166' title='bbox 1602 2113 1719 2168; x_wconf 90' lang='lat' dir='ltr'><strong>Cor.</strong></span> <span class='ocrx_word' id='word_1_167' title='bbox 1751 2117 1802 2169; x_wconf 87' lang='lat'><strong>7.</strong></span> 
     </span>
    </p>
   </div>
   <div class='ocr_carea' id='block_1_21' title="bbox 207 2185 1805 2270">
    <p class='ocr_par' dir='ltr' id='par_1_21' title="bbox 207 2185 1805 2270">
     <span class='ocr_line' id='line_1_21' title="bbox 207 2185 1805 2270; baseline 0.014 -34"><span class='ocrx_word' id='word_1_168' title='bbox 207 2185 276 2238; x_wconf 78' lang='grc'><strong>15</strong></span> <span class='ocrx_word' id='word_1_169' title='bbox 301 2189 345 2254; x_wconf 86' lang='grc'>&gt;.</span> <span class='ocrx_word' id='word_1_170' title='bbox 395 2186 466 2239; x_wconf 90' lang='lat' dir='ltr'><strong>De</strong></span> <span class='ocrx_word' id='word_1_171' title='bbox 493 2189 736 2245; x_wconf 90' lang='lat' dir='ltr'><strong>adultera</strong></span> <span class='ocrx_word' id='word_1_172' title='bbox 785 2208 940 2248; x_wconf 87' lang='lat' dir='ltr'><strong>secus</strong></span> <span class='ocrx_word' id='word_1_173' title='bbox 966 2212 979 2258; x_wconf 94' lang='lat'><strong>;</strong></span> <span class='ocrx_word' id='word_1_174' title='bbox 1017 2198 1110 2250; x_wconf 90' lang='lat' dir='ltr'><strong>sed</strong></span> <span class='ocrx_word' id='word_1_175' title='bbox 1139 2199 1305 2267; x_wconf 83' lang='lat' dir='ltr'><strong>quid?</strong></span> <span class='ocrx_word' id='word_1_176' title='bbox 1333 2200 1394 2254; x_wconf 87' lang='lat' dir='ltr'><strong>Si</strong></span> <span class='ocrx_word' id='word_1_177' title='bbox 1422 2203 1532 2270; x_wconf 85' lang='lat' dir='ltr'><strong>quis</strong></span> <span class='ocrx_word' id='word_1_178' title='bbox 1558 2205 1805 2258; x_wconf 75' lang='lat' dir='ltr'><strong>dimiserit</strong></span> 
     </span>
    </p>
   </div>
   <div class='ocr_carea' id='block_1_22' title="bbox 205 2289 1804 2363">
    <p class='ocr_par' dir='ltr' id='par_1_22' title="bbox 205 2289 1804 2363">
     <span class='ocr_line' id='line_1_22' title="bbox 205 2289 1804 2363; baseline 0.014 -37"><span class='ocrx_word' id='word_1_179' title='bbox 205 2291 425 2329; x_wconf 74' lang='lat' dir='ltr'><strong>uxorem</strong></span> <span class='ocrx_word' id='word_1_180' title='bbox 467 2295 610 2332; x_wconf 86' lang='lat' dir='ltr'><strong>suam</strong></span> <span class='ocrx_word' id='word_1_181' title='bbox 641 2292 822 2350; x_wconf 63' lang='lat' dir='ltr'><strong>prater</strong></span> <span class='ocrx_word' id='word_1_182' title='bbox 865 2301 1071 2339; x_wconf 83' lang='lat' dir='ltr'><strong>causam</strong></span> <span class='ocrx_word' id='word_1_183' title='bbox 1115 2289 1493 2357; x_wconf 78' lang='lat' dir='ltr'><strong>fornicationis,</strong></span> <span class='ocrx_word' id='word_1_184' title='bbox 1541 2296 1660 2363; x_wconf 78' lang='lat' dir='ltr'><strong>facit</strong></span> <span class='ocrx_word' id='word_1_185' title='bbox 1696 2312 1804 2348; x_wconf 86' lang='lat' dir='ltr'><strong>eam</strong></span> 
     </span>
    </p>
   </div>
   <div class='ocr_carea' id='block_1_23' title="bbox 204 2368 1806 2451">
    <p class='ocr_par' dir='ltr' id='par_1_23' title="bbox 204 2368 1806 2451">
     <span class='ocr_line' id='line_1_23' title="bbox 204 2368 1806 2451; baseline 0.017 -36"><span class='ocrx_word' id='word_1_186' title='bbox 204 2368 456 2420; x_wconf 73' lang='lat' dir='ltr'><strong>mazchari</strong></span> <span class='ocrx_word' id='word_1_187' title='bbox 483 2369 694 2438; x_wconf 80' lang='lat' dir='ltr'><strong>(Matth.</strong></span> <span class='ocrx_word' id='word_1_188' title='bbox 721 2374 773 2427; x_wconf 86' lang='lat'><strong>5.</strong></span> <span class='ocrx_word' id='word_1_189' title='bbox 798 2375 911 2444; x_wconf 73' lang='lat'><strong>32).</strong></span> <span class='ocrx_word' id='word_1_190' title='bbox 941 2377 1073 2432; x_wconf 83' lang='lat' dir='ltr'><strong>Nam</strong></span> <span class='ocrx_word' id='word_1_191' title='bbox 1097 2380 1140 2433; x_wconf 89' lang='lat' dir='ltr'><strong>si</strong></span> <span class='ocrx_word' id='word_1_192' title='bbox 1167 2383 1468 2451; x_wconf 81' lang='lat' dir='ltr'><strong>conjugium</strong></span> <span class='ocrx_word' id='word_1_193' title='bbox 1499 2401 1659 2440; x_wconf 90' lang='lat' dir='ltr'><strong>unum</strong></span> <span class='ocrx_word' id='word_1_194' title='bbox 1689 2403 1806 2442; x_wconf 88' lang='lat' dir='ltr'><strong>cor-</strong></span> 
     </span>
    </p>
   </div>
   <div class='ocr_carea' id='block_1_24' title="bbox 206 2457 1802 2540">
    <p class='ocr_par' dir='ltr' id='par_1_24' title="bbox 206 2457 1802 2540">
     <span class='ocr_line' id='line_1_24' title="bbox 206 2457 1802 2540; baseline 0.017 -35"><span class='ocrx_word' id='word_1_195' title='bbox 206 2473 307 2524; x_wconf 85' lang='lat' dir='ltr'><strong>pus</strong></span> <span class='ocrx_word' id='word_1_196' title='bbox 359 2457 515 2524; x_wconf 85' lang='lat' dir='ltr'><strong>facit;</strong></span> <span class='ocrx_word' id='word_1_197' title='bbox 565 2462 609 2514; x_wconf 90' lang='lat' dir='ltr'><strong>si</strong></span> <span class='ocrx_word' id='word_1_198' title='bbox 643 2464 760 2532; x_wconf 91' lang='lat' dir='ltr'><strong>quis</strong></span> <span class='ocrx_word' id='word_1_199' title='bbox 788 2480 906 2519; x_wconf 93' lang='lat' dir='ltr'><strong>cum</strong></span> <span class='ocrx_word' id='word_1_200' title='bbox 939 2472 1223 2526; x_wconf 88' lang='lat' dir='ltr'><strong>meretrice</strong></span> <span class='ocrx_word' id='word_1_201' title='bbox 1272 2483 1458 2540; x_wconf 85' lang='lat' dir='ltr'><strong>coeat,</strong></span> <span class='ocrx_word' id='word_1_202' title='bbox 1494 2493 1654 2531; x_wconf 90' lang='lat' dir='ltr'><strong>unum</strong></span> <span class='ocrx_word' id='word_1_203' title='bbox 1683 2495 1802 2533; x_wconf 88' lang='lat' dir='ltr'><strong>cum</strong></span> 
     </span>
    </p>
   </div>
   <div class='ocr_carea' id='block_1_25' title="bbox 203 2548 1799 2632">
    <p class='ocr_par' dir='ltr' id='par_1_25' title="bbox 203 2548 1799 2632">
     <span class='ocr_line' id='line_1_25' title="bbox 203 2548 1799 2632; baseline 0.016 -33"><span class='ocrx_word' id='word_1_204' title='bbox 203 2548 292 2600; x_wconf 90' lang='lat' dir='ltr'><strong>illa</strong></span> <span class='ocrx_word' id='word_1_205' title='bbox 322 2564 520 2618; x_wconf 71' lang='grc' dir='ltr'><strong>ου’-ρης</strong></span> <span class='ocrx_word' id='word_1_206' title='bbox 552 2552 799 2608; x_wconf 79' lang='lat' dir='ltr'><strong>efficitur.</strong></span> <span class='ocrx_word' id='word_1_207' title='bbox 843 2557 1122 2625; x_wconf 77' lang='lat' dir='ltr'><strong>Quomodo</strong></span> <span class='ocrx_word' id='word_1_208' title='bbox 1157 2577 1283 2632; x_wconf 83' lang='lat' dir='ltr'><strong>ergo</strong></span> <span class='ocrx_word' id='word_1_209' title='bbox 1317 2565 1538 2621; x_wconf 88' lang='lat' dir='ltr'><strong>honesta</strong></span> <span class='ocrx_word' id='word_1_210' title='bbox 1571 2570 1762 2624; x_wconf 78' lang='lat' dir='ltr'><strong>muli.~r</strong></span> <span class='ocrx_word' id='word_1_211' title='bbox 1785 2613 1799 2632; x_wconf 89' lang='lat'><strong>,</strong></span> 
     </span>
    </p>
   </div>
   <div class='ocr_carea' id='block_1_26' title="bbox 200 2644 1803 2715">
    <p class='ocr_par' dir='ltr' id='par_1_26' title="bbox 200 2644 1803 2715">
     <span class='ocr_line' id='line_1_26' title="bbox 200 2644 1803 2715; baseline 0.016 -25"><span class='ocrx_word' id='word_1_212' title='bbox 200 2655 326 2707; x_wconf 73' lang='lat' dir='ltr'><strong>qua:</strong></span> <span class='ocrx_word' id='word_1_213' title='bbox 360 2650 443 2694; x_wconf 86' lang='lat' dir='ltr'><strong>est</strong></span> <span class='ocrx_word' id='word_1_214' title='bbox 473 2644 768 2698; x_wconf 88' lang='lat' dir='ltr'><strong>membrum</strong></span> <span class='ocrx_word' id='word_1_215' title='bbox 812 2647 1048 2715; x_wconf 88' lang='lat' dir='ltr'><strong>Christi,</strong></span> <span class='ocrx_word' id='word_1_216' title='bbox 1100 2652 1258 2707; x_wconf 90' lang='lat' dir='ltr'><strong>talem</strong></span> <span class='ocrx_word' id='word_1_217' title='bbox 1306 2656 1476 2710; x_wconf 75' lang='lat' dir='ltr'><strong>virum</strong></span> <span class='ocrx_word' id='word_1_218' title='bbox 1519 2658 1803 2715; x_wconf 85' lang='lat' dir='ltr'><strong>admittat?</strong></span> 
     </span>
    </p>
   </div>
   <div class='ocr_carea' id='block_1_27' title="bbox 198 2733 1801 2814">
    <p class='ocr_par' dir='ltr' id='par_1_27' title="bbox 198 2733 1801 2814">
     <span class='ocr_line' id='line_1_27' title="bbox 198 2733 1801 2814; baseline 0.017 -33"><span class='ocrx_word' id='word_1_219' title='bbox 198 2740 294 2782; x_wconf 85' lang='lat' dir='ltr'><strong>aut</strong></span> <span class='ocrx_word' id='word_1_220' title='bbox 346 2733 618 2799; x_wconf 84' lang='lat' dir='ltr'><strong>quomodo</strong></span> <span class='ocrx_word' id='word_1_221' title='bbox 659 2735 758 2790; x_wconf 90' lang='lat' dir='ltr'><strong>sibi</strong></span> <span class='ocrx_word' id='word_1_222' title='bbox 797 2738 985 2809; x_wconf 86' lang='lat' dir='ltr'><strong>junget</strong></span> <span class='ocrx_word' id='word_1_223' title='bbox 1029 2744 1324 2799; x_wconf 89' lang='lat' dir='ltr'><strong>membrum</strong></span> <span class='ocrx_word' id='word_1_224' title='bbox 1368 2755 1705 2814; x_wconf 77' lang='lat' dir='ltr'><strong>merezreis?</strong></span> <span class='ocrx_word' id='word_1_225' title='bbox 1739 2756 1801 2808; x_wconf 79' lang='lat' dir='ltr'><strong>Et</strong></span> 
     </span>
    </p>
   </div>
   <div class='ocr_carea' id='block_1_28' title="bbox 202 2819 1799 2906">
    <p class='ocr_par' dir='ltr' id='par_1_28' title="bbox 202 2819 1799 2906">
     <span class='ocr_line' id='line_1_28' title="bbox 202 2819 1799 2906; baseline 0.018 -36"><span class='ocrx_word' id='word_1_226' title='bbox 202 2819 328 2874; x_wconf 78' lang='lat' dir='ltr'><strong>vide</strong></span> <span class='ocrx_word' id='word_1_227' title='bbox 355 2836 515 2889; x_wconf 90' lang='lat' dir='ltr'><strong>quam</strong></span> <span class='ocrx_word' id='word_1_228' title='bbox 543 2826 674 2878; x_wconf 90' lang='lat' dir='ltr'><strong>mira</strong></span> <span class='ocrx_word' id='word_1_229' title='bbox 698 2841 785 2884; x_wconf 72' lang='lat' dir='ltr'><strong>res</strong></span> <span class='ocrx_word' id='word_1_230' title='bbox 807 2830 892 2881; x_wconf 89' lang='lat' dir='ltr'><strong>sit.</strong></span> <span class='ocrx_word' id='word_1_231' title='bbox 923 2829 1051 2897; x_wconf 68' lang='lat' dir='ltr'><strong>Quae</strong></span> <span class='ocrx_word' id='word_1_232' title='bbox 1073 2847 1192 2888; x_wconf 91' lang='lat' dir='ltr'><strong>cum</strong></span> <span class='ocrx_word' id='word_1_233' title='bbox 1217 2834 1415 2891; x_wconf 83' lang='lat' dir='ltr'><strong>inﬁdeli</strong></span> <span class='ocrx_word' id='word_1_234' title='bbox 1446 2838 1668 2906; x_wconf 86' lang='lat' dir='ltr'><strong>habitat,</strong></span> <span class='ocrx_word' id='word_1_235' title='bbox 1694 2858 1799 2899; x_wconf 90' lang='lat' dir='ltr'><strong>non</strong></span> 
     </span>
    </p>
   </div>
   <div class='ocr_carea' id='block_1_29' title="bbox 199 2913 1800 3001">
    <p class='ocr_par' dir='ltr' id='par_1_29' title="bbox 199 2913 1800 3001">
     <span class='ocr_line' id='line_1_29' title="bbox 199 2913 1800 3001; baseline 0.016 -38"><span class='ocrx_word' id='word_1_236' title='bbox 199 2920 283 2963; x_wconf 85' lang='lat' dir='ltr'><strong>est</strong></span> <span class='ocrx_word' id='word_1_237' title='bbox 317 2913 527 2981; x_wconf 87' lang='lat' dir='ltr'><strong>impura</strong></span> <span class='ocrx_word' id='word_1_238' title='bbox 556 2915 575 2984; x_wconf 93' lang='lat'>(</span> <span class='ocrx_word' id='word_1_239' title='bbox 599 2931 718 2969; x_wconf 87' lang='lat' dir='ltr'><strong>nam</strong></span> <span class='ocrx_word' id='word_1_240' title='bbox 749 2917 1111 2987; x_wconf 75' lang='lat' dir='ltr'><strong>Sanctificatus</strong></span> <span class='ocrx_word' id='word_1_241' title='bbox 1137 2934 1208 2977; x_wconf 87' lang='lat' dir='ltr'><strong>est</strong></span> <span class='ocrx_word' id='word_1_242' title='bbox 1234 2966 1248 2989; x_wconf 96' lang='lat'><strong>,</strong></span> <span class='ocrx_word' id='word_1_243' title='bbox 1282 2928 1484 2996; x_wconf 81' lang='lat' dir='ltr'><strong>inquit,</strong></span> <span class='ocrx_word' id='word_1_244' title='bbox 1518 2933 1593 2984; x_wconf 82' lang='lat' dir='ltr'><strong>vir</strong></span> <span class='ocrx_word' id='word_1_245' title='bbox 1616 2934 1800 3001; x_wconf 82' lang='lat' dir='ltr'><strong>inﬁde-</strong></span> 
     </span>
    </p>
   </div>
   <div class='ocr_carea' id='block_1_30' title="bbox 199 3003 1794 3092">
    <p class='ocr_par' dir='ltr' id='par_1_30' title="bbox 199 3003 1794 3092">
     <span class='ocr_line' id='line_1_30' title="bbox 199 3003 1794 3092; baseline 0.016 -38"><span class='ocrx_word' id='word_1_246' title='bbox 199 3003 262 3055; x_wconf 83' lang='lat' dir='ltr'><strong>lis</strong></span> <span class='ocrx_word' id='word_1_247' title='bbox 291 3004 347 3056; x_wconf 87' lang='lat' dir='ltr'><strong>in</strong></span> <span class='ocrx_word' id='word_1_248' title='bbox 378 3005 583 3059; x_wconf 85' lang='lat' dir='ltr'><strong>muliere</strong></span> <span class='ocrx_word' id='word_1_249' title='bbox 616 3009 702 3076; x_wconf 69' lang='lat' dir='ltr'><strong>tl.</strong></span> <span class='ocrx_word' id='word_1_250' title='bbox 734 3007 853 3065; x_wconf 87' lang='lat' dir='ltr'><strong>Car.</strong></span> <span class='ocrx_word' id='word_1_251' title='bbox 880 3013 930 3066; x_wconf 92' lang='lat'><strong>7.</strong></span> <span class='ocrx_word' id='word_1_252' title='bbox 964 3014 1064 3083; x_wconf 75' lang='grc' dir='ltr'><strong>Η)</strong></span> <span class='ocrx_word' id='word_1_253' title='bbox 1103 3033 1116 3069; x_wconf 91' lang='lat'>:</span> <span class='ocrx_word' id='word_1_254' title='bbox 1149 3017 1217 3071; x_wconf 89' lang='lat' dir='ltr'><strong>de</strong></span> <span class='ocrx_word' id='word_1_255' title='bbox 1248 3026 1532 3076; x_wconf 87' lang='lat' dir='ltr'><strong>meretrice</strong></span> <span class='ocrx_word' id='word_1_256' title='bbox 1564 3039 1668 3077; x_wconf 92' lang='lat' dir='ltr'><strong>non</strong></span> <span class='ocrx_word' id='word_1_257' title='bbox 1696 3028 1794 3092; x_wconf 88' lang='lat' dir='ltr'><strong>sic,</strong></span> 
     </span>
    </p>
   </div>
   <div class='ocr_carea' id='block_1_31' title="bbox 197 3096 1797 3182">
    <p class='ocr_par' dir='ltr' id='par_1_31' title="bbox 197 3096 1797 3182">
     <span class='ocr_line' id='line_1_31' title="bbox 197 3096 1797 3182; baseline 0.015 -35"><span class='ocrx_word' id='word_1_258' title='bbox 197 3096 296 3148; x_wconf 85' lang='lat' dir='ltr'><strong>sed</strong></span> <span class='ocrx_word' id='word_1_259' title='bbox 324 3097 641 3164; x_wconf 79' lang='lat' dir='ltr'><strong>quomodo?</strong></span> <span class='ocrx_word' id='word_1_260' title='bbox 689 3098 893 3157; x_wconf 61' lang='lat' dir='ltr'><strong>Tolle-ns</strong></span> <span class='ocrx_word' id='word_1_261' title='bbox 925 3104 1082 3174; x_wconf 83' lang='lat' dir='ltr'><strong>igitur</strong></span> <span class='ocrx_word' id='word_1_262' title='bbox 1107 3109 1330 3162; x_wconf 85' lang='lat' dir='ltr'><strong>membra</strong></span> <span class='ocrx_word' id='word_1_263' title='bbox 1355 3110 1542 3166; x_wconf 79' lang='lat' dir='ltr'><strong>Christi</strong></span> <span class='ocrx_word' id='word_1_264' title='bbox 1563 3156 1576 3181; x_wconf 88' lang='lat'><strong>,</strong></span> <span class='ocrx_word' id='word_1_265' title='bbox 1607 3115 1797 3182; x_wconf 79' lang='lat' dir='ltr'><strong>faciam</strong></span> 
     </span>
    </p>
   </div>
   <div class='ocr_carea' id='block_1_32' title="bbox 197 3188 1793 3278">
    <p class='ocr_par' dir='ltr' id='par_1_32' title="bbox 197 3188 1793 3278">
     <span class='ocr_line' id='line_1_32' title="bbox 197 3188 1793 3278; baseline 0.018 -42"><span class='ocrx_word' id='word_1_266' title='bbox 197 3188 430 3241; x_wconf 74' lang='lat' dir='ltr'><strong>membfa</strong></span> <span class='ocrx_word' id='word_1_267' title='bbox 451 3192 721 3248; x_wconf 80' lang='lat' dir='ltr'><strong>meretricis</strong></span> <span class='ocrx_word' id='word_1_268' title='bbox 746 3192 905 3266; x_wconf 89' lang='lat' dir='ltr'><strong>(Ibid.</strong></span> <span class='ocrx_word' id='word_1_269' title='bbox 925 3197 978 3252; x_wconf 86' lang='lat'><strong>6.</strong></span> <span class='ocrx_word' id='word_1_270' title='bbox 1005 3199 1071 3254; x_wconf 84' lang='grc'><strong>15</strong></span> <span class='ocrx_word' id='word_1_271' title='bbox 1093 3199 1150 3268; x_wconf 90' lang='lat'><strong>)?</strong></span> <span class='ocrx_word' id='word_1_272' title='bbox 1177 3190 1288 3257; x_wconf 77' lang='lat' dir='ltr'><strong>illic</strong></span> <span class='ocrx_word' id='word_1_273' title='bbox 1315 3205 1572 3261; x_wconf 86' lang='lat' dir='ltr'><strong>sanctitas</strong></span> <span class='ocrx_word' id='word_1_274' title='bbox 1597 3221 1793 3278; x_wconf 89' lang='lat' dir='ltr'><strong>manet,</strong></span> 
     </span>
    </p>
   </div>
   <div class='ocr_carea' id='block_1_33' title="bbox 198 3277 1795 3355">
    <p class='ocr_par' dir='ltr' id='par_1_33' title="bbox 198 3277 1795 3355">
     <span class='ocr_line' id='line_1_33' title="bbox 198 3277 1795 3355; baseline 0.018 -27"><span class='ocrx_word' id='word_1_275' title='bbox 198 3277 407 3332; x_wconf 85' lang='lat' dir='ltr'><strong>intideli</strong></span> <span class='ocrx_word' id='word_1_276' title='bbox 434 3294 554 3334; x_wconf 90' lang='lat' dir='ltr'><strong>cum</strong></span> <span class='ocrx_word' id='word_1_277' title='bbox 579 3282 664 3336; x_wconf 92' lang='lat' dir='ltr'><strong>illa</strong></span> <span class='ocrx_word' id='word_1_278' title='bbox 690 3283 999 3353; x_wconf 88' lang='lat' dir='ltr'><strong>habitante;</strong></span> <span class='ocrx_word' id='word_1_279' title='bbox 1033 3288 1157 3345; x_wconf 89' lang='lat' dir='ltr'><strong>hinc</strong></span> <span class='ocrx_word' id='word_1_280' title='bbox 1187 3294 1410 3350; x_wconf 89' lang='lat' dir='ltr'><strong>recedit.</strong></span> <span class='ocrx_word' id='word_1_281' title='bbox 1443 3296 1618 3353; x_wconf 84' lang='lat' dir='ltr'><strong>Grave</strong></span> <span class='ocrx_word' id='word_1_282' title='bbox 1645 3277 1795 3355; x_wconf 36' lang='lat' dir='ltr'><strong>nam;</strong></span> 
     </span>
    </p>
   </div>
   <div class='ocr_carea' id='block_1_34' title="bbox 193 3369 1792 3454">
    <p class='ocr_par' dir='ltr' id='par_1_34' title="bbox 193 3369 1792 3454">
     <span class='ocr_line' id='line_1_34' title="bbox 193 3369 1792 3454; baseline 0.018 -37"><span class='ocrx_word' id='word_1_283' title='bbox 193 3382 302 3434; x_wconf 87' lang='lat' dir='ltr'><strong>que</strong></span> <span class='ocrx_word' id='word_1_284' title='bbox 334 3369 536 3424; x_wconf 89' lang='lat' dir='ltr'><strong>malum</strong></span> <span class='ocrx_word' id='word_1_285' title='bbox 568 3382 649 3426; x_wconf 90' lang='lat' dir='ltr'><strong>est</strong></span> <span class='ocrx_word' id='word_1_286' title='bbox 691 3374 972 3432; x_wconf 81' lang='lat' dir='ltr'><strong>iornicatio</strong></span> <span class='ocrx_word' id='word_1_287' title='bbox 994 3420 1008 3445; x_wconf 90' lang='lat'><strong>,</strong></span> <span class='ocrx_word' id='word_1_288' title='bbox 1039 3394 1200 3450; x_wconf 84' lang='lat' dir='ltr'><strong>grave</strong></span> <span class='ocrx_word' id='word_1_289' title='bbox 1231 3384 1412 3454; x_wconf 91' lang='lat' dir='ltr'><strong>utique</strong></span> <span class='ocrx_word' id='word_1_290' title='bbox 1435 3427 1448 3452; x_wconf 92' lang='lat'><strong>,</strong></span> <span class='ocrx_word' id='word_1_291' title='bbox 1492 3397 1543 3441; x_wconf 88' lang='lat' dir='ltr'><strong>et</strong></span> <span class='ocrx_word' id='word_1_292' title='bbox 1573 3390 1792 3446; x_wconf 90' lang='lat' dir='ltr'><strong>immor-</strong></span> 
     </span>
    </p>
   </div>
   <div class='ocr_carea' id='block_1_35' title="bbox 1199 358 2455 428">
    <p class='ocr_par' dir='ltr' id='par_1_35' title="bbox 1199 358 2455 428">
     <span class='ocr_line' id='line_1_35' title="bbox 1199 358 2455 428; baseline 0.013 -16"><span class='ocrx_word' id='word_1_293' title='bbox 1199 358 1264 412; x_wconf 68' lang='grc' dir='ltr'><strong>ΙΝ</strong></span> <span class='ocrx_word' id='word_1_294' title='bbox 1302 359 1613 416; x_wconf 70' lang='grc' dir='ltr'><strong>,ΙΟΛΝΝΕΜ</strong></span> <span class='ocrx_word' id='word_1_295' title='bbox 1657 362 1880 419; x_wconf 63' lang='grc' dir='ltr'><strong>ιςυλιη..</strong></span> <span class='ocrx_word' id='word_1_296' title='bbox 1927 365 2111 424; x_wconf 72' lang='lat' dir='ltr'><strong>LXIV.</strong></span> <span class='ocrx_word' id='word_1_297' title='bbox 2154 371 2223 426; x_wconf 88' lang='lat' dir='ltr'><strong>al.</strong></span> <span class='ocrx_word' id='word_1_298' title='bbox 2267 373 2455 428; x_wconf 74' lang='lat' dir='ltr'><strong>[.Xlll.</strong></span> 
     </span>
    </p>
   </div>
   <div class='ocr_carea' id='block_1_36' title="bbox 3421 394 3513 448">
    <p class='ocr_par' dir='ltr' id='par_1_36' title="bbox 3421 394 3513 448">
     <span class='ocr_line' id='line_1_36' title="bbox 3421 394 3513 448; baseline 0.033 -4"><span class='ocrx_word' id='word_1_299' title='bbox 3421 394 3482 448; x_wconf 73' lang='grc'><strong>35</strong></span> <span class='ocrx_word' id='word_1_300' title='bbox 3497 397 3513 447; x_wconf 87' lang='lat' dir='ltr'><strong>l</strong></span> 
     </span>
    </p>
   </div>
   <div class='ocr_carea' id='block_1_37' title="bbox 1920 478 3516 558">
    <p class='ocr_par' dir='ltr' id='par_1_37' title="bbox 1920 478 3516 558">
     <span class='ocr_line' id='line_1_37' title="bbox 1920 478 3516 558; baseline 0.02 -31"><span class='ocrx_word' id='word_1_301' title='bbox 1920 478 2021 531; x_wconf 84' lang='lat' dir='ltr'><strong>tale</strong></span> <span class='ocrx_word' id='word_1_302' title='bbox 2044 478 2270 535; x_wconf 73' lang='lat' dir='ltr'><strong>alierens</strong></span> <span class='ocrx_word' id='word_1_303' title='bbox 2301 485 2642 552; x_wconf 79' lang='lat' dir='ltr'><strong>supplicium.</strong></span> <span class='ocrx_word' id='word_1_304' title='bbox 2675 487 2743 542; x_wconf 84' lang='lat' dir='ltr'><strong>Et</strong></span> <span class='ocrx_word' id='word_1_305' title='bbox 2771 491 2826 544; x_wconf 92' lang='lat' dir='ltr'><strong>in</strong></span> <span class='ocrx_word' id='word_1_306' title='bbox 2858 490 2957 546; x_wconf 87' lang='lat' dir='ltr'><strong>hac</strong></span> <span class='ocrx_word' id='word_1_307' title='bbox 2987 497 3091 550; x_wconf 79' lang='lat' dir='ltr'><strong>vita</strong></span> <span class='ocrx_word' id='word_1_308' title='bbox 3125 496 3402 558; x_wconf 85' lang='lat' dir='ltr'><strong>innumera</strong></span> <span class='ocrx_word' id='word_1_309' title='bbox 3431 514 3516 558; x_wconf 77' lang='lat' dir='ltr'><strong>at-</strong></span> 
     </span>
    </p>
   </div>
   <div class='ocr_carea' id='block_1_38' title="bbox 1921 570 3513 665">
    <p class='ocr_par' dir='ltr' id='par_1_38' title="bbox 1921 570 3513 665">
     <span class='ocr_line' id='line_1_38' title="bbox 1921 570 3513 665; baseline 0.018 -44"><span class='ocrx_word' id='word_1_310' title='bbox 1921 570 2082 624; x_wconf 78' lang='lat' dir='ltr'><strong>trahit</strong></span> <span class='ocrx_word' id='word_1_311' title='bbox 2120 574 2253 626; x_wconf 78' lang='lat' dir='ltr'><strong>mala</strong></span> <span class='ocrx_word' id='word_1_312' title='bbox 2279 616 2291 637; x_wconf 97' lang='lat'><strong>,</strong></span> <span class='ocrx_word' id='word_1_313' title='bbox 2331 576 2489 630; x_wconf 74' lang='lat' dir='ltr'><strong>vitam</strong></span> <span class='ocrx_word' id='word_1_314' title='bbox 2540 579 2814 648; x_wconf 88' lang='lat' dir='ltr'><strong>miseram,</strong></span> <span class='ocrx_word' id='word_1_315' title='bbox 2865 599 2963 638; x_wconf 90' lang='lat' dir='ltr'><strong>nec</strong></span> <span class='ocrx_word' id='word_1_316' title='bbox 3005 588 3282 646; x_wconf 86' lang='lat' dir='ltr'><strong>meliorem</strong></span> <span class='ocrx_word' id='word_1_317' title='bbox 3311 633 3326 658; x_wconf 95' lang='lat'><strong>,</strong></span> <span class='ocrx_word' id='word_1_318' title='bbox 3357 610 3513 665; x_wconf 79' lang='lat' dir='ltr'><strong>quam</strong></span> 
     </span>
    </p>
   </div>
   <div class='ocr_carea' id='block_1_39' title="bbox 1916 665 3508 739">
    <p class='ocr_par' dir='ltr' id='par_1_39' title="bbox 1916 665 3508 739">
     <span class='ocr_line' id='line_1_39' title="bbox 1916 665 3508 739; baseline 0.014 -25"><span class='ocrx_word' id='word_1_319' title='bbox 1916 675 2099 714; x_wconf 88' lang='lat' dir='ltr'><strong>eorum</strong></span> <span class='ocrx_word' id='word_1_320' title='bbox 2129 665 2216 732; x_wconf 90' lang='lat' dir='ltr'><strong>qui</strong></span> <span class='ocrx_word' id='word_1_321' title='bbox 2249 666 2513 735; x_wconf 91' lang='lat' dir='ltr'><strong>supplicio</strong></span> <span class='ocrx_word' id='word_1_322' title='bbox 2554 668 2880 739; x_wconf 83' lang='lat' dir='ltr'><strong>afﬁciuntur,</strong></span> <span class='ocrx_word' id='word_1_323' title='bbox 2913 675 3038 730; x_wconf 87' lang='lat' dir='ltr'><strong>dum</strong></span> <span class='ocrx_word' id='word_1_324' title='bbox 3066 680 3117 732; x_wconf 92' lang='lat' dir='ltr'><strong>in</strong></span> <span class='ocrx_word' id='word_1_325' title='bbox 3151 682 3378 739; x_wconf 84' lang='lat' dir='ltr'><strong>alienam</strong></span> <span class='ocrx_word' id='word_1_326' title='bbox 3411 686 3508 739; x_wconf 83' lang='lat' dir='ltr'><strong>dn—</strong></span> 
     </span>
    </p>
   </div>
   <div class='ocr_carea' id='block_1_40' title="bbox 1916 754 3508 848">
    <p class='ocr_par' dir='ltr' id='par_1_40' title="bbox 1916 754 3508 848">
     <span class='ocr_line' id='line_1_40' title="bbox 1916 754 3508 848; baseline 0.016 -42"><span class='ocrx_word' id='word_1_327' title='bbox 1916 769 2060 806; x_wconf 81' lang='lat' dir='ltr'><strong>tuum</strong></span> <span class='ocrx_word' id='word_1_328' title='bbox 2095 754 2272 809; x_wconf 83' lang='lat' dir='ltr'><strong>furtim</strong></span> <span class='ocrx_word' id='word_1_329' title='bbox 2306 769 2359 812; x_wconf 90' lang='lat' dir='ltr'><strong>et</strong></span> <span class='ocrx_word' id='word_1_330' title='bbox 2388 774 2509 813; x_wconf 89' lang='lat' dir='ltr'><strong>cum</strong></span> <span class='ocrx_word' id='word_1_331' title='bbox 2544 768 2778 818; x_wconf 88' lang='lat' dir='ltr'><strong>tremore</strong></span> <span class='ocrx_word' id='word_1_332' title='bbox 2819 764 3117 835; x_wconf 89' lang='lat' dir='ltr'><strong>ingreditur</strong></span> <span class='ocrx_word' id='word_1_333' title='bbox 3144 813 3159 837; x_wconf 96' lang='lat'><strong>,</strong></span> <span class='ocrx_word' id='word_1_334' title='bbox 3212 787 3508 848; x_wconf 87' lang='lat' dir='ltr'><strong>omnesque</strong></span> 
     </span>
    </p>
   </div>
   <div class='ocr_carea' id='block_1_41' title="bbox 1916 847 3508 932">
    <p class='ocr_par' dir='ltr' id='par_1_41' title="bbox 1916 847 3508 932">
     <span class='ocr_line' id='line_1_41' title="bbox 1916 847 3508 932; baseline 0.016 -36"><span class='ocrx_word' id='word_1_335' title='bbox 1916 856 2195 913; x_wconf 82' lang='lat' dir='ltr'><strong>su5pectos</strong></span> <span class='ocrx_word' id='word_1_336' title='bbox 2224 847 2382 904; x_wconf 86' lang='lat' dir='ltr'><strong>habet</strong></span> <span class='ocrx_word' id='word_1_337' title='bbox 2409 891 2423 911; x_wconf 92' lang='lat'><strong>,</strong></span> <span class='ocrx_word' id='word_1_338' title='bbox 2457 860 2560 904; x_wconf 90' lang='lat' dir='ltr'><strong>tam</strong></span> <span class='ocrx_word' id='word_1_339' title='bbox 2592 868 2775 908; x_wconf 77' lang='lat' dir='ltr'><strong>servos</strong></span> <span class='ocrx_word' id='word_1_340' title='bbox 2805 871 2963 925; x_wconf 91' lang='lat' dir='ltr'><strong>quam</strong></span> <span class='ocrx_word' id='word_1_341' title='bbox 2995 860 3212 916; x_wconf 66' lang='lat' dir='ltr'><strong>liberos.</strong></span> <span class='ocrx_word' id='word_1_342' title='bbox 3238 863 3508 932; x_wconf 82' lang='lat' dir='ltr'><strong>Quamob-</strong></span> 
     </span>
    </p>
   </div>
   <div class='ocr_carea' id='block_1_42' title="bbox 1917 937 3513 1015">
    <p class='ocr_par' dir='ltr' id='par_1_42' title="bbox 1917 937 3513 1015">
     <span class='ocr_line' id='line_1_42' title="bbox 1917 937 3513 1015; baseline 0.017 -27"><span class='ocrx_word' id='word_1_343' title='bbox 1917 952 2026 989; x_wconf 87' lang='lat' dir='ltr'><strong>rem</strong></span> <span class='ocrx_word' id='word_1_344' title='bbox 2070 937 2328 1005; x_wconf 79' lang='lat' dir='ltr'><strong>obsecro,</strong></span> <span class='ocrx_word' id='word_1_345' title='bbox 2382 942 2482 997; x_wconf 87' lang='lat' dir='ltr'><strong>hoc</strong></span> <span class='ocrx_word' id='word_1_346' title='bbox 2510 960 2604 998; x_wconf 87' lang='lat' dir='ltr'><strong>vos</strong></span> <span class='ocrx_word' id='word_1_347' title='bbox 2635 947 2888 1015; x_wconf 82' lang='lat' dir='ltr'><strong>expedire</strong></span> <span class='ocrx_word' id='word_1_348' title='bbox 2915 951 3104 1006; x_wconf 74' lang='lat' dir='ltr'><strong>morbo</strong></span> <span class='ocrx_word' id='word_1_349' title='bbox 3147 957 3365 1010; x_wconf 89' lang='lat' dir='ltr'><strong>curetis.</strong></span> <span class='ocrx_word' id='word_1_350' title='bbox 3419 959 3513 1015; x_wconf 89' lang='lat' dir='ltr'><strong>Sin</strong></span> 
     </span>
    </p>
   </div>
   <div class='ocr_carea' id='block_1_43' title="bbox 1917 1029 3507 1114">
    <p class='ocr_par' dir='ltr' id='par_1_43' title="bbox 1917 1029 3507 1114">
     <span class='ocr_line' id='line_1_43' title="bbox 1917 1029 3507 1114; baseline 0.015 -34"><span class='ocrx_word' id='word_1_351' title='bbox 1917 1034 2019 1080; x_wconf 85' lang='lat' dir='ltr'><strong>non</strong></span> <span class='ocrx_word' id='word_1_352' title='bbox 2053 1029 2456 1100; x_wconf 91' lang='lat' dir='ltr'><strong>obsequamini,</strong></span> <span class='ocrx_word' id='word_1_353' title='bbox 2492 1049 2558 1089; x_wconf 91' lang='lat' dir='ltr'><strong>ne</strong></span> <span class='ocrx_word' id='word_1_354' title='bbox 2588 1035 2639 1088; x_wconf 93' lang='lat' dir='ltr'><strong>in</strong></span> <span class='ocrx_word' id='word_1_355' title='bbox 2672 1051 2823 1091; x_wconf 88' lang='lat' dir='ltr'><strong>saera</strong></span> <span class='ocrx_word' id='word_1_356' title='bbox 2855 1039 3037 1095; x_wconf 91' lang='lat' dir='ltr'><strong>limina</strong></span> <span class='ocrx_word' id='word_1_357' title='bbox 3067 1043 3439 1114; x_wconf 86' lang='lat' dir='ltr'><strong>ingrediamini</strong></span> <span class='ocrx_word' id='word_1_358' title='bbox 3468 1052 3507 1104; x_wconf 79' lang='grc' dir='ltr'>ί.</span> 
     </span>
    </p>
   </div>
   <div class='ocr_carea' id='block_1_44' title="bbox 1915 1119 3509 1205">
    <p class='ocr_par' dir='ltr' id='par_1_44' title="bbox 1915 1119 3509 1205">
     <span class='ocr_line' id='line_1_44' title="bbox 1915 1119 3509 1205; baseline 0.014 -32"><span class='ocrx_word' id='word_1_359' title='bbox 1915 1119 2043 1173; x_wconf 74' lang='lat' dir='ltr'><strong>Nam</strong></span> <span class='ocrx_word' id='word_1_360' title='bbox 2073 1122 2343 1178; x_wconf 86' lang='lat' dir='ltr'><strong>scabiosas</strong></span> <span class='ocrx_word' id='word_1_361' title='bbox 2372 1135 2425 1179; x_wconf 89' lang='lat' dir='ltr'><strong>et</strong></span> <span class='ocrx_word' id='word_1_362' title='bbox 2456 1127 2729 1182; x_wconf 87' lang='lat' dir='ltr'><strong>morbidas</strong></span> <span class='ocrx_word' id='word_1_363' title='bbox 2757 1144 2886 1185; x_wconf 85' lang='lat' dir='ltr'><strong>oves</strong></span> <span class='ocrx_word' id='word_1_364' title='bbox 2914 1148 3017 1186; x_wconf 92' lang='lat' dir='ltr'><strong>non</strong></span> <span class='ocrx_word' id='word_1_365' title='bbox 3047 1145 3263 1205; x_wconf 91' lang='lat' dir='ltr'><strong>oportet</strong></span> <span class='ocrx_word' id='word_1_366' title='bbox 3288 1139 3339 1194; x_wconf 92' lang='lat' dir='ltr'><strong>in</strong></span> <span class='ocrx_word' id='word_1_367' title='bbox 3373 1139 3509 1197; x_wconf 88' lang='lat' dir='ltr'><strong>bene</strong></span> 
     </span>
    </p>
   </div>
   <div class='ocr_carea' id='block_1_45' title="bbox 1915 1213 3506 1296">
    <p class='ocr_par' dir='ltr' id='par_1_45' title="bbox 1915 1213 3506 1296">
     <span class='ocr_line' id='line_1_45' title="bbox 1915 1213 3506 1296; baseline 0.014 -33"><span class='ocrx_word' id='word_1_368' title='bbox 1915 1213 2201 1266; x_wconf 83' lang='lat' dir='ltr'><strong>valentium</strong></span> <span class='ocrx_word' id='word_1_369' title='bbox 2227 1229 2386 1285; x_wconf 78' lang='lat' dir='ltr'><strong>grege</strong></span> <span class='ocrx_word' id='word_1_370' title='bbox 2417 1219 2620 1270; x_wconf 66' lang='lat' dir='ltr'><strong>versari</strong></span> <span class='ocrx_word' id='word_1_371' title='bbox 2642 1260 2655 1282; x_wconf 92' lang='lat'><strong>,</strong></span> <span class='ocrx_word' id='word_1_372' title='bbox 2691 1219 2784 1273; x_wconf 84' lang='lat' dir='ltr'><strong>sed</strong></span> <span class='ocrx_word' id='word_1_373' title='bbox 2813 1221 2880 1274; x_wconf 89' lang='lat' dir='ltr'><strong>ab</strong></span> <span class='ocrx_word' id='word_1_374' title='bbox 2905 1225 3029 1278; x_wconf 86' lang='lat' dir='ltr'><strong>ovili</strong></span> <span class='ocrx_word' id='word_1_375' title='bbox 3058 1227 3334 1296; x_wconf 66' lang='lat' dir='ltr'><strong>exigendw</strong></span> <span class='ocrx_word' id='word_1_376' title='bbox 3364 1241 3506 1294; x_wconf 87' lang='lat' dir='ltr'><strong>sunt,</strong></span> 
     </span>
    </p>
   </div>
   <div class='ocr_carea' id='block_1_46' title="bbox 1913 1302 3511 1377">
    <p class='ocr_par' dir='ltr' id='par_1_46' title="bbox 1913 1302 3511 1377">
     <span class='ocr_line' id='line_1_46' title="bbox 1913 1302 3511 1377; baseline 0.014 -22"><span class='ocrx_word' id='word_1_377' title='bbox 1913 1302 2084 1357; x_wconf 86' lang='lat' dir='ltr'><strong>donec</strong></span> <span class='ocrx_word' id='word_1_378' title='bbox 2127 1307 2371 1360; x_wconf 88' lang='lat' dir='ltr'><strong>morbum</strong></span> <span class='ocrx_word' id='word_1_379' title='bbox 2400 1306 2692 1377; x_wconf 88' lang='lat' dir='ltr'><strong>deponant.</strong></span> <span class='ocrx_word' id='word_1_380' title='bbox 2736 1311 2866 1367; x_wconf 86' lang='lat' dir='ltr'><strong>Nam</strong></span> <span class='ocrx_word' id='word_1_381' title='bbox 2911 1316 3150 1372; x_wconf 88' lang='lat' dir='ltr'><strong>membra</strong></span> <span class='ocrx_word' id='word_1_382' title='bbox 3189 1319 3386 1376; x_wconf 82' lang='lat' dir='ltr'><strong>Christi</strong></span> <span class='ocrx_word' id='word_1_383' title='bbox 3416 1339 3511 1377; x_wconf 77' lang='lat' dir='ltr'><strong>su-</strong></span> 
     </span>
    </p>
   </div>
   <div class='ocr_carea' id='block_1_47' title="bbox 1914 1395 3503 1467">
    <p class='ocr_par' dir='ltr' id='par_1_47' title="bbox 1914 1395 3503 1467">
     <span class='ocr_line' id='line_1_47' title="bbox 1914 1395 3503 1467; baseline 0.013 -20"><span class='ocrx_word' id='word_1_384' title='bbox 1914 1409 2032 1449; x_wconf 90' lang='lat' dir='ltr'><strong>mus</strong></span> <span class='ocrx_word' id='word_1_385' title='bbox 2061 1412 2072 1446; x_wconf 91' lang='lat'>:</span> <span class='ocrx_word' id='word_1_386' title='bbox 2116 1411 2182 1450; x_wconf 92' lang='lat' dir='ltr'><strong>ne</strong></span> <span class='ocrx_word' id='word_1_387' title='bbox 2211 1395 2511 1453; x_wconf 80' lang='lat' dir='ltr'><strong>efticiamur</strong></span> <span class='ocrx_word' id='word_1_388' title='bbox 2539 1401 2776 1456; x_wconf 81' lang='lat' dir='ltr'><strong>meinbra</strong></span> <span class='ocrx_word' id='word_1_389' title='bbox 2806 1407 3128 1463; x_wconf 88' lang='lat' dir='ltr'><strong>meretricis.</strong></span> <span class='ocrx_word' id='word_1_390' title='bbox 3161 1409 3273 1464; x_wconf 85' lang='lat' dir='ltr'><strong>Non</strong></span> <span class='ocrx_word' id='word_1_391' title='bbox 3306 1422 3386 1466; x_wconf 85' lang='lat' dir='ltr'><strong>est</strong></span> <span class='ocrx_word' id='word_1_392' title='bbox 3419 1413 3503 1467; x_wconf 86' lang='lat' dir='ltr'><strong>lu-</strong></span> 
     </span>
    </p>
   </div>
   <div class='ocr_carea' id='block_1_48' title="bbox 1916 1487 3506 1562">
    <p class='ocr_par' dir='ltr' id='par_1_48' title="bbox 1916 1487 3506 1562">
     <span class='ocr_line' id='line_1_48' title="bbox 1916 1487 3506 1562; baseline 0.016 -25"><span class='ocrx_word' id='word_1_393' title='bbox 1916 1503 2079 1555; x_wconf 88' lang='lat' dir='ltr'><strong>panar</strong></span> <span class='ocrx_word' id='word_1_394' title='bbox 2120 1487 2209 1543; x_wconf 90' lang='lat' dir='ltr'><strong>hic</strong></span> <span class='ocrx_word' id='word_1_395' title='bbox 2255 1489 2435 1558; x_wconf 90' lang='lat' dir='ltr'><strong>locus,</strong></span> <span class='ocrx_word' id='word_1_396' title='bbox 2480 1493 2573 1548; x_wconf 89' lang='lat' dir='ltr'><strong>sed</strong></span> <span class='ocrx_word' id='word_1_397' title='bbox 2623 1495 2872 1550; x_wconf 88' lang='lat' dir='ltr'><strong>ecclesia.</strong></span> <span class='ocrx_word' id='word_1_398' title='bbox 2915 1498 2969 1553; x_wconf 92' lang='lat' dir='ltr'><strong>Si</strong></span> <span class='ocrx_word' id='word_1_399' title='bbox 3001 1503 3298 1559; x_wconf 87' lang='lat' dir='ltr'><strong>membrum</strong></span> <span class='ocrx_word' id='word_1_400' title='bbox 3331 1522 3506 1562; x_wconf 90' lang='lat' dir='ltr'><strong>mere-</strong></span> 
     </span>
    </p>
   </div>
   <div class='ocr_carea' id='block_1_49' title="bbox 1916 1579 3513 1657">
    <p class='ocr_par' dir='ltr' id='par_1_49' title="bbox 1916 1579 3513 1657">
     <span class='ocr_line' id='line_1_49' title="bbox 1916 1579 3513 1657; baseline 0.014 -26"><span class='ocrx_word' id='word_1_401' title='bbox 1916 1580 2061 1633; x_wconf 75' lang='lat' dir='ltr'><strong>tricis</strong></span> <span class='ocrx_word' id='word_1_402' title='bbox 2108 1579 2305 1634; x_wconf 88' lang='lat' dir='ltr'><strong>habeas</strong></span> <span class='ocrx_word' id='word_1_403' title='bbox 2328 1621 2346 1646; x_wconf 84' lang='lat'><strong>,</strong></span> <span class='ocrx_word' id='word_1_404' title='bbox 2397 1597 2465 1636; x_wconf 89' lang='lat' dir='ltr'><strong>ne</strong></span> <span class='ocrx_word' id='word_1_405' title='bbox 2495 1592 2606 1638; x_wconf 89' lang='lat' dir='ltr'><strong>stes</strong></span> <span class='ocrx_word' id='word_1_406' title='bbox 2633 1585 2685 1638; x_wconf 89' lang='lat' dir='ltr'><strong>in</strong></span> <span class='ocrx_word' id='word_1_407' title='bbox 2715 1587 2940 1642; x_wconf 87' lang='lat' dir='ltr'><strong>ecclesia</strong></span> <span class='ocrx_word' id='word_1_408' title='bbox 2966 1632 2980 1657; x_wconf 92' lang='lat'><strong>,</strong></span> <span class='ocrx_word' id='word_1_409' title='bbox 3016 1607 3083 1646; x_wconf 90' lang='lat' dir='ltr'><strong>ne</strong></span> <span class='ocrx_word' id='word_1_410' title='bbox 3122 1593 3295 1648; x_wconf 90' lang='lat' dir='ltr'><strong>locum</strong></span> <span class='ocrx_word' id='word_1_411' title='bbox 3322 1608 3513 1652; x_wconf 76' lang='lat' dir='ltr'><strong>contu-</strong></span> 
     </span>
    </p>
   </div>
   <div class='ocr_carea' id='block_1_50' title="bbox 1914 1669 3505 1754">
    <p class='ocr_par' dir='ltr' id='par_1_50' title="bbox 1914 1669 3505 1754">
     <span class='ocr_line' id='line_1_50' title="bbox 1914 1669 3505 1754; baseline 0.014 -32"><span class='ocrx_word' id='word_1_412' title='bbox 1914 1670 2070 1723; x_wconf 73' lang='lat' dir='ltr'><strong>melia</strong></span> <span class='ocrx_word' id='word_1_413' title='bbox 2097 1669 2321 1726; x_wconf 82' lang='lat' dir='ltr'><strong>afﬁcias.</strong></span> <span class='ocrx_word' id='word_1_414' title='bbox 2373 1673 2594 1729; x_wconf 88' lang='lat' dir='ltr'><strong>Etiamsi</strong></span> <span class='ocrx_word' id='word_1_415' title='bbox 2624 1678 2765 1730; x_wconf 89' lang='lat' dir='ltr'><strong>enim</strong></span> <span class='ocrx_word' id='word_1_416' title='bbox 2797 1680 3040 1750; x_wconf 85' lang='lat' dir='ltr'><strong>gehenna</strong></span> <span class='ocrx_word' id='word_1_417' title='bbox 3074 1686 3217 1740; x_wconf 90' lang='lat' dir='ltr'><strong>nulla</strong></span> <span class='ocrx_word' id='word_1_418' title='bbox 3242 1729 3260 1754; x_wconf 91' lang='lat'><strong>,</strong></span> <span class='ocrx_word' id='word_1_419' title='bbox 3301 1691 3505 1744; x_wconf 83' lang='lat' dir='ltr'><strong>nullum</strong></span> 
     </span>
    </p>
   </div>
   <div class='ocr_carea' id='block_1_51' title="bbox 1913 1763 3508 1857">
    <p class='ocr_par' dir='ltr' id='par_1_51' title="bbox 1913 1763 3508 1857">
     <span class='ocr_line' id='line_1_51' title="bbox 1913 1763 3508 1857; baseline 0.016 -43"><span class='ocrx_word' id='word_1_420' title='bbox 1913 1763 2231 1831; x_wconf 84' lang='lat' dir='ltr'><strong>supplicium</strong></span> <span class='ocrx_word' id='word_1_421' title='bbox 2278 1775 2455 1833; x_wconf 89' lang='lat' dir='ltr'><strong>esset,</strong></span> <span class='ocrx_word' id='word_1_422' title='bbox 2510 1778 2630 1836; x_wconf 82' lang='lat' dir='ltr'><strong>pOSt</strong></span> <span class='ocrx_word' id='word_1_423' title='bbox 2662 1780 2811 1839; x_wconf 88' lang='lat' dir='ltr'><strong>pacta</strong></span> <span class='ocrx_word' id='word_1_424' title='bbox 2844 1774 2931 1827; x_wconf 85' lang='lat' dir='ltr'><strong>illa</strong></span> <span class='ocrx_word' id='word_1_425' title='bbox 2958 1785 3009 1830; x_wconf 91' lang='lat' dir='ltr'><strong>et</strong></span> <span class='ocrx_word' id='word_1_426' title='bbox 3042 1779 3310 1857; x_wconf 82' lang='lat' dir='ltr'><strong>nuptiales</strong></span> <span class='ocrx_word' id='word_1_427' title='bbox 3337 1782 3508 1838; x_wconf 84' lang='lat' dir='ltr'><strong>lucer-</strong></span> 
     </span>
    </p>
   </div>
   <div class='ocr_carea' id='block_1_52' title="bbox 1913 1854 3506 1943">
    <p class='ocr_par' dir='ltr' id='par_1_52' title="bbox 1913 1854 3506 1943">
     <span class='ocr_line' id='line_1_52' title="bbox 1913 1854 3506 1943; baseline 0.015 -39"><span class='ocrx_word' id='word_1_428' title='bbox 1913 1867 2035 1916; x_wconf 90' lang='lat' dir='ltr'><strong>nas,</strong></span> <span class='ocrx_word' id='word_1_429' title='bbox 2070 1854 2406 1925; x_wconf 89' lang='lat' dir='ltr'><strong>postjustum</strong></span> <span class='ocrx_word' id='word_1_430' title='bbox 2426 1857 2620 1913; x_wconf 91' lang='lat' dir='ltr'><strong>lectum</strong></span> <span class='ocrx_word' id='word_1_431' title='bbox 2647 1869 2703 1916; x_wconf 93' lang='lat' dir='ltr'><strong>et</strong></span> <span class='ocrx_word' id='word_1_432' title='bbox 2729 1863 3020 1920; x_wconf 87' lang='lat' dir='ltr'><strong>liberorum</strong></span> <span class='ocrx_word' id='word_1_433' title='bbox 3050 1854 3506 1943; x_wconf 78' lang='lat' dir='ltr'><strong>procreationem,</strong></span> 
     </span>
    </p>
   </div>
   <div class='ocr_carea' id='block_1_53' title="bbox 1914 1945 3512 2034">
    <p class='ocr_par' dir='ltr' id='par_1_53' title="bbox 1914 1945 3512 2034">
     <span class='ocr_line' id='line_1_53' title="bbox 1914 1945 3512 2034; baseline 0.016 -41"><span class='ocrx_word' id='word_1_434' title='bbox 1914 1953 2032 2010; x_wconf 83' lang='lat' dir='ltr'><strong>post</strong></span> <span class='ocrx_word' id='word_1_435' title='bbox 2063 1945 2170 1999; x_wconf 90' lang='lat' dir='ltr'><strong>tale</strong></span> <span class='ocrx_word' id='word_1_436' title='bbox 2195 1948 2552 2013; x_wconf 90' lang='lat' dir='ltr'><strong>consortium,</strong></span> <span class='ocrx_word' id='word_1_437' title='bbox 2579 1953 2850 2020; x_wconf 90' lang='lat' dir='ltr'><strong>quomodo</strong></span> <span class='ocrx_word' id='word_1_438' title='bbox 2866 1956 3031 2012; x_wconf 88' lang='lat' dir='ltr'><strong>audes</strong></span> <span class='ocrx_word' id='word_1_439' title='bbox 3058 1959 3210 2015; x_wconf 87' lang='lat' dir='ltr'><strong>alteri</strong></span> <span class='ocrx_word' id='word_1_440' title='bbox 3239 1965 3512 2034; x_wconf 87' lang='lat' dir='ltr'><strong>copulari?</strong></span> 
     </span>
    </p>
   </div>
   <div class='ocr_carea' id='block_1_54' title="bbox 1911 2038 3505 2125">
    <p class='ocr_par' dir='ltr' id='par_1_54' title="bbox 1911 2038 3505 2125">
     <span class='ocr_line' id='line_1_54' title="bbox 1911 2038 3505 2125; baseline 0.015 -39"><span class='ocrx_word' id='word_1_441' title='bbox 1911 2048 2006 2086; x_wconf 90' lang='lat' dir='ltr'><strong>cur</strong></span> <span class='ocrx_word' id='word_1_442' title='bbox 2035 2050 2140 2089; x_wconf 91' lang='lat' dir='ltr'><strong>non</strong></span> <span class='ocrx_word' id='word_1_443' title='bbox 2170 2038 2371 2092; x_wconf 83' lang='lat' dir='ltr'><strong>vereris</strong></span> <span class='ocrx_word' id='word_1_444' title='bbox 2393 2079 2407 2103; x_wconf 93' lang='lat'><strong>,</strong></span> <span class='ocrx_word' id='word_1_445' title='bbox 2443 2055 2541 2095; x_wconf 89' lang='lat' dir='ltr'><strong>nec</strong></span> <span class='ocrx_word' id='word_1_446' title='bbox 2570 2042 2890 2099; x_wconf 73' lang='lat' dir='ltr'><strong>erubescis?</strong></span> <span class='ocrx_word' id='word_1_447' title='bbox 2937 2048 3016 2102; x_wconf 89' lang='lat' dir='ltr'><strong>An</strong></span> <span class='ocrx_word' id='word_1_448' title='bbox 3050 2050 3268 2119; x_wconf 87' lang='lat' dir='ltr'><strong>ignoras</strong></span> <span class='ocrx_word' id='word_1_449' title='bbox 3293 2070 3386 2110; x_wconf 87' lang='lat' dir='ltr'><strong>eos</strong></span> <span class='ocrx_word' id='word_1_450' title='bbox 3415 2058 3505 2125; x_wconf 89' lang='lat' dir='ltr'><strong>qui</strong></span> 
     </span>
    </p>
   </div>
   <div class='ocr_carea' id='block_1_55' title="bbox 1912 2128 3509 2217">
    <p class='ocr_par' dir='ltr' id='par_1_55' title="bbox 1912 2128 3509 2217">
     <span class='ocr_line' id='line_1_55' title="bbox 1912 2128 3509 2217; baseline 0.016 -40"><span class='ocrx_word' id='word_1_451' title='bbox 1912 2135 2030 2193; x_wconf 22' lang='lat' dir='ltr'><strong>post</strong></span> <span class='ocrx_word' id='word_1_452' title='bbox 2064 2128 2244 2181; x_wconf 81' lang='lat' dir='ltr'><strong>uxoris</strong></span> <span class='ocrx_word' id='word_1_453' title='bbox 2274 2138 2500 2184; x_wconf 90' lang='lat' dir='ltr'><strong>mortem</strong></span> <span class='ocrx_word' id='word_1_454' title='bbox 2528 2172 2542 2197; x_wconf 96' lang='lat'><strong>,</strong></span> <span class='ocrx_word' id='word_1_455' title='bbox 2577 2134 2736 2187; x_wconf 88' lang='lat' dir='ltr'><strong>aliam</strong></span> <span class='ocrx_word' id='word_1_456' title='bbox 2765 2135 3003 2206; x_wconf 88' lang='lat' dir='ltr'><strong>ducunt,</strong></span> <span class='ocrx_word' id='word_1_457' title='bbox 3033 2155 3060 2194; x_wconf 89' lang='lat' dir='ltr'><strong>a</strong></span> <span class='ocrx_word' id='word_1_458' title='bbox 3092 2144 3272 2198; x_wconf 87' lang='lat' dir='ltr'><strong>multis</strong></span> <span class='ocrx_word' id='word_1_459' title='bbox 3301 2147 3509 2217; x_wconf 89' lang='lat' dir='ltr'><strong>impro-</strong></span> 
     </span>
    </p>
   </div>
   <div class='ocr_carea' id='block_1_56' title="bbox 1911 2217 3505 2304">
    <p class='ocr_par' dir='ltr' id='par_1_56' title="bbox 1911 2217 3505 2304">
     <span class='ocr_line' id='line_1_56' title="bbox 1911 2217 3505 2304; baseline 0.017 -35"><span class='ocrx_word' id='word_1_460' title='bbox 1911 2217 2021 2272; x_wconf 83' lang='lat' dir='ltr'><strong>bari</strong></span> <span class='ocrx_word' id='word_1_461' title='bbox 2040 2261 2054 2286; x_wconf 90' lang='lat'><strong>,</strong></span> <span class='ocrx_word' id='word_1_462' title='bbox 2095 2221 2301 2274; x_wconf 86' lang='lat' dir='ltr'><strong>etiamsi</strong></span> <span class='ocrx_word' id='word_1_463' title='bbox 2328 2237 2514 2290; x_wconf 75' lang='lat' dir='ltr'><strong>ptenas</strong></span> <span class='ocrx_word' id='word_1_464' title='bbox 2544 2239 2647 2279; x_wconf 90' lang='lat' dir='ltr'><strong>non</strong></span> <span class='ocrx_word' id='word_1_465' title='bbox 2672 2225 2849 2284; x_wconf 85' lang='lat' dir='ltr'><strong>daturi.</strong></span> <span class='ocrx_word' id='word_1_466' title='bbox 2875 2231 3018 2286; x_wconf 82' lang='lat' dir='ltr'><strong>sint?</strong></span> <span class='ocrx_word' id='word_1_467' title='bbox 3041 2233 3122 2289; x_wconf 93' lang='lat' dir='ltr'><strong>Tu</strong></span> <span class='ocrx_word' id='word_1_468' title='bbox 3147 2251 3276 2291; x_wconf 74' lang='lat' dir='ltr'><strong>vero</strong></span> <span class='ocrx_word' id='word_1_469' title='bbox 3300 2280 3315 2304; x_wconf 96' lang='lat'><strong>,</strong></span> <span class='ocrx_word' id='word_1_470' title='bbox 3343 2256 3505 2296; x_wconf 84' lang='lat' dir='ltr'><strong>uxore</strong></span> 
     </span>
    </p>
   </div>
   <div class='ocr_carea' id='block_1_57' title="bbox 1908 2313 3509 2392">
    <p class='ocr_par' dir='ltr' id='par_1_57' title="bbox 1908 2313 3509 2392">
     <span class='ocr_line' id='line_1_57' title="bbox 1908 2313 3509 2392; baseline 0.014 -27"><span class='ocrx_word' id='word_1_471' title='bbox 1908 2313 2229 2380; x_wconf 86' lang='lat' dir='ltr'><strong>superstite,</strong></span> <span class='ocrx_word' id='word_1_472' title='bbox 2259 2315 2416 2369; x_wconf 90' lang='lat' dir='ltr'><strong>aliam</strong></span> <span class='ocrx_word' id='word_1_473' title='bbox 2447 2316 2674 2374; x_wconf 90' lang='lat' dir='ltr'><strong>inducis.</strong></span> <span class='ocrx_word' id='word_1_474' title='bbox 2720 2319 2903 2392; x_wconf 89' lang='lat' dir='ltr'><strong>Ecqua</strong></span> <span class='ocrx_word' id='word_1_475' title='bbox 2933 2333 3014 2380; x_wconf 90' lang='lat' dir='ltr'><strong>est</strong></span> <span class='ocrx_word' id='word_1_476' title='bbox 3041 2326 3127 2382; x_wconf 88' lang='lat' dir='ltr'><strong>illa</strong></span> <span class='ocrx_word' id='word_1_477' title='bbox 3173 2329 3509 2388; x_wconf 85' lang='lat' dir='ltr'><strong>incontinen-</strong></span> 
     </span>
    </p>
   </div>
   <div class='ocr_carea' id='block_1_58' title="bbox 1911 2406 3508 2479">
    <p class='ocr_par' dir='ltr' id='par_1_58' title="bbox 1911 2406 3508 2479">
     <span class='ocr_line' id='line_1_58' title="bbox 1911 2406 3508 2479; baseline 0.013 -21"><span class='ocrx_word' id='word_1_478' title='bbox 1911 2406 2022 2459; x_wconf 85' lang='lat' dir='ltr'><strong>tia?</strong></span> <span class='ocrx_word' id='word_1_479' title='bbox 2054 2406 2208 2461; x_wconf 87' lang='lat' dir='ltr'><strong>Disce</strong></span> <span class='ocrx_word' id='word_1_480' title='bbox 2245 2422 2363 2478; x_wconf 66' lang='lat' dir='ltr'><strong>quae</strong></span> <span class='ocrx_word' id='word_1_481' title='bbox 2403 2409 2501 2464; x_wconf 89' lang='lat' dir='ltr'><strong>hac</strong></span> <span class='ocrx_word' id='word_1_482' title='bbox 2525 2410 2593 2466; x_wconf 91' lang='lat' dir='ltr'><strong>de</strong></span> <span class='ocrx_word' id='word_1_483' title='bbox 2637 2427 2694 2468; x_wconf 86' lang='lat' dir='ltr'><strong>re</strong></span> <span class='ocrx_word' id='word_1_484' title='bbox 2735 2413 2873 2470; x_wconf 88' lang='lat' dir='ltr'><strong>dicta</strong></span> <span class='ocrx_word' id='word_1_485' title='bbox 2917 2419 3062 2472; x_wconf 89' lang='lat' dir='ltr'><strong>sint:</strong></span> <span class='ocrx_word' id='word_1_486' title='bbox 3108 2419 3302 2476; x_wconf 57' lang='grc' dir='ltr'><strong>γει-ηιξ.</strong></span> <span class='ocrx_word' id='word_1_487' title='bbox 3331 2441 3508 2479; x_wconf 82' lang='lat' dir='ltr'><strong>eorum</strong></span> 
     </span>
    </p>
   </div>
   <div class='ocr_carea' id='block_1_59' title="bbox 1908 2499 3496 2587">
    <p class='ocr_par' dir='ltr' id='par_1_59' title="bbox 1908 2499 3496 2587">
     <span class='ocr_line' id='line_1_59' title="bbox 1908 2499 3496 2587; baseline 0.014 -39"><span class='ocrx_word' id='word_1_488' title='bbox 1908 2513 2006 2550; x_wconf 88' lang='lat' dir='ltr'><strong>non</strong></span> <span class='ocrx_word' id='word_1_489' title='bbox 2030 2499 2289 2565; x_wconf 87' lang='lat' dir='ltr'><strong>morietur,</strong></span> <span class='ocrx_word' id='word_1_490' title='bbox 2324 2509 2370 2554; x_wconf 90' lang='lat' dir='ltr'><strong>et</strong></span> <span class='ocrx_word' id='word_1_491' title='bbox 2393 2501 2523 2571; x_wconf 84' lang='lat' dir='ltr'><strong>ignis</strong></span> <span class='ocrx_word' id='word_1_492' title='bbox 2549 2520 2650 2558; x_wconf 87' lang='lat' dir='ltr'><strong>non</strong></span> <span class='ocrx_word' id='word_1_493' title='bbox 2677 2507 3026 2578; x_wconf 73' lang='lat' dir='ltr'><strong>exstinguetur</strong></span> <span class='ocrx_word' id='word_1_494' title='bbox 3053 2511 3073 2582; x_wconf 90' lang='lat'>(</span> <span class='ocrx_word' id='word_1_495' title='bbox 3101 2511 3262 2566; x_wconf 80' lang='lat' dir='ltr'><strong>Marc.</strong></span> <span class='ocrx_word' id='word_1_496' title='bbox 3299 2515 3352 2569; x_wconf 85' lang='lat'><strong>9.</strong></span> <span class='ocrx_word' id='word_1_497' title='bbox 3380 2517 3496 2587; x_wconf 74' lang='grc'><strong>45).</strong></span> 
     </span>
    </p>
   </div>
   <div class='ocr_carea' id='block_1_60' title="bbox 1908 2588 3506 2669">
    <p class='ocr_par' dir='ltr' id='par_1_60' title="bbox 1908 2588 3506 2669">
     <span class='ocr_line' id='line_1_60' title="bbox 1908 2588 3506 2669; baseline 0.013 -26"><span class='ocrx_word' id='word_1_498' title='bbox 1908 2588 2075 2644; x_wconf 78' lang='lat' dir='ltr'><strong>Minas</strong></span> <span class='ocrx_word' id='word_1_499' title='bbox 2122 2590 2512 2660; x_wconf 88' lang='lat' dir='ltr'><strong>perhorresce,</strong></span> <span class='ocrx_word' id='word_1_500' title='bbox 2551 2596 2678 2651; x_wconf 89' lang='lat' dir='ltr'><strong>time</strong></span> <span class='ocrx_word' id='word_1_501' title='bbox 2715 2600 3056 2669; x_wconf 87' lang='lat' dir='ltr'><strong>supplicium.</strong></span> <span class='ocrx_word' id='word_1_502' title='bbox 3099 2603 3215 2659; x_wconf 86' lang='lat' dir='ltr'><strong>Non</strong></span> <span class='ocrx_word' id='word_1_503' title='bbox 3248 2618 3329 2661; x_wconf 89' lang='lat' dir='ltr'><strong>est</strong></span> <span class='ocrx_word' id='word_1_504' title='bbox 3361 2617 3506 2663; x_wconf 90' lang='lat' dir='ltr'><strong>tanta</strong></span> 
     </span>
    </p>
   </div>
   <div class='ocr_carea' id='block_1_61' title="bbox 1906 2677 3509 2759">
    <p class='ocr_par' dir='ltr' id='par_1_61' title="bbox 1906 2677 3509 2759">
     <span class='ocr_line' id='line_1_61' title="bbox 1906 2677 3509 2759; baseline 0.014 -28"><span class='ocrx_word' id='word_1_505' title='bbox 1906 2677 1992 2732; x_wconf 92' lang='lat' dir='ltr'><strong>hic</strong></span> <span class='ocrx_word' id='word_1_506' title='bbox 2020 2680 2267 2750; x_wconf 84' lang='lat' dir='ltr'><strong>voluptas</strong></span> <span class='ocrx_word' id='word_1_507' title='bbox 2287 2724 2301 2747; x_wconf 98' lang='lat'><strong>,</strong></span> <span class='ocrx_word' id='word_1_508' title='bbox 2330 2697 2588 2752; x_wconf 88' lang='lat' dir='ltr'><strong>quantum</strong></span> <span class='ocrx_word' id='word_1_509' title='bbox 2619 2687 2730 2742; x_wconf 86' lang='lat' dir='ltr'><strong>illic</strong></span> <span class='ocrx_word' id='word_1_510' title='bbox 2753 2691 3100 2759; x_wconf 90' lang='lat' dir='ltr'><strong>supplicium.</strong></span> <span class='ocrx_word' id='word_1_511' title='bbox 3138 2695 3336 2752; x_wconf 81' lang='lat' dir='ltr'><strong>Verum</strong></span> <span class='ocrx_word' id='word_1_512' title='bbox 3369 2699 3509 2754; x_wconf 87' lang='lat' dir='ltr'><strong>absit</strong></span> 
     </span>
    </p>
   </div>
   <div class='ocr_carea' id='block_1_62' title="bbox 1907 2771 3504 2850">
    <p class='ocr_par' dir='ltr' id='par_1_62' title="bbox 1907 2771 3504 2850">
     <span class='ocr_line' id='line_1_62' title="bbox 1907 2771 3504 2850; baseline 0.014 -27"><span class='ocrx_word' id='word_1_513' title='bbox 1907 2779 1963 2824; x_wconf 88' lang='lat' dir='ltr'><strong>ut</strong></span> <span class='ocrx_word' id='word_1_514' title='bbox 1989 2771 2109 2841; x_wconf 89' lang='lat' dir='ltr'><strong>quis</strong></span> <span class='ocrx_word' id='word_1_515' title='bbox 2137 2773 2226 2826; x_wconf 88' lang='lat' dir='ltr'><strong>tali</strong></span> <span class='ocrx_word' id='word_1_516' title='bbox 2257 2774 2325 2827; x_wconf 91' lang='lat' dir='ltr'><strong>sit</strong></span> <span class='ocrx_word' id='word_1_517' title='bbox 2350 2775 2614 2832; x_wconf 79' lang='lat' dir='ltr'><strong>obnoxius</strong></span> <span class='ocrx_word' id='word_1_518' title='bbox 2653 2781 2947 2850; x_wconf 88' lang='lat' dir='ltr'><strong>supplicio;</strong></span> <span class='ocrx_word' id='word_1_519' title='bbox 2999 2784 3094 2839; x_wconf 90' lang='lat' dir='ltr'><strong>sed</strong></span> <span class='ocrx_word' id='word_1_520' title='bbox 3145 2787 3346 2843; x_wconf 90' lang='lat' dir='ltr'><strong>utinam</strong></span> <span class='ocrx_word' id='word_1_521' title='bbox 3377 2806 3504 2846; x_wconf 88' lang='lat' dir='ltr'><strong>san.-</strong></span> 
     </span>
    </p>
   </div>
   <div class='ocr_carea' id='block_1_63' title="bbox 1903 2864 3504 2948">
    <p class='ocr_par' dir='ltr' id='par_1_63' title="bbox 1903 2864 3504 2948">
     <span class='ocr_line' id='line_1_63' title="bbox 1903 2864 3504 2948; baseline 0.012 -33"><span class='ocrx_word' id='word_1_522' title='bbox 1903 2864 2144 2918; x_wconf 81' lang='lat' dir='ltr'><strong>etitatem</strong></span> <span class='ocrx_word' id='word_1_523' title='bbox 2179 2873 2447 2921; x_wconf 88' lang='lat' dir='ltr'><strong>sectantes</strong></span> <span class='ocrx_word' id='word_1_524' title='bbox 2487 2867 2761 2925; x_wconf 85' lang='lat' dir='ltr'><strong>videamus</strong></span> <span class='ocrx_word' id='word_1_525' title='bbox 2793 2870 3086 2941; x_wconf 87' lang='lat' dir='ltr'><strong>Christum,</strong></span> <span class='ocrx_word' id='word_1_526' title='bbox 3126 2884 3179 2931; x_wconf 93' lang='lat' dir='ltr'><strong>et</strong></span> <span class='ocrx_word' id='word_1_527' title='bbox 3227 2881 3504 2948; x_wconf 83' lang='lat' dir='ltr'><strong>promissis</strong></span> 
     </span>
    </p>
   </div>
   <div class='ocr_carea' id='block_1_64' title="bbox 1903 2952 3501 3041">
    <p class='ocr_par' dir='ltr' id='par_1_64' title="bbox 1903 2952 3501 3041">
     <span class='ocr_line' id='line_1_64' title="bbox 1903 2952 3501 3041; baseline 0.012 -35"><span class='ocrx_word' id='word_1_528' title='bbox 1903 2952 2144 3008; x_wconf 89' lang='lat' dir='ltr'><strong>fruamur</strong></span> <span class='ocrx_word' id='word_1_529' title='bbox 2185 2955 2340 3008; x_wconf 79' lang='lat' dir='ltr'><strong>bonis</strong></span> <span class='ocrx_word' id='word_1_530' title='bbox 2371 2975 2382 3008; x_wconf 95' lang='lat'>:</span> <span class='ocrx_word' id='word_1_531' title='bbox 2410 2973 2529 3027; x_wconf 66' lang='lat' dir='ltr'><strong>qua:</strong></span> <span class='ocrx_word' id='word_1_532' title='bbox 2588 2973 2683 3014; x_wconf 91' lang='lat' dir='ltr'><strong>nos</strong></span> <span class='ocrx_word' id='word_1_533' title='bbox 2716 2975 2902 3015; x_wconf 88' lang='lat' dir='ltr'><strong>omnes</strong></span> <span class='ocrx_word' id='word_1_534' title='bbox 2933 2967 3146 3036; x_wconf 83' lang='lat' dir='ltr'><strong>assequi</strong></span> <span class='ocrx_word' id='word_1_535' title='bbox 3192 2971 3501 3041; x_wconf 87' lang='lat' dir='ltr'><strong>contingat,</strong></span> 
     </span>
    </p>
   </div>
   <div class='ocr_carea' id='block_1_65' title="bbox 1902 3044 3504 3126">
    <p class='ocr_par' dir='ltr' id='par_1_65' title="bbox 1902 3044 3504 3126">
     <span class='ocr_line' id='line_1_65' title="bbox 1902 3044 3504 3126; baseline 0.013 -30"><span class='ocrx_word' id='word_1_536' title='bbox 1902 3045 2073 3114; x_wconf 87' lang='lat' dir='ltr'><strong>gratia</strong></span> <span class='ocrx_word' id='word_1_537' title='bbox 2098 3056 2151 3098; x_wconf 89' lang='lat' dir='ltr'><strong>et</strong></span> <span class='ocrx_word' id='word_1_538' title='bbox 2180 3044 2512 3116; x_wconf 81' lang='lat' dir='ltr'><strong>benignitate</strong></span> <span class='ocrx_word' id='word_1_539' title='bbox 2546 3048 2753 3104; x_wconf 89' lang='lat' dir='ltr'><strong>Domini</strong></span> <span class='ocrx_word' id='word_1_540' title='bbox 2797 3055 2965 3108; x_wconf 89' lang='lat' dir='ltr'><strong>nostri</strong></span> <span class='ocrx_word' id='word_1_541' title='bbox 2999 3060 3126 3111; x_wconf 81' lang='lat' dir='ltr'><strong>Jesu</strong></span> <span class='ocrx_word' id='word_1_542' title='bbox 3155 3057 3354 3115; x_wconf 81' lang='lat' dir='ltr'><strong>Christi</strong></span> <span class='ocrx_word' id='word_1_543' title='bbox 3387 3064 3504 3126; x_wconf 87' lang='lat' dir='ltr'><strong>qui-</strong></span> 
     </span>
    </p>
   </div>
   <div class='ocr_carea' id='block_1_66' title="bbox 1902 3135 3500 3212">
    <p class='ocr_par' dir='ltr' id='par_1_66' title="bbox 1902 3135 3500 3212">
     <span class='ocr_line' id='line_1_66' title="bbox 1902 3135 3500 3212; baseline 0.011 -21"><span class='ocrx_word' id='word_1_544' title='bbox 1902 3150 2023 3191; x_wconf 89' lang='lat' dir='ltr'><strong>cum</strong></span> <span class='ocrx_word' id='word_1_545' title='bbox 2065 3135 2208 3190; x_wconf 85' lang='lat' dir='ltr'><strong>Patri</strong></span> <span class='ocrx_word' id='word_1_546' title='bbox 2235 3138 2402 3208; x_wconf 88' lang='lat' dir='ltr'><strong>gloria</strong></span> <span class='ocrx_word' id='word_1_547' title='bbox 2437 3155 2648 3210; x_wconf 81' lang='lat' dir='ltr'><strong>unaque</strong></span> <span class='ocrx_word' id='word_1_548' title='bbox 2687 3140 2906 3212; x_wconf 84' lang='lat' dir='ltr'><strong>Spiritui</strong></span> <span class='ocrx_word' id='word_1_549' title='bbox 2954 3156 3177 3207; x_wconf 88' lang='lat' dir='ltr'><strong>sancto.</strong></span> <span class='ocrx_word' id='word_1_550' title='bbox 3211 3151 3262 3204; x_wconf 93' lang='lat' dir='ltr'><strong>in</strong></span> <span class='ocrx_word' id='word_1_551' title='bbox 3303 3154 3500 3208; x_wconf 67' lang='lat' dir='ltr'><strong>saecula</strong></span> 
     </span>
    </p>
   </div>
   <div class='ocr_carea' id='block_1_67' title="bbox 1905 3228 2481 3285">
    <p class='ocr_par' dir='ltr' id='par_1_67' title="bbox 1905 3228 2481 3285">
     <span class='ocr_line' id='line_1_67' title="bbox 1905 3228 2481 3285; baseline 0.005 -3"><span class='ocrx_word' id='word_1_552' title='bbox 1905 3228 2245 3283; x_wconf 69' lang='lat' dir='ltr'><strong>smeulorum.</strong></span> <span class='ocrx_word' id='word_1_553' title='bbox 2289 3232 2481 3285; x_wconf 84' lang='lat' dir='ltr'><strong>Amen.</strong></span> 
     </span>
    </p>
   </div>
   <div class='ocr_carea' id='block_1_68' title="bbox 1967 3400 3418 3476">
    <p class='ocr_par' dir='ltr' id='par_1_68' title="bbox 1967 3400 3418 3476">
     <span class='ocr_line' id='line_1_68' title="bbox 1967 3400 3418 3476; baseline 0.012 -27"><span class='ocrx_word' id='word_1_554' title='bbox 1967 3406 1978 3433; x_wconf 78' lang='grc' dir='ltr'><strong>ι</strong></span> <span class='ocrx_word' id='word_1_555' title='bbox 2019 3401 2111 3450; x_wconf 85' lang='lat' dir='ltr'><strong>Alii</strong></span> <span class='ocrx_word' id='word_1_556' title='bbox 2136 3401 2338 3460; x_wconf 88' lang='lat' dir='ltr'><strong>habent,</strong></span> <span class='ocrx_word' id='word_1_557' title='bbox 2363 3400 2521 3452; x_wconf 79' lang='lat' dir='ltr'><strong>sinon</strong></span> <span class='ocrx_word' id='word_1_558' title='bbox 2545 3403 2708 3465; x_wconf 78' lang='lat' dir='ltr'><strong>vultis,</strong></span> <span class='ocrx_word' id='word_1_559' title='bbox 2729 3419 2788 3456; x_wconf 85' lang='lat' dir='ltr'><strong>ne</strong></span> <span class='ocrx_word' id='word_1_560' title='bbox 2804 3406 2855 3458; x_wconf 89' lang='lat' dir='ltr'><strong>in</strong></span> <span class='ocrx_word' id='word_1_561' title='bbox 2879 3410 3028 3473; x_wconf 82' lang='lat' dir='ltr'><strong>adyta</strong></span> <span class='ocrx_word' id='word_1_562' title='bbox 3053 3410 3418 3476; x_wconf 83' lang='lat' dir='ltr'><strong>ingredzamini.</strong></span> 
     </span>
    </p>
   </div>
   <div class='ocr_carea' id='block_1_69' title="bbox 1523 3551 2138 3615">
    <p class='ocr_par' dir='ltr' id='par_1_69' title="bbox 1523 3551 2138 3615">
     <span class='ocr_line' id='line_1_69' title="bbox 1523 3551 2138 3615; baseline 0.003 -4"><span class='ocrx_word' id='word_1_563' title='bbox 1523 3551 1870 3615; x_wconf 80' lang='lat' dir='ltr'><strong>HOMILIA</strong></span> <span class='ocrx_word' id='word_1_564' title='bbox 1914 3553 2138 3614; x_wconf 82' lang='lat' dir='ltr'><strong>LXIV.</strong></span> 
     </span>
    </p>
   </div>
   <div class='ocr_carea' id='block_1_70' title="bbox 189 3674 1785 3761">
    <p class='ocr_par' dir='ltr' id='par_1_70' title="bbox 189 3674 1785 3761">
     <span class='ocr_line' id='line_1_70' title="bbox 189 3674 1785 3761; baseline 0.012 -31"><span class='ocrx_word' id='word_1_565' title='bbox 189 3674 329 3730; x_wconf 69' lang='lat' dir='ltr'><strong>Car.</strong></span> <span class='ocrx_word' id='word_1_566' title='bbox 379 3677 465 3730; x_wconf 82' lang='lat' dir='ltr'><strong>ll.</strong></span> <span class='ocrx_word' id='word_1_567' title='bbox 507 3693 558 3731; x_wconf 81' lang='grc' dir='ltr'>ν.</span> <span class='ocrx_word' id='word_1_568' title='bbox 600 3680 688 3734; x_wconf 72' lang='grc'><strong>41.</strong></span> <span class='ocrx_word' id='word_1_569' title='bbox 729 3681 878 3736; x_wconf 77' lang='lat' dir='ltr'><strong>Iesus</strong></span> <span class='ocrx_word' id='word_1_570' title='bbox 909 3695 1114 3752; x_wconf 82' lang='lat' dir='ltr'><strong>autent,</strong></span> <span class='ocrx_word' id='word_1_571' title='bbox 1144 3690 1348 3745; x_wconf 81' lang='lat' dir='ltr'><strong>elevatis</strong></span> <span class='ocrx_word' id='word_1_572' title='bbox 1378 3707 1580 3747; x_wconf 85' lang='lat' dir='ltr'><strong>sursum</strong></span> <span class='ocrx_word' id='word_1_573' title='bbox 1606 3696 1785 3761; x_wconf 87' lang='lat' dir='ltr'><strong>oculis,</strong></span> 
     </span>
    </p>
   </div>
   <div class='ocr_carea' id='block_1_71' title="bbox 264 3767 1786 3849">
    <p class='ocr_par' dir='ltr' id='par_1_71' title="bbox 264 3767 1786 3849">
     <span class='ocr_line' id='line_1_71' title="bbox 264 3767 1786 3849; baseline 0.014 -31"><span class='ocrx_word' id='word_1_574' title='bbox 264 3768 400 3820; x_wconf 69' lang='lat' dir='ltr'><strong>dixit</strong></span> <span class='ocrx_word' id='word_1_575' title='bbox 425 3785 439 3820; x_wconf 86' lang='lat'><strong>:</strong></span> <span class='ocrx_word' id='word_1_576' title='bbox 470 3767 626 3823; x_wconf 81' lang='lat' dir='ltr'><strong>Pater</strong></span> <span class='ocrx_word' id='word_1_577' title='bbox 647 3811 662 3836; x_wconf 93' lang='lat'><strong>,</strong></span> <span class='ocrx_word' id='word_1_578' title='bbox 700 3773 891 3842; x_wconf 78' lang='lat' dir='ltr'><strong>gratias</strong></span> <span class='ocrx_word' id='word_1_579' title='bbox 916 3791 1012 3845; x_wconf 87' lang='lat' dir='ltr'><strong>ago</strong></span> <span class='ocrx_word' id='word_1_580' title='bbox 1038 3776 1126 3830; x_wconf 86' lang='lat' dir='ltr'><strong>tibi</strong></span> <span class='ocrx_word' id='word_1_581' title='bbox 1149 3821 1163 3845; x_wconf 89' lang='lat'><strong>,</strong></span> <span class='ocrx_word' id='word_1_582' title='bbox 1195 3782 1435 3849; x_wconf 89' lang='lat' dir='ltr'><strong>quoniam</strong></span> <span class='ocrx_word' id='word_1_583' title='bbox 1470 3783 1660 3838; x_wconf 85' lang='lat' dir='ltr'><strong>audisti</strong></span> <span class='ocrx_word' id='word_1_584' title='bbox 1691 3802 1786 3840; x_wconf 88' lang='lat' dir='ltr'><strong>me.</strong></span> 
     </span>
    </p>
   </div>
   <div class='ocr_carea' id='block_1_72' title="bbox 264 3856 1792 3941">
    <p class='ocr_par' dir='ltr' id='par_1_72' title="bbox 264 3856 1792 3941">
     <span class='ocr_line' id='line_1_72' title="bbox 264 3856 1792 3941; baseline 0.015 -32"><span class='ocrx_word' id='word_1_585' title='bbox 264 3857 361 3910; x_wconf 73' lang='grc'>42.</span> <span class='ocrx_word' id='word_1_586' title='bbox 419 3856 528 3927; x_wconf 80' lang='lat' dir='ltr'><strong>Ego</strong></span> <span class='ocrx_word' id='word_1_587' title='bbox 570 3870 738 3914; x_wconf 85' lang='lat' dir='ltr'><strong>autem</strong></span> <span class='ocrx_word' id='word_1_588' title='bbox 765 3864 980 3918; x_wconf 84' lang='lat' dir='ltr'><strong>sciebam</strong></span> <span class='ocrx_word' id='word_1_589' title='bbox 1004 3869 1122 3935; x_wconf 84' lang='lat' dir='ltr'><strong>quia</strong></span> <span class='ocrx_word' id='word_1_590' title='bbox 1147 3886 1345 3938; x_wconf 85' lang='lat' dir='ltr'><strong>semper</strong></span> <span class='ocrx_word' id='word_1_591' title='bbox 1386 3890 1464 3928; x_wconf 86' lang='lat' dir='ltr'><strong>me</strong></span> <span class='ocrx_word' id='word_1_592' title='bbox 1490 3875 1674 3941; x_wconf 84' lang='lat' dir='ltr'><strong>audis;</strong></span> <span class='ocrx_word' id='word_1_593' title='bbox 1703 3879 1792 3931; x_wconf 82' lang='lat' dir='ltr'><strong>sed</strong></span> 
     </span>
    </p>
   </div>
   <div class='ocr_carea' id='block_1_73' title="bbox 264 3950 1437 4029">
    <p class='ocr_par' dir='ltr' id='par_1_73' title="bbox 264 3950 1437 4029">
     <span class='ocr_line' id='line_1_73' title="bbox 264 3950 1437 4029; baseline 0.016 -31"><span class='ocrx_word' id='word_1_594' title='bbox 264 3958 479 4014; x_wconf 78' lang='lat' dir='ltr'><strong>prapter</strong></span> <span class='ocrx_word' id='word_1_595' title='bbox 503 3950 701 4003; x_wconf 87' lang='lat' dir='ltr'><strong>turbam</strong></span> <span class='ocrx_word' id='word_1_596' title='bbox 728 3953 1133 4010; x_wconf 85' lang='lat' dir='ltr'><strong>circumstantem</strong></span> <span class='ocrx_word' id='word_1_597' title='bbox 1162 3961 1301 4029; x_wconf 78' lang='lat' dir='ltr'><strong>dixi,</strong></span> <span class='ocrx_word' id='word_1_598' title='bbox 1333 3971 1437 4017; x_wconf 91' lang='lat' dir='ltr'><strong>etc.</strong></span> 
     </span>
    </p>
   </div>
   <div class='ocr_carea' id='block_1_74' title="bbox 269 4100 1786 4186">
    <p class='ocr_par' dir='ltr' id='par_1_74' title="bbox 269 4100 1786 4186">
     <span class='ocr_line' id='line_1_74' title="bbox 269 4100 1786 4186; baseline 0.014 -32"><span class='ocrx_word' id='word_1_599' title='bbox 269 4102 323 4154; x_wconf 79' lang='grc'>1.</span> <span class='ocrx_word' id='word_1_600' title='bbox 367 4100 596 4156; x_wconf 79' lang='lat' dir='ltr'><strong>Christus</strong></span> <span class='ocrx_word' id='word_1_601' title='bbox 641 4103 856 4159; x_wconf 82' lang='lat' dir='ltr'><strong>humilia</strong></span> <span class='ocrx_word' id='word_1_602' title='bbox 881 4123 1016 4178; x_wconf 68' lang='lat' dir='ltr'><strong>saepe</strong></span> <span class='ocrx_word' id='word_1_603' title='bbox 1043 4109 1282 4181; x_wconf 87' lang='lat' dir='ltr'><strong>loquitur,</strong></span> <span class='ocrx_word' id='word_1_604' title='bbox 1329 4131 1502 4186; x_wconf 86' lang='lat' dir='ltr'><strong>quare.</strong></span> <span class='ocrx_word' id='word_1_605' title='bbox 1538 4148 1607 4159; x_wconf 88' lang='lat'><strong>—-</strong></span> <span class='ocrx_word' id='word_1_606' title='bbox 1635 4121 1786 4186; x_wconf 86' lang='lat' dir='ltr'><strong>Quod</strong></span> 
     </span>
    </p>
   </div>
   <div class='ocr_carea' id='block_1_75' title="bbox 189 4190 1783 4270">
    <p class='ocr_par' dir='ltr' id='par_1_75' title="bbox 189 4190 1783 4270">
     <span class='ocr_line' id='line_1_75' title="bbox 189 4190 1783 4270; baseline 0.014 -26"><span class='ocrx_word' id='word_1_607' title='bbox 189 4204 340 4260; x_wconf 71' lang='lat' dir='ltr'><strong>szepe</strong></span> <span class='ocrx_word' id='word_1_608' title='bbox 390 4190 530 4259; x_wconf 82' lang='lat' dir='ltr'><strong>dixi,</strong></span> <span class='ocrx_word' id='word_1_609' title='bbox 575 4193 676 4249; x_wconf 92' lang='lat' dir='ltr'><strong>hoc</strong></span> <span class='ocrx_word' id='word_1_610' title='bbox 715 4204 769 4251; x_wconf 90' lang='lat' dir='ltr'><strong>et</strong></span> <span class='ocrx_word' id='word_1_611' title='bbox 813 4213 956 4254; x_wconf 88' lang='lat' dir='ltr'><strong>nunc</strong></span> <span class='ocrx_word' id='word_1_612' title='bbox 984 4199 1194 4270; x_wconf 89' lang='lat' dir='ltr'><strong>dicam,</strong></span> <span class='ocrx_word' id='word_1_613' title='bbox 1248 4205 1494 4262; x_wconf 76' lang='lat' dir='ltr'><strong>Christus</strong></span> <span class='ocrx_word' id='word_1_614' title='bbox 1539 4224 1642 4264; x_wconf 93' lang='lat' dir='ltr'><strong>non</strong></span> <span class='ocrx_word' id='word_1_615' title='bbox 1678 4223 1783 4268; x_wconf 89' lang='lat' dir='ltr'><strong>tam</strong></span> 
     </span>
    </p>
   </div>
   <div class='ocr_carea' id='block_1_76' title="bbox 188 4281 1778 4372">
    <p class='ocr_par' dir='ltr' id='par_1_76' title="bbox 188 4281 1778 4372">
     <span class='ocr_line' id='line_1_76' title="bbox 188 4281 1778 4372; baseline 0.015 -37"><span class='ocrx_word' id='word_1_616' title='bbox 188 4296 345 4336; x_wconf 81' lang='lat' dir='ltr'><strong>suam</strong></span> <span class='ocrx_word' id='word_1_617' title='bbox 378 4281 719 4353; x_wconf 85' lang='lat' dir='ltr'><strong>dignitatem,</strong></span> <span class='ocrx_word' id='word_1_618' title='bbox 769 4303 927 4358; x_wconf 88' lang='lat' dir='ltr'><strong>quam</strong></span> <span class='ocrx_word' id='word_1_619' title='bbox 958 4291 1183 4348; x_wconf 86' lang='lat' dir='ltr'><strong>salutem</strong></span> <span class='ocrx_word' id='word_1_620' title='bbox 1224 4305 1462 4353; x_wconf 87' lang='lat' dir='ltr'><strong>nostram</strong></span> <span class='ocrx_word' id='word_1_621' title='bbox 1516 4303 1735 4372; x_wconf 89' lang='lat' dir='ltr'><strong>respicit</strong></span> <span class='ocrx_word' id='word_1_622' title='bbox 1764 4346 1778 4370; x_wconf 95' lang='lat'><strong>,</strong></span> 
     </span>
    </p>
   </div>
   <div class='ocr_carea' id='block_1_77' title="bbox 189 4362 1782 4463">
    <p class='ocr_par' dir='ltr' id='par_1_77' title="bbox 189 4362 1782 4463">
     <span class='ocr_line' id='line_1_77' title="bbox 189 4362 1782 4463; baseline 0.017 -38"><span class='ocrx_word' id='word_1_623' title='bbox 189 4389 287 4428; x_wconf 89' lang='lat' dir='ltr'><strong>nec</strong></span> <span class='ocrx_word' id='word_1_624' title='bbox 317 4362 511 4445; x_wconf 68' lang='lat' dir='ltr'><strong>quaerit</strong></span> <span class='ocrx_word' id='word_1_625' title='bbox 544 4392 792 4448; x_wconf 84' lang='lat' dir='ltr'><strong>magnum</strong></span> <span class='ocrx_word' id='word_1_626' title='bbox 824 4381 1099 4452; x_wconf 87' lang='lat' dir='ltr'><strong>quidpiam</strong></span> <span class='ocrx_word' id='word_1_627' title='bbox 1129 4385 1338 4453; x_wconf 89' lang='lat' dir='ltr'><strong>dicere,</strong></span> <span class='ocrx_word' id='word_1_628' title='bbox 1392 4391 1484 4446; x_wconf 92' lang='lat' dir='ltr'><strong>sed</strong></span> <span class='ocrx_word' id='word_1_629' title='bbox 1511 4362 1653 4463; x_wconf 62' lang='lat' dir='ltr'><strong>quod</strong></span> <span class='ocrx_word' id='word_1_630' title='bbox 1684 4362 1782 4452; x_wconf 78' lang='lat' dir='ltr'><strong>nos</strong></span> 
     </span>
    </p>
   </div>
   <div class='ocr_carea' id='block_1_78' title="bbox 189 4464 1778 4556">
    <p class='ocr_par' dir='ltr' id='par_1_78' title="bbox 189 4464 1778 4556">
     <span class='ocr_line' id='line_1_78' title="bbox 189 4464 1778 4556; baseline 0.018 -41"><span class='ocrx_word' id='word_1_631' title='bbox 189 4464 363 4529; x_wconf 88' lang='lat' dir='ltr'><strong>possit</strong></span> <span class='ocrx_word' id='word_1_632' title='bbox 390 4464 457 4519; x_wconf 86' lang='lat' dir='ltr'><strong>ad</strong></span> <span class='ocrx_word' id='word_1_633' title='bbox 487 4480 546 4521; x_wconf 88' lang='lat' dir='ltr'><strong>se</strong></span> <span class='ocrx_word' id='word_1_634' title='bbox 574 4468 805 4525; x_wconf 87' lang='lat' dir='ltr'><strong>trahere.</strong></span> <span class='ocrx_word' id='word_1_635' title='bbox 851 4471 974 4527; x_wconf 89' lang='lat' dir='ltr'><strong>Ideo</strong></span> <span class='ocrx_word' id='word_1_636' title='bbox 1003 4489 1168 4544; x_wconf 86' lang='lat' dir='ltr'><strong>pauca</strong></span> <span class='ocrx_word' id='word_1_637' title='bbox 1200 4493 1387 4550; x_wconf 87' lang='lat' dir='ltr'><strong>magna</strong></span> <span class='ocrx_word' id='word_1_638' title='bbox 1421 4492 1473 4538; x_wconf 91' lang='lat' dir='ltr'><strong>et</strong></span> <span class='ocrx_word' id='word_1_639' title='bbox 1508 4487 1778 4556; x_wconf 88' lang='lat' dir='ltr'><strong>sublimia,</strong></span> 
     </span>
    </p>
   </div>
   <div class='ocr_carea' id='block_1_79' title="bbox 184 4556 1778 4649">
    <p class='ocr_par' dir='ltr' id='par_1_79' title="bbox 184 4556 1778 4649">
     <span class='ocr_line' id='line_1_79' title="bbox 184 4556 1778 4649; baseline 0.019 -43"><span class='ocrx_word' id='word_1_640' title='bbox 184 4564 350 4624; x_wconf 84' lang='lat' dir='ltr'><strong>atque</strong></span> <span class='ocrx_word' id='word_1_641' title='bbox 378 4556 537 4610; x_wconf 88' lang='lat' dir='ltr'><strong>etiam</strong></span> <span class='ocrx_word' id='word_1_642' title='bbox 565 4559 895 4618; x_wconf 88' lang='lat' dir='ltr'><strong>subobscure</strong></span> <span class='ocrx_word' id='word_1_643' title='bbox 916 4564 1072 4634; x_wconf 91' lang='lat' dir='ltr'><strong>dicit,</strong></span> <span class='ocrx_word' id='word_1_644' title='bbox 1106 4568 1324 4627; x_wconf 89' lang='lat' dir='ltr'><strong>lmmilia</strong></span> <span class='ocrx_word' id='word_1_645' title='bbox 1352 4591 1478 4629; x_wconf 86' lang='lat' dir='ltr'><strong>vero</strong></span> <span class='ocrx_word' id='word_1_646' title='bbox 1499 4587 1550 4630; x_wconf 88' lang='lat' dir='ltr'><strong>et</strong></span> <span class='ocrx_word' id='word_1_647' title='bbox 1575 4580 1778 4649; x_wconf 80' lang='lat' dir='ltr'><strong>abjecta</strong></span> 
     </span>
    </p>
   </div>
   <div class='ocr_carea' id='block_1_80' title="bbox 184 4648 1772 4731">
    <p class='ocr_par' dir='ltr' id='par_1_80' title="bbox 184 4648 1772 4731">
     <span class='ocr_line' id='line_1_80' title="bbox 184 4648 1772 4731; baseline 0.02 -35"><span class='ocrx_word' id='word_1_648' title='bbox 184 4648 499 4715; x_wconf 83' lang='lat' dir='ltr'><strong>frequenter</strong></span> <span class='ocrx_word' id='word_1_649' title='bbox 527 4652 862 4708; x_wconf 89' lang='lat' dir='ltr'><strong>sermonibus</strong></span> <span class='ocrx_word' id='word_1_650' title='bbox 889 4655 1167 4716; x_wconf 88' lang='lat' dir='ltr'><strong>admiscet.</strong></span> <span class='ocrx_word' id='word_1_651' title='bbox 1200 4662 1334 4731; x_wconf 89' lang='lat' dir='ltr'><strong>Quia</strong></span> <span class='ocrx_word' id='word_1_652' title='bbox 1365 4668 1504 4722; x_wconf 92' lang='lat' dir='ltr'><strong>enim</strong></span> <span class='ocrx_word' id='word_1_653' title='bbox 1532 4648 1648 4726; x_wconf 71' lang='lat' dir='ltr'><strong>hzee</strong></span> <span class='ocrx_word' id='word_1_654' title='bbox 1676 4687 1772 4727; x_wconf 89' lang='lat' dir='ltr'><strong>au-</strong></span> 
     </span>
    </p>
   </div>
   <div class='ocr_carea' id='block_1_81' title="bbox 181 4734 1772 4829">
    <p class='ocr_par' dir='ltr' id='par_1_81' title="bbox 181 4734 1772 4829">
     <span class='ocr_line' id='line_1_81' title="bbox 181 4734 1772 4829; baseline 0.019 -42"><span class='ocrx_word' id='word_1_655' title='bbox 181 4734 391 4791; x_wconf 87' lang='lat' dir='ltr'><strong>ditores</strong></span> <span class='ocrx_word' id='word_1_656' title='bbox 440 4740 609 4809; x_wconf 86' lang='lat' dir='ltr'><strong>magis</strong></span> <span class='ocrx_word' id='word_1_657' title='bbox 656 4742 1000 4812; x_wconf 90' lang='lat' dir='ltr'><strong>alliciebant,</strong></span> <span class='ocrx_word' id='word_1_658' title='bbox 1051 4748 1135 4805; x_wconf 87' lang='lat' dir='ltr'><strong>his</strong></span> <span class='ocrx_word' id='word_1_659' title='bbox 1204 4755 1368 4810; x_wconf 91' lang='lat' dir='ltr'><strong>utitur</strong></span> <span class='ocrx_word' id='word_1_660' title='bbox 1418 4758 1772 4829; x_wconf 87' lang='lat' dir='ltr'><strong>frequentius.</strong></span> 
     </span>
    </p>
   </div>
   <div class='ocr_carea' id='block_1_82' title="bbox 181 4826 1773 4912">
    <p class='ocr_par' dir='ltr' id='par_1_82' title="bbox 181 4826 1773 4912">
     <span class='ocr_line' id='line_1_82' title="bbox 181 4826 1773 4912; baseline 0.021 -33"><span class='ocrx_word' id='word_1_661' title='bbox 181 4826 369 4897; x_wconf 79' lang='lat' dir='ltr'><strong>Neque</strong></span> <span class='ocrx_word' id='word_1_662' title='bbox 399 4844 612 4898; x_wconf 88' lang='lat' dir='ltr'><strong>semper</strong></span> <span class='ocrx_word' id='word_1_663' title='bbox 641 4833 720 4888; x_wconf 89' lang='lat' dir='ltr'><strong>sic</strong></span> <span class='ocrx_word' id='word_1_664' title='bbox 749 4835 1003 4906; x_wconf 85' lang='lat' dir='ltr'><strong>loquitur,</strong></span> <span class='ocrx_word' id='word_1_665' title='bbox 1046 4857 1114 4897; x_wconf 91' lang='lat' dir='ltr'><strong>ne</strong></span> <span class='ocrx_word' id='word_1_666' title='bbox 1147 4855 1330 4912; x_wconf 88' lang='lat' dir='ltr'><strong>postea</strong></span> <span class='ocrx_word' id='word_1_667' title='bbox 1361 4851 1645 4910; x_wconf 90' lang='lat' dir='ltr'><strong>credituris</strong></span> <span class='ocrx_word' id='word_1_668' title='bbox 1675 4874 1773 4912; x_wconf 88' lang='lat' dir='ltr'><strong>no-</strong></span> 
     </span>
    </p>
   </div>
   <div class='ocr_carea' id='block_1_83' title="bbox 177 4923 1772 5004">
    <p class='ocr_par' dir='ltr' id='par_1_83' title="bbox 177 4923 1772 5004">
     <span class='ocr_line' id='line_1_83' title="bbox 177 4923 1772 5004; baseline 0.021 -34"><span class='ocrx_word' id='word_1_669' title='bbox 177 4930 326 4980; x_wconf 84' lang='lat' dir='ltr'><strong>ceat;</strong></span> <span class='ocrx_word' id='word_1_670' title='bbox 377 4935 549 4988; x_wconf 86' lang='lat' dir='ltr'><strong>neque</strong></span> <span class='ocrx_word' id='word_1_671' title='bbox 581 4923 665 4976; x_wconf 87' lang='lat' dir='ltr'><strong>illa</strong></span> <span class='ocrx_word' id='word_1_672' title='bbox 700 4935 872 4994; x_wconf 86' lang='lat' dir='ltr'><strong>tacet,</strong></span> <span class='ocrx_word' id='word_1_673' title='bbox 922 4946 990 4984; x_wconf 90' lang='lat' dir='ltr'><strong>ne</strong></span> <span class='ocrx_word' id='word_1_674' title='bbox 1033 4947 1325 5002; x_wconf 69' lang='lat' dir='ltr'><strong>prarsentes</strong></span> <span class='ocrx_word' id='word_1_675' title='bbox 1356 4940 1607 5000; x_wconf 76' lang='lat' dir='ltr'><strong>oli‘endat.</strong></span> <span class='ocrx_word' id='word_1_676' title='bbox 1641 4947 1772 5004; x_wconf 86' lang='lat' dir='ltr'><strong>Nam</strong></span> 
     </span>
    </p>
   </div>
   <div class='ocr_carea' id='block_1_84' title="bbox 174 5285 1770 5384">
    <p class='ocr_par' dir='ltr' id='par_1_84' title="bbox 174 5285 1770 5384">
     <span class='ocr_line' id='line_1_84' title="bbox 174 5285 1770 5384; baseline 0.026 -54"><span class='ocrx_word' id='word_1_677' title='bbox 174 5293 402 5348; x_wconf 85' lang='lat' dir='ltr'><strong>quenter</strong></span> <span class='ocrx_word' id='word_1_678' title='bbox 449 5285 754 5354; x_wconf 81' lang='lat' dir='ltr'><strong>audissent,</strong></span> <span class='ocrx_word' id='word_1_679' title='bbox 803 5308 907 5348; x_wconf 86' lang='lat' dir='ltr'><strong>thtt</strong></span> <span class='ocrx_word' id='word_1_680' title='bbox 949 5298 1133 5367; x_wconf 82' lang='lat' dir='ltr'><strong>utique</strong></span> <span class='ocrx_word' id='word_1_681' title='bbox 1170 5307 1541 5364; x_wconf 83' lang='lat' dir='ltr'><strong>accessissent.</strong></span> <span class='ocrx_word' id='word_1_682' title='bbox 1585 5311 1770 5384; x_wconf 82' lang='lat' dir='ltr'><strong>Neque</strong></span> 
     </span>
    </p>
   </div>
   <div class='ocr_carea' id='block_1_85' title="bbox 175 5379 1766 5472">
    <p class='ocr_par' dir='ltr' id='par_1_85' title="bbox 175 5379 1766 5472">
     <span class='ocr_line' id='line_1_85' title="bbox 175 5379 1766 5472; baseline 0.025 -49"><span class='ocrx_word' id='word_1_683' title='bbox 175 5379 350 5427; x_wconf 82' lang='lat' dir='ltr'><strong>tamen</strong></span> <span class='ocrx_word' id='word_1_684' title='bbox 383 5388 636 5472; x_wconf 49' lang='lat' dir='ltr'><strong>m‘anent,</strong></span> <span class='ocrx_word' id='word_1_685' title='bbox 667 5391 944 5454; x_wconf 80' lang='lat' dir='ltr'><strong>postquam</strong></span> <span class='ocrx_word' id='word_1_686' title='bbox 975 5399 1050 5444; x_wconf 89' lang='lat' dir='ltr'><strong>tot</strong></span> <span class='ocrx_word' id='word_1_687' title='bbox 1075 5402 1130 5446; x_wconf 89' lang='lat' dir='ltr'><strong>et</strong></span> <span class='ocrx_word' id='word_1_688' title='bbox 1161 5401 1304 5450; x_wconf 88' lang='lat' dir='ltr'><strong>tanta</strong></span> <span class='ocrx_word' id='word_1_689' title='bbox 1333 5401 1640 5472; x_wconf 89' lang='lat' dir='ltr'><strong>audierunt,</strong></span> <span class='ocrx_word' id='word_1_690' title='bbox 1671 5379 1766 5463; x_wconf 71' lang='lat' dir='ltr'><strong>sed</strong></span> 
     </span>
    </p>
   </div>
   <div class='ocr_carea' id='block_1_86' title="bbox 175 5455 1760 5567">
    <p class='ocr_par' dir='ltr' id='par_1_86' title="bbox 175 5455 1760 5567">
     <span class='ocr_line' id='line_1_86' title="bbox 175 5455 1760 5567; baseline 0.026 -53"><span class='ocrx_word' id='word_1_691' title='bbox 175 5455 445 5530; x_wconf 77' lang='lat' dir='ltr'><strong>lapidibu§</strong></span> <span class='ocrx_word' id='word_1_692' title='bbox 465 5467 754 5539; x_wconf 85' lang='lat' dir='ltr'><strong>impetunt,</strong></span> <span class='ocrx_word' id='word_1_693' title='bbox 781 5488 1173 5548; x_wconf 85' lang='lat' dir='ltr'><strong>persequuntur</strong></span> <span class='ocrx_word' id='word_1_694' title='bbox 1189 5496 1240 5539; x_wconf 86' lang='lat' dir='ltr'><strong>et</strong></span> <span class='ocrx_word' id='word_1_695' title='bbox 1262 5490 1511 5549; x_wconf 86' lang='lat' dir='ltr'><strong>occidere</strong></span> <span class='ocrx_word' id='word_1_696' title='bbox 1537 5455 1760 5567; x_wconf 77' lang='lat' dir='ltr'><strong>leniant,</strong></span> 
     </span>
    </p>
   </div>
   <div class='ocr_carea' id='block_1_87' title="bbox 176 5553 1761 5660">
    <p class='ocr_par' dir='ltr' id='par_1_87' title="bbox 176 5553 1761 5660">
     <span class='ocr_line' id='line_1_87' title="bbox 176 5553 1761 5660; baseline 0.025 -51"><span class='ocrx_word' id='word_1_697' title='bbox 176 5553 654 5632; x_wconf 86' lang='lat' dir='ltr'><strong>hlasphemmnque</strong></span> <span class='ocrx_word' id='word_1_698' title='bbox 698 5578 886 5624; x_wconf 74' lang='lat' dir='ltr'><strong>vocant</strong></span> <span class='ocrx_word' id='word_1_699' title='bbox 918 5587 932 5623; x_wconf 88' lang='lat'><strong>:</strong></span> <span class='ocrx_word' id='word_1_700' title='bbox 964 5588 1028 5628; x_wconf 90' lang='lat' dir='ltr'><strong>ac</strong></span> <span class='ocrx_word' id='word_1_701' title='bbox 1077 5591 1197 5632; x_wconf 87' lang='lat' dir='ltr'><strong>eum</strong></span> <span class='ocrx_word' id='word_1_702' title='bbox 1243 5596 1302 5635; x_wconf 92' lang='lat' dir='ltr'><strong>se</strong></span> <span class='ocrx_word' id='word_1_703' title='bbox 1353 5583 1459 5639; x_wconf 90' lang='lat' dir='ltr'><strong>Deo</strong></span> <span class='ocrx_word' id='word_1_704' title='bbox 1503 5564 1761 5660; x_wconf 65' lang='lat' dir='ltr'><strong>aequalem</strong></span> 
     </span>
    </p>
   </div>
   <div class='ocr_carea' id='block_1_88' title="bbox 175 5644 1761 5750">
    <p class='ocr_par' dir='ltr' id='par_1_88' title="bbox 175 5644 1761 5750">
     <span class='ocr_line' id='line_1_88' title="bbox 175 5644 1761 5750; baseline 0.029 -53"><span class='ocrx_word' id='word_1_705' title='bbox 175 5644 325 5714; x_wconf 81' lang='lat' dir='ltr'><strong>facit,</strong></span> <span class='ocrx_word' id='word_1_706' title='bbox 369 5648 553 5707; x_wconf 84' lang='lat' dir='ltr'><strong>dicunt</strong></span> <span class='ocrx_word' id='word_1_707' title='bbox 583 5695 597 5720; x_wconf 93' lang='lat'><strong>,</strong></span> <span class='ocrx_word' id='word_1_708' title='bbox 647 5655 748 5710; x_wconf 82' lang='lat' dir='ltr'><strong>Hic</strong></span> <span class='ocrx_word' id='word_1_709' title='bbox 787 5660 1104 5730; x_wconf 80' lang='lat' dir='ltr'><strong>bIasphemat</strong></span> <span class='ocrx_word' id='word_1_710' title='bbox 1140 5667 1342 5741; x_wconf 77' lang='lat' dir='ltr'><strong>(Marc.</strong></span> <span class='ocrx_word' id='word_1_711' title='bbox 1389 5676 1442 5733; x_wconf 71' lang='grc'>2.</span> <span class='ocrx_word' id='word_1_712' title='bbox 1475 5644 1584 5750; x_wconf 62' lang='grc' dir='ltr'>ἨΞ</span> 
     </span>
    </p>
   </div>
   <div class='ocr_carea' id='block_1_89' title="bbox 177 5744 1752 5836">
    <p class='ocr_par' dir='ltr' id='par_1_89' title="bbox 177 5744 1752 5836">
     <span class='ocr_line' id='line_1_89' title="bbox 177 5744 1752 5836; baseline 0.027 -44"><span class='ocrx_word' id='word_1_713' title='bbox 177 5749 347 5796; x_wconf 72' lang='lat' dir='ltr'><strong>autem</strong></span> <span class='ocrx_word' id='word_1_714' title='bbox 366 5744 513 5809; x_wconf 76' lang='lat' dir='ltr'><strong>dicit,</strong></span> <span class='ocrx_word' id='word_1_715' title='bbox 541 5748 879 5806; x_wconf 72' lang='lat' dir='ltr'><strong>licuiittuntur</strong></span> <span class='ocrx_word' id='word_1_716' title='bbox 907 5757 994 5809; x_wconf 82' lang='lat' dir='ltr'><strong>tibi</strong></span> <span class='ocrx_word' id='word_1_717' title='bbox 1039 5775 1240 5826; x_wconf 75' lang='lat' dir='ltr'><strong>pt&#39;ct&#39;ata</strong></span> <span class='ocrx_word' id='word_1_718' title='bbox 1270 5778 1352 5822; x_wconf 80' lang='lat' dir='ltr'><strong>tua</strong></span> <span class='ocrx_word' id='word_1_719' title='bbox 1383 5744 1591 5836; x_wconf 30' lang='lat' dir='ltr'><strong>(&quot;till/tv.</strong></span> <span class='ocrx_word' id='word_1_720' title='bbox 1617 5779 1667 5833; x_wconf 77' lang='lat'><strong>9.</strong></span> <span class='ocrx_word' id='word_1_721' title='bbox 1703 5782 1752 5835; x_wconf 74' lang='lat'><strong>‘2.</strong></span> 
     </span>
    </p>
   </div>
   <div class='ocr_carea' id='block_1_90' title="bbox 1898 3693 3496 3781">
    <p class='ocr_par' dir='ltr' id='par_1_90' title="bbox 1898 3693 3496 3781">
     <span class='ocr_line' id='line_1_90' title="bbox 1898 3693 3496 3781; baseline 0.016 -33"><span class='ocrx_word' id='word_1_722' title='bbox 1898 3693 2026 3748; x_wconf 87' lang='lat' dir='ltr'><strong>Luc.</strong></span> <span class='ocrx_word' id='word_1_723' title='bbox 2057 3695 2242 3763; x_wconf 74' lang='lat'><strong>5.20),</strong></span> <span class='ocrx_word' id='word_1_724' title='bbox 2277 3696 2664 3754; x_wconf 70' lang='lat' dir='ltr'><strong>dzemoniacum</strong></span> <span class='ocrx_word' id='word_1_725' title='bbox 2687 3714 2902 3771; x_wconf 82' lang='lat' dir='ltr'><strong>vocant;</strong></span> <span class='ocrx_word' id='word_1_726' title='bbox 2924 3714 2979 3760; x_wconf 92' lang='lat' dir='ltr'><strong>ut</strong></span> <span class='ocrx_word' id='word_1_727' title='bbox 3004 3708 3164 3763; x_wconf 87' lang='lat' dir='ltr'><strong>etiam</strong></span> <span class='ocrx_word' id='word_1_728' title='bbox 3192 3725 3311 3768; x_wconf 88' lang='lat' dir='ltr'><strong>cum</strong></span> <span class='ocrx_word' id='word_1_729' title='bbox 3343 3715 3496 3781; x_wconf 72' lang='lat' dir='ltr'><strong>dixit,</strong></span> 
     </span>
    </p>
   </div>
   <div class='ocr_carea' id='block_1_91' title="bbox 1899 3787 3494 3870">
    <p class='ocr_par' dir='ltr' id='par_1_91' title="bbox 1899 3787 3494 3870">
     <span class='ocr_line' id='line_1_91' title="bbox 1899 3787 3494 3870; baseline 0.016 -32"><span class='ocrx_word' id='word_1_730' title='bbox 1899 3788 1988 3855; x_wconf 89' lang='lat' dir='ltr'><strong>qui</strong></span> <span class='ocrx_word' id='word_1_731' title='bbox 2057 3787 2217 3841; x_wconf 79' lang='lat' dir='ltr'><strong>verba</strong></span> <span class='ocrx_word' id='word_1_732' title='bbox 2261 3802 2354 3840; x_wconf 91' lang='lat' dir='ltr'><strong>sua</strong></span> <span class='ocrx_word' id='word_1_733' title='bbox 2401 3787 2643 3857; x_wconf 88' lang='lat' dir='ltr'><strong>audiret,</strong></span> <span class='ocrx_word' id='word_1_734' title='bbox 2713 3805 2885 3850; x_wconf 90' lang='lat' dir='ltr'><strong>morte</strong></span> <span class='ocrx_word' id='word_1_735' title='bbox 2941 3801 3273 3870; x_wconf 89' lang='lat' dir='ltr'><strong>superiorem</strong></span> <span class='ocrx_word' id='word_1_736' title='bbox 3328 3820 3494 3863; x_wconf 88' lang='lat' dir='ltr'><strong>esse:</strong></span> 
     </span>
    </p>
   </div>
   <div class='ocr_carea' id='block_1_92' title="bbox 1898 3878 3497 3961">
    <p class='ocr_par' dir='ltr' id='par_1_92' title="bbox 1898 3878 3497 3961">
     <span class='ocr_line' id='line_1_92' title="bbox 1898 3878 3497 3961; baseline 0.018 -33"><span class='ocrx_word' id='word_1_737' title='bbox 1898 3890 2018 3929; x_wconf 91' lang='lat' dir='ltr'><strong>cum</strong></span> <span class='ocrx_word' id='word_1_738' title='bbox 2047 3888 2230 3932; x_wconf 86' lang='lat' dir='ltr'><strong>autem</strong></span> <span class='ocrx_word' id='word_1_739' title='bbox 2255 3878 2332 3932; x_wconf 83' lang='lat' dir='ltr'><strong>sic</strong></span> <span class='ocrx_word' id='word_1_740' title='bbox 2374 3880 2612 3950; x_wconf 86' lang='lat' dir='ltr'><strong>loquitur</strong></span> <span class='ocrx_word' id='word_1_741' title='bbox 2633 3925 2649 3949; x_wconf 90' lang='lat'><strong>,</strong></span> <span class='ocrx_word' id='word_1_742' title='bbox 2705 3883 2817 3957; x_wconf 85' lang='lat' dir='ltr'><strong>Ego</strong></span> <span class='ocrx_word' id='word_1_743' title='bbox 2847 3889 2901 3942; x_wconf 87' lang='lat' dir='ltr'><strong>in</strong></span> <span class='ocrx_word' id='word_1_744' title='bbox 2930 3888 3090 3947; x_wconf 79' lang='lat' dir='ltr'><strong>Patre</strong></span> <span class='ocrx_word' id='word_1_745' title='bbox 3112 3936 3126 3961; x_wconf 89' lang='lat'><strong>,</strong></span> <span class='ocrx_word' id='word_1_746' title='bbox 3174 3908 3220 3950; x_wconf 83' lang='lat' dir='ltr'><strong>et</strong></span> <span class='ocrx_word' id='word_1_747' title='bbox 3263 3897 3420 3954; x_wconf 78' lang='lat' dir='ltr'><strong>Pater</strong></span> <span class='ocrx_word' id='word_1_748' title='bbox 3448 3903 3497 3956; x_wconf 91' lang='lat' dir='ltr'><strong>in</strong></span> 
     </span>
    </p>
   </div>
   <div class='ocr_carea' id='block_1_93' title="bbox 1897 3964 3495 4062">
    <p class='ocr_par' dir='ltr' id='par_1_93' title="bbox 1897 3964 3495 4062">
     <span class='ocr_line' id='line_1_93' title="bbox 1897 3964 3495 4062; baseline 0.019 -46"><span class='ocrx_word' id='word_1_749' title='bbox 1897 3981 1975 4018; x_wconf 88' lang='lat' dir='ltr'><strong>me</strong></span> <span class='ocrx_word' id='word_1_750' title='bbox 2019 3964 2217 4037; x_wconf 87' lang='lat' dir='ltr'><strong>(Joan.</strong></span> <span class='ocrx_word' id='word_1_751' title='bbox 2248 3968 2337 4023; x_wconf 74' lang='lat' dir='ltr'><strong>M.</strong></span> <span class='ocrx_word' id='word_1_752' title='bbox 2386 3970 2488 4041; x_wconf 73' lang='lat'><strong>10)</strong></span> <span class='ocrx_word' id='word_1_753' title='bbox 2515 4011 2530 4038; x_wconf 92' lang='lat'><strong>,</strong></span> <span class='ocrx_word' id='word_1_754' title='bbox 2580 3973 2752 4044; x_wconf 87' lang='lat' dir='ltr'><strong>ipsum</strong></span> <span class='ocrx_word' id='word_1_755' title='bbox 2803 3979 3150 4051; x_wconf 85' lang='lat' dir='ltr'><strong>relinquunt;</strong></span> <span class='ocrx_word' id='word_1_756' title='bbox 3201 4003 3495 4062; x_wconf 80' lang='lat' dir='ltr'><strong>rursuSque</strong></span> 
     </span>
    </p>
   </div>
   <div class='ocr_carea' id='block_1_94' title="bbox 1895 4056 3494 4155">
    <p class='ocr_par' dir='ltr' id='par_1_94' title="bbox 1895 4056 3494 4155">
     <span class='ocr_line' id='line_1_94' title="bbox 1895 4056 3494 4155; baseline 0.019 -46"><span class='ocrx_word' id='word_1_757' title='bbox 1895 4056 2240 4113; x_wconf 86' lang='lat' dir='ltr'><strong>oll&#39;enduntnr</strong></span> <span class='ocrx_word' id='word_1_758' title='bbox 2266 4074 2387 4114; x_wconf 92' lang='lat' dir='ltr'><strong>cum</strong></span> <span class='ocrx_word' id='word_1_759' title='bbox 2419 4063 2526 4129; x_wconf 88' lang='lat' dir='ltr'><strong>ait,</strong></span> <span class='ocrx_word' id='word_1_760' title='bbox 2557 4079 2618 4120; x_wconf 92' lang='lat' dir='ltr'><strong>se</strong></span> <span class='ocrx_word' id='word_1_761' title='bbox 2637 4065 2704 4121; x_wconf 89' lang='lat' dir='ltr'><strong>de</strong></span> <span class='ocrx_word' id='word_1_762' title='bbox 2729 4070 2864 4126; x_wconf 74' lang='lat' dir='ltr'><strong>ezelo</strong></span> <span class='ocrx_word' id='word_1_763' title='bbox 2891 4071 3253 4133; x_wconf 89' lang='lat' dir='ltr'><strong>descendisse.</strong></span> <span class='ocrx_word' id='word_1_764' title='bbox 3284 4081 3344 4136; x_wconf 86' lang='lat' dir='ltr'><strong>Si</strong></span> <span class='ocrx_word' id='word_1_765' title='bbox 3367 4056 3494 4155; x_wconf 63' lang='lat' dir='ltr'><strong>eigo</strong></span> 
     </span>
    </p>
   </div>
   <div class='ocr_carea' id='block_1_95' title="bbox 1897 4144 3492 4237">
    <p class='ocr_par' dir='ltr' id='par_1_95' title="bbox 1897 4144 3492 4237">
     <span class='ocr_line' id='line_1_95' title="bbox 1897 4144 3492 4237; baseline 0.021 -39"><span class='ocrx_word' id='word_1_766' title='bbox 1897 4144 2039 4211; x_wconf 83' lang='lat' dir='ltr'><strong>haec,</strong></span> <span class='ocrx_word' id='word_1_767' title='bbox 2071 4148 2169 4203; x_wconf 87' lang='lat' dir='ltr'><strong>etsi</strong></span> <span class='ocrx_word' id='word_1_768' title='bbox 2193 4149 2370 4207; x_wconf 86' lang='lat' dir='ltr'><strong>rarius</strong></span> <span class='ocrx_word' id='word_1_769' title='bbox 2387 4151 2526 4208; x_wconf 88' lang='lat' dir='ltr'><strong>dicta</strong></span> <span class='ocrx_word' id='word_1_770' title='bbox 2546 4195 2566 4222; x_wconf 85' lang='lat'><strong>,</strong></span> <span class='ocrx_word' id='word_1_771' title='bbox 2597 4171 2703 4212; x_wconf 90' lang='lat' dir='ltr'><strong>non</strong></span> <span class='ocrx_word' id='word_1_772' title='bbox 2727 4157 2968 4216; x_wconf 84' lang='lat' dir='ltr'><strong>ferebant</strong></span> <span class='ocrx_word' id='word_1_773' title='bbox 2990 4175 3166 4222; x_wconf 86' lang='lat' dir='ltr'><strong>tamen</strong></span> <span class='ocrx_word' id='word_1_774' title='bbox 3191 4213 3204 4237; x_wconf 94' lang='lat'><strong>,</strong></span> <span class='ocrx_word' id='word_1_775' title='bbox 3239 4173 3323 4226; x_wconf 79' lang='lat' dir='ltr'><strong>vix</strong></span> <span class='ocrx_word' id='word_1_776' title='bbox 3345 4144 3492 4231; x_wconf 49' lang='lat' dir='ltr'><strong>cerva:</strong></span> 
     </span>
    </p>
   </div>
   <div class='ocr_carea' id='block_1_96' title="bbox 1891 4237 3484 4326">
    <p class='ocr_par' dir='ltr' id='par_1_96' title="bbox 1891 4237 3484 4326">
     <span class='ocr_line' id='line_1_96' title="bbox 1891 4237 3484 4326; baseline 0.022 -37"><span class='ocrx_word' id='word_1_777' title='bbox 1891 4237 2280 4306; x_wconf 90' lang='lat' dir='ltr'><strong>attendissent,</strong></span> <span class='ocrx_word' id='word_1_778' title='bbox 2324 4242 2369 4297; x_wconf 93' lang='lat' dir='ltr'><strong>si</strong></span> <span class='ocrx_word' id='word_1_779' title='bbox 2414 4245 2662 4301; x_wconf 90' lang='lat' dir='ltr'><strong>sublimia</strong></span> <span class='ocrx_word' id='word_1_780' title='bbox 2714 4265 2930 4322; x_wconf 86' lang='lat' dir='ltr'><strong>semper</strong></span> <span class='ocrx_word' id='word_1_781' title='bbox 2968 4255 3219 4326; x_wconf 85' lang='lat' dir='ltr'><strong>loquutus</strong></span> <span class='ocrx_word' id='word_1_782' title='bbox 3276 4264 3484 4324; x_wconf 86' lang='lat' dir='ltr'><strong>fuisset.</strong></span> 
     </span>
    </p>
   </div>
   <div class='ocr_carea' id='block_1_97' title="bbox 1891 4325 3488 4419">
    <p class='ocr_par' dir='ltr' id='par_1_97' title="bbox 1891 4325 3488 4419">
     <span class='ocr_line' id='line_1_97' title="bbox 1891 4325 3488 4419; baseline 0.023 -42"><span class='ocrx_word' id='word_1_783' title='bbox 1891 4325 2116 4393; x_wconf 86' lang='lat' dir='ltr'><strong>Quando</strong></span> <span class='ocrx_word' id='word_1_784' title='bbox 2164 4330 2323 4400; x_wconf 82' lang='lat' dir='ltr'><strong>igitur</strong></span> <span class='ocrx_word' id='word_1_785' title='bbox 2351 4333 2482 4390; x_wconf 89' lang='lat' dir='ltr'><strong>dicit</strong></span> <span class='ocrx_word' id='word_1_786' title='bbox 2516 4353 2528 4389; x_wconf 88' lang='lat'>:</span> <span class='ocrx_word' id='word_1_787' title='bbox 2563 4337 2710 4394; x_wconf 86' lang='lat' dir='ltr'><strong>Sicut</strong></span> <span class='ocrx_word' id='word_1_788' title='bbox 2741 4345 2998 4399; x_wconf 80' lang='lat' dir='ltr'><strong>mandavit</strong></span> <span class='ocrx_word' id='word_1_789' title='bbox 3027 4325 3150 4404; x_wconf 84' lang='lat' dir='ltr'><strong>mihi</strong></span> <span class='ocrx_word' id='word_1_790' title='bbox 3181 4351 3336 4408; x_wconf 84' lang='lat' dir='ltr'><strong>Pater</strong></span> <span class='ocrx_word' id='word_1_791' title='bbox 3356 4398 3369 4419; x_wconf 94' lang='lat'><strong>,</strong></span> <span class='ocrx_word' id='word_1_792' title='bbox 3418 4362 3488 4413; x_wconf 81' lang='lat' dir='ltr'><strong>sit:</strong></span> 
     </span>
    </p>
   </div>
   <div class='ocr_carea' id='block_1_98' title="bbox 1890 4417 3485 4517">
    <p class='ocr_par' dir='ltr' id='par_1_98' title="bbox 1890 4417 3485 4517">
     <span class='ocr_line' id='line_1_98' title="bbox 1890 4417 3485 4517; baseline 0.022 -47"><span class='ocrx_word' id='word_1_793' title='bbox 1890 4417 2070 4485; x_wconf 83' lang='lat' dir='ltr'><strong>loquor</strong></span> <span class='ocrx_word' id='word_1_794' title='bbox 2112 4419 2289 4490; x_wconf 82' lang='lat' dir='ltr'><strong>(Ibid.</strong></span> <span class='ocrx_word' id='word_1_795' title='bbox 2320 4441 2368 4478; x_wconf 84' lang='grc' dir='ltr'>υ.</span> <span class='ocrx_word' id='word_1_796' title='bbox 2397 4427 2459 4481; x_wconf 80' lang='grc'><strong>51</strong></span> <span class='ocrx_word' id='word_1_797' title='bbox 2488 4427 2546 4497; x_wconf 92' lang='grc'><strong>);</strong></span> <span class='ocrx_word' id='word_1_798' title='bbox 2608 4439 2660 4486; x_wconf 88' lang='lat' dir='ltr'><strong>et</strong></span> <span class='ocrx_word' id='word_1_799' title='bbox 2684 4471 2699 4498; x_wconf 92' lang='lat'><strong>,</strong></span> <span class='ocrx_word' id='word_1_800' title='bbox 2748 4433 2791 4486; x_wconf 82' lang='grc' dir='ltr'><em>Α</em></span> <span class='ocrx_word' id='word_1_801' title='bbox 2818 4437 3008 4507; x_wconf 84' lang='lat' dir='ltr'><strong>meipso</strong></span> <span class='ocrx_word' id='word_1_802' title='bbox 3049 4457 3149 4496; x_wconf 88' lang='lat' dir='ltr'><strong>non</strong></span> <span class='ocrx_word' id='word_1_803' title='bbox 3207 4448 3316 4500; x_wconf 81' lang='lat' dir='ltr'><strong>ueni</strong></span> <span class='ocrx_word' id='word_1_804' title='bbox 3358 4417 3485 4517; x_wconf 56' lang='grc' dir='ltr'><strong>(Μ.</strong></span> 
     </span>
    </p>
   </div>
   <div class='ocr_carea' id='block_1_99' title="bbox 1891 4509 3485 4612">
    <p class='ocr_par' dir='ltr' id='par_1_99' title="bbox 1891 4509 3485 4612">
     <span class='ocr_line' id='line_1_99' title="bbox 1891 4509 3485 4612; baseline 0.024 -51"><span class='ocrx_word' id='word_1_805' title='bbox 1891 4510 1942 4562; x_wconf 87' lang='lat'><strong>7.</strong></span> <span class='ocrx_word' id='word_1_806' title='bbox 1976 4509 2119 4580; x_wconf 71' lang='lat'><strong>‘28),</strong></span> <span class='ocrx_word' id='word_1_807' title='bbox 2173 4522 2297 4570; x_wconf 85' lang='lat' dir='ltr'><strong>tunc</strong></span> <span class='ocrx_word' id='word_1_808' title='bbox 2325 4518 2589 4584; x_wconf 91' lang='lat' dir='ltr'><strong>credunt,</strong></span> <span class='ocrx_word' id='word_1_809' title='bbox 2643 4531 2699 4577; x_wconf 90' lang='lat' dir='ltr'><strong>ut</strong></span> <span class='ocrx_word' id='word_1_810' title='bbox 2753 4526 2926 4594; x_wconf 89' lang='lat' dir='ltr'><strong>palam</strong></span> <span class='ocrx_word' id='word_1_811' title='bbox 2959 4530 3219 4600; x_wconf 80' lang='lat' dir='ltr'><strong>significat</strong></span> <span class='ocrx_word' id='word_1_812' title='bbox 3253 4509 3485 4612; x_wconf 80' lang='lat' dir='ltr'><strong>evange-</strong></span> 
     </span>
    </p>
   </div>
   <div class='ocr_carea' id='block_1_100' title="bbox 1890 4600 3493 4687">
    <p class='ocr_par' dir='ltr' id='par_1_100' title="bbox 1890 4600 3493 4687">
     <span class='ocr_line' id='line_1_100' title="bbox 1890 4600 3493 4687; baseline 0.021 -35"><span class='ocrx_word' id='word_1_813' title='bbox 1890 4600 2007 4654; x_wconf 88' lang='lat' dir='ltr'><strong>lista</strong></span> <span class='ocrx_word' id='word_1_814' title='bbox 2037 4620 2158 4657; x_wconf 91' lang='lat' dir='ltr'><strong>cum</strong></span> <span class='ocrx_word' id='word_1_815' title='bbox 2190 4606 2354 4670; x_wconf 89' lang='lat' dir='ltr'><strong>dicit,</strong></span> <span class='ocrx_word' id='word_1_816' title='bbox 2406 4608 2533 4664; x_wconf 59' lang='lat' dir='ltr'><strong>Haec</strong></span> <span class='ocrx_word' id='word_1_817' title='bbox 2566 4611 2655 4666; x_wconf 88' lang='lat' dir='ltr'><strong>illo</strong></span> <span class='ocrx_word' id='word_1_818' title='bbox 2682 4614 2941 4684; x_wconf 85' lang='lat' dir='ltr'><strong>loquente,</strong></span> <span class='ocrx_word' id='word_1_819' title='bbox 2993 4623 3138 4676; x_wconf 88' lang='lat' dir='ltr'><strong>nmlti</strong></span> <span class='ocrx_word' id='word_1_820' title='bbox 3165 4600 3493 4687; x_wconf 64' lang='lat' dir='ltr'><strong>crediderunt</strong></span> 
     </span>
    </p>
   </div>
   <div class='ocr_carea' id='block_1_101' title="bbox 1887 4689 3482 4777">
    <p class='ocr_par' dir='ltr' id='par_1_101' title="bbox 1887 4689 3482 4777">
     <span class='ocr_line' id='line_1_101' title="bbox 1887 4689 3482 4777; baseline 0.022 -36"><span class='ocrx_word' id='word_1_821' title='bbox 1887 4689 1938 4742; x_wconf 76' lang='lat' dir='ltr'><strong>in</strong></span> <span class='ocrx_word' id='word_1_822' title='bbox 1967 4695 2124 4763; x_wconf 87' lang='lat' dir='ltr'><strong>eum(</strong></span> <span class='ocrx_word' id='word_1_823' title='bbox 2158 4693 2242 4749; x_wconf 87' lang='lat' dir='ltr'><strong>Id.</strong></span> <span class='ocrx_word' id='word_1_824' title='bbox 2275 4715 2321 4748; x_wconf 90' lang='lat' dir='ltr'><strong>v.</strong></span> <span class='ocrx_word' id='word_1_825' title='bbox 2350 4698 2456 4769; x_wconf 81' lang='grc'><strong>51)</strong></span> <span class='ocrx_word' id='word_1_826' title='bbox 2513 4701 2564 4754; x_wconf 83' lang='lat' dir='ltr'><strong>Si</strong></span> <span class='ocrx_word' id='word_1_827' title='bbox 2601 4719 2728 4772; x_wconf 88' lang='lat' dir='ltr'><strong>ergo</strong></span> <span class='ocrx_word' id='word_1_828' title='bbox 2766 4706 2984 4762; x_wconf 76' lang='lat' dir='ltr'><strong>humilia</strong></span> <span class='ocrx_word' id='word_1_829' title='bbox 3039 4714 3201 4769; x_wconf 83' lang='lat' dir='ltr'><strong>verba</strong></span> <span class='ocrx_word' id='word_1_830' title='bbox 3228 4719 3294 4772; x_wconf 88' lang='lat' dir='ltr'><strong>ad</strong></span> <span class='ocrx_word' id='word_1_831' title='bbox 3328 4723 3482 4777; x_wconf 77' lang='lat' dir='ltr'><strong>[idem</strong></span> 
     </span>
    </p>
   </div>
   <div class='ocr_carea' id='block_1_102' title="bbox 1888 4783 3484 4866">
    <p class='ocr_par' dir='ltr' id='par_1_102' title="bbox 1888 4783 3484 4866">
     <span class='ocr_line' id='line_1_102' title="bbox 1888 4783 3484 4866; baseline 0.019 -33"><span class='ocrx_word' id='word_1_832' title='bbox 1888 4783 2196 4854; x_wconf 86' lang='lat' dir='ltr'><strong>trahebant,</strong></span> <span class='ocrx_word' id='word_1_833' title='bbox 2231 4789 2477 4845; x_wconf 79' lang='lat' dir='ltr'><strong>sublimia</strong></span> <span class='ocrx_word' id='word_1_834' title='bbox 2501 4801 2954 4855; x_wconf 73' lang='lat' dir='ltr'><strong>veroavertebaut</strong></span> <span class='ocrx_word' id='word_1_835' title='bbox 2973 4843 2986 4866; x_wconf 91' lang='lat'><strong>,</strong></span> <span class='ocrx_word' id='word_1_836' title='bbox 3021 4820 3198 4863; x_wconf 84' lang='lat' dir='ltr'><strong>annon</strong></span> <span class='ocrx_word' id='word_1_837' title='bbox 3225 4821 3484 4865; x_wconf 61' lang='lat' dir='ltr'><strong>extremm</strong></span> 
     </span>
    </p>
   </div>
   <div class='ocr_carea' id='block_1_103' title="bbox 1884 4873 3480 4957">
    <p class='ocr_par' dir='ltr' id='par_1_103' title="bbox 1884 4873 3480 4957">
     <span class='ocr_line' id='line_1_103' title="bbox 1884 4873 3480 4957; baseline 0.019 -30"><span class='ocrx_word' id='word_1_838' title='bbox 1884 4873 2170 4932; x_wconf 75' lang='lat' dir='ltr'><strong>dementia:</strong></span> <span class='ocrx_word' id='word_1_839' title='bbox 2198 4879 2359 4936; x_wconf 88' lang='lat' dir='ltr'><strong>fuerit</strong></span> <span class='ocrx_word' id='word_1_840' title='bbox 2386 4899 2490 4938; x_wconf 89' lang='lat' dir='ltr'><strong>non</strong></span> <span class='ocrx_word' id='word_1_841' title='bbox 2521 4887 2760 4956; x_wconf 86' lang='lat' dir='ltr'><strong>cogitare</strong></span> <span class='ocrx_word' id='word_1_842' title='bbox 2790 4891 3011 4949; x_wconf 82' lang='lat' dir='ltr'><strong>humilia</strong></span> <span class='ocrx_word' id='word_1_843' title='bbox 3042 4899 3203 4955; x_wconf 88' lang='lat' dir='ltr'><strong>verba</strong></span> <span class='ocrx_word' id='word_1_844' title='bbox 3227 4902 3293 4956; x_wconf 88' lang='lat' dir='ltr'><strong>ad</strong></span> <span class='ocrx_word' id='word_1_845' title='bbox 3335 4905 3480 4957; x_wconf 83' lang='lat' dir='ltr'><strong>audi-</strong></span> 
     </span>
    </p>
   </div>
   <div class='ocr_carea' id='block_1_104' title="bbox 1885 4974 3472 5059">
    <p class='ocr_par' dir='ltr' id='par_1_104' title="bbox 1885 4974 3472 5059">
     <span class='ocr_line' id='line_1_104' title="bbox 1885 4974 3472 5059; baseline 0.018 -41"><span class='ocrx_word' id='word_1_846' title='bbox 1885 4974 2057 5021; x_wconf 83' lang='lat' dir='ltr'><strong>turum</strong></span> <span class='ocrx_word' id='word_1_847' title='bbox 2102 4979 2317 5040; x_wconf 89' lang='lat' dir='ltr'><strong>captum</strong></span> <span class='ocrx_word' id='word_1_848' title='bbox 2365 4984 2716 5047; x_wconf 84' lang='lat' dir='ltr'><strong>attemperata</strong></span> <span class='ocrx_word' id='word_1_849' title='bbox 2767 4987 2927 5038; x_wconf 86' lang='lat' dir='ltr'><strong>esse?</strong></span> <span class='ocrx_word' id='word_1_850' title='bbox 2973 4987 3250 5059; x_wconf 89' lang='lat' dir='ltr'><strong>Siquidem</strong></span> <span class='ocrx_word' id='word_1_851' title='bbox 3285 4999 3472 5052; x_wconf 83' lang='lat' dir='ltr'><strong>etalio</strong></span> 
     </span>
    </p>
   </div>
   <div class='ocr_carea' id='block_1_105' title="bbox 1886 5053 3467 5147">
    <p class='ocr_par' dir='ltr' id='par_1_105' title="bbox 1886 5053 3467 5147">
     <span class='ocr_line' id='line_1_105' title="bbox 1886 5053 3467 5147; baseline 0.021 -39"><span class='ocrx_word' id='word_1_852' title='bbox 1886 5053 2032 5122; x_wconf 88' lang='lat' dir='ltr'><strong>loco,</strong></span> <span class='ocrx_word' id='word_1_853' title='bbox 2064 5074 2184 5113; x_wconf 92' lang='lat' dir='ltr'><strong>cum</strong></span> <span class='ocrx_word' id='word_1_854' title='bbox 2213 5077 2462 5132; x_wconf 90' lang='lat' dir='ltr'><strong>magnum</strong></span> <span class='ocrx_word' id='word_1_855' title='bbox 2490 5059 2759 5137; x_wconf 77' lang='lat' dir='ltr'><strong>quidpiam</strong></span> <span class='ocrx_word' id='word_1_856' title='bbox 2793 5073 2935 5143; x_wconf 78' lang='lat' dir='ltr'><strong>laqui</strong></span> <span class='ocrx_word' id='word_1_857' title='bbox 2966 5053 3160 5147; x_wconf 81' lang='lat' dir='ltr'><strong>vellet,</strong></span> <span class='ocrx_word' id='word_1_858' title='bbox 3194 5085 3382 5147; x_wconf 88' lang='lat' dir='ltr'><strong>tacuit,</strong></span> <span class='ocrx_word' id='word_1_859' title='bbox 3414 5101 3467 5143; x_wconf 84' lang='lat' dir='ltr'><strong>et</strong></span> 
     </span>
    </p>
   </div>
   <div class='ocr_carea' id='block_1_106' title="bbox 1880 5151 3473 5247">
    <p class='ocr_par' dir='ltr' id='par_1_106' title="bbox 1880 5151 3473 5247">
     <span class='ocr_line' id='line_1_106' title="bbox 1880 5151 3473 5247; baseline 0.023 -49"><span class='ocrx_word' id='word_1_860' title='bbox 1880 5160 2094 5202; x_wconf 85' lang='lat' dir='ltr'><strong>causam</strong></span> <span class='ocrx_word' id='word_1_861' title='bbox 2125 5151 2320 5207; x_wconf 88' lang='lat' dir='ltr'><strong>silentii</strong></span> <span class='ocrx_word' id='word_1_862' title='bbox 2348 5155 2584 5212; x_wconf 88' lang='lat' dir='ltr'><strong>addidit:</strong></span> <span class='ocrx_word' id='word_1_863' title='bbox 2607 5159 2688 5214; x_wconf 77' lang='lat' dir='ltr'><strong>Ne</strong></span> <span class='ocrx_word' id='word_1_864' title='bbox 2715 5168 3118 5226; x_wconf 74' lang='lat' dir='ltr'><strong>scandalizemus</strong></span> <span class='ocrx_word' id='word_1_865' title='bbox 3151 5191 3255 5240; x_wconf 82' lang='lat' dir='ltr'><strong>eos,</strong></span> <span class='ocrx_word' id='word_1_866' title='bbox 3274 5181 3473 5247; x_wconf 68' lang='lat' dir='ltr'><strong>profice</strong></span> 
     </span>
    </p>
   </div>
   <div class='ocr_carea' id='block_1_107' title="bbox 1880 5237 3474 5329">
    <p class='ocr_par' dir='ltr' id='par_1_107' title="bbox 1880 5237 3474 5329">
     <span class='ocr_line' id='line_1_107' title="bbox 1880 5237 3474 5329; baseline 0.027 -43"><span class='ocrx_word' id='word_1_867' title='bbox 1880 5237 2084 5292; x_wconf 86' lang='lat' dir='ltr'><strong>hmnum</strong></span> <span class='ocrx_word' id='word_1_868' title='bbox 2105 5241 2157 5294; x_wconf 86' lang='lat' dir='ltr'><strong>in</strong></span> <span class='ocrx_word' id='word_1_869' title='bbox 2180 5260 2317 5298; x_wconf 90' lang='lat' dir='ltr'><strong>mare</strong></span> <span class='ocrx_word' id='word_1_870' title='bbox 2345 5245 2364 5318; x_wconf 90' lang='lat'>(</span> <span class='ocrx_word' id='word_1_871' title='bbox 2390 5248 2571 5302; x_wconf 72' lang='lat' dir='ltr'><strong>.llatth.</strong></span> <span class='ocrx_word' id='word_1_872' title='bbox 2600 5253 2683 5305; x_wconf 84' lang='grc'><strong>17.</strong></span> <span class='ocrx_word' id='word_1_873' title='bbox 2712 5254 2839 5324; x_wconf 71' lang='lat'><strong>26).</strong></span> <span class='ocrx_word' id='word_1_874' title='bbox 2866 5259 3016 5327; x_wconf 90' lang='lat' dir='ltr'><strong>Quod</strong></span> <span class='ocrx_word' id='word_1_875' title='bbox 3043 5267 3202 5320; x_wconf 76' lang='lat' dir='ltr'><strong>etiam</strong></span> <span class='ocrx_word' id='word_1_876' title='bbox 3227 5237 3313 5326; x_wconf 84' lang='lat' dir='ltr'><strong>hic</strong></span> <span class='ocrx_word' id='word_1_877' title='bbox 3333 5237 3474 5329; x_wconf 75' lang='lat' dir='ltr'><strong>facit.</strong></span> 
     </span>
    </p>
   </div>
   <div class='ocr_carea' id='block_1_108' title="bbox 1878 5327 3471 5433">
    <p class='ocr_par' dir='ltr' id='par_1_108' title="bbox 1878 5327 3471 5433">
     <span class='ocr_line' id='line_1_108' title="bbox 1878 5327 3471 5433; baseline 0.026 -54"><span class='ocrx_word' id='word_1_878' title='bbox 1878 5327 2005 5382; x_wconf 75' lang='lat' dir='ltr'><strong>Nam</strong></span> <span class='ocrx_word' id='word_1_879' title='bbox 2037 5343 2314 5402; x_wconf 88' lang='lat' dir='ltr'><strong>postquam</strong></span> <span class='ocrx_word' id='word_1_880' title='bbox 2343 5338 2583 5408; x_wconf 78' lang='lat' dir='ltr'><strong>dixerat,</strong></span> <span class='ocrx_word' id='word_1_881' title='bbox 2616 5343 2726 5415; x_wconf 84' lang='lat' dir='ltr'><strong>Ego</strong></span> <span class='ocrx_word' id='word_1_882' title='bbox 2770 5351 2986 5404; x_wconf 73' lang='lat' dir='ltr'><strong>sciebam</strong></span> <span class='ocrx_word' id='word_1_883' title='bbox 3016 5359 3134 5424; x_wconf 77' lang='lat' dir='ltr'><strong>quin</strong></span> <span class='ocrx_word' id='word_1_884' title='bbox 3172 5377 3368 5433; x_wconf 83' lang='lat' dir='ltr'><strong>semper</strong></span> <span class='ocrx_word' id='word_1_885' title='bbox 3394 5385 3471 5420; x_wconf 70' lang='lat' dir='ltr'><strong>me</strong></span> 
     </span>
    </p>
   </div>
   <div class='ocr_carea' id='block_1_109' title="bbox 1876 5423 3463 5519">
    <p class='ocr_par' dir='ltr' id='par_1_109' title="bbox 1876 5423 3463 5519">
     <span class='ocr_line' id='line_1_109' title="bbox 1876 5423 3463 5519; baseline 0.025 -49"><span class='ocrx_word' id='word_1_886' title='bbox 1876 5423 2022 5474; x_wconf 69' lang='lat' dir='ltr'><strong>mulis</strong></span> <span class='ocrx_word' id='word_1_887' title='bbox 2045 5440 2064 5488; x_wconf 81' lang='lat'><strong>,°</strong></span> <span class='ocrx_word' id='word_1_888' title='bbox 2095 5425 2318 5491; x_wconf 86' lang='lat' dir='ltr'><strong>addidil,</strong></span> <span class='ocrx_word' id='word_1_889' title='bbox 2339 5429 2446 5485; x_wconf 87' lang='lat' dir='ltr'><strong>Sed</strong></span> <span class='ocrx_word' id='word_1_890' title='bbox 2465 5445 2670 5503; x_wconf 85' lang='lat' dir='ltr'><strong>prapter</strong></span> <span class='ocrx_word' id='word_1_891' title='bbox 2694 5442 2890 5493; x_wconf 79' lang='lat' dir='ltr'><strong>turbam</strong></span> <span class='ocrx_word' id='word_1_892' title='bbox 2912 5423 3317 5506; x_wconf 78' lang='lat' dir='ltr'><strong>circumstantcm</strong></span> <span class='ocrx_word' id='word_1_893' title='bbox 3341 5457 3463 5519; x_wconf 63' lang='lat' dir='ltr'><strong>dixi,</strong></span> 
     </span>
    </p>
   </div>
   <div class='ocr_carea' id='block_1_110' title="bbox 1877 5516 3459 5600">
    <p class='ocr_par' dir='ltr' id='par_1_110' title="bbox 1877 5516 3459 5600">
     <span class='ocr_line' id='line_1_110' title="bbox 1877 5516 3459 5600; baseline 0.025 -38"><span class='ocrx_word' id='word_1_894' title='bbox 1877 5523 1929 5564; x_wconf 80' lang='lat' dir='ltr'><strong>ut</strong></span> <span class='ocrx_word' id='word_1_895' title='bbox 1962 5516 2188 5570; x_wconf 78' lang='lat' dir='ltr'><strong>credant.</strong></span> <span class='ocrx_word' id='word_1_896' title='bbox 2251 5526 2330 5574; x_wconf 85' lang='lat' dir='ltr'><strong>Au</strong></span> <span class='ocrx_word' id='word_1_897' title='bbox 2362 5533 2545 5578; x_wconf 78' lang='lat' dir='ltr'><strong>nostra</strong></span> <span class='ocrx_word' id='word_1_898' title='bbox 2588 5525 2701 5582; x_wconf 70' lang='lat' dir='ltr'><strong>ltmc</strong></span> <span class='ocrx_word' id='word_1_899' title='bbox 2737 5534 2898 5585; x_wconf 80' lang='lat' dir='ltr'><strong>sunt?</strong></span> <span class='ocrx_word' id='word_1_900' title='bbox 2944 5551 3010 5589; x_wconf 86' lang='lat' dir='ltr'><strong>an</strong></span> <span class='ocrx_word' id='word_1_901' title='bbox 3044 5539 3272 5597; x_wconf 83' lang='lat' dir='ltr'><strong>humana</strong></span> <span class='ocrx_word' id='word_1_902' title='bbox 3330 5562 3459 5600; x_wconf 90' lang='lat' dir='ltr'><strong>con-</strong></span> 
     </span>
    </p>
   </div>
   <div class='ocr_carea' id='block_1_111' title="bbox 1868 5602 3466 5696">
    <p class='ocr_par' dir='ltr' id='par_1_111' title="bbox 1868 5602 3466 5696">
     <span class='ocr_line' id='line_1_111' title="bbox 1868 5602 3466 5696; baseline 0.021 -39"><span class='ocrx_word' id='word_1_903' title='bbox 1868 5602 2076 5671; x_wconf 83' lang='lat' dir='ltr'><strong>jectura</strong></span> <span class='ocrx_word' id='word_1_904' title='bbox 2099 5610 2123 5663; x_wconf 77' lang='lat'><strong>?</strong></span> <span class='ocrx_word' id='word_1_905' title='bbox 2149 5610 2280 5664; x_wconf 72' lang='lat' dir='ltr'><strong>Cum</strong></span> <span class='ocrx_word' id='word_1_906' title='bbox 2313 5629 2441 5684; x_wconf 85' lang='lat' dir='ltr'><strong>ergo</strong></span> <span class='ocrx_word' id='word_1_907' title='bbox 2463 5617 2582 5685; x_wconf 91' lang='lat' dir='ltr'><strong>quis</strong></span> <span class='ocrx_word' id='word_1_908' title='bbox 2611 5635 2673 5672; x_wconf 81' lang='lat' dir='ltr'><strong>ex</strong></span> <span class='ocrx_word' id='word_1_909' title='bbox 2699 5623 2911 5691; x_wconf 81' lang='lat' dir='ltr'><strong>scriplis</strong></span> <span class='ocrx_word' id='word_1_910' title='bbox 2934 5643 2992 5681; x_wconf 89' lang='lat' dir='ltr'><strong>se</strong></span> <span class='ocrx_word' id='word_1_911' title='bbox 3014 5633 3323 5696; x_wconf 85' lang='lat' dir='ltr'><strong>persuaderi</strong></span> <span class='ocrx_word' id='word_1_912' title='bbox 3367 5654 3394 5688; x_wconf 93' lang='lat' dir='ltr'><strong>n</strong></span> <span class='ocrx_word' id='word_1_913' title='bbox 3424 5659 3466 5690; x_wconf 85' lang='lat' dir='ltr'><strong>.n</strong></span> 
     </span>
    </p>
   </div>
   <div class='ocr_carea' id='block_1_112' title="bbox 1873 5698 3466 5792">
    <p class='ocr_par' dir='ltr' id='par_1_112' title="bbox 1873 5698 3466 5792">
     <span class='ocr_line' id='line_1_112' title="bbox 1873 5698 3466 5792; baseline 0.022 -45"><span class='ocrx_word' id='word_1_914' title='bbox 1873 5698 2102 5765; x_wconf 85' lang='lat' dir='ltr'><strong>patitur,</strong></span> <span class='ocrx_word' id='word_1_915' title='bbox 2137 5705 2276 5767; x_wconf 84' lang='lat' dir='ltr'><strong>quod</strong></span> <span class='ocrx_word' id='word_1_916' title='bbox 2304 5705 2404 5774; x_wconf 87' lang='lat' dir='ltr'><strong>ipsi</strong></span> <span class='ocrx_word' id='word_1_917' title='bbox 2436 5707 2500 5762; x_wconf 88' lang='lat' dir='ltr'><strong>de</strong></span> <span class='ocrx_word' id='word_1_918' title='bbox 2529 5708 2931 5770; x_wconf 87' lang='lat' dir='ltr'><strong>sublimioribus</strong></span> <span class='ocrx_word' id='word_1_919' title='bbox 2961 5719 3357 5780; x_wconf 81' lang='lat' dir='ltr'><strong>oll&#39;enderentur</strong></span> <span class='ocrx_word' id='word_1_920' title='bbox 3382 5772 3392 5792; x_wconf 86' lang='lat'><strong>,</strong></span> <span class='ocrx_word' id='word_1_921' title='bbox 3429 5733 3466 5783; x_wconf 52' lang='grc' dir='ltr'><strong>γε</strong></span> 
     </span>
    </p>
   </div>
   <div class='ocr_carea' id='block_1_113' title="bbox 1870 5782 3472 5889">
    <p class='ocr_par' dir='ltr' id='par_1_113' title="bbox 1870 5782 3472 5889">
     <span class='ocr_line' id='line_1_113' title="bbox 1870 5782 3472 5889; baseline 0.022 -47"><span class='ocrx_word' id='word_1_922' title='bbox 1870 5789 2091 5847; x_wconf 79' lang='lat' dir='ltr'><strong>audiens</strong></span> <span class='ocrx_word' id='word_1_923' title='bbox 2133 5782 2404 5853; x_wconf 78' lang='lat' dir='ltr'><strong>Christum</strong></span> <span class='ocrx_word' id='word_1_924' title='bbox 2437 5799 2704 5860; x_wconf 79' lang='lat' dir='ltr'><strong>dicentem</strong></span> <span class='ocrx_word' id='word_1_925' title='bbox 2734 5823 2790 5861; x_wconf 84' lang='lat' dir='ltr'><strong>se</strong></span> <span class='ocrx_word' id='word_1_926' title='bbox 2823 5807 2944 5866; x_wconf 79' lang='lat' dir='ltr'><strong>ideo</strong></span> <span class='ocrx_word' id='word_1_927' title='bbox 2980 5811 3193 5870; x_wconf 82' lang='lat' dir='ltr'><strong>humilia</strong></span> <span class='ocrx_word' id='word_1_928' title='bbox 3227 5817 3368 5889; x_wconf 70' lang='lat' dir='ltr'><strong>loqui</strong></span> <span class='ocrx_word' id='word_1_929' title='bbox 3408 5841 3472 5878; x_wconf 61' lang='lat' dir='ltr'><strong>nu</strong></span> 
     </span>
    </p>
   </div>
  </div>
