4164 6330
713 362 820 419 355

714 470 1163 534 scandalizentur,
1204 462 1469 534 quomodo
1493 456 1749 527 suspicari
1773 452 1994 524 poterit‘
2026 448 2175 504 illum
2204 459 2270 499 ex

715 571 900 615 natura
942 558 1019 612 rei
1065 554 1243 625 loqui,
1287 560 1343 607 et
1381 566 1485 604 non
1526 542 2043 619 per'indulgentiam
2087 550 2269 606 quam-

713 650 871 706 dam?
914 648 1000 703 Sic
1042 656 1096 702 et
1136 644 1261 701 alibi
1300 658 1431 698 voce
1472 653 1703 709 superne
1743 636 1914 690 delata
1954 628 2123 686 dicit:
2155 626 2297 680 Non.

716 748 915 810 propter
944 754 1023 792 me
1061 739 1166 791 haec
1191 750 1285 789 vos:
1310 735 1444 803 facta
1471 741 1563 796 est,
1609 728 1697 783 sed
1736 736 1938 795 propter
1967 738 2050 775 vos
2082 720 2100 789 (
2117 718 2270 771 Joan.

715 832 800 890 12.
841 830 969 899 50).
1014 828 1172 897 Atqui
1204 838 1394 894 magno
1439 823 1563 876 licet
1604 820 1766 873 multa
1808 816 1874 870 de
1916 830 1975 869 se
2006 810 2275 865 humiliter

714 921 1029 991 pumicare;
1078 918 1164 971 vili
1195 926 1374 970 autem
1412 922 1465 967 et
1496 910 1703 979 abjeeto
1746 921 1849 962 non
1882 905 2002 959 licet
2030 914 2274 969 magnum

709 1010 979 1082 quidpiam
1020 1017 1073 1062 et
1101 1006 1324 1061 sublime
1352 1002 1417 1058 de
1443 1016 1503 1055 se
1526 1000 1723 1054 dicere.
1767 995 1894 1050 lllttd
1926 1009 1992 1048 ex
2016 999 2282 1056 attempe-

706 1092 915 1155 ratione
938 1097 1162 1169 quadam
1191 1093 1250 1149 ﬁt
1269 1136 1282 1158 ,
1314 1102 1371 1147 ut
1398 1090 1464 1145 ad
1492 1088 1819 1144 audientium
1854 1082 2275 1139 imbecillitatem

713 1188 1137 1247 accommodetur
1159 1227 1172 1250 ,
1203 1185 1309 1239 imo
1336 1180 1531 1251 magis,
1563 1188 1621 1233 ut
1645 1176 1991 1231 humilitatem
2024 1172 2095 1225 illi
2125 1185 2278 1223 exer-

713 1292 868 1338 ceaut
888 1322 903 1348 ,
953 1288 1009 1335 et
1036 1293 1159 1331 vere
1191 1275 1428 1329 indutum
1457 1284 1621 1324 carne
1644 1282 1762 1322 esse
1801 1268 2010 1325 sciant;
2045 1263 2277 1328 itemque

716 1387 771 1428 ut
792 1373 979 1428 doceat
1002 1369 1270 1424 auditores
1291 1406 1306 1431 ,
1340 1377 1620 1431 numquam
1646 1372 1889 1427 magnum
1913 1354 2183 1423 quidpiam
2210 1350 2277 1404 de

715 1481 772 1519 se
803 1460 1119 1532 loquendum
1146 1470 1299 1518 esse;
1335 1463 1441 1507 tum
1468 1467 1533 1505 eo
1559 1450 1697 1519 quod
1731 1449 1841 1515 ipse
1872 1453 2142 1514 putaretur
2171 1441 2277 1494 Deo

714 1549 1049 1607 adversarius
1077 1560 1230 1611 esse,
1276 1554 1332 1598 et
1357 1540 1498 1612 quod
1529 1554 1631 1592 non
1660 1535 1965 1591 crederetur
1992 1548 2019 1585 a
2052 1533 2160 1586 Deo
2191 1546 2280 1584 ve-

718 1646 829 1696 nire
850 1683 867 1707 ,
916 1638 1160 1710 quodque
1190 1634 1584 1702 suspicarentur
1619 1629 1791 1697 ipsum
1818 1626 2027 1679 solvere
2068 1623 2237 1691 legem
2262 1662 2276 1684 ,

716 1734 855 1804 quod
885 1731 1153 1785 auditores
1179 1726 1276 1796 ipsi
1307 1722 1634 1785 inviderent,
1666 1720 1940 1787 ipsumth
1963 1714 2085 1767 odio
2112 1711 2278 1765 habe-

718 1802 875 1891 rent,
904 1823 1023 1893 quia
1052 1836 1110 1875 se
1134 1817 1341 1873 dicebat
1366 1814 1621 1883 mqualcm
1655 1811 1760 1863 Deo
1776 1810 1817 1859 ί.
1850 1807 1998 1874 Quod
2028 1813 2203 1858 autem
2238 1802 2279 1855 is

716 1917 803 1984 qui
852 1915 971 1969 vilis
1013 1912 1356 1979 abjeetusque
1388 1915 1507 1969 est,
1552 1900 1797 1956 sublimia
1827 1898 1895 1953 de
1925 1911 1984 1951 se
2012 1897 2274 1963 loquatur,

717 2007 860 2060 nulla
905 2011 1077 2074 potest
1114 2014 1233 2055 esse
1275 2003 1626 2051 consentanea
1656 2003 1811 2044 causa
1836 2028 1851 2052 ,
1898 1987 1989 2040 sed
2024 1985 2072 2038 id
2103 1984 2274 2037 solunt

717 2096 1029 2164 arrogantia:
1065 2102 1119 2145 et
1156 2086 1494 2156 impudentia:
1538 2080 1895 2140 adscribatur,
1942 2074 2281 2140 audacia-que

718 2188 859 2241 nulla
878 2186 1023 2239 venia
1044 2183 1232 2250 dignm.
1247 2180 1353 2233 Cur
1372 2191 1496 2246 ergo
1520 2172 1734 2227 humilla
1761 2171 2012 2239 loquitur,
2037 2169 2121 2236 qui
2151 2166 2281 2220 incf-

718 2275 891 2329 labilis
924 2274 1060 2327 illius
1087 2282 1140 2326 ct
1170 2284 1371 2338 magna:
1398 2267 1702 2319 substantim
1728 2261 1855 2315 est“?
1887 2261 2019 2312 Tum
2052 2260 2114 2310 iis
2151 2271 2281 2325 quas

719 2366 947 2418 diximus
972 2361 1037 2414 de
1067 2360 1241 2413 causis
1263 2398 1279 2423 ,
1308 2368 1415 2410 tum
1447 2369 1510 2407 ne
1552 2362 1822 2422 putaretur
1850 2348 2114 2417 ingenitus
2142 2360 2280 2399 esse.

718 2454 848 2507 Nam
890 2460 943 2504 et
982 2449 1173 2503 Paulus
1203 2448 1302 2499 tale
1330 2444 1595 2513 quidpiam
1637 2440 1874 2493 timuisse
1903 2437 2129 2490 videtur.
2162 2435 2283 2487 Iden

719 2544 822 2595 ait:
852 2539 1039 2593 Prcter
1060 2552 1169 2589 eum
1186 2535 1272 2603 qtti
1290 2534 1364 2586 illi
1387 2539 1563 2584 cuncta
1583 2530 1789 2596 subjecit
1812 2529 1889 2594 (l.
1915 2526 2031 2577 Cor.
2058 2525 2143 2577 15.
2167 2523 2279 2593 9.7).

721 2635 831 2688 Hec
860 2632 999 2685 enim
1025 2628 1109 2683 vel
1146 2626 1375 2694 cogitare
1416 2623 1631 2690 impimn
1678 2626 1840 2673 esset.

792 2721 1014 2774 Christus
1041 2716 1261 2787 ejusdem
1286 2712 1572 2767 substantia:
1591 2719 1662 2764 est
1689 2726 1747 2760 ac
1771 2706 1941 2760 Pater.
1967 2736 2032 2745 --
2052 2705 2107 2759 Si
2139 2704 2280 2759 enim

726 2814 899 2865 minor
929 2809 1081 2863 Patre
1108 2816 1159 2861 et
1194 2819 1257 2858 ex
1284 2803 1381 2856 ali'a
1408 2799 1698 2854 substantia
1730 2797 1932 2859 fuisset,
1962 2811 2138 2849 annon
2166 2811 2284 2848 om—

724 2906 807 2958 nia
838 2901 1064 2961 fecisset,
1099 2912 1163 2953 ne
1192 2897 1310 2951 talis
1343 2901 1610 2963 putaretur
1634 2890 1793 2945 esse?
1821 2890 1968 2942 Nunc
1998 2901 2122 2940 vero
2160 2901 2285 2939 enu-

727 2993 941 3047 trarium
972 2988 1133 3043 efficit
1162 2986 1343 3040 dicens
1376 3003 1391 3039 :
1440 2982 1500 3036 Si
1539 2998 1638 3033 non
1681 2980 1813 3048 facio
1860 2994 2009 3045 Opera
2060 2977 2167 3045 ejus
2202 2975 2289 3044 qui

727 3082 859 3136 misit
889 3098 995 3145 me,
1040 3078 1190 3131 nolite
1220 3075 1337 3128 mihi
1372 3072 1571 3126 credere
1600 3068 1777 3137 (Joau.
1805 3068 1891 3121 10.
1929 3069 2040 3137 '57).
2072 3068 2136 3120 Et
2162 3081 2282 3119 cum

729 3175 877 3235 dicit,
924 3170 1033 3239 Ego
1076 3170 1126 3221 in
1155 3165 1329 3230 Patre,
1357 3174 1402 3218 et
1427 3162 1584 3216 Pater
1612 3162 1663 3214 in
1701 3176 1779 3213 me
1812 3170 1906 3225 est,
1936 3160 2286 3228 mqualitalem

728 3263 881 3317 nobis
916 3258 1227 3315 subindicat.
1270 3252 1601 3322 Oportuisset
1630 3252 1772 3305 enim
1807 3264 1927 3303 cum
1956 3249 2289 3303 vehementia

726 3352 867 3405 illam
908 3348 1204 3416 opinionem
1232 3352 1469 3398 avertere
1492 3380 1511 3408 ,
1541 3344 1583 3394 si
1627 3339 1797 3393 minor
1826 3338 2042 3402 fuisset,
2074 3347 2129 3391 et
2164 3350 2288 3391 nus-

727 3456 884 3508 quam
929 3438 1108 3494 dicere
1139 3454 1153 3490 :
1184 3434 1292 3505 Ego
1340 3436 1391 3487 in
1436 3432 1629 3499 Patre,
1676 3442 1721 3484 et
1758 3430 1909 3484 Pater
1936 3433 1987 3483 in
2032 3446 2149 3493 me;
2200 3441 2283 3494 et,

733 3531 899 3585 Unum
924 3544 1128 3590 sumus;
1153 3535 1263 3591 aut,
1296 3525 1395 3592 Qui
1412 3524 1539 3577 videt
1567 3538 1663 3586 me,
1694 3523 1822 3575 ridet
1848 3532 1895 3575 et
1915 3520 2137 3574 Patrem.
2160 3518 2289 3572 Nam

728 3636 848 3675 cum
890 3620 958 3675 de
995 3618 1187 3672 virtute
1231 3630 1406 3670 sermo
1450 3624 1592 3677 erat,
1642 3612 1869 3675 dicebat,
1916 3611 2023 3679 Ego
2054 3621 2099 3663 et
2139 3610 2292 3663 Pater

729 3727 882 3764 mium
920 3725 1089 3764 sumus
1125 3708 1282 3779 (Ibid.
1320 3706 1403 3760 10.
1431 3704 1520 3761 58.
1543 3713 1586 3757 et
1610 3704 1756 3773 50);
1783 3713 1981 3758 etcum
2031 3703 2097 3756 de
2142 3714 2292 3771 pete-

730 3814 887 3865 state,
911 3800 1057 3856 Sicut
1080 3799 1212 3853 enim
1235 3797 1386 3851 Pater
1401 3797 1605 3850 suscitat
1620 3803 1837 3848 mortuos
1857 3803 1903 3847 et
1922 3793 2143 3860 viviﬁcat
2158 3808 2174 3843 :
2189 3792 2319 3843 8it'8I

734 3890 895 3945 Filius
920 3905 1042 3959 quos
1060 3888 1161 3942 vult
1182 3888 1395 3955 rivi/icat
1423 3884 1578 3952 (Ibid.
1605 3884 1689 3938 l2.
1721 3884 1807 3938 45.
1837 3894 1883 3938 et
1905 3884 1958 3939 5.
1986 3883 2102 3952 21).
2142 3883 2292 3951 Quod

734 3998 838 4036 non
890 3988 1099 4051 poterat
1138 3978 1310 4034 facere
1335 4018 1349 4042 ,
1394 3977 1436 4030 si
1488 3976 1705 4029 alterius
1744 3973 1926 4029 fuisset
1965 3974 2291 4029 sub-tantizr.

731 4070 880 4139 Quod
918 4071 963 4124 si
1012 4070 1169 4124 etiam
1201 4067 1491 4135 potuisset,
1522 4079 1624 4117 non
1657 4064 1707 4117 id
1746 4062 2027 4117 dicendum
2066 4071 2199 4127 erat,
2231 4077 2297 4116 ne

734 4161 1126 4230 suspicarentur
1172 4172 1325 4211 unam
1374 4153 1717 4221 eamdemque
1765 4166 1883 4204 esse
1927 4150 2292 4202 substantinn.

733 4250 788 4305 Si
807 4250 969 4312 cuitu,
997 4261 1063 4303 ne
1083 4246 1413 4313 suspicentur
1441 4242 1608 4311 ipsum
1640 4254 1757 4294 esse
1781 4239 1887 4292 Deo
1916 4238 2293 4301 adversarium,

736 4342 894 4393 ctiam
926 4351 1043 4406 qua:
1067 4335 1163 4390 sibi
1196 4350 1299 4388 non
1329 4334 1651 4387 conveniunt
1689 4344 1829 4398 sa-pe
1849 4328 2099 4397 loquitur,
2134 4330 2298 4381 multo

737 4430 906 4500 magis
937 4437 1063 4482 tunc
1086 4426 1337 4497 oportuit.
1362 4423 1511 4478 Nunc
1539 4437 1664 4475 vero
1688 4435 1807 4475 cum
1836 4420 1963 4475 dicit
1993 4436 2005 4471 :
2049 4418 2115 4473 Ut
2141 4419 2298 4471 hono—

737 4518 928 4585 riﬁcent
961 4514 1169 4578 Filium,
1190 4515 1315 4568 sicut
1336 4512 1665 4577 honoriﬁcam
1683 4509 1885 4564 Patrem
1908 4508 2063 4578 (Ibid.
2088 4510 2138 4563 5.
2162 4509 2255 4573 ‘25)
2280 4526 2294 4573 ;

739 4616 816 4671 et,
861 4604 1029 4673 Opera
1069 4618 1181 4672 qua:
1206 4603 1312 4670 ipse
1337 4602 1478 4670 facit,
1508 4609 1553 4653 et
1579 4616 1668 4668 ego
1696 4601 1919 4653 similiter
1944 4599 2075 4665 [acia
2118 4598 2138 4669 (
2163 4596 2295 4652 Ibid.

742 4713 789 4749 tt.
813 4694 882 4751 56
905 4698 922 4763 )
950 4710 965 4758 ;
989 4700 1045 4747 et
1069 4706 1128 4747 se
1158 4706 1279 4747 esse
1313 4690 1753 4746 resurrectionem
1783 4700 1835 4743 et
1862 4690 2018 4742 vitam
2039 4728 2054 4753 ,
2100 4692 2299 4743 lucem-

742 4798 846 4855 que
876 4782 1077 4849 mundi,
1108 4795 1226 4837 sese
1249 4780 1391 4835 Patri
1420 4781 1749 4848 esmquantis
1769 4780 1924 4833 verba
1950 4789 2090 4841 sunt.
2120 4794 2183 4833 ac
2205 4794 2298 4843 su-

744 4875 1033 4943 spicionem
1076 4886 1235 4941 quam
1278 4870 1352 4925 illi
1397 4870 1656 4925 habebant
1687 4870 2069 4924 conﬁrmantis.
2121 4868 2301 4923 Viden'

743 4961 1013 5034 quomodo
1038 4975 1158 5017 sese
1182 4969 1370 5031 purgat
1404 4969 1682 5014 accusatus
1710 4960 1847 5028 quod
1879 4959 2046 5029 legem
2085 4960 2251 5014 solvat
2282 4977 2296 5025 ;

744 5054 1059 5125 aequalitatis
1076 5066 1204 5108 vero
1226 5066 1345 5106 eum
1372 5050 1526 5105 Patre
1551 5051 1855 5118 Opinionem
1886 5066 1989 5105 non
2014 5051 2171 5104 modo
2196 5067 2300 5106 non

745 5142 882 5197 tollit
900 5182 916 5208 ,
946 5142 1038 5196 sed
1079 5141 1273 5196 ﬁrmat.
1302 5140 1391 5195 Sic
1414 5140 1713 5194 dicentibus
1740 5139 1839 5193 illis
1862 5180 1877 5203 ,
1903 5142 2021 5203 quia
2064 5141 2298 5208 blasphe-

807 5318 825 5348 ί
848 5314 975 5375 stulti
999 5320 1104 5375 διες.
1127 5312 1413 5375 sichabent.
1432 5320 1550 5375 Cum
1580 5310 1706 5361 enim
1727 5324 1789 5361 ea:
1824 5311 1940 5373 ipsis
1978 5312 2116 5375 rebus
2147 5319 2303 5375 pateat

749 5374 933 5442 taque
1328 5371 1522 5442 οπωάί,
1541 5385 1739 5433 cumque
1770 5371 2005 5442 praetcrea
2045 5371 2156 5441 ipse
2172 5373 2304 5442 dicat

743 5436 980 5544 om
1001 5432 1309 5544 $063033!
1348 5432 1529 5496 loquor,
1554 5446 1613 5483 ne
1644 5432 2045 5492 scandalizentur,
2066 5432 2171 5494 quis
2194 5434 2303 5495 jam

1382 5555 1451 5625 sic
1480 5553 1788 5625 effertuchie
1803 5555 1933 5625 locus
2075 5555 2200 5611 quod
2222 5570 2303 5625 mt-

751 5616 925 5678 dilores
1366 5620 1412 5665 et
1427 5614 1552 5676 quod
1769 5614 1819 5663 in
1839 5614 1993 5663 Veteri
2023 5624 2307 5665 Testttttu'ttlo

752 5674 1005 5737 tegeretur,
1032 5674 1254 5726 Dominus
1276 5682 1394 5725 Deus
1414 5674 1534 5724 tuus.
1570 5674 1788 5725 nonanus
1812 5688 1931 5724 unus
1953 5684 2038 5723 est.
2058 5692 2073 5715 ς

1467 347 1522 404 S.
1562 341 1836 401 IOANNIS
1860 330 2326 396 CHRYSUS'I'OMI
2367 332 2684 387 ARCHIEP.
2722 330 3247 387 CONSTANI'INUP.

3854 327 3964 381 351i

2383 438 3298 515 masetlacisteipsumDeum(.Ioan.
3320 436 3404 494 l0.
3451 436 3576 507 56).
3610 436 3740 492 illud
3781 438 3962 507 ipsum

2381 534 2447 588 ab
2472 547 2688 603 cperam
2719 532 3019 609 :equalitate
3050 531 3247 584 statuit.

2374 624 2375 627 “
2448 626 2504 681 3.
2546 625 2665 679 Non
2694 625 2855 676 solum
2886 619 3051 675 Filius
3079 622 3167 674 sed
3194 622 3301 688 ipse
3319 620 3469 673 etiam
3493 616 3648 671 Pater
3667 633 3725 670 se
3747 615 3964 683 indigna

2382 718 2574 769 loculus
2600 724 2688 767 est.
2712 713 2943 766 Christus
2964 729 3054 765 cur
3074 712 3249 764 oravit.
3284 709 3405 763 Non
3434 710 3687 778 indigebat
3706 706 3941 776 precibus

2390 806 2560 858 Verbis
2589 804 2951 869 humilitatem,
2994 802 3221 871 operibus
3258 800 3528 869 potentiam
3562 798 3964 852 ostendebat.—

2382 896 2583 965 Ecquid
2607 894 2722 948 dico
2750 892 2941 946 Filium
2975 892 3024 945 id
3052 891 3268 953 fecisse,
3300 889 3512 959 quando
3548 889 3705 942 Pater
3731 887 3820 956 qui
3852 902 3960 939 non

2380 1002 2595 1041 carnem
2626 985 2914 1051 assumpsit
2938 1027 2950 1045 ,
2986 984 3210 1052 idipsum
3238 982 3362 1036 facit
3391 980 3565 1035 ?Nam
3596 987 3649 1033 et
3682 979 3798 1046 ipse
3837 992 3957 1045 pas-

2380 1092 2470 1130 sus
2491 1087 2572 1130 est
2601 1077 2759 1128 multa
2788 1075 2853 1128 de
2876 1088 2936 1128 se
2966 1074 3178 1126 humilia
3207 1073 3308 1126 dici
3339 1071 3404 1125 ad
3432 1070 3759 1125 audientium
3810 1069 3958 1122 salu-

2384 1177 2510 1221 tem.
2544 1167 2672 1222 lllud
2716 1168 2878 1229 enim,
2911 1166 3089 1228 Adam,
3132 1166 3216 1217 ubi
3246 1181 3295 1217 es
3317 1162 3470 1233 (Gen.
3500 1163 3554 1217 5.
3585 1163 3641 1231 9)
3669 1161 3692 1215 ?
3722 1170 3775 1215 et
3803 1160 3959 1223 illud,

2386 1257 2451 1311 Ut
2480 1274 2771 1327 cognoscam
2800 1258 2844 1309 si
2885 1257 3013 1323 forte
3038 1256 3307 1308 secundum
3349 1251 3618 1307 clamorem
3645 1267 3821 1304 eorum
3840 1266 3961 1317 per-

2382 1350 2552 1417 ﬁciant
2589 1347 2760 1415 (Ibid.
2799 1348 2879 1401 l8.
2908 1347 2970 1399 21
3000 1345 3019 1417 )
3065 1363 3079 1410 ;
3112 1357 3183 1407 et,
3230 1343 3383 1397 Nunc
3411 1345 3619 1413 cognovi
3646 1344 3780 1410 quod
3809 1353 3863 1394 tu
3893 1344 3960 1392 ti-

2382 1455 2517 1491 meas
2546 1438 2701 1491 Deum
2728 1438 2889 1509 (Ibid.
2917 1437 3005 1489 22.
3040 1438 3147 1505 12);
3172 1446 3241 1497 et,
3265 1436 3324 1489 Si
3352 1440 3482 1505 forte
3504 1434 3711 1487 audiant
3744 1433 3958 1503 (Ezecb.

2382 1532 2433 1585 5.
2488 1529 2573 1597 ll)
2606 1544 2619 1592 ;
2666 1540 2740 1590 cl,
2790 1528 2851 1581 Si
2891 1528 3174 1596 intelligant
3198 1544 3216 1589 ,'
3254 1535 3341 1588 et,
3375 1526 3499 1592 Quis
3529 1526 3610 1577 det
3649 1540 3738 1576 cor
3783 1523 3962 1592 populi

2382 1620 2531 1690 hujus
2577 1620 2647 1673 sic
2686 1636 2794 1671 esse
2846 1618 3020 1686 (Deut.
3066 1619 3119 1671 5.
3177 1615 3322 1685 29)?
3369 1626 3445 1679 et,
3491 1614 3610 1667 Non
3667 1626 3738 1667 est
3777 1613 3961 1666 similis

2384 1712 2454 1764 tui
2500 1712 2551 1763 in
2579 1711 2708 1775 diis,
2758 1708 3013 1772 Domine,-
3053 1718 3105 1761 et
3143 1708 3309 1760 multa
3354 1707 3454 1757 alia
3508 1706 3562 1758 in
3619 1704 3785 1758 veteri
3844 1704 3960 1772 lege

2383 1801 2427 1854 si
2476 1800 2594 1868 quis
2642 1800 2877 1867 colligat,
2932 1797 3144 1866 indigna
3201 1796 3295 1851 Dei
3337 1795 3613 1863 majestate
3659 1808 3781 1847 esse
3805 1808 3959 1847 com-

2383 1892 2570 1959 periet.
2606 1889 2673 1943 Et
2709 1890 2776 1943 de
2817 1888 3002 1943 Achab
3042 1888 3238 1940 dictum
3283 1894 3398 1948 est,
3434 1885 3556 1951 Quis
3593 1884 3807 1948 decipiet
3840 1883 3964 1935 mihi

2382 1979 2552 2033 Achab
2574 1981 2650 2049 (2.
2678 1979 2856 2033 Paral.
2881 1980 2962 2033 18.
2989 1979 3119 2048 i9)?
3149 1979 3214 2032 Et
3240 1977 3379 2047 quod
3407 1976 3539 2030 facta
3564 1991 3685 2030 cum
3714 1976 3818 2029 diis
3844 1991 3964 2045 gt'n-

2386 2074 2552 2127 tilium
2593 2074 2989 2140 comparatione
3019 2087 3077 2127 se
3116 2086 3327 2141 semper
3369 2070 3468 2122 illis
3499 2077 3771 2137 pra-ponat
3798 2110 3811 2130 ,
3852 2068 3965 2121 ha‘c

2383 2168 2557 2218 omn'a
2592 2163 2800 2231 indigna
2827 2171 2950 2216 sunt
2990 2163 3133 2224 Deo;
3166 2162 3256 2215 sed
3288 2161 3387 2212 alia
3416 2162 3621 2212 ratione
3649 2159 3806 2227 digna
3838 2168 3965 2211 sunt

2387 2253 2495 2306 illo.
2544 2251 2674 2306 Nam
2718 2254 2788 2306 ila
2828 2253 3086 2320 benignus
3116 2261 3228 2311 est,
3264 2260 3319 2303 ut
3354 2260 3567 2317 propter
3605 2249 3830 2302 salutem
3864 2262 3962 2299 uo-

2386 2355 2547 2397 stram
2590 2345 2746 2397 verba
2793 2344 3035 2413 dignitati
3067 2358 3176 2397 suae
3217 2342 3583 2396 convenientia
3627 2349 3959 2393 contemnat.

2389 2436 2498 2489 lmo
2544 2444 2597 2487 et
2624 2434 2763 2503 quod
2811 2434 2969 2485 homo
3013 2433 3181 2485 factus
3205 2433 3272 2484 sit
3294 2472 3310 2496 ,
3340 2431 3669 2497 formamque.
3697 2431 3836 2481 servi
3869 2442 3962 2481 ac-

2387 2525 2620 2593 ceperit,
2669 2524 2806 2591 quod
2840 2522 3054 2575 humilia
3108 2522 3263 2573 verba
3310 2519 3574 2588 loquatur,
3617 2520 3755 2587 quod
3790 2518 3965 2571 viliter

2386 2618 2457 2669 sit
2507 2616 2750 2679 amictus,
2784 2613 3053 2680 indignum
3096 2612 3185 2665 i.'lo
3224 2621 3342 2673 est,
3386 2611 3429 2663 si
3460 2611 3577 2679 quis
3628 2611 3964 2677 majestatem

2385 2706 2502 2774 ejus
2531 2706 2814 2771 respiciat;
2844 2703 3058 2770 dignum
3096 2716 3239 2764 vero,
3274 2701 3314 2753 si
3343 2700 3463 2769 quis
3493 2698 3831 2768 benignitatis
3848 2699 3967 2765 ejus

2388 2796 2681 2852 ineffabiles
2708 2794 2918 2848 divitias
2944 2809 3123 2848 secum
3162 2802 3386 2861 reputet.
3419 2792 3514 2845 Est
3540 2801 3595 2846 et
3617 2791 3719 2844 alia
3749 2788 3969 2843 humili-

2390 2888 2512 2939 tatis
2542 2885 2825 2938 verhornm
2868 2897 3047 2937 causa.
3095 2882 3346 2947 Quzenam
3392 2880 3552 2934 lucc?
3588 2879 3717 2944 Quia
3751 2879 3968 2933 Patrem

2388 2976 2602 3045 quidem
2639 2982 2691 3029 et
2719 2984 2979 3027 noverant
3008 2981 3060 3027 et
3080 2968 3490 3036 confitebantur,
3514 2970 3683 3039 ipsum
3708 2984 3832 3024 vero
3859 2984 3969 3021 non

2391 3074 2663 3118 not-erant.
2693 3062 2813 3117 Ideo
2831 3061 3134 3131 frequenter
3154 3060 3219 3114 ad
3240 3060 3448 3114 Patrem
3474 3058 3686 3127 refugit,
3708 3056 3849 3127 quod
3878 3057 3972 3111 ille

2392 3156 2444 3209 itt
2473 3153 2717 3209 confesso
2746 3163 2907 3218 esset,
2940 3152 3089 3222 quasi
3116 3152 3228 3220 ipse
3265 3150 3500 3205 nondum
3529 3150 3634 3204 fide
3658 3149 3852 3219 dignus
3880 3164 3973 3204 es-

2391 3258 2508 3311 set;
2539 3264 2641 3302 uon
2676 3262 2739 3301 ex
2773 3260 2830 3301 se
2850 3288 2863 3310 ,
2891 3245 2984 3298 sed
3010 3260 3073 3299 ex
3101 3244 3400 3298 auditorum
3434 3243 3657 3296 stultitia
3697 3249 3751 3296 et
3789 3242 3971 3296 imbe-

2392 3342 2630 3393 cillitate.
2664 3338 2784 3392 ldeo
2827 3347 3070 3406 precatur
3112 3344 3165 3389 et
3206 3334 3374 3388 dicit:
3417 3332 3597 3399 Pater,
3638 3334 3827 3402 gratias
3871 3349 3977 3402 ago

2394 3431 2502 3493 tibi,
2532 3430 2767 3499 quoniam
2816 3428 3005 3482 audisti
3041 3444 3135 3480 me.
3176 3426 3307 3481 Nam
3335 3427 3381 3481 si
3411 3443 3541 3496 quos
3578 3428 3687 3479 vult
3712 3426 3972 3490 virilicat,

2392 3532 2445 3575 et
2473 3524 2542 3574 ita
2574 3520 2805 3574 viviﬁcat
2831 3530 2887 3573 ut
2917 3519 3094 3583 Pater,
3124 3533 3220 3571 cur
3250 3526 3495 3585 precatur
3521 3519 3544 3569 7
3568 3516 3672 3571 Sed
3693 3515 3800 3585 jam
3833 3525 3974 3569 tem-

2397 3628 2494 3680 pus
2543 3620 2623 3665 est
2672 3612 2735 3663 ad
2789 3614 2958 3663 locum
3005 3610 3207 3663 venire.
3237 3608 3497 3662 Tulerunt
3538 3622 3665 3676 ergo
3712 3605 3975 3675 lapidem,

2398 3703 2484 3759 1ὼὶ
2509 3711 2625 3757 erat
2644 3711 2883 3755 mortuus
2909 3702 3112 3770 jacens.
3144 3699 3295 3753 Iesus
3319 3710 3509 3759 autem,
3541 3698 3739 3752 elevatis
3763 3714 3977 3750 sursum

2396 3793 2577 3857 oculis,
2607 3793 2731 3846 dixit
2759 3809 2777 3844 :
2813 3791 2991 3855 Pater,
3024 3793 3212 3861 gratias
3237 3805 3333 3859 ago
3370 3790 3478 3854 tibi,
3515 3788 3749 3857 quoniam
3779 3788 3979 3840 audisti

2395 3900 2493 3938 me.
2540 3883 2649 3953 Ego
2690 3891 2853 3934 autem
2891 3881 3103 3934 sciebam
3142 3881 3277 3949 quod
3302 3896 3495 3949 semper
3532 3895 3610 3931 me
3651 3878 3836 3941 audis;
3890 3880 3981 3931 sed

2399 3984 2597 4045 prapler
2618 3973 2813 4025 turbam
2841 3973 3244 4024 circumstantem
3271 3970 3400 4033 dixi,
3436 3980 3497 4021 ut
3522 3971 3724 4022 credant
3762 3969 3888 4035 quia
3925 3979 3981 4021 tu

2399 4079 2477 4115 me
2520 4062 2718 4115 misisti.
2765 4060 3159 4128 luterrogetnus
3186 4072 3314 4127 ergo
3354 4058 3658 4112 ha‘reticum
3690 4057 3800 4129 (a):
3839 4074 3981 4111 num

2403 4166 2496 4216 per
2520 4165 2703 4219 preces
2727 4150 2949 4219 gratiam
2976 4158 3335 4218 consequutus
3357 4157 3623 4203 mortuum
3650 4148 3936 4202 suscitavit
3959 4150 3980 4201 ?

2401 4241 2664 4307 quomodo
2704 4253 2832 4307 ergo
2870 4238 2972 4291 alia
3024 4238 3139 4293 sine
3190 4238 3436 4305 precibus
3476 4245 3726 4305 Operatus
3763 4247 3874 4301 est,
3925 4245 3985 4290 ut

2401 4345 2519 4383 cum
2548 4330 2642 4394 ait,
2669 4326 2780 4382 Tibi
2814 4327 2927 4382 dico
2947 4328 3271 4393 dietnonium,
3302 4326 3555 4397 Egredere
3581 4327 3643 4381 ab
3673 4342 3729 4379 eo
3760 4330 3778 4395 (
3806 4326 3981 4381 ﬂare.

2402 4421 2453 4476 9.
2478 4420 2550 4473 21
2578 4424 2595 4489 )
2624 4434 2641 4484 ;
2671 4428 2743 4484 et,
2786 4417 2931 4483 Volo,
2975 4419 3218 4471 mundare
3248 4418 3265 4485 (
3289 4417 3422 4471 Ibid.
3469 4418 3519 4470 1.
3544 4417 3605 4472 41
3634 4421 3653 4487 )
3680 4432 3694 4481 ;
3724 4427 3799 4482 et,
3833 4416 3986 4471 Tolle

2403 4510 2692 4581 grabbatum
2735 4509 3084 4581 tuum(loan.
3129 4510 3181 4563 5.
3210 4508 3318 4579 9);
3364 4519 3446 4577 et,
3496 4508 3842 4562 "emittuntur
3892 4509 3986 4563 tibi

2406 4611 2605 4670 peccata
2630 4610 2716 4654 tua
2750 4601 2770 4670 (
2796 4601 2976 4655 Matth.
3009 4600 3062 4655 9.
3083 4601 3193 4669 ‘2);
3228 4609 3284 4656 et
3323 4601 3484 4665 mari,
3517 4597 3669 4662 Tace,
3692 4600 3986 4654 obmutesce

2406 4693 2605 4759 (Marc.
2644 4694 2696 4747 4.
2721 4692 2830 4761 59)
2862 4693 2885 4743 ?
2932 4692 3058 4762 quid
3100 4693 3219 4763 plus
3249 4691 3409 4746 habet
3443 4706 3598 4761 quam
3629 4693 3893 4760 apostoli,
3938 4695 3985 4747 si

2405 4794 2459 4839 et
2489 4785 2599 4851 ipse
2639 4785 2883 4851 precibus
2928 4782 3222 4851 operatur?
3264 4780 3373 4837 Imo
3402 4799 3468 4837 ne
3502 4783 3601 4851 ipsi
3632 4784 3847 4853 quidem
3888 4801 3986 4854 per

2408 4890 2590 4944 preces
2624 4877 2797 4928 omnia
2836 4874 3096 4929 faciebant
3118 4915 3135 4939 ,
3165 4874 3259 4928 sed
3289 4888 3432 4943 sepe
3459 4875 3575 4929 sine
3602 4875 3853 4945 precibus
3886 4892 3987 4930 no-

2408 4965 2549 5018 mine
2597 4966 2709 5016 '-su
2747 4964 3045 5018 utebantur.
3108 4962 3162 5017 Si
3212 4978 3338 5017 vero
3378 4978 3570 5017 nomen
3613 4961 3729 5032 ejus
3778 4974 3986 5018 tantam

2412 5054 2657 5107 virtutem
2683 5054 2883 5119 habuit,
2913 5054 3177 5123 quomodo
3203 5054 3316 5123 ipse
3350 5053 3591 5122 precibus
3617 5068 3751 5121 opus
3778 5053 3988 5109 habue-

2420 5148 2489 5200 rit
2517 5146 2538 5198 '.’
2563 5145 2615 5200 Si
2649 5146 2890 5214 precibus
2917 5145 3166 5214 eguisset,
3201 5145 3353 5212 plane
3376 5159 3566 5198 nomen
3587 5144 3703 5213 ejus
3727 5160 3849 5200 eam
3878 5148 3989 5200 vim

2412 5255 2516 5293 nun
2569 5238 2859 5291 habuisset.
2892 5234 3025 5290 Cum
3062 5245 3236 5299 autem
3271 5233 3538 5288 hominem
3580 5233 3705 5289 fecit
3728 5276 3743 5299 ,
3788 5238 3990 5305 quibus

2408 5340 2489 5385 est
2530 5328 2772 5398 precibus
2811 5340 2937 5381 usus
2967 5328 2991 5379 ἲ
3017 5342 3191 5381 nonne
3223 5334 3388 5380 multa
3420 5326 3487 5381 ibi
3524 5327 3802 5395 aequalitas
3823 5328 3849 5381 τ
3884 5328 3990 5382 Fa-

2417 5422 2625 5483 ciamus,
2666 5418 2853 5486 inquit,
2901 5418 3149 5470 hominem
3179 5415 3198 5485 (
3224 5415 3351 5472 Gen.
3384 5417 3436 5470 1.
3462 5415 3588 5484 26).
3620 5416 3756 5483 Quid
3800 5431 3991 5475 autem

2474 5622 2544 5679 (al
2566 5620 2727 5668 lla-ret
2768 5615 2786 5637 ⁵

2415 5683 2427 5728 ι
2474 5620 2727 5728 (allia-ret
2768 5615 2786 5637 ⁵
2828 5617 3007 5677 quidam
3052 5610 3279 5666 dicebant
3321 5613 3560 5666 Christum
3608 5619 3835 5678 precibus
3865 5634 3997 5682 qm

2433 5698 2472 5728 lii
2496 5696 2613 5728 lcl‘t‘.

2433 5696 2613 5729 ιεδιιυιην.
