  <div class='ocr_page' id='page_1' title='image "/cluster/home/n/w/nwhite01/storage/ocr_20150623/59/pst.000005712595/356.png"; bbox 0 0 4164 6330; ppageno 0'>
   <div class='ocr_carea' id='block_1_1' title="bbox 218 390 325 445">
    <p class='ocr_par' dir='ltr' id='par_1_1' title="bbox 218 390 325 445">
     <span class='ocr_line' id='line_1_1' title="bbox 218 390 325 445; baseline -0.019 0"><span class='ocrx_word' id='word_1_1' title='bbox 218 390 325 445; x_wconf 76' lang='lat'><strong>357</strong></span> 
     </span>
    </p>
   </div>
   <div class='ocr_carea' id='block_1_2' title="bbox 218 520 1796 589">
    <p class='ocr_par' dir='ltr' id='par_1_2' title="bbox 218 520 1796 589">
     <span class='ocr_line' id='line_1_2' title="bbox 218 520 1796 589; baseline -0.003 -13"><span class='ocrx_word' id='word_1_2' title='bbox 218 522 505 584; x_wconf 76' lang='lat' dir='ltr'><strong>inﬁrmius,</strong></span> <span class='ocrx_word' id='word_1_3' title='bbox 536 522 580 575; x_wconf 91' lang='lat' dir='ltr'><strong>si</strong></span> <span class='ocrx_word' id='word_1_4' title='bbox 621 521 691 574; x_wconf 85' lang='lat' dir='ltr'><strong>illi</strong></span> <span class='ocrx_word' id='word_1_5' title='bbox 727 520 1045 589; x_wconf 84' lang='lat' dir='ltr'><strong>precandum</strong></span> <span class='ocrx_word' id='word_1_6' title='bbox 1074 520 1163 573; x_wconf 82' lang='lat' dir='ltr'><strong>fuit</strong></span> <span class='ocrx_word' id='word_1_7' title='bbox 1195 520 1215 573; x_wconf 83' lang='lat'><strong>?</strong></span> <span class='ocrx_word' id='word_1_8' title='bbox 1246 520 1347 574; x_wconf 99' lang='lat' dir='ltr'><strong>Sed</strong></span> <span class='ocrx_word' id='word_1_9' title='bbox 1381 520 1653 572; x_wconf 86' lang='lat' dir='ltr'><strong>videamus</strong></span> <span class='ocrx_word' id='word_1_10' title='bbox 1678 534 1796 586; x_wconf 74' lang='lat' dir='ltr'><strong>qua:</strong></span> 
     </span>
    </p>
   </div>
   <div class='ocr_carea' id='block_1_3' title="bbox 215 608 1794 680">
    <p class='ocr_par' dir='ltr' id='par_1_3' title="bbox 215 608 1794 680">
     <span class='ocr_line' id='line_1_3' title="bbox 215 608 1794 680; baseline -0.001 -17"><span class='ocrx_word' id='word_1_11' title='bbox 215 612 284 663; x_wconf 80' lang='lat' dir='ltr'><strong>sit</strong></span> <span class='ocrx_word' id='word_1_12' title='bbox 312 612 484 663; x_wconf 86' lang='lat' dir='ltr'><strong>oratio</strong></span> <span class='ocrx_word' id='word_1_13' title='bbox 520 629 532 663; x_wconf 89' lang='lat'>:</span> <span class='ocrx_word' id='word_1_14' title='bbox 578 608 755 672; x_wconf 86' lang='lat' dir='ltr'><strong>Pater,</strong></span> <span class='ocrx_word' id='word_1_15' title='bbox 802 612 995 680; x_wconf 83' lang='lat' dir='ltr'><strong>gratias</strong></span> <span class='ocrx_word' id='word_1_16' title='bbox 1032 626 1126 678; x_wconf 85' lang='lat' dir='ltr'><strong>ago</strong></span> <span class='ocrx_word' id='word_1_17' title='bbox 1172 609 1279 673; x_wconf 87' lang='lat' dir='ltr'><strong>tibi,</strong></span> <span class='ocrx_word' id='word_1_18' title='bbox 1310 612 1427 677; x_wconf 85' lang='lat' dir='ltr'><strong>quia</strong></span> <span class='ocrx_word' id='word_1_19' title='bbox 1469 611 1657 662; x_wconf 83' lang='lat' dir='ltr'><strong>audisti</strong></span> <span class='ocrx_word' id='word_1_20' title='bbox 1699 627 1794 662; x_wconf 90' lang='lat' dir='ltr'><strong>me.</strong></span> 
     </span>
    </p>
   </div>
   <div class='ocr_carea' id='block_1_4' title="bbox 215 699 1796 771">
    <p class='ocr_par' dir='ltr' id='par_1_4' title="bbox 215 699 1796 771">
     <span class='ocr_line' id='line_1_4' title="bbox 215 699 1796 771; baseline 0.002 -21"><span class='ocrx_word' id='word_1_21' title='bbox 215 700 347 767; x_wconf 84' lang='lat' dir='ltr'><strong>Quis</strong></span> <span class='ocrx_word' id='word_1_22' title='bbox 377 716 625 771; x_wconf 85' lang='lat' dir='ltr'><strong>umquam</strong></span> <span class='ocrx_word' id='word_1_23' title='bbox 653 701 721 754; x_wconf 90' lang='lat' dir='ltr'><strong>ita</strong></span> <span class='ocrx_word' id='word_1_24' title='bbox 753 711 995 769; x_wconf 85' lang='lat' dir='ltr'><strong>precatus</strong></span> <span class='ocrx_word' id='word_1_25' title='bbox 1018 701 1141 754; x_wconf 85' lang='lat' dir='ltr'><strong>est?</strong></span> <span class='ocrx_word' id='word_1_26' title='bbox 1167 699 1478 767; x_wconf 75' lang='lat' dir='ltr'><strong>Prinstpium</strong></span> <span class='ocrx_word' id='word_1_27' title='bbox 1505 700 1630 769; x_wconf 87' lang='lat' dir='ltr'><strong>quid</strong></span> <span class='ocrx_word' id='word_1_28' title='bbox 1658 700 1796 753; x_wconf 85' lang='lat' dir='ltr'><strong>aliud</strong></span> 
     </span>
    </p>
   </div>
   <div class='ocr_carea' id='block_1_5' title="bbox 216 790 1799 860">
    <p class='ocr_par' dir='ltr' id='par_1_5' title="bbox 216 790 1799 860">
     <span class='ocr_line' id='line_1_5' title="bbox 216 790 1799 860; baseline 0.001 -17"><span class='ocrx_word' id='word_1_29' title='bbox 216 792 484 857; x_wconf 74' lang='lat' dir='ltr'><strong>loquatur,</strong></span> <span class='ocrx_word' id='word_1_30' title='bbox 525 792 673 853; x_wconf 92' lang='lat' dir='ltr'><strong>dicit,</strong></span> <span class='ocrx_word' id='word_1_31' title='bbox 708 790 908 845; x_wconf 80' lang='lat' dir='ltr'><strong>Gratias</strong></span> <span class='ocrx_word' id='word_1_32' title='bbox 951 808 1047 857; x_wconf 88' lang='lat' dir='ltr'><strong>ago</strong></span> <span class='ocrx_word' id='word_1_33' title='bbox 1086 793 1193 856; x_wconf 90' lang='lat' dir='ltr'><strong>tibi,</strong></span> <span class='ocrx_word' id='word_1_34' title='bbox 1227 793 1512 846; x_wconf 90' lang='lat' dir='ltr'><strong>ostendens</strong></span> <span class='ocrx_word' id='word_1_35' title='bbox 1539 807 1597 845; x_wconf 90' lang='lat' dir='ltr'><strong>se</strong></span> <span class='ocrx_word' id='word_1_36' title='bbox 1630 793 1799 860; x_wconf 89' lang='lat' dir='ltr'><strong>preci-</strong></span> 
     </span>
    </p>
   </div>
   <div class='ocr_carea' id='block_1_6' title="bbox 216 879 1800 952">
    <p class='ocr_par' dir='ltr' id='par_1_6' title="bbox 216 879 1800 952">
     <span class='ocr_line' id='line_1_6' title="bbox 216 879 1800 952; baseline 0.001 -19"><span class='ocrx_word' id='word_1_37' title='bbox 216 880 314 933; x_wconf 86' lang='lat' dir='ltr'><strong>bus</strong></span> <span class='ocrx_word' id='word_1_38' title='bbox 356 896 462 935; x_wconf 88' lang='lat' dir='ltr'><strong>non</strong></span> <span class='ocrx_word' id='word_1_39' title='bbox 506 896 687 951; x_wconf 84' lang='lat' dir='ltr'><strong>egere.</strong></span> <span class='ocrx_word' id='word_1_40' title='bbox 737 879 848 951; x_wconf 84' lang='lat' dir='ltr'><strong>Ego</strong></span> <span class='ocrx_word' id='word_1_41' title='bbox 886 891 1053 934; x_wconf 85' lang='lat' dir='ltr'><strong>autem</strong></span> <span class='ocrx_word' id='word_1_42' title='bbox 1082 880 1296 935; x_wconf 85' lang='lat' dir='ltr'><strong>sciebam</strong></span> <span class='ocrx_word' id='word_1_43' title='bbox 1339 883 1455 951; x_wconf 96' lang='lat' dir='ltr'><strong>quia</strong></span> <span class='ocrx_word' id='word_1_44' title='bbox 1485 899 1677 952; x_wconf 85' lang='lat' dir='ltr'><strong>semper</strong></span> <span class='ocrx_word' id='word_1_45' title='bbox 1722 900 1800 935; x_wconf 85' lang='lat' dir='ltr'><strong>mc</strong></span> 
     </span>
    </p>
   </div>
   <div class='ocr_carea' id='block_1_7' title="bbox 213 970 1794 1041">
    <p class='ocr_par' dir='ltr' id='par_1_7' title="bbox 213 970 1794 1041">
     <span class='ocr_line' id='line_1_7' title="bbox 213 970 1794 1041; baseline 0.003 -19"><span class='ocrx_word' id='word_1_46' title='bbox 213 970 361 1022; x_wconf 80' lang='lat' dir='ltr'><strong>audis</strong></span> <span class='ocrx_word' id='word_1_47' title='bbox 391 973 430 1022; x_wconf 74' lang='grc' dir='ltr'><strong>ί.</strong></span> <span class='ocrx_word' id='word_1_48' title='bbox 486 971 597 1026; x_wconf 90' lang='lat' dir='ltr'><strong>lloc</strong></span> <span class='ocrx_word' id='word_1_49' title='bbox 625 971 790 1037; x_wconf 76' lang='lat' dir='ltr'><strong>dixit,</strong></span> <span class='ocrx_word' id='word_1_50' title='bbox 824 987 927 1025; x_wconf 92' lang='lat' dir='ltr'><strong>non</strong></span> <span class='ocrx_word' id='word_1_51' title='bbox 969 976 1110 1041; x_wconf 91' lang='lat' dir='ltr'><strong>quod</strong></span> <span class='ocrx_word' id='word_1_52' title='bbox 1156 973 1268 1041; x_wconf 90' lang='lat' dir='ltr'><strong>ipse</strong></span> <span class='ocrx_word' id='word_1_53' title='bbox 1314 989 1417 1025; x_wconf 88' lang='lat' dir='ltr'><strong>non</strong></span> <span class='ocrx_word' id='word_1_54' title='bbox 1456 983 1671 1041; x_wconf 81' lang='lat' dir='ltr'><strong>poSset,</strong></span> <span class='ocrx_word' id='word_1_55' title='bbox 1703 974 1794 1027; x_wconf 90' lang='lat' dir='ltr'><strong>sed</strong></span> 
     </span>
    </p>
   </div>
   <div class='ocr_carea' id='block_1_8' title="bbox 213 1059 1798 1133">
    <p class='ocr_par' dir='ltr' id='par_1_8' title="bbox 213 1059 1798 1133">
     <span class='ocr_line' id='line_1_8' title="bbox 213 1059 1798 1133; baseline 0.006 -20"><span class='ocrx_word' id='word_1_56' title='bbox 213 1059 353 1129; x_wconf 87' lang='lat' dir='ltr'><strong>quod</strong></span> <span class='ocrx_word' id='word_1_57' title='bbox 406 1077 507 1114; x_wconf 89' lang='lat' dir='ltr'><strong>una</strong></span> <span class='ocrx_word' id='word_1_58' title='bbox 548 1072 688 1115; x_wconf 89' lang='lat' dir='ltr'><strong>esset</strong></span> <span class='ocrx_word' id='word_1_59' title='bbox 726 1063 986 1117; x_wconf 87' lang='lat' dir='ltr'><strong>voluntas.</strong></span> <span class='ocrx_word' id='word_1_60' title='bbox 1030 1062 1135 1117; x_wconf 86' lang='lat' dir='ltr'><strong>Cur</strong></span> <span class='ocrx_word' id='word_1_61' title='bbox 1176 1065 1424 1133; x_wconf 92' lang='lat' dir='ltr'><strong>precandi</strong></span> <span class='ocrx_word' id='word_1_62' title='bbox 1461 1065 1628 1120; x_wconf 76' lang='lat' dir='ltr'><strong>forma</strong></span> <span class='ocrx_word' id='word_1_63' title='bbox 1671 1083 1798 1122; x_wconf 68' lang='lat' dir='ltr'><strong>usus</strong></span> 
     </span>
    </p>
   </div>
   <div class='ocr_carea' id='block_1_9' title="bbox 211 1152 1795 1226">
    <p class='ocr_par' dir='ltr' id='par_1_9' title="bbox 211 1152 1795 1226">
     <span class='ocr_line' id='line_1_9' title="bbox 211 1152 1795 1226; baseline 0.003 -21"><span class='ocrx_word' id='word_1_64' title='bbox 211 1163 294 1205; x_wconf 87' lang='lat' dir='ltr'><strong>est</strong></span> <span class='ocrx_word' id='word_1_65' title='bbox 321 1153 346 1206; x_wconf 78' lang='grc' dir='ltr'>τ</span> <span class='ocrx_word' id='word_1_66' title='bbox 372 1152 490 1206; x_wconf 86' lang='lat' dir='ltr'><strong>Non</strong></span> <span class='ocrx_word' id='word_1_67' title='bbox 522 1168 626 1217; x_wconf 87' lang='lat' dir='ltr'><strong>me,</strong></span> <span class='ocrx_word' id='word_1_68' title='bbox 660 1154 750 1207; x_wconf 89' lang='lat' dir='ltr'><strong>sed</strong></span> <span class='ocrx_word' id='word_1_69' title='bbox 781 1155 925 1208; x_wconf 89' lang='lat' dir='ltr'><strong>illum</strong></span> <span class='ocrx_word' id='word_1_70' title='bbox 956 1154 1219 1209; x_wconf 91' lang='lat' dir='ltr'><strong>dicentem</strong></span> <span class='ocrx_word' id='word_1_71' title='bbox 1249 1157 1370 1211; x_wconf 88' lang='lat' dir='ltr'><strong>andi</strong></span> <span class='ocrx_word' id='word_1_72' title='bbox 1402 1175 1413 1208; x_wconf 91' lang='lat'><strong>:</strong></span> <span class='ocrx_word' id='word_1_73' title='bbox 1447 1156 1667 1226; x_wconf 86' lang='lat' dir='ltr'><strong>Propter</strong></span> <span class='ocrx_word' id='word_1_74' title='bbox 1693 1159 1795 1211; x_wconf 84' lang='lat' dir='ltr'><strong>cir-</strong></span> 
     </span>
    </p>
   </div>
   <div class='ocr_carea' id='block_1_10' title="bbox 210 1244 1791 1314">
    <p class='ocr_par' dir='ltr' id='par_1_10' title="bbox 210 1244 1791 1314">
     <span class='ocr_line' id='line_1_10' title="bbox 210 1244 1791 1314; baseline 0.005 -21"><span class='ocrx_word' id='word_1_75' title='bbox 210 1252 539 1296; x_wconf 84' lang='lat' dir='ltr'><strong>cumstantem</strong></span> <span class='ocrx_word' id='word_1_76' title='bbox 571 1244 803 1309; x_wconf 87' lang='lat' dir='ltr'><strong>turbam,</strong></span> <span class='ocrx_word' id='word_1_77' title='bbox 837 1255 891 1298; x_wconf 86' lang='lat' dir='ltr'><strong>nt</strong></span> <span class='ocrx_word' id='word_1_78' title='bbox 917 1256 1215 1314; x_wconf 79' lang='lat' dir='ltr'><strong>cognoscunt</strong></span> <span class='ocrx_word' id='word_1_79' title='bbox 1254 1247 1371 1313; x_wconf 80' lang='lat' dir='ltr'><strong>quia</strong></span> <span class='ocrx_word' id='word_1_80' title='bbox 1408 1256 1460 1300; x_wconf 87' lang='lat' dir='ltr'><strong>tu</strong></span> <span class='ocrx_word' id='word_1_81' title='bbox 1489 1264 1567 1300; x_wconf 86' lang='lat' dir='ltr'><strong>me</strong></span> <span class='ocrx_word' id='word_1_82' title='bbox 1592 1248 1791 1301; x_wconf 79' lang='lat' dir='ltr'><strong>misisti.</strong></span> 
     </span>
    </p>
   </div>
   <div class='ocr_carea' id='block_1_11' title="bbox 211 1331 1793 1405">
    <p class='ocr_par' dir='ltr' id='par_1_11' title="bbox 211 1331 1793 1405">
     <span class='ocr_line' id='line_1_11' title="bbox 211 1331 1793 1405; baseline 0.005 -20"><span class='ocrx_word' id='word_1_83' title='bbox 211 1331 326 1385; x_wconf 79' lang='lat' dir='ltr'><strong>Non</strong></span> <span class='ocrx_word' id='word_1_84' title='bbox 355 1332 513 1395; x_wconf 83' lang='lat' dir='ltr'><strong>dixit,</strong></span> <span class='ocrx_word' id='word_1_85' title='bbox 546 1333 614 1389; x_wconf 89' lang='lat' dir='ltr'><strong>Ut</strong></span> <span class='ocrx_word' id='word_1_86' title='bbox 647 1344 969 1405; x_wconf 85' lang='lat' dir='ltr'><strong>cognoscant</strong></span> <span class='ocrx_word' id='word_1_87' title='bbox 998 1353 1083 1391; x_wconf 90' lang='lat' dir='ltr'><strong>me</strong></span> <span class='ocrx_word' id='word_1_88' title='bbox 1116 1338 1375 1392; x_wconf 81' lang='lat' dir='ltr'><strong>minorem</strong></span> <span class='ocrx_word' id='word_1_89' title='bbox 1407 1353 1525 1394; x_wconf 86' lang='lat' dir='ltr'><strong>esse</strong></span> <span class='ocrx_word' id='word_1_90' title='bbox 1545 1381 1559 1404; x_wconf 95' lang='lat'><strong>,</strong></span> <span class='ocrx_word' id='word_1_91' title='bbox 1589 1355 1674 1393; x_wconf 89' lang='lat' dir='ltr'><strong>me</strong></span> <span class='ocrx_word' id='word_1_92' title='bbox 1700 1356 1793 1395; x_wconf 85' lang='lat' dir='ltr'><strong>su-</strong></span> 
     </span>
    </p>
   </div>
   <div class='ocr_carea' id='block_1_12' title="bbox 211 1427 1791 1501">
    <p class='ocr_par' dir='ltr' id='par_1_12' title="bbox 211 1427 1791 1501">
     <span class='ocr_line' id='line_1_12' title="bbox 211 1427 1791 1501; baseline 0.007 -24"><span class='ocrx_word' id='word_1_93' title='bbox 211 1440 375 1493; x_wconf 87' lang='lat' dir='ltr'><strong>perna</strong></span> <span class='ocrx_word' id='word_1_94' title='bbox 410 1427 578 1495; x_wconf 86' lang='lat' dir='ltr'><strong>gratia</strong></span> <span class='ocrx_word' id='word_1_95' title='bbox 619 1444 793 1497; x_wconf 82' lang='lat' dir='ltr'><strong>egere,</strong></span> <span class='ocrx_word' id='word_1_96' title='bbox 843 1439 896 1483; x_wconf 90' lang='lat' dir='ltr'><strong>et</strong></span> <span class='ocrx_word' id='word_1_97' title='bbox 931 1430 1049 1484; x_wconf 88' lang='lat' dir='ltr'><strong>sine</strong></span> <span class='ocrx_word' id='word_1_98' title='bbox 1094 1432 1397 1500; x_wconf 81' lang='lat' dir='ltr'><strong>precatione</strong></span> <span class='ocrx_word' id='word_1_99' title='bbox 1438 1436 1651 1501; x_wconf 81' lang='lat' dir='ltr'><strong>operari</strong></span> <span class='ocrx_word' id='word_1_100' title='bbox 1688 1451 1791 1488; x_wconf 91' lang='lat' dir='ltr'><strong>non</strong></span> 
     </span>
    </p>
   </div>
   <div class='ocr_carea' id='block_1_13' title="bbox 210 1519 1788 1595">
    <p class='ocr_par' dir='ltr' id='par_1_13' title="bbox 210 1519 1788 1595">
     <span class='ocr_line' id='line_1_13' title="bbox 210 1519 1788 1595; baseline 0.009 -28"><span class='ocrx_word' id='word_1_101' title='bbox 210 1532 367 1583; x_wconf 81' lang='lat' dir='ltr'><strong>posse</strong></span> <span class='ocrx_word' id='word_1_102' title='bbox 404 1534 417 1579; x_wconf 88' lang='lat'>;</span> <span class='ocrx_word' id='word_1_103' title='bbox 452 1519 576 1581; x_wconf 88' lang='lat' dir='ltr'><strong>sed,</strong></span> <span class='ocrx_word' id='word_1_104' title='bbox 612 1520 742 1585; x_wconf 86' lang='lat' dir='ltr'><strong>Quia</strong></span> <span class='ocrx_word' id='word_1_105' title='bbox 773 1532 824 1573; x_wconf 89' lang='lat' dir='ltr'><strong>tu</strong></span> <span class='ocrx_word' id='word_1_106' title='bbox 869 1538 947 1573; x_wconf 82' lang='lat' dir='ltr'><strong>me</strong></span> <span class='ocrx_word' id='word_1_107' title='bbox 983 1524 1178 1575; x_wconf 83' lang='lat' dir='ltr'><strong>misisti.</strong></span> <span class='ocrx_word' id='word_1_108' title='bbox 1228 1523 1350 1578; x_wconf 70' lang='lat' dir='ltr'><strong>llzec</strong></span> <span class='ocrx_word' id='word_1_109' title='bbox 1387 1526 1581 1595; x_wconf 77' lang='lat' dir='ltr'><strong>quippe</strong></span> <span class='ocrx_word' id='word_1_110' title='bbox 1614 1528 1788 1582; x_wconf 86' lang='lat' dir='ltr'><strong>omnia</strong></span> 
     </span>
    </p>
   </div>
   <div class='ocr_carea' id='block_1_14' title="bbox 212 1607 1787 1685">
    <p class='ocr_par' dir='ltr' id='par_1_14' title="bbox 212 1607 1787 1685">
     <span class='ocr_line' id='line_1_14' title="bbox 212 1607 1787 1685; baseline 0.011 -31"><span class='ocrx_word' id='word_1_111' title='bbox 212 1607 449 1672; x_wconf 79' lang='lat' dir='ltr'><strong>precatio</strong></span> <span class='ocrx_word' id='word_1_112' title='bbox 494 1608 786 1677; x_wconf 76' lang='lat' dir='ltr'><strong>significat,</strong></span> <span class='ocrx_word' id='word_1_113' title='bbox 833 1613 875 1664; x_wconf 90' lang='lat' dir='ltr'><strong>si</strong></span> <span class='ocrx_word' id='word_1_114' title='bbox 921 1613 1231 1681; x_wconf 74' lang='lat' dir='ltr'><strong>simpliciter</strong></span> <span class='ocrx_word' id='word_1_115' title='bbox 1273 1615 1416 1669; x_wconf 83' lang='lat' dir='ltr'><strong>illam</strong></span> <span class='ocrx_word' id='word_1_116' title='bbox 1446 1618 1787 1685; x_wconf 67' lang='lat' dir='ltr'><strong>accipiamus.</strong></span> 
     </span>
    </p>
   </div>
   <div class='ocr_carea' id='block_1_15' title="bbox 208 1694 1787 1774">
    <p class='ocr_par' dir='ltr' id='par_1_15' title="bbox 208 1694 1787 1774">
     <span class='ocr_line' id='line_1_15' title="bbox 208 1694 1787 1774; baseline 0.006 -25"><span class='ocrx_word' id='word_1_117' title='bbox 208 1694 320 1749; x_wconf 80' lang='lat' dir='ltr'><strong>Non</strong></span> <span class='ocrx_word' id='word_1_118' title='bbox 351 1696 509 1763; x_wconf 79' lang='lat' dir='ltr'><strong>dixit,</strong></span> <span class='ocrx_word' id='word_1_119' title='bbox 544 1699 723 1753; x_wconf 77' lang='lat' dir='ltr'><strong>Misisti</strong></span> <span class='ocrx_word' id='word_1_120' title='bbox 771 1718 853 1755; x_wconf 86' lang='lat' dir='ltr'><strong>me</strong></span> <span class='ocrx_word' id='word_1_121' title='bbox 881 1703 1167 1767; x_wconf 88' lang='lat' dir='ltr'><strong>inlirmum,</strong></span> <span class='ocrx_word' id='word_1_122' title='bbox 1195 1706 1464 1760; x_wconf 72' lang='lat' dir='ltr'><strong>servitutis</strong></span> <span class='ocrx_word' id='word_1_123' title='bbox 1492 1709 1787 1774; x_wconf 86' lang='lat' dir='ltr'><strong>conscium,</strong></span> 
     </span>
    </p>
   </div>
   <div class='ocr_carea' id='block_1_16' title="bbox 208 1786 1791 1865">
    <p class='ocr_par' dir='ltr' id='par_1_16' title="bbox 208 1786 1791 1865">
     <span class='ocr_line' id='line_1_16' title="bbox 208 1786 1791 1865; baseline 0.013 -29"><span class='ocrx_word' id='word_1_124' title='bbox 208 1786 294 1854; x_wconf 92' lang='lat' dir='ltr'><strong>qui</strong></span> <span class='ocrx_word' id='word_1_125' title='bbox 327 1788 462 1841; x_wconf 85' lang='lat' dir='ltr'><strong>nihil</strong></span> <span class='ocrx_word' id='word_1_126' title='bbox 496 1807 556 1843; x_wconf 80' lang='lat' dir='ltr'><strong>es</strong></span> <span class='ocrx_word' id='word_1_127' title='bbox 590 1806 673 1844; x_wconf 90' lang='lat' dir='ltr'><strong>me</strong></span> <span class='ocrx_word' id='word_1_128' title='bbox 705 1807 917 1859; x_wconf 88' lang='lat' dir='ltr'><strong>possum</strong></span> <span class='ocrx_word' id='word_1_129' title='bbox 956 1810 969 1857; x_wconf 90' lang='lat'><strong>;</strong></span> <span class='ocrx_word' id='word_1_130' title='bbox 1001 1794 1091 1848; x_wconf 85' lang='lat' dir='ltr'><strong>sed</strong></span> <span class='ocrx_word' id='word_1_131' title='bbox 1118 1795 1198 1849; x_wconf 85' lang='lat' dir='ltr'><strong>his</strong></span> <span class='ocrx_word' id='word_1_132' title='bbox 1224 1798 1402 1851; x_wconf 85' lang='lat' dir='ltr'><strong>missis</strong></span> <span class='ocrx_word' id='word_1_133' title='bbox 1432 1800 1697 1865; x_wconf 80' lang='lat' dir='ltr'><strong>omnibus,</strong></span> <span class='ocrx_word' id='word_1_134' title='bbox 1725 1817 1791 1856; x_wconf 89' lang='lat' dir='ltr'><strong>ne</strong></span> 
     </span>
    </p>
   </div>
   <div class='ocr_carea' id='block_1_17' title="bbox 206 1878 1788 1956">
    <p class='ocr_par' dir='ltr' id='par_1_17' title="bbox 206 1878 1788 1956">
     <span class='ocr_line' id='line_1_17' title="bbox 206 1878 1788 1956; baseline 0.011 -26"><span class='ocrx_word' id='word_1_135' title='bbox 206 1878 401 1945; x_wconf 85' lang='lat' dir='ltr'><strong>aliquid</strong></span> <span class='ocrx_word' id='word_1_136' title='bbox 453 1880 638 1935; x_wconf 88' lang='lat' dir='ltr'><strong>borum</strong></span> <span class='ocrx_word' id='word_1_137' title='bbox 692 1885 1015 1954; x_wconf 88' lang='lat' dir='ltr'><strong>suspiceris,</strong></span> <span class='ocrx_word' id='word_1_138' title='bbox 1066 1903 1244 1942; x_wconf 89' lang='lat' dir='ltr'><strong>veram</strong></span> <span class='ocrx_word' id='word_1_139' title='bbox 1284 1891 1530 1956; x_wconf 81' lang='lat' dir='ltr'><strong>precandi</strong></span> <span class='ocrx_word' id='word_1_140' title='bbox 1573 1907 1788 1947; x_wconf 88' lang='lat' dir='ltr'><strong>causam</strong></span> 
     </span>
    </p>
   </div>
   <div class='ocr_carea' id='block_1_18' title="bbox 206 1969 1789 2047">
    <p class='ocr_par' dir='ltr' id='par_1_18' title="bbox 206 1969 1789 2047">
     <span class='ocr_line' id='line_1_18' title="bbox 206 1969 1789 2047; baseline 0.01 -25"><span class='ocrx_word' id='word_1_141' title='bbox 206 1969 382 2035; x_wconf 69' lang='lat' dir='ltr'><strong>aliert,</strong></span> <span class='ocrx_word' id='word_1_142' title='bbox 419 1971 494 2025; x_wconf 82' lang='lat' dir='ltr'><strong>Ne</strong></span> <span class='ocrx_word' id='word_1_143' title='bbox 538 1989 623 2027; x_wconf 90' lang='lat' dir='ltr'><strong>me</strong></span> <span class='ocrx_word' id='word_1_144' title='bbox 674 1975 780 2028; x_wconf 89' lang='lat' dir='ltr'><strong>Deo</strong></span> <span class='ocrx_word' id='word_1_145' title='bbox 822 1976 1180 2030; x_wconf 83' lang='lat' dir='ltr'><strong>adversarium</strong></span> <span class='ocrx_word' id='word_1_146' title='bbox 1226 1989 1466 2047; x_wconf 79' lang='lat' dir='ltr'><strong>putarent</strong></span> <span class='ocrx_word' id='word_1_147' title='bbox 1502 1999 1515 2045; x_wconf 89' lang='lat'>;</span> <span class='ocrx_word' id='word_1_148' title='bbox 1547 1998 1613 2036; x_wconf 91' lang='lat' dir='ltr'><strong>ne</strong></span> <span class='ocrx_word' id='word_1_149' title='bbox 1642 1984 1789 2037; x_wconf 88' lang='lat' dir='ltr'><strong>dice-</strong></span> 
     </span>
    </p>
   </div>
   <div class='ocr_carea' id='block_1_19' title="bbox 206 2062 1789 2131">
    <p class='ocr_par' dir='ltr' id='par_1_19' title="bbox 206 2062 1789 2131">
     <span class='ocr_line' id='line_1_19' title="bbox 206 2062 1789 2131; baseline 0.012 -19"><span class='ocrx_word' id='word_1_150' title='bbox 206 2072 343 2115; x_wconf 88' lang='lat' dir='ltr'><strong>rent.</strong></span> <span class='ocrx_word' id='word_1_151' title='bbox 372 2062 487 2115; x_wconf 78' lang='lat' dir='ltr'><strong>Non</strong></span> <span class='ocrx_word' id='word_1_152' title='bbox 514 2075 597 2117; x_wconf 64' lang='lat' dir='ltr'><strong>est</strong></span> <span class='ocrx_word' id='word_1_153' title='bbox 636 2081 701 2119; x_wconf 79' lang='lat' dir='ltr'><strong>ex</strong></span> <span class='ocrx_word' id='word_1_154' title='bbox 736 2066 882 2131; x_wconf 87' lang='lat' dir='ltr'><strong>Deo;</strong></span> <span class='ocrx_word' id='word_1_155' title='bbox 918 2078 971 2119; x_wconf 88' lang='lat' dir='ltr'><strong>ut</strong></span> <span class='ocrx_word' id='word_1_156' title='bbox 1001 2070 1278 2123; x_wconf 88' lang='lat' dir='ltr'><strong>ostendam</strong></span> <span class='ocrx_word' id='word_1_157' title='bbox 1310 2087 1419 2125; x_wconf 88' lang='lat' dir='ltr'><strong>rem</strong></span> <span class='ocrx_word' id='word_1_158' title='bbox 1451 2072 1640 2127; x_wconf 79' lang='lat' dir='ltr'><strong>factam</strong></span> <span class='ocrx_word' id='word_1_159' title='bbox 1669 2090 1789 2131; x_wconf 87' lang='lat' dir='ltr'><strong>esse</strong></span> 
     </span>
    </p>
   </div>
   <div class='ocr_carea' id='block_1_20' title="bbox 205 2154 1789 2230">
    <p class='ocr_par' dir='ltr' id='par_1_20' title="bbox 205 2154 1789 2230">
     <span class='ocr_line' id='line_1_20' title="bbox 205 2154 1789 2230; baseline 0.013 -27"><span class='ocrx_word' id='word_1_160' title='bbox 205 2154 495 2206; x_wconf 79' lang='lat' dir='ltr'><strong>secundum</strong></span> <span class='ocrx_word' id='word_1_161' title='bbox 546 2158 869 2212; x_wconf 88' lang='lat' dir='ltr'><strong>voluntatem</strong></span> <span class='ocrx_word' id='word_1_162' title='bbox 915 2170 1097 2225; x_wconf 90' lang='lat' dir='ltr'><strong>tuam;</strong></span> <span class='ocrx_word' id='word_1_163' title='bbox 1144 2178 1206 2214; x_wconf 92' lang='lat' dir='ltr'><strong>ac</strong></span> <span class='ocrx_word' id='word_1_164' title='bbox 1250 2162 1293 2213; x_wconf 90' lang='lat' dir='ltr'><strong>si</strong></span> <span class='ocrx_word' id='word_1_165' title='bbox 1322 2164 1560 2230; x_wconf 86' lang='lat' dir='ltr'><strong>diceret,</strong></span> <span class='ocrx_word' id='word_1_166' title='bbox 1590 2167 1644 2221; x_wconf 91' lang='lat' dir='ltr'><strong>Si</strong></span> <span class='ocrx_word' id='word_1_167' title='bbox 1681 2167 1789 2222; x_wconf 87' lang='lat' dir='ltr'><strong>Deo</strong></span> 
     </span>
    </p>
   </div>
   <div class='ocr_carea' id='block_1_21' title="bbox 205 2248 1784 2327">
    <p class='ocr_par' dir='ltr' id='par_1_21' title="bbox 205 2248 1784 2327">
     <span class='ocr_line' id='line_1_21' title="bbox 205 2248 1784 2327; baseline 0.009 -29"><span class='ocrx_word' id='word_1_168' title='bbox 205 2248 505 2301; x_wconf 87' lang='lat' dir='ltr'><strong>contrarius</strong></span> <span class='ocrx_word' id='word_1_169' title='bbox 533 2262 741 2313; x_wconf 89' lang='lat' dir='ltr'><strong>essem,</strong></span> <span class='ocrx_word' id='word_1_170' title='bbox 775 2266 859 2305; x_wconf 91' lang='lat' dir='ltr'><strong>res</strong></span> <span class='ocrx_word' id='word_1_171' title='bbox 906 2268 1010 2305; x_wconf 87' lang='lat' dir='ltr'><strong>non</strong></span> <span class='ocrx_word' id='word_1_172' title='bbox 1058 2256 1420 2322; x_wconf 87' lang='lat' dir='ltr'><strong>processisset.</strong></span> <span class='ocrx_word' id='word_1_173' title='bbox 1470 2258 1601 2312; x_wconf 82' lang='lat' dir='ltr'><strong>illud</strong></span> <span class='ocrx_word' id='word_1_174' title='bbox 1639 2276 1784 2327; x_wconf 87' lang='lat' dir='ltr'><strong>vero,</strong></span> 
     </span>
    </p>
   </div>
   <div class='ocr_carea' id='block_1_22' title="bbox 206 2334 1783 2419">
    <p class='ocr_par' dir='ltr' id='par_1_22' title="bbox 206 2334 1783 2419">
     <span class='ocr_line' id='line_1_22' title="bbox 206 2334 1783 2419; baseline 0.012 -34"><span class='ocrx_word' id='word_1_175' title='bbox 206 2334 405 2388; x_wconf 78' lang='lat' dir='ltr'><strong>Audisti</strong></span> <span class='ocrx_word' id='word_1_176' title='bbox 452 2353 532 2390; x_wconf 84' lang='lat' dir='ltr'><strong>me</strong></span> <span class='ocrx_word' id='word_1_177' title='bbox 554 2379 570 2405; x_wconf 94' lang='lat'><strong>,</strong></span> <span class='ocrx_word' id='word_1_178' title='bbox 614 2338 773 2393; x_wconf 87' lang='lat' dir='ltr'><strong>etiam</strong></span> <span class='ocrx_word' id='word_1_179' title='bbox 807 2340 945 2395; x_wconf 89' lang='lat' dir='ltr'><strong>inter</strong></span> <span class='ocrx_word' id='word_1_180' title='bbox 974 2344 1173 2397; x_wconf 86' lang='lat' dir='ltr'><strong>amicos</strong></span> <span class='ocrx_word' id='word_1_181' title='bbox 1214 2345 1408 2399; x_wconf 90' lang='lat' dir='ltr'><strong>dicitur</strong></span> <span class='ocrx_word' id='word_1_182' title='bbox 1447 2356 1501 2403; x_wconf 91' lang='lat' dir='ltr'><strong>et</strong></span> <span class='ocrx_word' id='word_1_183' title='bbox 1530 2350 1783 2419; x_wconf 72' lang='lat' dir='ltr'><strong>mquales.</strong></span> 
     </span>
    </p>
   </div>
   <div class='ocr_carea' id='block_1_23' title="bbox 206 2422 1789 2505">
    <p class='ocr_par' dir='ltr' id='par_1_23' title="bbox 206 2422 1789 2505">
     <span class='ocr_line' id='line_1_23' title="bbox 206 2422 1789 2505; baseline 0.011 -28"><span class='ocrx_word' id='word_1_184' title='bbox 206 2422 313 2496; x_wconf 77' lang='lat' dir='ltr'><strong>Ego</strong></span> <span class='ocrx_word' id='word_1_185' title='bbox 344 2436 511 2483; x_wconf 87' lang='lat' dir='ltr'><strong>autem</strong></span> <span class='ocrx_word' id='word_1_186' title='bbox 543 2430 755 2483; x_wconf 84' lang='lat' dir='ltr'><strong>sciebam</strong></span> <span class='ocrx_word' id='word_1_187' title='bbox 790 2434 905 2501; x_wconf 82' lang='lat' dir='ltr'><strong>quia</strong></span> <span class='ocrx_word' id='word_1_188' title='bbox 938 2449 1131 2503; x_wconf 76' lang='lat' dir='ltr'><strong>semper</strong></span> <span class='ocrx_word' id='word_1_189' title='bbox 1161 2453 1236 2487; x_wconf 88' lang='lat' dir='ltr'><strong>me</strong></span> <span class='ocrx_word' id='word_1_190' title='bbox 1262 2438 1408 2491; x_wconf 87' lang='lat' dir='ltr'><strong>audis</strong></span> <span class='ocrx_word' id='word_1_191' title='bbox 1433 2456 1451 2502; x_wconf 89' lang='lat'><strong><em>;</em></strong></span> <span class='ocrx_word' id='word_1_192' title='bbox 1483 2439 1533 2493; x_wconf 86' lang='lat' dir='ltr'><strong>id</strong></span> <span class='ocrx_word' id='word_1_193' title='bbox 1568 2448 1669 2505; x_wconf 87' lang='lat' dir='ltr'><strong>est,</strong></span> <span class='ocrx_word' id='word_1_194' title='bbox 1722 2440 1789 2495; x_wconf 90' lang='lat' dir='ltr'><strong>Ut</strong></span> 
     </span>
    </p>
   </div>
   <div class='ocr_carea' id='block_1_24' title="bbox 207 2518 1788 2598">
    <p class='ocr_par' dir='ltr' id='par_1_24' title="bbox 207 2518 1788 2598">
     <span class='ocr_line' id='line_1_24' title="bbox 207 2518 1788 2598; baseline 0.013 -29"><span class='ocrx_word' id='word_1_195' title='bbox 207 2518 449 2574; x_wconf 74' lang='lat' dir='ltr'><strong>voluntas</strong></span> <span class='ocrx_word' id='word_1_196' title='bbox 495 2537 611 2576; x_wconf 86' lang='lat' dir='ltr'><strong>mea</strong></span> <span class='ocrx_word' id='word_1_197' title='bbox 657 2523 745 2578; x_wconf 79' lang='lat' dir='ltr'><strong>ﬁat</strong></span> <span class='ocrx_word' id='word_1_198' title='bbox 769 2568 782 2590; x_wconf 97' lang='lat'><strong>,</strong></span> <span class='ocrx_word' id='word_1_199' title='bbox 813 2542 916 2580; x_wconf 89' lang='lat' dir='ltr'><strong>non</strong></span> <span class='ocrx_word' id='word_1_200' title='bbox 947 2542 1075 2598; x_wconf 84' lang='lat' dir='ltr'><strong>egeo</strong></span> <span class='ocrx_word' id='word_1_201' title='bbox 1105 2531 1382 2598; x_wconf 81' lang='lat' dir='ltr'><strong>precibus;</strong></span> <span class='ocrx_word' id='word_1_202' title='bbox 1415 2534 1506 2587; x_wconf 83' lang='lat' dir='ltr'><strong>sed</strong></span> <span class='ocrx_word' id='word_1_203' title='bbox 1536 2534 1637 2588; x_wconf 86' lang='lat' dir='ltr'><strong>hoc</strong></span> <span class='ocrx_word' id='word_1_204' title='bbox 1668 2535 1788 2590; x_wconf 90' lang='lat' dir='ltr'><strong>dico</strong></span> 
     </span>
    </p>
   </div>
   <div class='ocr_carea' id='block_1_25' title="bbox 209 2612 1782 2684">
    <p class='ocr_par' dir='ltr' id='par_1_25' title="bbox 209 2612 1782 2684">
     <span class='ocr_line' id='line_1_25' title="bbox 209 2612 1782 2684; baseline 0.012 -20"><span class='ocrx_word' id='word_1_205' title='bbox 209 2621 262 2665; x_wconf 90' lang='lat' dir='ltr'><strong>ut</strong></span> <span class='ocrx_word' id='word_1_206' title='bbox 292 2612 395 2666; x_wconf 90' lang='lat' dir='ltr'><strong>illis</strong></span> <span class='ocrx_word' id='word_1_207' title='bbox 427 2614 682 2671; x_wconf 84' lang='lat' dir='ltr'><strong>suadeam</strong></span> <span class='ocrx_word' id='word_1_208' title='bbox 724 2618 814 2673; x_wconf 87' lang='lat' dir='ltr'><strong>tibi</strong></span> <span class='ocrx_word' id='word_1_209' title='bbox 855 2628 910 2673; x_wconf 89' lang='lat' dir='ltr'><strong>et</strong></span> <span class='ocrx_word' id='word_1_210' title='bbox 945 2622 1072 2674; x_wconf 91' lang='lat' dir='ltr'><strong>mihi</strong></span> <span class='ocrx_word' id='word_1_211' title='bbox 1104 2640 1259 2675; x_wconf 88' lang='lat' dir='ltr'><strong>unam</strong></span> <span class='ocrx_word' id='word_1_212' title='bbox 1289 2640 1407 2679; x_wconf 85' lang='lat' dir='ltr'><strong>esse</strong></span> <span class='ocrx_word' id='word_1_213' title='bbox 1432 2627 1782 2684; x_wconf 80' lang='lat' dir='ltr'><strong>Voluntatem.</strong></span> 
     </span>
    </p>
   </div>
   <div class='ocr_carea' id='block_1_26' title="bbox 203 2701 1781 2780">
    <p class='ocr_par' dir='ltr' id='par_1_26' title="bbox 203 2701 1781 2780">
     <span class='ocr_line' id='line_1_26' title="bbox 203 2701 1781 2780; baseline 0.011 -25"><span class='ocrx_word' id='word_1_214' title='bbox 203 2701 307 2755; x_wconf 90' lang='lat' dir='ltr'><strong>Cur</strong></span> <span class='ocrx_word' id='word_1_215' title='bbox 350 2719 483 2772; x_wconf 80' lang='lat' dir='ltr'><strong>ergo</strong></span> <span class='ocrx_word' id='word_1_216' title='bbox 532 2710 810 2775; x_wconf 75' lang='lat' dir='ltr'><strong>precaris?</strong></span> <span class='ocrx_word' id='word_1_217' title='bbox 852 2710 1077 2780; x_wconf 82' lang='lat' dir='ltr'><strong>PrOpter</strong></span> <span class='ocrx_word' id='word_1_218' title='bbox 1122 2717 1360 2768; x_wconf 88' lang='lat' dir='ltr'><strong>inlirmos</strong></span> <span class='ocrx_word' id='word_1_219' title='bbox 1387 2728 1439 2771; x_wconf 90' lang='lat' dir='ltr'><strong>et</strong></span> <span class='ocrx_word' id='word_1_220' title='bbox 1468 2720 1781 2774; x_wconf 89' lang='lat' dir='ltr'><strong>crassiores.</strong></span> 
     </span>
    </p>
   </div>
   <div class='ocr_carea' id='block_1_27' title="bbox 204 2793 1784 2879">
    <p class='ocr_par' dir='ltr' id='par_1_27' title="bbox 204 2793 1784 2879">
     <span class='ocr_line' id='line_1_27' title="bbox 204 2793 1784 2879; baseline 0.013 -34"><span class='ocrx_word' id='word_1_221' title='bbox 204 2793 287 2846; x_wconf 72' lang='grc'><strong>15.</strong></span> <span class='ocrx_word' id='word_1_222' title='bbox 338 2793 403 2845; x_wconf 78' lang='lat' dir='ltr'><strong>Et</strong></span> <span class='ocrx_word' id='word_1_223' title='bbox 447 2812 563 2848; x_wconf 83' lang='lat' dir='ltr'><strong>cum</strong></span> <span class='ocrx_word' id='word_1_224' title='bbox 608 2799 712 2851; x_wconf 75' lang='lat' dir='ltr'><strong>lia&#39;c</strong></span> <span class='ocrx_word' id='word_1_225' title='bbox 744 2801 966 2863; x_wconf 64' lang='lat' dir='ltr'><strong>dixisset,</strong></span> <span class='ocrx_word' id='word_1_226' title='bbox 999 2804 1232 2858; x_wconf 83' lang='lat' dir='ltr'><strong>clamavit</strong></span> <span class='ocrx_word' id='word_1_227' title='bbox 1272 2822 1388 2860; x_wconf 81' lang='lat' dir='ltr'><strong>rore</strong></span> <span class='ocrx_word' id='word_1_228' title='bbox 1432 2825 1633 2879; x_wconf 89' lang='lat' dir='ltr'><strong>magna.</strong></span> <span class='ocrx_word' id='word_1_229' title='bbox 1680 2809 1784 2866; x_wconf 90' lang='lat' dir='ltr'><strong>Cur</strong></span> 
     </span>
    </p>
   </div>
   <div class='ocr_carea' id='block_1_28' title="bbox 208 2886 1778 2961">
    <p class='ocr_par' dir='ltr' id='par_1_28' title="bbox 208 2886 1778 2961">
     <span class='ocr_line' id='line_1_28' title="bbox 208 2886 1778 2961; baseline 0.017 -26"><span class='ocrx_word' id='word_1_230' title='bbox 208 2898 305 2936; x_wconf 91' lang='lat' dir='ltr'><strong>non</strong></span> <span class='ocrx_word' id='word_1_231' title='bbox 334 2886 490 2951; x_wconf 80' lang='lat' dir='ltr'><strong>dixit,</strong></span> <span class='ocrx_word' id='word_1_232' title='bbox 525 2888 578 2941; x_wconf 93' lang='lat' dir='ltr'><strong>In</strong></span> <span class='ocrx_word' id='word_1_233' title='bbox 615 2893 827 2946; x_wconf 80' lang='lat' dir='ltr'><strong>nomine</strong></span> <span class='ocrx_word' id='word_1_234' title='bbox 857 2894 1024 2949; x_wconf 85' lang='lat' dir='ltr'><strong>Patris</strong></span> <span class='ocrx_word' id='word_1_235' title='bbox 1052 2899 1154 2951; x_wconf 90' lang='lat' dir='ltr'><strong>mei</strong></span> <span class='ocrx_word' id='word_1_236' title='bbox 1186 2901 1304 2953; x_wconf 81' lang='lat' dir='ltr'><strong>veni</strong></span> <span class='ocrx_word' id='word_1_237' title='bbox 1335 2901 1477 2956; x_wconf 72' lang='lat' dir='ltr'><strong>foras</strong></span> <span class='ocrx_word' id='word_1_238' title='bbox 1507 2903 1529 2956; x_wconf 89' lang='lat'><strong>?</strong></span> <span class='ocrx_word' id='word_1_239' title='bbox 1558 2918 1654 2959; x_wconf 91' lang='lat' dir='ltr'><strong>cur</strong></span> <span class='ocrx_word' id='word_1_240' title='bbox 1677 2921 1778 2961; x_wconf 89' lang='lat' dir='ltr'><strong>non</strong></span> 
     </span>
    </p>
   </div>
   <div class='ocr_carea' id='block_1_29' title="bbox 206 2974 1783 3065">
    <p class='ocr_par' dir='ltr' id='par_1_29' title="bbox 206 2974 1783 3065">
     <span class='ocr_line' id='line_1_29' title="bbox 206 2974 1783 3065; baseline 0.018 -38"><span class='ocrx_word' id='word_1_241' title='bbox 206 2974 350 3039; x_wconf 78' lang='lat' dir='ltr'><strong>dixit,</strong></span> <span class='ocrx_word' id='word_1_242' title='bbox 384 2977 595 3033; x_wconf 85' lang='lat' dir='ltr'><strong>Suscita</strong></span> <span class='ocrx_word' id='word_1_243' title='bbox 630 2982 796 3045; x_wconf 91' lang='lat' dir='ltr'><strong>illum,</strong></span> <span class='ocrx_word' id='word_1_244' title='bbox 828 2984 983 3039; x_wconf 84' lang='lat' dir='ltr'><strong>Pater</strong></span> <span class='ocrx_word' id='word_1_245' title='bbox 1010 2988 1031 3040; x_wconf 90' lang='lat'><strong>?</strong></span> <span class='ocrx_word' id='word_1_246' title='bbox 1059 2988 1152 3042; x_wconf 82' lang='lat' dir='ltr'><strong>St&#39;d</strong></span> <span class='ocrx_word' id='word_1_247' title='bbox 1185 2989 1266 3043; x_wconf 92' lang='lat' dir='ltr'><strong>bis</strong></span> <span class='ocrx_word' id='word_1_248' title='bbox 1310 2993 1485 3048; x_wconf 86' lang='lat' dir='ltr'><strong>missis</strong></span> <span class='ocrx_word' id='word_1_249' title='bbox 1514 2996 1783 3065; x_wconf 89' lang='lat' dir='ltr'><strong>omnibus,</strong></span> 
     </span>
    </p>
   </div>
   <div class='ocr_carea' id='block_1_30' title="bbox 206 3076 1784 3152">
    <p class='ocr_par' dir='ltr' id='par_1_30' title="bbox 206 3076 1784 3152">
     <span class='ocr_line' id='line_1_30' title="bbox 206 3076 1784 3152; baseline 0.017 -34"><span class='ocrx_word' id='word_1_250' title='bbox 206 3079 585 3141; x_wconf 77' lang='lat' dir='ltr'><strong>assmnptoque</strong></span> <span class='ocrx_word' id='word_1_251' title='bbox 616 3076 880 3141; x_wconf 71' lang='lat' dir='ltr'><strong>precantis</strong></span> <span class='ocrx_word' id='word_1_252' title='bbox 906 3076 1107 3145; x_wconf 84' lang='lat' dir='ltr'><strong>habitu,</strong></span> <span class='ocrx_word' id='word_1_253' title='bbox 1152 3082 1309 3136; x_wconf 80' lang='lat' dir='ltr'><strong>rebus</strong></span> <span class='ocrx_word' id='word_1_254' title='bbox 1336 3085 1462 3152; x_wconf 84' lang='lat' dir='ltr'><strong>ipsis</strong></span> <span class='ocrx_word' id='word_1_255' title='bbox 1491 3090 1784 3144; x_wconf 81' lang='lat' dir='ltr'><strong>auctorita-</strong></span> 
     </span>
    </p>
   </div>
   <div class='ocr_carea' id='block_1_31' title="bbox 209 3161 1783 3241">
    <p class='ocr_par' dir='ltr' id='par_1_31' title="bbox 209 3161 1783 3241">
     <span class='ocr_line' id='line_1_31' title="bbox 209 3161 1783 3241; baseline 0.017 -33"><span class='ocrx_word' id='word_1_256' title='bbox 209 3166 307 3209; x_wconf 86' lang='lat' dir='ltr'><strong>tem</strong></span> <span class='ocrx_word' id='word_1_257' title='bbox 336 3161 675 3215; x_wconf 68' lang='lat' dir='ltr'><strong>demou~trat</strong></span> <span class='ocrx_word' id='word_1_258' title='bbox 701 3163 723 3215; x_wconf 87' lang='lat'><strong>?</strong></span> <span class='ocrx_word' id='word_1_259' title='bbox 749 3165 877 3231; x_wconf 88' lang='lat' dir='ltr'><strong>Quia</strong></span> <span class='ocrx_word' id='word_1_260' title='bbox 907 3165 1007 3220; x_wconf 86' lang='lat' dir='ltr'><strong>llOC</strong></span> <span class='ocrx_word' id='word_1_261' title='bbox 1035 3171 1309 3239; x_wconf 68' lang='lat' dir='ltr'><strong>Sapientia:</strong></span> <span class='ocrx_word' id='word_1_262' title='bbox 1333 3188 1441 3229; x_wconf 69' lang='lat' dir='ltr'><strong>sua:</strong></span> <span class='ocrx_word' id='word_1_263' title='bbox 1472 3186 1572 3241; x_wconf 88' lang='lat' dir='ltr'><strong>est,</strong></span> <span class='ocrx_word' id='word_1_264' title='bbox 1607 3179 1783 3235; x_wconf 83' lang='lat' dir='ltr'><strong>verbis</strong></span> 
     </span>
    </p>
   </div>
   <div class='ocr_carea' id='block_1_32' title="bbox 209 3245 1782 3335">
    <p class='ocr_par' dir='ltr' id='par_1_32' title="bbox 209 3245 1782 3335">
     <span class='ocr_line' id='line_1_32' title="bbox 209 3245 1782 3335; baseline 0.015 -35"><span class='ocrx_word' id='word_1_265' title='bbox 209 3245 597 3317; x_wconf 72' lang='lat' dir='ltr'><strong>humilitatem,</strong></span> <span class='ocrx_word' id='word_1_266' title='bbox 650 3256 897 3321; x_wconf 86' lang='lat' dir='ltr'><strong>operibus</strong></span> <span class='ocrx_word' id='word_1_267' title='bbox 947 3263 1232 3325; x_wconf 86' lang='lat' dir='ltr'><strong>potentiam</strong></span> <span class='ocrx_word' id='word_1_268' title='bbox 1283 3266 1587 3321; x_wconf 82' lang='lat' dir='ltr'><strong>ostendere.</strong></span> <span class='ocrx_word' id='word_1_269' title='bbox 1649 3268 1782 3335; x_wconf 82' lang='lat' dir='ltr'><strong>Quia</strong></span> 
     </span>
    </p>
   </div>
   <div class='ocr_carea' id='block_1_33' title="bbox 214 3340 1781 3427">
    <p class='ocr_par' dir='ltr' id='par_1_33' title="bbox 214 3340 1781 3427">
     <span class='ocr_line' id='line_1_33' title="bbox 214 3340 1781 3427; baseline 0.015 -37"><span class='ocrx_word' id='word_1_270' title='bbox 214 3340 347 3392; x_wconf 89' lang='lat' dir='ltr'><strong>enim</strong></span> <span class='ocrx_word' id='word_1_271' title='bbox 371 3342 516 3395; x_wconf 87' lang='lat' dir='ltr'><strong>nulla</strong></span> <span class='ocrx_word' id='word_1_272' title='bbox 546 3343 645 3397; x_wconf 89' lang='lat' dir='ltr'><strong>alia</strong></span> <span class='ocrx_word' id='word_1_273' title='bbox 678 3345 742 3398; x_wconf 90' lang='lat' dir='ltr'><strong>de</strong></span> <span class='ocrx_word' id='word_1_274' title='bbox 774 3361 829 3400; x_wconf 90' lang='lat' dir='ltr'><strong>re</strong></span> <span class='ocrx_word' id='word_1_275' title='bbox 861 3357 1103 3416; x_wconf 74' lang='lat' dir='ltr'><strong>poterant</strong></span> <span class='ocrx_word' id='word_1_276' title='bbox 1136 3352 1281 3405; x_wconf 91' lang='lat' dir='ltr'><strong>illum</strong></span> <span class='ocrx_word' id='word_1_277' title='bbox 1318 3368 1593 3424; x_wconf 90' lang='lat' dir='ltr'><strong>accusare,</strong></span> <span class='ocrx_word' id='word_1_278' title='bbox 1622 3373 1781 3427; x_wconf 87' lang='lat' dir='ltr'><strong>quam</strong></span> 
     </span>
    </p>
   </div>
   <div class='ocr_carea' id='block_1_34' title="bbox 209 3430 1781 3516">
    <p class='ocr_par' dir='ltr' id='par_1_34' title="bbox 209 3430 1781 3516">
     <span class='ocr_line' id='line_1_34' title="bbox 209 3430 1781 3516; baseline 0.014 -34"><span class='ocrx_word' id='word_1_279' title='bbox 209 3430 343 3499; x_wconf 88' lang='lat' dir='ltr'><strong>quod</strong></span> <span class='ocrx_word' id='word_1_280' title='bbox 375 3448 480 3485; x_wconf 88' lang='lat' dir='ltr'><strong>non</strong></span> <span class='ocrx_word' id='word_1_281' title='bbox 514 3444 656 3488; x_wconf 88' lang='lat' dir='ltr'><strong>esset</strong></span> <span class='ocrx_word' id='word_1_282' title='bbox 681 3452 747 3489; x_wconf 81' lang='lat' dir='ltr'><strong>ex</strong></span> <span class='ocrx_word' id='word_1_283' title='bbox 781 3437 889 3490; x_wconf 78' lang='lat' dir='ltr'><strong>Deo</strong></span> <span class='ocrx_word' id='word_1_284' title='bbox 910 3479 923 3503; x_wconf 96' lang='lat'><strong>,</strong></span> <span class='ocrx_word' id='word_1_285' title='bbox 948 3449 999 3493; x_wconf 87' lang='lat' dir='ltr'><strong>et</strong></span> <span class='ocrx_word' id='word_1_286' title='bbox 1027 3441 1101 3494; x_wconf 89' lang='lat' dir='ltr'><strong>sic</strong></span> <span class='ocrx_word' id='word_1_287' title='bbox 1132 3442 1517 3499; x_wconf 87' lang='lat' dir='ltr'><strong>multitudinem</strong></span> <span class='ocrx_word' id='word_1_288' title='bbox 1545 3446 1781 3516; x_wconf 88' lang='lat' dir='ltr'><strong>decipie-</strong></span> 
     </span>
    </p>
   </div>
   <div class='ocr_carea' id='block_1_35' title="bbox 210 3520 1779 3605">
    <p class='ocr_par' dir='ltr' id='par_1_35' title="bbox 210 3520 1779 3605">
     <span class='ocr_line' id='line_1_35' title="bbox 210 3520 1779 3605; baseline 0.013 -34"><span class='ocrx_word' id='word_1_289' title='bbox 210 3520 365 3587; x_wconf 85' lang='lat' dir='ltr'><strong>bant;</strong></span> <span class='ocrx_word' id='word_1_290' title='bbox 411 3522 532 3576; x_wconf 89' lang='lat' dir='ltr'><strong>ideo</strong></span> <span class='ocrx_word' id='word_1_291' title='bbox 563 3538 627 3579; x_wconf 77' lang='lat' dir='ltr'><strong>ex</strong></span> <span class='ocrx_word' id='word_1_292' title='bbox 673 3526 959 3582; x_wconf 88' lang='lat' dir='ltr'><strong>abundanti</strong></span> <span class='ocrx_word' id='word_1_293' title='bbox 1005 3529 1132 3583; x_wconf 90' lang='lat' dir='ltr'><strong>illud</strong></span> <span class='ocrx_word' id='word_1_294' title='bbox 1164 3533 1338 3586; x_wconf 82' lang='lat' dir='ltr'><strong>verbis</strong></span> <span class='ocrx_word' id='word_1_295' title='bbox 1378 3536 1488 3590; x_wconf 89' lang='lat' dir='ltr'><strong>suis</strong></span> <span class='ocrx_word' id='word_1_296' title='bbox 1518 3538 1779 3605; x_wconf 87' lang='lat' dir='ltr'><strong>ostendit,</strong></span> 
     </span>
    </p>
   </div>
   <div class='ocr_carea' id='block_1_36' title="bbox 206 3613 1781 3692">
    <p class='ocr_par' dir='ltr' id='par_1_36' title="bbox 206 3613 1781 3692">
     <span class='ocr_line' id='line_1_36' title="bbox 206 3613 1781 3692; baseline 0.015 -29"><span class='ocrx_word' id='word_1_297' title='bbox 206 3624 265 3663; x_wconf 88' lang='lat' dir='ltr'><strong>eo</strong></span> <span class='ocrx_word' id='word_1_298' title='bbox 302 3627 407 3681; x_wconf 89' lang='lat' dir='ltr'><strong>quo</strong></span> <span class='ocrx_word' id='word_1_299' title='bbox 454 3613 733 3669; x_wconf 82' lang='lat' dir='ltr'><strong>inﬁrmitas</strong></span> <span class='ocrx_word' id='word_1_300' title='bbox 780 3617 988 3672; x_wconf 92' lang='lat' dir='ltr'><strong>illorum</strong></span> <span class='ocrx_word' id='word_1_301' title='bbox 1033 3622 1274 3692; x_wconf 76' lang='lat' dir='ltr'><strong>exigebat</strong></span> <span class='ocrx_word' id='word_1_302' title='bbox 1324 3628 1506 3685; x_wconf 89' lang='lat' dir='ltr'><strong>modo.</strong></span> <span class='ocrx_word' id='word_1_303' title='bbox 1562 3629 1781 3685; x_wconf 82' lang='lat' dir='ltr'><strong>Poterat</strong></span> 
     </span>
    </p>
   </div>
   <div class='ocr_carea' id='block_1_37' title="bbox 206 3702 1781 3777">
    <p class='ocr_par' dir='ltr' id='par_1_37' title="bbox 206 3702 1781 3777">
     <span class='ocr_line' id='line_1_37' title="bbox 206 3702 1781 3777; baseline 0.015 -22"><span class='ocrx_word' id='word_1_304' title='bbox 206 3702 339 3755; x_wconf 80' lang='lat' dir='ltr'><strong>e.:im</strong></span> <span class='ocrx_word' id='word_1_305' title='bbox 384 3704 491 3758; x_wconf 88' lang='lat' dir='ltr'><strong>alio</strong></span> <span class='ocrx_word' id='word_1_306' title='bbox 530 3705 689 3759; x_wconf 90' lang='lat' dir='ltr'><strong>modo</strong></span> <span class='ocrx_word' id='word_1_307' title='bbox 716 3710 1055 3764; x_wconf 80' lang='lat' dir='ltr'><strong>concordiam</strong></span> <span class='ocrx_word' id='word_1_308' title='bbox 1096 3714 1383 3771; x_wconf 86' lang='lat' dir='ltr'><strong>ostendere</strong></span> <span class='ocrx_word' id='word_1_309' title='bbox 1420 3734 1521 3773; x_wconf 88' lang='lat' dir='ltr'><strong>una</strong></span> <span class='ocrx_word' id='word_1_310' title='bbox 1550 3734 1670 3775; x_wconf 90' lang='lat' dir='ltr'><strong>cum</strong></span> <span class='ocrx_word' id='word_1_311' title='bbox 1698 3722 1781 3777; x_wconf 53' lang='lat' dir='ltr'><strong>di.</strong></span> 
     </span>
    </p>
   </div>
   <div class='ocr_carea' id='block_1_38' title="bbox 207 3795 1779 3882">
    <p class='ocr_par' dir='ltr' id='par_1_38' title="bbox 207 3795 1779 3882">
     <span class='ocr_line' id='line_1_38' title="bbox 207 3795 1779 3882; baseline 0.017 -38"><span class='ocrx_word' id='word_1_312' title='bbox 207 3795 396 3859; x_wconf 82' lang='lat' dir='ltr'><strong>gnitate</strong></span> <span class='ocrx_word' id='word_1_313' title='bbox 446 3813 542 3852; x_wconf 85' lang='lat' dir='ltr'><strong>sua</strong></span> <span class='ocrx_word' id='word_1_314' title='bbox 574 3815 588 3862; x_wconf 91' lang='lat'><strong>;</strong></span> <span class='ocrx_word' id='word_1_315' title='bbox 625 3801 717 3853; x_wconf 90' lang='lat' dir='ltr'><strong>sed</strong></span> <span class='ocrx_word' id='word_1_316' title='bbox 766 3816 831 3856; x_wconf 92' lang='lat' dir='ltr'><strong>eo</strong></span> <span class='ocrx_word' id='word_1_317' title='bbox 883 3803 1033 3857; x_wconf 87' lang='lat' dir='ltr'><strong>turba</strong></span> <span class='ocrx_word' id='word_1_318' title='bbox 1087 3808 1366 3873; x_wconf 77' lang='lat' dir='ltr'><strong>pervenire</strong></span> <span class='ocrx_word' id='word_1_319' title='bbox 1410 3825 1515 3865; x_wconf 92' lang='lat' dir='ltr'><strong>non</strong></span> <span class='ocrx_word' id='word_1_320' title='bbox 1549 3823 1779 3882; x_wconf 88' lang='lat' dir='ltr'><strong>poterat.</strong></span> 
     </span>
    </p>
   </div>
   <div class='ocr_carea' id='block_1_39' title="bbox 209 3885 1779 3973">
    <p class='ocr_par' dir='ltr' id='par_1_39' title="bbox 209 3885 1779 3973">
     <span class='ocr_line' id='line_1_39' title="bbox 209 3885 1779 3973; baseline 0.019 -37"><span class='ocrx_word' id='word_1_321' title='bbox 209 3885 358 3952; x_wconf 71' lang='lat' dir='ltr'><strong>Dixit,</strong></span> <span class='ocrx_word' id='word_1_322' title='bbox 392 3890 483 3944; x_wconf 77' lang='grc'><strong>43.</strong></span> <span class='ocrx_word' id='word_1_323' title='bbox 520 3889 730 3958; x_wconf 72' lang='grc' dir='ltr'><strong>ιαωνε,</strong></span> <span class='ocrx_word' id='word_1_324' title='bbox 755 3896 865 3947; x_wconf 81' lang='lat' dir='ltr'><strong>veni</strong></span> <span class='ocrx_word' id='word_1_325' title='bbox 904 3900 1058 3966; x_wconf 84' lang='lat' dir='ltr'><strong>foras.</strong></span> <span class='ocrx_word' id='word_1_326' title='bbox 1091 3899 1202 3954; x_wconf 83' lang='lat' dir='ltr'><strong>Hoc</strong></span> <span class='ocrx_word' id='word_1_327' title='bbox 1230 3913 1329 3967; x_wconf 81' lang='lat' dir='ltr'><strong>est,</strong></span> <span class='ocrx_word' id='word_1_328' title='bbox 1359 3904 1497 3973; x_wconf 91' lang='lat' dir='ltr'><strong>quod</strong></span> <span class='ocrx_word' id='word_1_329' title='bbox 1527 3906 1737 3964; x_wconf 81' lang='lat' dir='ltr'><strong>dixerat</strong></span> <span class='ocrx_word' id='word_1_330' title='bbox 1764 3928 1779 3966; x_wconf 86' lang='lat'><strong>:</strong></span> 
     </span>
    </p>
   </div>
   <div class='ocr_carea' id='block_1_40' title="bbox 215 3976 1783 4067">
    <p class='ocr_par' dir='ltr' id='par_1_40' title="bbox 215 3976 1783 4067">
     <span class='ocr_line' id='line_1_40' title="bbox 215 3976 1783 4067; baseline 0.017 -39"><span class='ocrx_word' id='word_1_331' title='bbox 215 3976 352 4033; x_wconf 77' lang='lat' dir='ltr'><strong>l’enit</strong></span> <span class='ocrx_word' id='word_1_332' title='bbox 386 3984 538 4048; x_wconf 81' lang='lat' dir='ltr'><strong>hora,</strong></span> <span class='ocrx_word' id='word_1_333' title='bbox 569 3987 769 4053; x_wconf 80' lang='lat' dir='ltr'><strong>quando</strong></span> <span class='ocrx_word' id='word_1_334' title='bbox 797 3990 981 4041; x_wconf 83' lang='lat' dir='ltr'><strong>mortui</strong></span> <span class='ocrx_word' id='word_1_335' title='bbox 1011 3991 1215 4045; x_wconf 87' lang='lat' dir='ltr'><strong>audient</strong></span> <span class='ocrx_word' id='word_1_336' title='bbox 1244 4010 1407 4049; x_wconf 80' lang='lat' dir='ltr'><strong>vocent</strong></span> <span class='ocrx_word' id='word_1_337' title='bbox 1437 3995 1562 4051; x_wconf 79' lang='lat' dir='ltr'><strong>Filii</strong></span> <span class='ocrx_word' id='word_1_338' title='bbox 1590 3999 1704 4067; x_wconf 82' lang='lat' dir='ltr'><strong>Dei,</strong></span> <span class='ocrx_word' id='word_1_339' title='bbox 1738 4012 1783 4056; x_wconf 88' lang='lat' dir='ltr'><strong>et</strong></span> 
     </span>
    </p>
   </div>
   <div class='ocr_carea' id='block_1_41' title="bbox 205 4074 1865 4158">
    <p class='ocr_par' dir='ltr' id='par_1_41' title="bbox 205 4074 1865 4158">
     <span class='ocr_line' id='line_1_41' title="bbox 205 4074 1865 4158; baseline 0.014 -33"><span class='ocrx_word' id='word_1_340' title='bbox 205 4074 284 4139; x_wconf 81' lang='lat' dir='ltr'><strong>qui</strong></span> <span class='ocrx_word' id='word_1_341' title='bbox 328 4076 623 4141; x_wconf 83' lang='lat' dir='ltr'><strong>audierint,</strong></span> <span class='ocrx_word' id='word_1_342' title='bbox 672 4080 828 4133; x_wconf 80' lang='lat' dir='ltr'><strong>vivent</strong></span> <span class='ocrx_word' id='word_1_343' title='bbox 855 4079 1045 4153; x_wconf 87' lang='lat' dir='ltr'><strong>(Joan.</strong></span> <span class='ocrx_word' id='word_1_344' title='bbox 1076 4085 1129 4138; x_wconf 85' lang='lat'><strong>5.</strong></span> <span class='ocrx_word' id='word_1_345' title='bbox 1171 4085 1302 4155; x_wconf 71' lang='grc'><strong>28).</strong></span> <span class='ocrx_word' id='word_1_346' title='bbox 1333 4087 1411 4143; x_wconf 86' lang='lat' dir='ltr'><strong>Ne</strong></span> <span class='ocrx_word' id='word_1_347' title='bbox 1448 4100 1597 4158; x_wconf 86' lang='lat' dir='ltr'><strong>putes</strong></span> <span class='ocrx_word' id='word_1_348' title='bbox 1641 4094 1781 4147; x_wconf 88' lang='lat' dir='ltr'><strong>enim</strong></span> <span class='ocrx_word' id='word_1_349' title='bbox 1864 4140 1865 4143; x_wconf 53' lang='grc' dir='ltr'><strong>η</strong></span> 
     </span>
    </p>
   </div>
   <div class='ocr_carea' id='block_1_42' title="bbox 209 4164 1783 4252">
    <p class='ocr_par' dir='ltr' id='par_1_42' title="bbox 209 4164 1783 4252">
     <span class='ocr_line' id='line_1_42' title="bbox 209 4164 1783 4252; baseline 0.015 -35"><span class='ocrx_word' id='word_1_350' title='bbox 209 4164 348 4220; x_wconf 89' lang='lat' dir='ltr'><strong>illum</strong></span> <span class='ocrx_word' id='word_1_351' title='bbox 379 4169 449 4222; x_wconf 88' lang='lat' dir='ltr'><strong>ab</strong></span> <span class='ocrx_word' id='word_1_352' title='bbox 473 4169 648 4224; x_wconf 89' lang='lat' dir='ltr'><strong>altero</strong></span> <span class='ocrx_word' id='word_1_353' title='bbox 682 4173 926 4227; x_wconf 75' lang='lat' dir='ltr'><strong>virtutem</strong></span> <span class='ocrx_word' id='word_1_354' title='bbox 973 4177 1265 4244; x_wconf 75' lang='lat' dir='ltr'><strong>accepisse,</strong></span> <span class='ocrx_word' id='word_1_355' title='bbox 1308 4181 1415 4248; x_wconf 87' lang='lat' dir='ltr'><strong>jam</strong></span> <span class='ocrx_word' id='word_1_356' title='bbox 1462 4186 1705 4252; x_wconf 88' lang='lat' dir='ltr'><strong>superius</strong></span> <span class='ocrx_word' id='word_1_357' title='bbox 1734 4196 1783 4241; x_wconf 90' lang='lat' dir='ltr'><strong>te</strong></span> 
     </span>
    </p>
   </div>
   <div class='ocr_carea' id='block_1_43' title="bbox 206 4254 1779 4345">
    <p class='ocr_par' dir='ltr' id='par_1_43' title="bbox 206 4254 1779 4345">
     <span class='ocr_line' id='line_1_43' title="bbox 206 4254 1779 4345; baseline 0.019 -42"><span class='ocrx_word' id='word_1_358' title='bbox 206 4254 398 4321; x_wconf 82' lang='lat' dir='ltr'><strong>docuit,</strong></span> <span class='ocrx_word' id='word_1_359' title='bbox 421 4270 476 4314; x_wconf 90' lang='lat' dir='ltr'><strong>et</strong></span> <span class='ocrx_word' id='word_1_360' title='bbox 506 4261 556 4313; x_wconf 91' lang='lat' dir='ltr'><strong>id</strong></span> <span class='ocrx_word' id='word_1_361' title='bbox 579 4262 828 4330; x_wconf 83' lang='lat' dir='ltr'><strong>operibus</strong></span> <span class='ocrx_word' id='word_1_362' title='bbox 854 4266 1102 4320; x_wconf 89' lang='lat' dir='ltr'><strong>ostendit.</strong></span> <span class='ocrx_word' id='word_1_363' title='bbox 1119 4266 1231 4321; x_wconf 88' lang='lat' dir='ltr'><strong>Non</strong></span> <span class='ocrx_word' id='word_1_364' title='bbox 1254 4270 1405 4334; x_wconf 60' lang='lat' dir='ltr'><strong>dixit,</strong></span> <span class='ocrx_word' id='word_1_365' title='bbox 1429 4271 1598 4343; x_wconf 87' lang='lat' dir='ltr'><strong>Surge</strong></span> <span class='ocrx_word' id='word_1_366' title='bbox 1622 4292 1636 4342; x_wconf 90' lang='lat'><strong>;</strong></span> <span class='ocrx_word' id='word_1_367' title='bbox 1666 4278 1779 4345; x_wconf 89' lang='lat' dir='ltr'><strong>sed,</strong></span> 
     </span>
    </p>
   </div>
   <div class='ocr_carea' id='block_1_44' title="bbox 218 4347 1777 4438">
    <p class='ocr_par' dir='ltr' id='par_1_44' title="bbox 218 4347 1777 4438">
     <span class='ocr_line' id='line_1_44' title="bbox 218 4347 1777 4438; baseline 0.016 -39"><span class='ocrx_word' id='word_1_368' title='bbox 218 4347 334 4403; x_wconf 83' lang='lat' dir='ltr'><strong>l&#39;eni</strong></span> <span class='ocrx_word' id='word_1_369' title='bbox 373 4351 517 4419; x_wconf 87' lang='lat' dir='ltr'><strong>foras</strong></span> <span class='ocrx_word' id='word_1_370' title='bbox 537 4394 550 4417; x_wconf 93' lang='lat'><strong>,</strong></span> <span class='ocrx_word' id='word_1_371' title='bbox 580 4366 845 4410; x_wconf 89' lang='lat' dir='ltr'><strong>mortuum</strong></span> <span class='ocrx_word' id='word_1_372' title='bbox 879 4368 1144 4430; x_wconf 84' lang='lat' dir='ltr'><strong>tamquam</strong></span> <span class='ocrx_word' id='word_1_373' title='bbox 1185 4364 1448 4419; x_wconf 89' lang='lat' dir='ltr'><strong>viventem</strong></span> <span class='ocrx_word' id='word_1_374' title='bbox 1478 4367 1777 4438; x_wconf 83' lang='lat' dir='ltr'><strong>alloquens.</strong></span> 
     </span>
    </p>
   </div>
   <div class='ocr_carea' id='block_1_45' title="bbox 273 4442 1780 4526">
    <p class='ocr_par' dir='ltr' id='par_1_45' title="bbox 273 4442 1780 4526">
     <span class='ocr_line' id='line_1_45' title="bbox 273 4442 1780 4526; baseline 0.013 -29"><span class='ocrx_word' id='word_1_375' title='bbox 273 4443 325 4497; x_wconf 77' lang='lat'><strong>5.</strong></span> <span class='ocrx_word' id='word_1_376' title='bbox 365 4442 505 4511; x_wconf 83' lang='lat' dir='ltr'><strong>Quid</strong></span> <span class='ocrx_word' id='word_1_377' title='bbox 557 4444 680 4501; x_wconf 85' lang='lat' dir='ltr'><strong>huic</strong></span> <span class='ocrx_word' id='word_1_378' title='bbox 729 4452 974 4516; x_wconf 82' lang='lat' dir='ltr'><strong>potestati</strong></span> <span class='ocrx_word' id='word_1_379' title='bbox 1024 4468 1118 4520; x_wconf 89' lang='lat' dir='ltr'><strong>par</strong></span> <span class='ocrx_word' id='word_1_380' title='bbox 1166 4452 1552 4526; x_wconf 74' lang='lat' dir='ltr'><strong>fueritYQuod</strong></span> <span class='ocrx_word' id='word_1_381' title='bbox 1583 4461 1625 4513; x_wconf 87' lang='lat' dir='ltr'><strong>si</strong></span> <span class='ocrx_word' id='word_1_382' title='bbox 1678 4478 1780 4515; x_wconf 92' lang='lat' dir='ltr'><strong>non</strong></span> 
     </span>
    </p>
   </div>
   <div class='ocr_carea' id='block_1_46' title="bbox 210 4536 1781 4620">
    <p class='ocr_par' dir='ltr' id='par_1_46' title="bbox 210 4536 1781 4620">
     <span class='ocr_line' id='line_1_46' title="bbox 210 4536 1781 4620; baseline 0.015 -38"><span class='ocrx_word' id='word_1_383' title='bbox 210 4536 413 4603; x_wconf 84' lang='lat' dir='ltr'><strong>propria</strong></span> <span class='ocrx_word' id='word_1_384' title='bbox 465 4537 662 4593; x_wconf 86' lang='lat' dir='ltr'><strong>virtute</strong></span> <span class='ocrx_word' id='word_1_385' title='bbox 712 4539 811 4593; x_wconf 86' lang='lat' dir='ltr'><strong>hoc</strong></span> <span class='ocrx_word' id='word_1_386' title='bbox 858 4540 1001 4604; x_wconf 85' lang='lat' dir='ltr'><strong>fecit,</strong></span> <span class='ocrx_word' id='word_1_387' title='bbox 1050 4545 1175 4611; x_wconf 91' lang='lat' dir='ltr'><strong>quid</strong></span> <span class='ocrx_word' id='word_1_388' title='bbox 1224 4546 1342 4614; x_wconf 91' lang='lat' dir='ltr'><strong>plus</strong></span> <span class='ocrx_word' id='word_1_389' title='bbox 1381 4548 1595 4604; x_wconf 79' lang='lat' dir='ltr'><strong>habebit</strong></span> <span class='ocrx_word' id='word_1_390' title='bbox 1624 4568 1781 4620; x_wconf 89' lang='lat' dir='ltr'><strong>quam</strong></span> 
     </span>
    </p>
   </div>
   <div class='ocr_carea' id='block_1_47' title="bbox 208 4627 1782 4711">
    <p class='ocr_par' dir='ltr' id='par_1_47' title="bbox 208 4627 1782 4711">
     <span class='ocr_line' id='line_1_47' title="bbox 208 4627 1782 4711; baseline 0.015 -36"><span class='ocrx_word' id='word_1_391' title='bbox 208 4627 447 4694; x_wconf 75' lang='lat' dir='ltr'><strong>apostoli,</strong></span> <span class='ocrx_word' id='word_1_392' title='bbox 481 4628 572 4696; x_wconf 88' lang='lat' dir='ltr'><strong>qui</strong></span> <span class='ocrx_word' id='word_1_393' title='bbox 615 4630 796 4683; x_wconf 90' lang='lat' dir='ltr'><strong>dicunt</strong></span> <span class='ocrx_word' id='word_1_394' title='bbox 830 4649 843 4683; x_wconf 86' lang='lat'><strong>:</strong></span> <span class='ocrx_word' id='word_1_395' title='bbox 880 4634 1012 4696; x_wconf 82' lang='lat' dir='ltr'><strong>Quid</strong></span> <span class='ocrx_word' id='word_1_396' title='bbox 1052 4636 1193 4689; x_wconf 83' lang='lat' dir='ltr'><strong>nobis</strong></span> <span class='ocrx_word' id='word_1_397' title='bbox 1222 4640 1494 4703; x_wconf 82' lang='lat' dir='ltr'><strong>uttemlitis,</strong></span> <span class='ocrx_word' id='word_1_398' title='bbox 1530 4652 1782 4711; x_wconf 86' lang='lat' dir='ltr'><strong>tamquam</strong></span> 
     </span>
    </p>
   </div>
   <div class='ocr_carea' id='block_1_48' title="bbox 208 4719 1784 4793">
    <p class='ocr_par' dir='ltr' id='par_1_48' title="bbox 208 4719 1784 4793">
     <span class='ocr_line' id='line_1_48' title="bbox 208 4719 1784 4793; baseline 0.016 -27"><span class='ocrx_word' id='word_1_399' title='bbox 208 4719 406 4786; x_wconf 82' lang='lat' dir='ltr'><strong>prOpria</strong></span> <span class='ocrx_word' id='word_1_400' title='bbox 449 4720 630 4772; x_wconf 79' lang='lat' dir='ltr'><strong>virtute</strong></span> <span class='ocrx_word' id='word_1_401' title='bbox 672 4732 758 4773; x_wconf 86' lang='lat' dir='ltr'><strong>aut</strong></span> <span class='ocrx_word' id='word_1_402' title='bbox 808 4724 995 4793; x_wconf 85' lang='lat' dir='ltr'><strong>pietate</strong></span> <span class='ocrx_word' id='word_1_403' title='bbox 1038 4727 1304 4793; x_wconf 76' lang='lat' dir='ltr'><strong>fecerimus</strong></span> <span class='ocrx_word' id='word_1_404' title='bbox 1347 4730 1478 4784; x_wconf 83' lang='lat' dir='ltr'><strong>hunc</strong></span> <span class='ocrx_word' id='word_1_405' title='bbox 1522 4736 1784 4791; x_wconf 81' lang='lat' dir='ltr'><strong>ambulare</strong></span> 
     </span>
    </p>
   </div>
   <div class='ocr_carea' id='block_1_49' title="bbox 208 4806 1778 4891">
    <p class='ocr_par' dir='ltr' id='par_1_49' title="bbox 208 4806 1778 4891">
     <span class='ocr_line' id='line_1_49' title="bbox 208 4806 1778 4891; baseline 0.015 -34"><span class='ocrx_word' id='word_1_406' title='bbox 208 4806 333 4874; x_wconf 70' lang='lat' dir='ltr'><strong>(Act.</strong></span> <span class='ocrx_word' id='word_1_407' title='bbox 365 4810 414 4862; x_wconf 71' lang='grc' dir='ltr'><strong>ἶ».</strong></span> <span class='ocrx_word' id='word_1_408' title='bbox 446 4808 537 4880; x_wconf 73' lang='grc'><strong>12)</strong></span> <span class='ocrx_word' id='word_1_409' title='bbox 566 4811 589 4862; x_wconf 88' lang='lat'><strong>?</strong></span> <span class='ocrx_word' id='word_1_410' title='bbox 618 4810 747 4865; x_wconf 85' lang='lat' dir='ltr'><strong>Nam</strong></span> <span class='ocrx_word' id='word_1_411' title='bbox 799 4816 840 4867; x_wconf 91' lang='lat' dir='ltr'><strong>si</strong></span> <span class='ocrx_word' id='word_1_412' title='bbox 890 4832 991 4867; x_wconf 89' lang='lat' dir='ltr'><strong>non</strong></span> <span class='ocrx_word' id='word_1_413' title='bbox 1039 4820 1245 4885; x_wconf 90' lang='lat' dir='ltr'><strong>propria</strong></span> <span class='ocrx_word' id='word_1_414' title='bbox 1296 4820 1487 4876; x_wconf 89' lang='lat' dir='ltr'><strong>virtute</strong></span> <span class='ocrx_word' id='word_1_415' title='bbox 1534 4824 1778 4891; x_wconf 81' lang='lat' dir='ltr'><strong>faciebat,</strong></span> 
     </span>
    </p>
   </div>
   <div class='ocr_carea' id='block_1_50' title="bbox 208 4900 1781 4974">
    <p class='ocr_par' dir='ltr' id='par_1_50' title="bbox 208 4900 1781 4974">
     <span class='ocr_line' id='line_1_50' title="bbox 208 4900 1781 4974; baseline 0.017 -28"><span class='ocrx_word' id='word_1_416' title='bbox 208 4910 298 4950; x_wconf 88' lang='lat' dir='ltr'><strong>cur</strong></span> <span class='ocrx_word' id='word_1_417' title='bbox 327 4913 431 4950; x_wconf 86' lang='lat' dir='ltr'><strong>non</strong></span> <span class='ocrx_word' id='word_1_418' title='bbox 462 4900 657 4969; x_wconf 73' lang='lat' dir='ltr'><strong>adjecit</strong></span> <span class='ocrx_word' id='word_1_419' title='bbox 690 4903 737 4955; x_wconf 89' lang='lat' dir='ltr'><strong>id</strong></span> <span class='ocrx_word' id='word_1_420' title='bbox 772 4904 909 4971; x_wconf 80' lang='lat' dir='ltr'><strong>quod</strong></span> <span class='ocrx_word' id='word_1_421' title='bbox 942 4908 1165 4972; x_wconf 87' lang='lat' dir='ltr'><strong>apostoli</strong></span> <span class='ocrx_word' id='word_1_422' title='bbox 1206 4910 1269 4962; x_wconf 86' lang='lat' dir='ltr'><strong>de</strong></span> <span class='ocrx_word' id='word_1_423' title='bbox 1296 4926 1353 4964; x_wconf 85' lang='lat' dir='ltr'><strong>sc</strong></span> <span class='ocrx_word' id='word_1_424' title='bbox 1378 4912 1625 4969; x_wconf 84' lang='lat' dir='ltr'><strong>dicebant</strong></span> <span class='ocrx_word' id='word_1_425' title='bbox 1654 4919 1676 4969; x_wconf 85' lang='lat'><strong>?</strong></span> <span class='ocrx_word' id='word_1_426' title='bbox 1712 4920 1781 4974; x_wconf 90' lang='lat' dir='ltr'><strong>lla</strong></span> 
     </span>
    </p>
   </div>
   <div class='ocr_carea' id='block_1_51' title="bbox 208 4989 1780 5065">
    <p class='ocr_par' dir='ltr' id='par_1_51' title="bbox 208 4989 1780 5065">
     <span class='ocr_line' id='line_1_51' title="bbox 208 4989 1780 5065; baseline 0.015 -26"><span class='ocrx_word' id='word_1_427' title='bbox 208 4997 346 5042; x_wconf 83' lang='lat' dir='ltr'><strong>certe</strong></span> <span class='ocrx_word' id='word_1_428' title='bbox 387 4989 462 5044; x_wconf 90' lang='lat' dir='ltr'><strong>illi</strong></span> <span class='ocrx_word' id='word_1_429' title='bbox 514 4992 771 5059; x_wconf 83' lang='lat' dir='ltr'><strong>majorem</strong></span> <span class='ocrx_word' id='word_1_430' title='bbox 815 4994 1203 5065; x_wconf 84' lang='lat' dir='ltr'><strong>philosophiam</strong></span> <span class='ocrx_word' id='word_1_431' title='bbox 1248 5010 1301 5053; x_wconf 87' lang='lat' dir='ltr'><strong>et</strong></span> <span class='ocrx_word' id='word_1_432' title='bbox 1331 5005 1573 5059; x_wconf 85' lang='lat' dir='ltr'><strong>virtutem</strong></span> <span class='ocrx_word' id='word_1_433' title='bbox 1623 5024 1780 5063; x_wconf 79' lang='lat' dir='ltr'><strong>exer-</strong></span> 
     </span>
    </p>
   </div>
   <div class='ocr_carea' id='block_1_52' title="bbox 208 5079 1783 5165">
    <p class='ocr_par' dir='ltr' id='par_1_52' title="bbox 208 5079 1783 5165">
     <span class='ocr_line' id='line_1_52' title="bbox 208 5079 1783 5165; baseline 0.015 -36"><span class='ocrx_word' id='word_1_434' title='bbox 208 5079 427 5143; x_wconf 86' lang='lat' dir='ltr'><strong>cuerint,</strong></span> <span class='ocrx_word' id='word_1_435' title='bbox 458 5082 547 5149; x_wconf 88' lang='lat' dir='ltr'><strong>qui</strong></span> <span class='ocrx_word' id='word_1_436' title='bbox 575 5082 794 5150; x_wconf 76' lang='lat' dir='ltr'><strong>gloriam</strong></span> <span class='ocrx_word' id='word_1_437' title='bbox 830 5087 1205 5154; x_wconf 80' lang='lat' dir='ltr'><strong>prOpulsarint.</strong></span> <span class='ocrx_word' id='word_1_438' title='bbox 1234 5091 1298 5145; x_wconf 86' lang='lat' dir='ltr'><strong>Et</strong></span> <span class='ocrx_word' id='word_1_439' title='bbox 1319 5094 1466 5159; x_wconf 83' lang='lat' dir='ltr'><strong>alibi,</strong></span> <span class='ocrx_word' id='word_1_440' title='bbox 1504 5095 1628 5161; x_wconf 81' lang='lat' dir='ltr'><strong>l’iri,</strong></span> <span class='ocrx_word' id='word_1_441' title='bbox 1662 5103 1783 5165; x_wconf 87' lang='lat' dir='ltr'><strong>quid</strong></span> 
     </span>
    </p>
   </div>
   <div class='ocr_carea' id='block_1_53' title="bbox 211 5168 1778 5259">
    <p class='ocr_par' dir='ltr' id='par_1_53' title="bbox 211 5168 1778 5259">
     <span class='ocr_line' id='line_1_53' title="bbox 211 5168 1778 5259; baseline 0.017 -40"><span class='ocrx_word' id='word_1_442' title='bbox 211 5168 309 5221; x_wconf 67' lang='lat' dir='ltr'><strong>lucc</strong></span> <span class='ocrx_word' id='word_1_443' title='bbox 328 5171 494 5240; x_wconf 70' lang='lat' dir='ltr'><strong>[tacitis</strong></span> <span class='ocrx_word' id='word_1_444' title='bbox 516 5172 543 5226; x_wconf 72' lang='lat'><strong><em>7</em></strong></span> <span class='ocrx_word' id='word_1_445' title='bbox 565 5172 770 5228; x_wconf 78' lang='lat' dir='ltr'><strong>Similes</strong></span> <span class='ocrx_word' id='word_1_446' title='bbox 789 5176 922 5229; x_wconf 73' lang='lat' dir='ltr'><strong>vobis</strong></span> <span class='ocrx_word' id='word_1_447' title='bbox 944 5179 1167 5232; x_wconf 78' lang='lat' dir='ltr'><strong>homines</strong></span> <span class='ocrx_word' id='word_1_448' title='bbox 1188 5198 1357 5235; x_wconf 85' lang='lat' dir='ltr'><strong>sumus</strong></span> <span class='ocrx_word' id='word_1_449' title='bbox 1374 5183 1532 5255; x_wconf 87' lang='lat' dir='ltr'><strong>(Ibid.</strong></span> <span class='ocrx_word' id='word_1_450' title='bbox 1560 5189 1644 5243; x_wconf 87' lang='grc'><strong>14.</strong></span> <span class='ocrx_word' id='word_1_451' title='bbox 1672 5192 1778 5259; x_wconf 70' lang='grc'><strong>14).</strong></span> 
     </span>
    </p>
   </div>
   <div class='ocr_carea' id='block_1_54' title="bbox 211 5258 1781 5342">
    <p class='ocr_par' dir='ltr' id='par_1_54' title="bbox 211 5258 1781 5342">
     <span class='ocr_line' id='line_1_54' title="bbox 211 5258 1781 5342; baseline 0.017 -31"><span class='ocrx_word' id='word_1_452' title='bbox 211 5258 334 5315; x_wconf 80' lang='lat' dir='ltr'><strong>Num</strong></span> <span class='ocrx_word' id='word_1_453' title='bbox 365 5264 593 5331; x_wconf 86' lang='lat' dir='ltr'><strong>apostoli</strong></span> <span class='ocrx_word' id='word_1_454' title='bbox 638 5267 759 5334; x_wconf 87' lang='lat' dir='ltr'><strong>quia</strong></span> <span class='ocrx_word' id='word_1_455' title='bbox 787 5267 918 5323; x_wconf 90' lang='lat' dir='ltr'><strong>nihil</strong></span> <span class='ocrx_word' id='word_1_456' title='bbox 950 5284 1041 5338; x_wconf 88' lang='lat' dir='ltr'><strong>per</strong></span> <span class='ocrx_word' id='word_1_457' title='bbox 1072 5288 1130 5325; x_wconf 87' lang='lat' dir='ltr'><strong>se</strong></span> <span class='ocrx_word' id='word_1_458' title='bbox 1159 5272 1441 5342; x_wconf 84' lang='lat' dir='ltr'><strong>iaciebant,</strong></span> <span class='ocrx_word' id='word_1_459' title='bbox 1473 5278 1589 5335; x_wconf 71' lang='lat' dir='ltr'><strong>hmc</strong></span> <span class='ocrx_word' id='word_1_460' title='bbox 1628 5283 1781 5337; x_wconf 78' lang='lat' dir='ltr'><strong>dixe-</strong></span> 
     </span>
    </p>
   </div>
   <div class='ocr_carea' id='block_1_55' title="bbox 210 5355 1782 5429">
    <p class='ocr_par' dir='ltr' id='par_1_55' title="bbox 210 5355 1782 5429">
     <span class='ocr_line' id='line_1_55' title="bbox 210 5355 1782 5429; baseline 0.016 -25"><span class='ocrx_word' id='word_1_461' title='bbox 210 5362 356 5417; x_wconf 87' lang='lat' dir='ltr'><strong>runt,</strong></span> <span class='ocrx_word' id='word_1_462' title='bbox 390 5364 447 5408; x_wconf 91' lang='lat' dir='ltr'><strong>ut</strong></span> <span class='ocrx_word' id='word_1_463' title='bbox 496 5355 597 5410; x_wconf 90' lang='lat' dir='ltr'><strong>hoc</strong></span> <span class='ocrx_word' id='word_1_464' title='bbox 635 5357 804 5426; x_wconf 86' lang='lat' dir='ltr'><strong>ipsum</strong></span> <span class='ocrx_word' id='word_1_465' title='bbox 838 5360 1221 5428; x_wconf 88' lang='lat' dir='ltr'><strong>persuaderent</strong></span> <span class='ocrx_word' id='word_1_466' title='bbox 1252 5381 1265 5429; x_wconf 91' lang='lat'>;</span> <span class='ocrx_word' id='word_1_467' title='bbox 1298 5367 1383 5422; x_wconf 90' lang='lat' dir='ltr'><strong>ille</strong></span> <span class='ocrx_word' id='word_1_468' title='bbox 1418 5384 1545 5423; x_wconf 83' lang='lat' dir='ltr'><strong>vero</strong></span> <span class='ocrx_word' id='word_1_469' title='bbox 1575 5374 1616 5426; x_wconf 89' lang='lat' dir='ltr'><strong>si</strong></span> <span class='ocrx_word' id='word_1_470' title='bbox 1648 5373 1782 5429; x_wconf 68' lang='lat' dir='ltr'><strong>hunc</strong></span> 
     </span>
    </p>
   </div>
   <div class='ocr_carea' id='block_1_56' title="bbox 268 5551 1778 5632">
    <p class='ocr_par' dir='ltr' id='par_1_56' title="bbox 268 5551 1778 5632">
     <span class='ocr_line' id='line_1_56' title="bbox 268 5551 1778 5632; baseline 0.013 -32"><span class='ocrx_word' id='word_1_471' title='bbox 268 5551 281 5581; x_wconf 86' lang='grc'>¹</span> <span class='ocrx_word' id='word_1_472' title='bbox 315 5559 661 5632; x_wconf 55' lang='grc' dir='ltr'><strong>ςῳειυρνΛΜεε.</strong></span> <span class='ocrx_word' id='word_1_473' title='bbox 688 5554 873 5632; x_wconf 69' lang='lat' dir='ltr'><strong>habent</strong></span> <span class='ocrx_word' id='word_1_474' title='bbox 898 5572 968 5632; x_wconf 39' lang='grc' dir='ltr'><strong>λε</strong></span> <span class='ocrx_word' id='word_1_475' title='bbox 993 5566 1310 5632; x_wconf 41' lang='lat' dir='ltr'><strong>Quive-umque</strong></span> <span class='ocrx_word' id='word_1_476' title='bbox 1334 5564 1461 5614; x_wconf 80' lang='lat' dir='ltr'><strong>cnim</strong></span> <span class='ocrx_word' id='word_1_477' title='bbox 1485 5569 1587 5616; x_wconf 85' lang='lat' dir='ltr'><strong>t&#39;olo</strong></span> <span class='ocrx_word' id='word_1_478' title='bbox 1621 5576 1670 5619; x_wconf 87' lang='lat' dir='ltr'><strong>tu</strong></span> <span class='ocrx_word' id='word_1_479' title='bbox 1703 5572 1778 5632; x_wconf 64' lang='lat' dir='ltr'><strong>ﬂ}-</strong></span> 
     </span>
    </p>
   </div>
   <div class='ocr_carea' id='block_1_57' title="bbox 210 5611 1779 5695">
    <p class='ocr_par' dir='ltr' id='par_1_57' title="bbox 210 5611 1779 5695">
     <span class='ocr_line' id='line_1_57' title="bbox 210 5611 1779 5695; baseline 0.015 -36"><span class='ocrx_word' id='word_1_480' title='bbox 210 5612 333 5695; x_wconf 55' lang='lat' dir='ltr'><strong>(218‘s,</strong></span> <span class='ocrx_word' id='word_1_481' title='bbox 346 5611 639 5695; x_wconf 53' lang='lat' dir='ltr'><strong>inqtltitl.Qua:</strong></span> <span class='ocrx_word' id='word_1_482' title='bbox 662 5626 798 5691; x_wconf 77' lang='lat' dir='ltr'><strong>putat</strong></span> <span class='ocrx_word' id='word_1_483' title='bbox 818 5611 1019 5695; x_wconf 66' lang='grc' dir='ltr'><strong>ξω·ῃὶυέ</strong></span> <span class='ocrx_word' id='word_1_484' title='bbox 1040 5611 1779 5695; x_wconf 32' lang='lat' dir='ltr'><strong>conjungiposse&#39;cuin&#39;iiquiia:</strong></span> 
     </span>
    </p>
   </div>
   <div class='ocr_carea' id='block_1_58' title="bbox 210 5672 1779 5756">
    <p class='ocr_par' dir='ltr' id='par_1_58' title="bbox 210 5672 1779 5756">
     <span class='ocr_line' id='line_1_58' title="bbox 210 5672 1779 5756; baseline 0.016 -39"><span class='ocrx_word' id='word_1_485' title='bbox 210 5672 254 5719; x_wconf 88' lang='lat' dir='ltr'><strong>in</strong></span> <span class='ocrx_word' id='word_1_486' title='bbox 276 5672 417 5756; x_wconf 52' lang='lat' dir='ltr'><strong>textu</strong></span> <span class='ocrx_word' id='word_1_487' title='bbox 435 5672 706 5737; x_wconf 72' lang='lat' dir='ltr'><strong>habentur,</strong></span> <span class='ocrx_word' id='word_1_488' title='bbox 728 5680 828 5739; x_wconf 84' lang='lat' dir='ltr'><strong>sic,</strong></span> <span class='ocrx_word' id='word_1_489' title='bbox 858 5689 1001 5753; x_wconf 58' lang='lat' dir='ltr'><strong>«ﬁgo</strong></span> <span class='ocrx_word' id='word_1_490' title='bbox 1030 5672 1190 5756; x_wconf 59' lang='grc' dir='ltr'><em>ᾳιιζέηξ</em></span> <span class='ocrx_word' id='word_1_491' title='bbox 1210 5672 1431 5755; x_wconf 58' lang='lat' dir='ltr'><strong>{uitiaui</strong></span> 
     </span>
    </p>
   </div>
   <div class='ocr_carea' id='block_1_59' title="bbox 210 5734 1773 5808">
    <p class='ocr_par' dir='ltr' id='par_1_59' title="bbox 210 5734 1773 5808">
     <span class='ocr_line' id='line_1_59' title="bbox 210 5734 1773 5808; baseline 0.019 -31"><span class='ocrx_word' id='word_1_492' title='bbox 210 5734 436 5805; x_wconf 70' lang='lat' dir='ltr'><strong>ineundis</strong></span> <span class='ocrx_word' id='word_1_493' title='bbox 457 5748 471 5784; x_wconf 88' lang='lat'><strong>:</strong></span> <span class='ocrx_word' id='word_1_494' title='bbox 495 5734 1071 5808; x_wconf 69' lang='lat' dir='ltr'><strong>mtwcnmquerolo</strong></span> <span class='ocrx_word' id='word_1_495' title='bbox 1091 5750 1140 5793; x_wconf 85' lang='lat' dir='ltr'><strong>tu</strong></span> <span class='ocrx_word' id='word_1_496' title='bbox 1162 5734 1299 5808; x_wconf 43' lang='lat' dir='ltr'><strong>facis;</strong></span> <span class='ocrx_word' id='word_1_497' title='bbox 1320 5734 1773 5807; x_wconf 56' lang='lat' dir='ltr'><strong>s‘séd‘éiii-fiuliul</strong></span> 
     </span>
    </p>
   </div>
   <div class='ocr_carea' id='block_1_60' title="bbox 214 5798 1432 5870">
    <p class='ocr_par' dir='ltr' id='par_1_60' title="bbox 214 5798 1432 5870">
     <span class='ocr_line' id='line_1_60' title="bbox 214 5798 1432 5870; baseline 0.015 -29"><span class='ocrx_word' id='word_1_498' title='bbox 214 5798 487 5859; x_wconf 69' lang='lat' dir='ltr'><strong>scriptorum</strong></span> <span class='ocrx_word' id='word_1_499' title='bbox 512 5798 796 5853; x_wconf 74' lang='lat' dir='ltr'><strong>auctoritate</strong></span> <span class='ocrx_word' id='word_1_500' title='bbox 814 5804 929 5855; x_wconf 81' lang='lat' dir='ltr'><strong>nihil</strong></span> <span class='ocrx_word' id='word_1_501' title='bbox 947 5798 1432 5870; x_wconf 68' lang='lat' dir='ltr'><strong>jungere&#39;audcmns.</strong></span> 
     </span>
    </p>
   </div>
   <div class='ocr_carea' id='block_1_61' title="bbox 1246 380 3487 454">
    <p class='ocr_par' dir='ltr' id='par_1_61' title="bbox 1246 380 3487 454">
     <span class='ocr_line' id='line_1_61' title="bbox 1246 380 3487 454; baseline -0.006 -16"><span class='ocrx_word' id='word_1_502' title='bbox 1246 385 1309 439; x_wconf 72' lang='lat' dir='ltr'><strong>lN</strong></span> <span class='ocrx_word' id='word_1_503' title='bbox 1348 381 1656 438; x_wconf 71' lang='lat' dir='ltr'><strong>JOANNEM</strong></span> <span class='ocrx_word' id='word_1_504' title='bbox 1698 380 1927 433; x_wconf 76' lang='lat' dir='ltr'><strong>llOMlL.</strong></span> <span class='ocrx_word' id='word_1_505' title='bbox 1969 380 2150 436; x_wconf 70' lang='lat' dir='ltr'><strong>LXIV.</strong></span> <span class='ocrx_word' id='word_1_506' title='bbox 2184 384 2251 435; x_wconf 86' lang='lat' dir='ltr'><strong>al.</strong></span> <span class='ocrx_word' id='word_1_507' title='bbox 2295 384 2471 439; x_wconf 72' lang='lat' dir='ltr'><strong>LXilI.</strong></span> <span class='ocrx_word' id='word_1_508' title='bbox 3404 400 3487 454; x_wconf 62' lang='grc' dir='ltr'><strong>εδ.</strong></span> 
     </span>
    </p>
   </div>
   <div class='ocr_carea' id='block_1_62' title="bbox 1909 494 3482 567">
    <p class='ocr_par' dir='ltr' id='par_1_62' title="bbox 1909 494 3482 567">
     <span class='ocr_line' id='line_1_62' title="bbox 1909 494 3482 567; baseline 0.013 -21"><span class='ocrx_word' id='word_1_509' title='bbox 1909 494 1974 546; x_wconf 88' lang='lat' dir='ltr'><strong>de</strong></span> <span class='ocrx_word' id='word_1_510' title='bbox 2002 508 2060 547; x_wconf 87' lang='lat' dir='ltr'><strong>se</strong></span> <span class='ocrx_word' id='word_1_511' title='bbox 2102 500 2410 564; x_wconf 78' lang='lat' dir='ltr'><strong>opinionem</strong></span> <span class='ocrx_word' id='word_1_512' title='bbox 2444 500 2709 556; x_wconf 85' lang='lat' dir='ltr'><strong>habuisset</strong></span> <span class='ocrx_word' id='word_1_513' title='bbox 2736 546 2746 565; x_wconf 88' lang='lat'><strong>,</strong></span> <span class='ocrx_word' id='word_1_514' title='bbox 2772 519 2948 559; x_wconf 89' lang='lat' dir='ltr'><strong>annon</strong></span> <span class='ocrx_word' id='word_1_515' title='bbox 2981 508 3190 564; x_wconf 88' lang='lat' dir='ltr'><strong>illorum</strong></span> <span class='ocrx_word' id='word_1_516' title='bbox 3222 515 3482 567; x_wconf 58' lang='lat' dir='ltr'><strong>existima.</strong></span> 
     </span>
    </p>
   </div>
   <div class='ocr_carea' id='block_1_63' title="bbox 1912 584 3510 666">
    <p class='ocr_par' dir='ltr' id='par_1_63' title="bbox 1912 584 3510 666">
     <span class='ocr_line' id='line_1_63' title="bbox 1912 584 3510 666; baseline 0.014 -29"><span class='ocrx_word' id='word_1_517' title='bbox 1912 584 2106 639; x_wconf 85' lang='lat' dir='ltr'><strong>tionem</strong></span> <span class='ocrx_word' id='word_1_518' title='bbox 2135 591 2440 655; x_wconf 67' lang='lat' dir='ltr'><strong>alIIOVlet‘l,</strong></span> <span class='ocrx_word' id='word_1_519' title='bbox 2468 591 2564 644; x_wconf 88' lang='lat' dir='ltr'><strong>nisi</strong></span> <span class='ocrx_word' id='word_1_520' title='bbox 2594 608 2686 645; x_wconf 73' lang='lat' dir='ltr'><strong>sua</strong></span> <span class='ocrx_word' id='word_1_521' title='bbox 2709 597 3024 651; x_wconf 65' lang='lat' dir='ltr'><strong>auctoritate</strong></span> <span class='ocrx_word' id='word_1_522' title='bbox 3045 611 3298 666; x_wconf 74' lang='lat' dir='ltr'><strong>operatus</strong></span> <span class='ocrx_word' id='word_1_523' title='bbox 3321 618 3463 659; x_wconf 65' lang='lat' dir='ltr'><strong>e~svt</strong></span> <span class='ocrx_word' id='word_1_524' title='bbox 3492 608 3510 658; x_wconf 71' lang='lat'><strong>‘3</strong></span> 
     </span>
    </p>
   </div>
   <div class='ocr_carea' id='block_1_64' title="bbox 1910 677 3507 758">
    <p class='ocr_par' dir='ltr' id='par_1_64' title="bbox 1910 677 3507 758">
     <span class='ocr_line' id='line_1_64' title="bbox 1910 677 3507 758; baseline 0.015 -30"><span class='ocrx_word' id='word_1_525' title='bbox 1910 677 2091 744; x_wconf 87' lang='lat' dir='ltr'><strong>ecquis</strong></span> <span class='ocrx_word' id='word_1_526' title='bbox 2138 678 2236 730; x_wconf 88' lang='lat' dir='ltr'><strong>hoc</strong></span> <span class='ocrx_word' id='word_1_527' title='bbox 2270 680 2519 733; x_wconf 81' lang='lat' dir='ltr'><strong>dixerit?</strong></span> <span class='ocrx_word' id='word_1_528' title='bbox 2562 684 2716 751; x_wconf 88' lang='lat' dir='ltr'><strong>Atqui</strong></span> <span class='ocrx_word' id='word_1_529' title='bbox 2758 695 2940 740; x_wconf 86' lang='lat' dir='ltr'><strong>contra</strong></span> <span class='ocrx_word' id='word_1_530' title='bbox 2985 688 3217 758; x_wconf 86' lang='lat' dir='ltr'><strong>loquitur</strong></span> <span class='ocrx_word' id='word_1_531' title='bbox 3258 691 3507 751; x_wconf 79' lang='lat' dir='ltr'><strong>Cliristu~</strong></span> 
     </span>
    </p>
   </div>
   <div class='ocr_carea' id='block_1_65' title="bbox 1906 763 3496 847">
    <p class='ocr_par' dir='ltr' id='par_1_65' title="bbox 1906 763 3496 847">
     <span class='ocr_line' id='line_1_65' title="bbox 1906 763 3496 847; baseline 0.016 -30"><span class='ocrx_word' id='word_1_532' title='bbox 1906 763 2090 818; x_wconf 86' lang='lat' dir='ltr'><strong>dicens</strong></span> <span class='ocrx_word' id='word_1_533' title='bbox 2116 788 2128 822; x_wconf 87' lang='lat'><strong>:</strong></span> <span class='ocrx_word' id='word_1_534' title='bbox 2159 766 2373 837; x_wconf 82' lang='lat' dir='ltr'><strong>PrOpter</strong></span> <span class='ocrx_word' id='word_1_535' title='bbox 2393 772 2795 828; x_wconf 76' lang='lat' dir='ltr'><strong>circumstantem</strong></span> <span class='ocrx_word' id='word_1_536' title='bbox 2813 779 3007 831; x_wconf 87' lang='lat' dir='ltr'><strong>turbam</strong></span> <span class='ocrx_word' id='word_1_537' title='bbox 3032 782 3159 847; x_wconf 72' lang='lat' dir='ltr'><strong>dixi,</strong></span> <span class='ocrx_word' id='word_1_538' title='bbox 3193 796 3245 837; x_wconf 82' lang='lat' dir='ltr'><strong>ut</strong></span> <span class='ocrx_word' id='word_1_539' title='bbox 3268 788 3496 843; x_wconf 83' lang='lat' dir='ltr'><strong>credant.</strong></span> 
     </span>
    </p>
   </div>
   <div class='ocr_carea' id='block_1_66' title="bbox 1909 853 3497 944">
    <p class='ocr_par' dir='ltr' id='par_1_66' title="bbox 1909 853 3497 944">
     <span class='ocr_line' id='line_1_66' title="bbox 1909 853 3497 944; baseline 0.021 -42"><span class='ocrx_word' id='word_1_540' title='bbox 1909 853 2087 923; x_wconf 80' lang='lat' dir='ltr'><strong>Itaque</strong></span> <span class='ocrx_word' id='word_1_541' title='bbox 2137 858 2180 910; x_wconf 89' lang='lat' dir='ltr'><strong>si</strong></span> <span class='ocrx_word' id='word_1_542' title='bbox 2234 860 2623 929; x_wconf 87' lang='lat' dir='ltr'><strong>credidissent,</strong></span> <span class='ocrx_word' id='word_1_543' title='bbox 2656 880 2763 918; x_wconf 91' lang='lat' dir='ltr'><strong>non</strong></span> <span class='ocrx_word' id='word_1_544' title='bbox 2810 884 2943 937; x_wconf 89' lang='lat' dir='ltr'><strong>opus</strong></span> <span class='ocrx_word' id='word_1_545' title='bbox 2993 882 3108 927; x_wconf 89' lang='lat' dir='ltr'><strong>erat</strong></span> <span class='ocrx_word' id='word_1_546' title='bbox 3143 880 3408 944; x_wconf 84' lang='lat' dir='ltr'><strong>precibus.</strong></span> <span class='ocrx_word' id='word_1_547' title='bbox 3444 883 3497 935; x_wconf 83' lang='lat' dir='ltr'><strong>Si</strong></span> 
     </span>
    </p>
   </div>
   <div class='ocr_carea' id='block_1_67' title="bbox 1906 951 3496 1025">
    <p class='ocr_par' dir='ltr' id='par_1_67' title="bbox 1906 951 3496 1025">
     <span class='ocr_line' id='line_1_67' title="bbox 1906 951 3496 1025; baseline 0.021 -33"><span class='ocrx_word' id='word_1_548' title='bbox 1906 953 2083 997; x_wconf 89' lang='lat' dir='ltr'><strong>autem</strong></span> <span class='ocrx_word' id='word_1_549' title='bbox 2120 952 2323 1014; x_wconf 80' lang='lat' dir='ltr'><strong>precari</strong></span> <span class='ocrx_word' id='word_1_550' title='bbox 2360 951 2632 1021; x_wconf 83' lang='lat' dir='ltr'><strong>indignum</strong></span> <span class='ocrx_word' id='word_1_551' title='bbox 2666 956 2783 1023; x_wconf 88' lang='lat' dir='ltr'><strong>ipso</strong></span> <span class='ocrx_word' id='word_1_552' title='bbox 2821 976 2924 1013; x_wconf 86' lang='lat' dir='ltr'><strong>non</strong></span> <span class='ocrx_word' id='word_1_553' title='bbox 2954 973 3086 1024; x_wconf 88' lang='lat' dir='ltr'><strong>erat,</strong></span> <span class='ocrx_word' id='word_1_554' title='bbox 3117 981 3213 1019; x_wconf 89' lang='lat' dir='ltr'><strong>cor</strong></span> <span class='ocrx_word' id='word_1_555' title='bbox 3240 969 3342 1023; x_wconf 90' lang='lat' dir='ltr'><strong>illis</strong></span> <span class='ocrx_word' id='word_1_556' title='bbox 3372 990 3496 1025; x_wconf 83' lang='lat' dir='ltr'><strong>cau-</strong></span> 
     </span>
    </p>
   </div>
   <div class='ocr_carea' id='block_1_68' title="bbox 1905 1036 3495 1120">
    <p class='ocr_par' dir='ltr' id='par_1_68' title="bbox 1905 1036 3495 1120">
     <span class='ocr_line' id='line_1_68' title="bbox 1905 1036 3495 1120; baseline 0.021 -34"><span class='ocrx_word' id='word_1_557' title='bbox 1905 1048 2016 1087; x_wconf 86' lang='lat' dir='ltr'><strong>sam</strong></span> <span class='ocrx_word' id='word_1_558' title='bbox 2047 1036 2267 1105; x_wconf 90' lang='lat' dir='ltr'><strong>imputet</strong></span> <span class='ocrx_word' id='word_1_559' title='bbox 2293 1040 2317 1092; x_wconf 89' lang='lat'><strong>?</strong></span> <span class='ocrx_word' id='word_1_560' title='bbox 2340 1058 2436 1095; x_wconf 90' lang='lat' dir='ltr'><strong>cur</strong></span> <span class='ocrx_word' id='word_1_561' title='bbox 2463 1060 2568 1097; x_wconf 93' lang='lat' dir='ltr'><strong>non</strong></span> <span class='ocrx_word' id='word_1_562' title='bbox 2592 1047 2749 1113; x_wconf 80' lang='lat' dir='ltr'><strong>dixit,</strong></span> <span class='ocrx_word' id='word_1_563' title='bbox 2785 1050 2847 1104; x_wconf 91' lang='lat' dir='ltr'><strong>Ut</strong></span> <span class='ocrx_word' id='word_1_564' title='bbox 2878 1054 3097 1108; x_wconf 89' lang='lat' dir='ltr'><strong>credant</strong></span> <span class='ocrx_word' id='word_1_565' title='bbox 3125 1074 3211 1111; x_wconf 92' lang='lat' dir='ltr'><strong>me</strong></span> <span class='ocrx_word' id='word_1_566' title='bbox 3241 1076 3342 1113; x_wconf 94' lang='lat' dir='ltr'><strong>non</strong></span> <span class='ocrx_word' id='word_1_567' title='bbox 3376 1080 3495 1120; x_wconf 81' lang='lat' dir='ltr'><strong>esse</strong></span> 
     </span>
    </p>
   </div>
   <div class='ocr_carea' id='block_1_69' title="bbox 1908 1125 3492 1220">
    <p class='ocr_par' dir='ltr' id='par_1_69' title="bbox 1908 1125 3492 1220">
     <span class='ocr_line' id='line_1_69' title="bbox 1908 1125 3492 1220; baseline 0.023 -45"><span class='ocrx_word' id='word_1_568' title='bbox 1908 1125 1998 1178; x_wconf 89' lang='lat' dir='ltr'><strong>tibi</strong></span> <span class='ocrx_word' id='word_1_569' title='bbox 2049 1131 2304 1197; x_wconf 58' lang='lat' dir='ltr'><strong>arqualem</strong></span> <span class='ocrx_word' id='word_1_570' title='bbox 2338 1132 2360 1183; x_wconf 87' lang='lat'><strong>?</strong></span> <span class='ocrx_word' id='word_1_571' title='bbox 2390 1137 2671 1203; x_wconf 86' lang='lat' dir='ltr'><strong>oportebat</strong></span> <span class='ocrx_word' id='word_1_572' title='bbox 2702 1140 2843 1194; x_wconf 84' lang='lat' dir='ltr'><strong>enim</strong></span> <span class='ocrx_word' id='word_1_573' title='bbox 2886 1145 2955 1198; x_wconf 88' lang='lat' dir='ltr'><strong>ob</strong></span> <span class='ocrx_word' id='word_1_574' title='bbox 2998 1146 3143 1203; x_wconf 87' lang='lat' dir='ltr'><strong>illam</strong></span> <span class='ocrx_word' id='word_1_575' title='bbox 3185 1155 3492 1220; x_wconf 64' lang='lat' dir='ltr'><strong>opinionem</strong></span> 
     </span>
    </p>
   </div>
   <div class='ocr_carea' id='block_1_70' title="bbox 1903 1215 3491 1316">
    <p class='ocr_par' dir='ltr' id='par_1_70' title="bbox 1903 1215 3491 1316">
     <span class='ocr_line' id='line_1_70' title="bbox 1903 1215 3491 1316; baseline 0.024 -48"><span class='ocrx_word' id='word_1_576' title='bbox 1903 1215 1970 1269; x_wconf 90' lang='lat' dir='ltr'><strong>ad</strong></span> <span class='ocrx_word' id='word_1_577' title='bbox 2001 1216 2099 1272; x_wconf 92' lang='lat' dir='ltr'><strong>hoc</strong></span> <span class='ocrx_word' id='word_1_578' title='bbox 2118 1222 2319 1277; x_wconf 84' lang='lat' dir='ltr'><strong>venire.</strong></span> <span class='ocrx_word' id='word_1_579' title='bbox 2346 1224 2450 1278; x_wconf 90' lang='lat' dir='ltr'><strong>Sed</strong></span> <span class='ocrx_word' id='word_1_580' title='bbox 2482 1242 2604 1281; x_wconf 91' lang='lat' dir='ltr'><strong>cum</strong></span> <span class='ocrx_word' id='word_1_581' title='bbox 2634 1231 2799 1301; x_wconf 84' lang='lat' dir='ltr'><strong>legem</strong></span> <span class='ocrx_word' id='word_1_582' title='bbox 2824 1237 3035 1296; x_wconf 80' lang='lat' dir='ltr'><strong>solvere</strong></span> <span class='ocrx_word' id='word_1_583' title='bbox 3068 1242 3491 1316; x_wconf 71' lang='lat' dir='ltr'><strong>existimabatur,</strong></span> 
     </span>
    </p>
   </div>
   <div class='ocr_carea' id='block_1_71' title="bbox 1904 1305 3495 1404">
    <p class='ocr_par' dir='ltr' id='par_1_71' title="bbox 1904 1305 3495 1404">
     <span class='ocr_line' id='line_1_71' title="bbox 1904 1305 3495 1404; baseline 0.025 -46"><span class='ocrx_word' id='word_1_584' title='bbox 1904 1305 2008 1360; x_wconf 90' lang='lat' dir='ltr'><strong>illis</strong></span> <span class='ocrx_word' id='word_1_585' title='bbox 2053 1310 2181 1362; x_wconf 93' lang='lat' dir='ltr'><strong>nihil</strong></span> <span class='ocrx_word' id='word_1_586' title='bbox 2220 1314 2612 1379; x_wconf 80' lang='lat' dir='ltr'><strong>proferentibns</strong></span> <span class='ocrx_word' id='word_1_587' title='bbox 2657 1321 2770 1390; x_wconf 89' lang='lat' dir='ltr'><strong>ipse</strong></span> <span class='ocrx_word' id='word_1_588' title='bbox 2814 1326 3011 1382; x_wconf 90' lang='lat' dir='ltr'><strong>dictum</strong></span> <span class='ocrx_word' id='word_1_589' title='bbox 3042 1338 3348 1404; x_wconf 78' lang='lat' dir='ltr'><strong>expressit:</strong></span> <span class='ocrx_word' id='word_1_590' title='bbox 3380 1305 3495 1397; x_wconf 59' lang='lat' dir='ltr'><strong>No:</strong></span> 
     </span>
    </p>
   </div>
   <div class='ocr_carea' id='block_1_72' title="bbox 1904 1396 3491 1501">
    <p class='ocr_par' dir='ltr' id='par_1_72' title="bbox 1904 1396 3491 1501">
     <span class='ocr_line' id='line_1_72' title="bbox 1904 1396 3491 1501; baseline 0.027 -54"><span class='ocrx_word' id='word_1_591' title='bbox 1904 1396 1987 1448; x_wconf 85' lang='lat' dir='ltr'><strong>lite</strong></span> <span class='ocrx_word' id='word_1_592' title='bbox 2009 1409 2187 1466; x_wconf 87' lang='lat' dir='ltr'><strong>putare</strong></span> <span class='ocrx_word' id='word_1_593' title='bbox 2220 1404 2336 1473; x_wconf 86' lang='lat' dir='ltr'><strong>quia</strong></span> <span class='ocrx_word' id='word_1_594' title='bbox 2368 1411 2477 1459; x_wconf 86' lang='lat' dir='ltr'><strong>veni</strong></span> <span class='ocrx_word' id='word_1_595' title='bbox 2503 1410 2693 1465; x_wconf 84' lang='lat' dir='ltr'><strong>solrere</strong></span> <span class='ocrx_word' id='word_1_596' title='bbox 2716 1415 2872 1485; x_wconf 79' lang='lat' dir='ltr'><strong>legent</strong></span> <span class='ocrx_word' id='word_1_597' title='bbox 2896 1396 3186 1489; x_wconf 41' lang='lat' dir='ltr'><strong>(Hau/1:5.</strong></span> <span class='ocrx_word' id='word_1_598' title='bbox 3217 1432 3283 1483; x_wconf 84' lang='grc'><strong>17</strong></span> <span class='ocrx_word' id='word_1_599' title='bbox 3309 1434 3326 1501; x_wconf 89' lang='grc'>)</span> <span class='ocrx_word' id='word_1_600' title='bbox 3358 1452 3371 1497; x_wconf 87' lang='lat'><strong>;</strong></span> <span class='ocrx_word' id='word_1_601' title='bbox 3406 1396 3491 1490; x_wconf 88' lang='lat' dir='ltr'><strong>hic</strong></span> 
     </span>
    </p>
   </div>
   <div class='ocr_carea' id='block_1_73' title="bbox 1902 1492 3489 1588">
    <p class='ocr_par' dir='ltr' id='par_1_73' title="bbox 1902 1492 3489 1588">
     <span class='ocr_line' id='line_1_73' title="bbox 1902 1492 3489 1588; baseline 0.026 -48"><span class='ocrx_word' id='word_1_602' title='bbox 1902 1503 2029 1543; x_wconf 81' lang='lat' dir='ltr'><strong>vero</strong></span> <span class='ocrx_word' id='word_1_603' title='bbox 2054 1492 2355 1560; x_wconf 86' lang='lat' dir='ltr'><strong>opinionem</strong></span> <span class='ocrx_word' id='word_1_604' title='bbox 2385 1500 2578 1555; x_wconf 90' lang='lat' dir='ltr'><strong>lirmat.</strong></span> <span class='ocrx_word' id='word_1_605' title='bbox 2610 1502 2663 1557; x_wconf 83' lang='lat' dir='ltr'><strong>In</strong></span> <span class='ocrx_word' id='word_1_606' title='bbox 2692 1520 2918 1575; x_wconf 86' lang='lat' dir='ltr'><strong>summa,</strong></span> <span class='ocrx_word' id='word_1_607' title='bbox 2944 1515 3068 1582; x_wconf 89' lang='lat' dir='ltr'><strong>quid</strong></span> <span class='ocrx_word' id='word_1_608' title='bbox 3092 1532 3226 1588; x_wconf 90' lang='lat' dir='ltr'><strong>opus</strong></span> <span class='ocrx_word' id='word_1_609' title='bbox 3244 1535 3356 1579; x_wconf 86' lang='lat' dir='ltr'><strong>erat</strong></span> <span class='ocrx_word' id='word_1_610' title='bbox 3383 1530 3489 1581; x_wconf 86' lang='lat' dir='ltr'><strong>cir-</strong></span> 
     </span>
    </p>
   </div>
   <div class='ocr_carea' id='block_1_74' title="bbox 1900 1581 3484 1673">
    <p class='ocr_par' dir='ltr' id='par_1_74' title="bbox 1900 1581 3484 1673">
     <span class='ocr_line' id='line_1_74' title="bbox 1900 1581 3484 1673; baseline 0.027 -43"><span class='ocrx_word' id='word_1_611' title='bbox 1900 1581 2133 1636; x_wconf 89' lang='lat' dir='ltr'><strong>cuitione</strong></span> <span class='ocrx_word' id='word_1_612' title='bbox 2159 1594 2212 1637; x_wconf 90' lang='lat' dir='ltr'><strong>et</strong></span> <span class='ocrx_word' id='word_1_613' title='bbox 2236 1587 2641 1655; x_wconf 71' lang='lat' dir='ltr'><strong>wnigmatibus?</strong></span> <span class='ocrx_word' id='word_1_614' title='bbox 2669 1596 2811 1653; x_wconf 75' lang='lat' dir='ltr'><strong>Satis</strong></span> <span class='ocrx_word' id='word_1_615' title='bbox 2838 1581 3194 1672; x_wconf 72' lang='lat' dir='ltr'><strong>eratdixisse.</strong></span> <span class='ocrx_word' id='word_1_616' title='bbox 3228 1611 3341 1667; x_wconf 86' lang='lat' dir='ltr'><strong>Non</strong></span> <span class='ocrx_word' id='word_1_617' title='bbox 3368 1632 3484 1673; x_wconf 88' lang='lat' dir='ltr'><strong>smn</strong></span> 
     </span>
    </p>
   </div>
   <div class='ocr_carea' id='block_1_75' title="bbox 1900 1671 3487 1775">
    <p class='ocr_par' dir='ltr' id='par_1_75' title="bbox 1900 1671 3487 1775">
     <span class='ocr_line' id='line_1_75' title="bbox 1900 1671 3487 1775; baseline 0.027 -54"><span class='ocrx_word' id='word_1_618' title='bbox 1900 1671 2149 1737; x_wconf 64' lang='lat' dir='ltr'><strong>aequalis,</strong></span> <span class='ocrx_word' id='word_1_619' title='bbox 2200 1684 2255 1728; x_wconf 91' lang='lat' dir='ltr'><strong>et</strong></span> <span class='ocrx_word' id='word_1_620' title='bbox 2297 1693 2409 1731; x_wconf 90' lang='lat' dir='ltr'><strong>rem</strong></span> <span class='ocrx_word' id='word_1_621' title='bbox 2461 1683 2691 1739; x_wconf 90' lang='lat' dir='ltr'><strong>solvere.</strong></span> <span class='ocrx_word' id='word_1_622' title='bbox 2739 1690 2873 1753; x_wconf 80' lang='lat' dir='ltr'><strong>Quid</strong></span> <span class='ocrx_word' id='word_1_623' title='bbox 2920 1698 3301 1765; x_wconf 80' lang='lat' dir='ltr'><strong>ergo?annon</strong></span> <span class='ocrx_word' id='word_1_624' title='bbox 3334 1707 3487 1775; x_wconf 76' lang='lat' dir='ltr'><strong>dixit,</strong></span> 
     </span>
    </p>
   </div>
   <div class='ocr_carea' id='block_1_76' title="bbox 1903 1760 3481 1856">
    <p class='ocr_par' dir='ltr' id='par_1_76' title="bbox 1903 1760 3481 1856">
     <span class='ocr_line' id='line_1_76' title="bbox 1903 1760 3481 1856; baseline 0.027 -42"><span class='ocrx_word' id='word_1_625' title='bbox 1903 1760 2141 1831; x_wconf 86' lang='lat' dir='ltr'><strong>inquies,</strong></span> <span class='ocrx_word' id='word_1_626' title='bbox 2178 1765 2296 1821; x_wconf 85' lang='lat' dir='ltr'><strong>Non</strong></span> <span class='ocrx_word' id='word_1_627' title='bbox 2324 1773 2461 1839; x_wconf 86' lang='lat' dir='ltr'><strong>facio</strong></span> <span class='ocrx_word' id='word_1_628' title='bbox 2491 1776 2798 1834; x_wconf 82' lang='lat' dir='ltr'><strong>voluntatem</strong></span> <span class='ocrx_word' id='word_1_629' title='bbox 2828 1802 2988 1839; x_wconf 85' lang='lat' dir='ltr'><strong>meum</strong></span> <span class='ocrx_word' id='word_1_630' title='bbox 3015 1791 3040 1842; x_wconf 88' lang='lat'><strong><em>?</em></strong></span> <span class='ocrx_word' id='word_1_631' title='bbox 3060 1790 3167 1847; x_wconf 88' lang='lat' dir='ltr'><strong>Sed</strong></span> <span class='ocrx_word' id='word_1_632' title='bbox 3200 1796 3327 1851; x_wconf 89' lang='lat' dir='ltr'><strong>illttd</strong></span> <span class='ocrx_word' id='word_1_633' title='bbox 3358 1805 3481 1856; x_wconf 90' lang='lat' dir='ltr'><strong>sub-</strong></span> 
     </span>
    </p>
   </div>
   <div class='ocr_carea' id='block_1_77' title="bbox 1900 1851 3487 1955">
    <p class='ocr_par' dir='ltr' id='par_1_77' title="bbox 1900 1851 3487 1955">
     <span class='ocr_line' id='line_1_77' title="bbox 1900 1851 3487 1955; baseline 0.028 -52"><span class='ocrx_word' id='word_1_634' title='bbox 1900 1851 2127 1908; x_wconf 87' lang='lat' dir='ltr'><strong>obscure</strong></span> <span class='ocrx_word' id='word_1_635' title='bbox 2167 1855 2318 1920; x_wconf 83' lang='lat' dir='ltr'><strong>dixit,</strong></span> <span class='ocrx_word' id='word_1_636' title='bbox 2352 1871 2404 1915; x_wconf 91' lang='lat' dir='ltr'><strong>et</strong></span> <span class='ocrx_word' id='word_1_637' title='bbox 2435 1876 2649 1933; x_wconf 86' lang='lat' dir='ltr'><strong>propter</strong></span> <span class='ocrx_word' id='word_1_638' title='bbox 2689 1885 2873 1927; x_wconf 88' lang='lat' dir='ltr'><strong>eorum</strong></span> <span class='ocrx_word' id='word_1_639' title='bbox 2918 1878 3355 1955; x_wconf 80' lang='lat' dir='ltr'><strong>imbecillitatem,</strong></span> <span class='ocrx_word' id='word_1_640' title='bbox 3395 1909 3487 1947; x_wconf 85' lang='lat' dir='ltr'><strong>ea-</strong></span> 
     </span>
    </p>
   </div>
   <div class='ocr_carea' id='block_1_78' title="bbox 1901 1943 3484 2046">
    <p class='ocr_par' dir='ltr' id='par_1_78' title="bbox 1901 1943 3484 2046">
     <span class='ocr_line' id='line_1_78' title="bbox 1901 1943 3484 2046; baseline 0.028 -48"><span class='ocrx_word' id='word_1_641' title='bbox 1901 1943 2021 1999; x_wconf 90' lang='lat' dir='ltr'><strong>dem</strong></span> <span class='ocrx_word' id='word_1_642' title='bbox 2055 1947 2121 2001; x_wconf 89' lang='lat' dir='ltr'><strong>de</strong></span> <span class='ocrx_word' id='word_1_643' title='bbox 2148 1964 2331 2018; x_wconf 85' lang='lat' dir='ltr'><strong>causa,</strong></span> <span class='ocrx_word' id='word_1_644' title='bbox 2364 1972 2464 2023; x_wconf 88' lang='lat' dir='ltr'><strong>qua</strong></span> <span class='ocrx_word' id='word_1_645' title='bbox 2505 1961 2666 2015; x_wconf 71' lang='lat' dir='ltr'><strong>etiam</strong></span> <span class='ocrx_word' id='word_1_646' title='bbox 2717 1979 2964 2032; x_wconf 88' lang='lat' dir='ltr'><strong>precatus</strong></span> <span class='ocrx_word' id='word_1_647' title='bbox 2998 1986 3097 2028; x_wconf 76' lang='lat' dir='ltr'><strong>est.</strong></span> <span class='ocrx_word' id='word_1_648' title='bbox 3144 1979 3277 2046; x_wconf 90' lang='lat' dir='ltr'><strong>Quid</strong></span> <span class='ocrx_word' id='word_1_649' title='bbox 3306 1997 3484 2042; x_wconf 91' lang='lat' dir='ltr'><strong>autem</strong></span> 
     </span>
    </p>
   </div>
   <div class='ocr_carea' id='block_1_79' title="bbox 1898 2035 3486 2142">
    <p class='ocr_par' dir='ltr' id='par_1_79' title="bbox 1898 2035 3486 2142">
     <span class='ocr_line' id='line_1_79' title="bbox 1898 2035 3486 2142; baseline 0.03 -54"><span class='ocrx_word' id='word_1_650' title='bbox 1898 2035 1996 2089; x_wconf 88' lang='lat' dir='ltr'><strong>sibi</strong></span> <span class='ocrx_word' id='word_1_651' title='bbox 2045 2041 2154 2092; x_wconf 85' lang='lat' dir='ltr'><strong>vult</strong></span> <span class='ocrx_word' id='word_1_652' title='bbox 2193 2042 2342 2109; x_wconf 90' lang='lat' dir='ltr'><strong>illud,</strong></span> <span class='ocrx_word' id='word_1_653' title='bbox 2378 2047 2629 2109; x_wconf 77' lang='lat' dir='ltr'><strong>Quoniam</strong></span> <span class='ocrx_word' id='word_1_654' title='bbox 2674 2059 2863 2112; x_wconf 79' lang='lat' dir='ltr'><strong>audisti</strong></span> <span class='ocrx_word' id='word_1_655' title='bbox 2901 2078 2980 2116; x_wconf 88' lang='lat' dir='ltr'><strong>me</strong></span> <span class='ocrx_word' id='word_1_656' title='bbox 3008 2068 3034 2119; x_wconf 84' lang='lat'><strong><em>?</em></strong></span> <span class='ocrx_word' id='word_1_657' title='bbox 3062 2067 3175 2125; x_wconf 83' lang='lat' dir='ltr'><strong>Hoc</strong></span> <span class='ocrx_word' id='word_1_658' title='bbox 3215 2084 3315 2142; x_wconf 88' lang='lat' dir='ltr'><strong>est,</strong></span> <span class='ocrx_word' id='word_1_659' title='bbox 3347 2078 3486 2136; x_wconf 75' lang='lat' dir='ltr'><strong>Niliil</strong></span> 
     </span>
    </p>
   </div>
   <div class='ocr_carea' id='block_1_80' title="bbox 1898 2127 3487 2238">
    <p class='ocr_par' dir='ltr' id='par_1_80' title="bbox 1898 2127 3487 2238">
     <span class='ocr_line' id='line_1_80' title="bbox 1898 2127 3487 2238; baseline 0.03 -58"><span class='ocrx_word' id='word_1_660' title='bbox 1898 2127 2037 2182; x_wconf 90' lang='lat' dir='ltr'><strong>inter</strong></span> <span class='ocrx_word' id='word_1_661' title='bbox 2066 2145 2151 2186; x_wconf 91' lang='lat' dir='ltr'><strong>me</strong></span> <span class='ocrx_word' id='word_1_662' title='bbox 2181 2144 2233 2187; x_wconf 90' lang='lat' dir='ltr'><strong>et</strong></span> <span class='ocrx_word' id='word_1_663' title='bbox 2261 2144 2313 2191; x_wconf 91' lang='lat' dir='ltr'><strong>te</strong></span> <span class='ocrx_word' id='word_1_664' title='bbox 2337 2144 2663 2200; x_wconf 90' lang='lat' dir='ltr'><strong>contrarium</strong></span> <span class='ocrx_word' id='word_1_665' title='bbox 2703 2160 2803 2203; x_wconf 88' lang='lat' dir='ltr'><strong>est.</strong></span> <span class='ocrx_word' id='word_1_666' title='bbox 2835 2151 3291 2220; x_wconf 88' lang='lat' dir='ltr'><strong>Quemadmodum</strong></span> <span class='ocrx_word' id='word_1_667' title='bbox 3330 2169 3487 2238; x_wconf 89' lang='lat' dir='ltr'><strong>igitur</strong></span> 
     </span>
     <span class='ocr_line' id='line_1_81' title="bbox 1898 2216 2272 2238; baseline 0.027 -10"><span class='ocrx_word' id='word_1_668' title='bbox 1898 2216 1984 2238; x_wconf 37' lang='lat'><strong>,,,,</strong></span> <span class='ocrx_word' id='word_1_669' title='bbox 2012 2219 2026 2238; x_wconf 86' lang='lat'>.</span> <span class='ocrx_word' id='word_1_670' title='bbox 2095 2222 2110 2238; x_wconf 84' lang='grc'><strong><em>,</em></strong></span> <span class='ocrx_word' id='word_1_671' title='bbox 2180 2225 2210 2238; x_wconf 92' lang='grc'><strong>..</strong></span> <span class='ocrx_word' id='word_1_672' title='bbox 2245 2228 2272 2238; x_wconf 78' lang='lat'><strong>_.</strong></span> 
     </span>
    </p>
   </div>
   <div class='ocr_carea' id='block_1_81' title="bbox 1897 2216 3483 2333">
    <p class='ocr_par' dir='ltr' id='par_1_81' title="bbox 1897 2216 3483 2333">
     <span class='ocr_line' id='line_1_82' title="bbox 1897 2216 3483 2333; baseline 0.03 -63"><span class='ocrx_word' id='word_1_673' title='bbox 1897 2216 2048 2287; x_wconf 92' lang='lat' dir='ltr'><strong>illud,</strong></span> <span class='ocrx_word' id='word_1_674' title='bbox 2075 2222 2272 2279; x_wconf 74' lang='lat' dir='ltr'><strong>Audisti</strong></span> <span class='ocrx_word' id='word_1_675' title='bbox 2296 2245 2392 2296; x_wconf 87' lang='lat' dir='ltr'><strong>me,</strong></span> <span class='ocrx_word' id='word_1_676' title='bbox 2419 2248 2523 2287; x_wconf 91' lang='lat' dir='ltr'><strong>non</strong></span> <span class='ocrx_word' id='word_1_677' title='bbox 2551 2239 2813 2306; x_wconf 79' lang='lat' dir='ltr'><strong>signiﬁcat</strong></span> <span class='ocrx_word' id='word_1_678' title='bbox 2835 2245 3004 2315; x_wconf 70' lang='lat' dir='ltr'><strong>ipsum</strong></span> <span class='ocrx_word' id='word_1_679' title='bbox 3035 2268 3137 2305; x_wconf 88' lang='lat' dir='ltr'><strong>non</strong></span> <span class='ocrx_word' id='word_1_680' title='bbox 3164 2272 3318 2325; x_wconf 82' lang='lat' dir='ltr'><strong>posse</strong></span> <span class='ocrx_word' id='word_1_681' title='bbox 3339 2216 3483 2333; x_wconf 51' lang='lat' dir='ltr'><strong>(litant</strong></span> 
     </span>
     <span class='ocr_line' id='line_1_83' title="bbox 1898 2312 2439 2333; baseline 0.03 -16"><span class='ocrx_word' id='word_1_682' title='bbox 1898 2312 1939 2333; x_wconf 64' lang='lat'><strong>_,</strong></span> <span class='ocrx_word' id='word_1_683' title='bbox 1973 2312 2001 2333; x_wconf 80' lang='lat'><strong>,_</strong></span> <span class='ocrx_word' id='word_1_684' title='bbox 2019 2329 2065 2333; x_wconf 32' lang='grc' dir='ltr'>μ</span> <span class='ocrx_word' id='word_1_685' title='bbox 2111 2331 2121 2333; x_wconf 30' lang='grc' dir='ltr'><strong><em>λ</em></strong></span> <span class='ocrx_word' id='word_1_686' title='bbox 2226 2329 2234 2333; x_wconf 86' lang='lat'><strong>_</strong></span> <span class='ocrx_word' id='word_1_687' title='bbox 2428 2325 2439 2333; x_wconf 89' lang='lat'><strong>.</strong></span> 
     </span>
    </p>
   </div>
   <div class='ocr_carea' id='block_1_82' title="bbox 1896 2312 3482 2419">
    <p class='ocr_par' dir='ltr' id='par_1_82' title="bbox 1896 2312 3482 2419">
     <span class='ocr_line' id='line_1_84' title="bbox 1896 2312 3482 2419; baseline 0.029 -54"><span class='ocrx_word' id='word_1_688' title='bbox 1896 2312 1941 2366; x_wconf 88' lang='lat' dir='ltr'><strong>si</strong></span> <span class='ocrx_word' id='word_1_689' title='bbox 1973 2312 2074 2369; x_wconf 85' lang='lat' dir='ltr'><strong>lioc</strong></span> <span class='ocrx_word' id='word_1_690' title='bbox 2098 2329 2261 2385; x_wconf 87' lang='lat' dir='ltr'><strong>esset,</strong></span> <span class='ocrx_word' id='word_1_691' title='bbox 2292 2338 2395 2377; x_wconf 89' lang='lat' dir='ltr'><strong>non</strong></span> <span class='ocrx_word' id='word_1_692' title='bbox 2427 2325 2734 2395; x_wconf 80' lang='lat' dir='ltr'><strong>impotentia</strong></span> <span class='ocrx_word' id='word_1_693' title='bbox 2758 2338 2953 2406; x_wconf 89' lang='lat' dir='ltr'><strong>solum,</strong></span> <span class='ocrx_word' id='word_1_694' title='bbox 2983 2344 3076 2399; x_wconf 88' lang='lat' dir='ltr'><strong>sed</strong></span> <span class='ocrx_word' id='word_1_695' title='bbox 3101 2358 3152 2400; x_wconf 90' lang='lat' dir='ltr'><strong>et</strong></span> <span class='ocrx_word' id='word_1_696' title='bbox 3187 2312 3482 2419; x_wconf 64' lang='lat' dir='ltr'><strong>lgIIOI&#39;:lllll2\</strong></span> 
     </span>
    </p>
   </div>
   <div class='ocr_carea' id='block_1_83' title="bbox 1897 2408 3483 2502">
    <p class='ocr_par' dir='ltr' id='par_1_83' title="bbox 1897 2408 3483 2502">
     <span class='ocr_line' id='line_1_85' title="bbox 1897 2408 3483 2502; baseline 0.029 -46"><span class='ocrx_word' id='word_1_697' title='bbox 1897 2416 2061 2471; x_wconf 50' lang='lat' dir='ltr'><strong>esset,</strong></span> <span class='ocrx_word' id='word_1_698' title='bbox 2093 2408 2352 2477; x_wconf 88' lang='lat' dir='ltr'><strong>siquidem</strong></span> <span class='ocrx_word' id='word_1_699' title='bbox 2385 2426 2510 2471; x_wconf 89' lang='lat' dir='ltr'><strong>ante</strong></span> <span class='ocrx_word' id='word_1_700' title='bbox 2548 2425 2905 2487; x_wconf 86' lang='lat' dir='ltr'><strong>precationem</strong></span> <span class='ocrx_word' id='word_1_701' title='bbox 2949 2438 3264 2496; x_wconf 81' lang='lat' dir='ltr'><strong>nesciviSSet</strong></span> <span class='ocrx_word' id='word_1_702' title='bbox 3318 2447 3483 2502; x_wconf 82' lang='lat' dir='ltr'><strong>Deum</strong></span> 
     </span>
    </p>
   </div>
   <div class='ocr_carea' id='block_1_84' title="bbox 1895 2508 3477 2605">
    <p class='ocr_par' dir='ltr' id='par_1_84' title="bbox 1895 2508 3477 2605">
     <span class='ocr_line' id='line_1_86' title="bbox 1895 2508 3477 2605; baseline 0.031 -59"><span class='ocrx_word' id='word_1_703' title='bbox 1895 2508 2234 2554; x_wconf 87' lang='lat' dir='ltr'><strong>assensurum</strong></span> <span class='ocrx_word' id='word_1_704' title='bbox 2268 2519 2388 2561; x_wconf 88' lang='lat' dir='ltr'><strong>esse</strong></span> <span class='ocrx_word' id='word_1_705' title='bbox 2418 2523 2434 2560; x_wconf 89' lang='lat'><strong>:</strong></span> <span class='ocrx_word' id='word_1_706' title='bbox 2463 2511 2507 2563; x_wconf 91' lang='lat' dir='ltr'><strong>si</strong></span> <span class='ocrx_word' id='word_1_707' title='bbox 2538 2528 2663 2568; x_wconf 86' lang='lat' dir='ltr'><strong>vero</strong></span> <span class='ocrx_word' id='word_1_708' title='bbox 2694 2516 2989 2590; x_wconf 81' lang='lat' dir='ltr'><strong>ignorabat,</strong></span> <span class='ocrx_word' id='word_1_709' title='bbox 3022 2534 3291 2596; x_wconf 87' lang='lat' dir='ltr'><strong>quomodo</strong></span> <span class='ocrx_word' id='word_1_710' title='bbox 3316 2539 3477 2605; x_wconf 74' lang='lat' dir='ltr'><strong>dixit,</strong></span> 
     </span>
     <span class='ocr_line' id='line_1_87' title="bbox 1905 2583 2303 2605; baseline 0.023 0"><span class='ocrx_word' id='word_1_711' title='bbox 1905 2583 1969 2605; x_wconf 61' lang='lat' dir='ltr'><strong>‘II.</strong></span> <span class='ocrx_word' id='word_1_712' title='bbox 1995 2587 2017 2605; x_wconf 79' lang='lat' dir='ltr'>J</span> <span class='ocrx_word' id='word_1_713' title='bbox 2114 2600 2126 2605; x_wconf 78' lang='grc'><strong><em>-</em></strong></span> <span class='ocrx_word' id='word_1_714' title='bbox 2292 2596 2303 2605; x_wconf 75' lang='grc'><strong><em>⁸</em></strong></span> 
     </span>
    </p>
   </div>
   <div class='ocr_carea' id='block_1_85' title="bbox 1905 2583 3483 2693">
    <p class='ocr_par' dir='ltr' id='par_1_85' title="bbox 1905 2583 3483 2693">
     <span class='ocr_line' id='line_1_88' title="bbox 2715 2583 3477 2605; baseline 0.03 -18"><span class='ocrx_word' id='word_1_715' title='bbox 2715 2583 2734 2587; x_wconf 72' lang='lat'><strong>-</strong></span> <span class='ocrx_word' id='word_1_716' title='bbox 2978 2583 2989 2590; x_wconf 69' lang='grc' dir='ltr'>ν</span> <span class='ocrx_word' id='word_1_717' title='bbox 3041 2583 3052 2596; x_wconf 86' lang='lat'><strong>.</strong></span> <span class='ocrx_word' id='word_1_718' title='bbox 3155 2583 3286 2589; x_wconf 54' lang='grc' dir='ltr'><strong>ν-ν-ν</strong></span> <span class='ocrx_word' id='word_1_719' title='bbox 3319 2583 3477 2605; x_wconf 76' lang='grc' dir='ltr'>-·-··ο</span> 
     </span>
     <span class='ocr_line' id='line_1_89' title="bbox 1905 2583 3483 2693; baseline 0.03 -56"><span class='ocrx_word' id='word_1_720' title='bbox 1905 2583 2047 2641; x_wconf 82' lang='lat' dir='ltr'><strong>Vada</strong></span> <span class='ocrx_word' id='word_1_721' title='bbox 2074 2600 2127 2641; x_wconf 89' lang='lat' dir='ltr'><strong>ut</strong></span> <span class='ocrx_word' id='word_1_722' title='bbox 2166 2596 2401 2649; x_wconf 83' lang='lat' dir='ltr'><strong>snscitem</strong></span> <span class='ocrx_word' id='word_1_723' title='bbox 2442 2616 2554 2653; x_wconf 84' lang='lat' dir='ltr'><strong>eum</strong></span> <span class='ocrx_word' id='word_1_724' title='bbox 2584 2605 2609 2657; x_wconf 74' lang='lat'><strong>.7</strong></span> <span class='ocrx_word' id='word_1_725' title='bbox 2652 2622 2751 2663; x_wconf 87' lang='lat' dir='ltr'><strong>nec</strong></span> <span class='ocrx_word' id='word_1_726' title='bbox 2792 2612 2923 2668; x_wconf 83' lang='lat' dir='ltr'><strong>dixit</strong></span> <span class='ocrx_word' id='word_1_727' title='bbox 2947 2659 2958 2677; x_wconf 89' lang='lat'><strong>,</strong></span> <span class='ocrx_word' id='word_1_728' title='bbox 2999 2617 3140 2675; x_wconf 72' lang='lat' dir='ltr'><strong>Vado</strong></span> <span class='ocrx_word' id='word_1_729' title='bbox 3173 2639 3483 2693; x_wconf 83' lang='lat' dir='ltr'><strong>precaturus</strong></span> 
     </span>
    </p>
   </div>
   <div class='ocr_carea' id='block_1_86' title="bbox 1895 2678 3479 2795">
    <p class='ocr_par' dir='ltr' id='par_1_86' title="bbox 1895 2678 3479 2795">
     <span class='ocr_line' id='line_1_90' title="bbox 1895 2678 3479 2795; baseline 0.033 -64"><span class='ocrx_word' id='word_1_730' title='bbox 1895 2678 2130 2795; x_wconf 56' lang='lat' dir='ltr'><strong>fauent,</strong></span> <span class='ocrx_word' id='word_1_731' title='bbox 2161 2696 2216 2740; x_wconf 92' lang='lat' dir='ltr'><strong>ut</strong></span> <span class='ocrx_word' id='word_1_732' title='bbox 2242 2692 2461 2747; x_wconf 88' lang='lat' dir='ltr'><strong>suscitet</strong></span> <span class='ocrx_word' id='word_1_733' title='bbox 2488 2696 2651 2773; x_wconf 85' lang='lat' dir='ltr'><strong>eum)</strong></span> <span class='ocrx_word' id='word_1_734' title='bbox 2694 2719 2708 2754; x_wconf 92' lang='lat'>:</span> <span class='ocrx_word' id='word_1_735' title='bbox 2741 2711 3209 2784; x_wconf 87' lang='lat' dir='ltr'><strong>quemadmodum,</strong></span> <span class='ocrx_word' id='word_1_736' title='bbox 3243 2722 3479 2795; x_wconf 89' lang='lat' dir='ltr'><strong>inquam,</strong></span> 
     </span>
    </p>
   </div>
   <div class='ocr_carea' id='block_1_87' title="bbox 1894 2769 3480 2875">
    <p class='ocr_par' dir='ltr' id='par_1_87' title="bbox 1894 2769 3480 2875">
     <span class='ocr_line' id='line_1_91' title="bbox 1894 2769 3480 2875; baseline 0.032 -51"><span class='ocrx_word' id='word_1_737' title='bbox 1894 2769 1996 2826; x_wconf 90' lang='lat' dir='ltr'><strong>hoc</strong></span> <span class='ocrx_word' id='word_1_738' title='bbox 2037 2789 2140 2830; x_wconf 91' lang='lat' dir='ltr'><strong>non</strong></span> <span class='ocrx_word' id='word_1_739' title='bbox 2180 2779 2591 2854; x_wconf 86' lang='lat' dir='ltr'><strong>imbecillitatis,</strong></span> <span class='ocrx_word' id='word_1_740' title='bbox 2623 2769 2717 2848; x_wconf 82' lang='lat' dir='ltr'><strong>sed</strong></span> <span class='ocrx_word' id='word_1_741' title='bbox 2749 2804 3051 2859; x_wconf 71' lang='lat' dir='ltr'><strong>concordia:</strong></span> <span class='ocrx_word' id='word_1_742' title='bbox 3074 2820 3153 2863; x_wconf 78' lang='lat' dir='ltr'><strong>est</strong></span> <span class='ocrx_word' id='word_1_743' title='bbox 3187 2769 3385 2875; x_wconf 43' lang='lat' dir='ltr'><strong>{siclet</strong></span> <span class='ocrx_word' id='word_1_744' title='bbox 3415 2769 3480 2873; x_wconf 66' lang='lat' dir='ltr'><strong>il:</strong></span> 
     </span>
    </p>
   </div>
   <div class='ocr_carea' id='block_1_88' title="bbox 1892 2864 3477 2977">
    <p class='ocr_par' dir='ltr' id='par_1_88' title="bbox 1892 2864 3477 2977">
     <span class='ocr_line' id='line_1_92' title="bbox 1892 2864 3477 2977; baseline 0.024 -58"><span class='ocrx_word' id='word_1_745' title='bbox 1892 2864 2243 2977; x_wconf 49' lang='lat' dir='ltr'><strong>Lud,&#39;Seniper</strong></span> <span class='ocrx_word' id='word_1_746' title='bbox 2269 2892 2346 2929; x_wconf 86' lang='lat' dir='ltr'><strong>me</strong></span> <span class='ocrx_word' id='word_1_747' title='bbox 2359 2880 2525 2934; x_wconf 80' lang='lat' dir='ltr'><strong>audis.</strong></span> <span class='ocrx_word' id='word_1_748' title='bbox 2550 2885 2655 2939; x_wconf 83' lang='lat' dir='ltr'><strong>Aut</strong></span> <span class='ocrx_word' id='word_1_749' title='bbox 2682 2888 2781 2945; x_wconf 90' lang='lat' dir='ltr'><strong>hoc</strong></span> <span class='ocrx_word' id='word_1_750' title='bbox 2808 2892 3113 2966; x_wconf 74' lang='lat' dir='ltr'><strong>dicendum,</strong></span> <span class='ocrx_word' id='word_1_751' title='bbox 3143 2915 3233 2958; x_wconf 90' lang='lat' dir='ltr'><strong>aut</strong></span> <span class='ocrx_word' id='word_1_752' title='bbox 3263 2923 3477 2977; x_wconf 75' lang='lat' dir='ltr'><strong>respon-</strong></span> 
     </span>
     <span class='ocr_line' id='line_1_93' title="bbox 1933 2957 2617 2977; baseline 0.023 -8"><span class='ocrx_word' id='word_1_753' title='bbox 1933 2967 2011 2977; x_wconf 48' lang='lat' dir='ltr'><strong>Am</strong></span> <span class='ocrx_word' id='word_1_754' title='bbox 2039 2970 2120 2977; x_wconf 79' lang='lat'>____</span> <span class='ocrx_word' id='word_1_755' title='bbox 2180 2957 2234 2977; x_wconf 51' lang='grc' dir='ltr'><strong>ι.-</strong></span> <span class='ocrx_word' id='word_1_756' title='bbox 2274 2975 2288 2977; x_wconf 94' lang='lat'><em>_</em></span> <span class='ocrx_word' id='word_1_757' title='bbox 2464 2975 2473 2977; x_wconf 42' lang='grc' dir='ltr'><strong><em>μ</em></strong></span> 
     </span>
    </p>
   </div>
   <div class='ocr_carea' id='block_1_89' title="bbox 1891 2948 3478 3052">
    <p class='ocr_par' dir='ltr' id='par_1_89' title="bbox 1891 2948 3478 3052">
     <span class='ocr_line' id='line_1_94' title="bbox 1891 2948 3478 3052; baseline 0.031 -49"><span class='ocrx_word' id='word_1_758' title='bbox 1891 2948 2142 3021; x_wconf 88' lang='lat' dir='ltr'><strong>dendum,</strong></span> <span class='ocrx_word' id='word_1_759' title='bbox 2180 2957 2292 3013; x_wconf 72' lang='lat' dir='ltr'><strong>lia-c</strong></span> <span class='ocrx_word' id='word_1_760' title='bbox 2324 2975 2541 3032; x_wconf 88' lang='lat' dir='ltr'><strong>propter</strong></span> <span class='ocrx_word' id='word_1_761' title='bbox 2565 2969 2773 3027; x_wconf 85' lang='lat' dir='ltr'><strong>illorqu</strong></span> <span class='ocrx_word' id='word_1_762' title='bbox 2806 2981 3110 3045; x_wconf 79' lang='lat' dir='ltr'><strong>Opinionem</strong></span> <span class='ocrx_word' id='word_1_763' title='bbox 3133 2990 3269 3044; x_wconf 83' lang='lat' dir='ltr'><strong>dic.a</strong></span> <span class='ocrx_word' id='word_1_764' title='bbox 3297 2948 3478 3052; x_wconf 81' lang='lat' dir='ltr'><strong>fuisse.</strong></span> 
     </span>
    </p>
   </div>
   <div class='ocr_carea' id='block_1_90' title="bbox 1894 3043 3479 3153">
    <p class='ocr_par' dir='ltr' id='par_1_90' title="bbox 1894 3043 3479 3153">
     <span class='ocr_line' id='line_1_95' title="bbox 1894 3043 3479 3153; baseline 0.029 -56"><span class='ocrx_word' id='word_1_765' title='bbox 1894 3043 2047 3110; x_wconf 86' lang='lat' dir='ltr'><strong>Quod</strong></span> <span class='ocrx_word' id='word_1_766' title='bbox 2091 3050 2134 3104; x_wconf 91' lang='lat' dir='ltr'><strong>si</strong></span> <span class='ocrx_word' id='word_1_767' title='bbox 2167 3067 2266 3107; x_wconf 91' lang='lat' dir='ltr'><strong>nec</strong></span> <span class='ocrx_word' id='word_1_768' title='bbox 2309 3055 2605 3129; x_wconf 78' lang='lat' dir='ltr'><strong>ignorabat,</strong></span> <span class='ocrx_word' id='word_1_769' title='bbox 2654 3081 2753 3120; x_wconf 90' lang='lat' dir='ltr'><strong>nec</strong></span> <span class='ocrx_word' id='word_1_770' title='bbox 2798 3070 3095 3129; x_wconf 86' lang='lat' dir='ltr'><strong>imbecillus</strong></span> <span class='ocrx_word' id='word_1_771' title='bbox 3142 3092 3277 3147; x_wconf 87' lang='lat' dir='ltr'><strong>erat,</strong></span> <span class='ocrx_word' id='word_1_772' title='bbox 3310 3086 3479 3153; x_wconf 80' lang='lat' dir='ltr'><strong>palatii</strong></span> 
     </span>
    </p>
   </div>
   <div class='ocr_carea' id='block_1_91' title="bbox 1891 3138 3480 3236">
    <p class='ocr_par' dir='ltr' id='par_1_91' title="bbox 1891 3138 3480 3236">
     <span class='ocr_line' id='line_1_96' title="bbox 1891 3138 3480 3236; baseline 0.028 -48"><span class='ocrx_word' id='word_1_773' title='bbox 1891 3145 1973 3190; x_wconf 89' lang='lat' dir='ltr'><strong>est</strong></span> <span class='ocrx_word' id='word_1_774' title='bbox 2001 3138 2151 3195; x_wconf 92' lang='lat' dir='ltr'><strong>illum</strong></span> <span class='ocrx_word' id='word_1_775' title='bbox 2183 3143 2304 3199; x_wconf 92' lang='lat' dir='ltr'><strong>ideo</strong></span> <span class='ocrx_word' id='word_1_776' title='bbox 2334 3140 2558 3206; x_wconf 86' lang='lat' dir='ltr'><strong>humilia</strong></span> <span class='ocrx_word' id='word_1_777' title='bbox 2586 3155 2745 3209; x_wconf 85' lang='lat' dir='ltr'><strong>verba</strong></span> <span class='ocrx_word' id='word_1_778' title='bbox 2784 3159 3057 3230; x_wconf 89' lang='lat' dir='ltr'><strong>loquutum</strong></span> <span class='ocrx_word' id='word_1_779' title='bbox 3089 3170 3268 3236; x_wconf 83' lang='lat' dir='ltr'><strong>fuisse,</strong></span> <span class='ocrx_word' id='word_1_780' title='bbox 3310 3138 3371 3230; x_wconf 76' lang='lat' dir='ltr'><strong>iit</strong></span> <span class='ocrx_word' id='word_1_781' title='bbox 3400 3182 3480 3234; x_wconf 85' lang='lat' dir='ltr'><strong>vel</strong></span> 
     </span>
    </p>
   </div>
   <div class='ocr_carea' id='block_1_92' title="bbox 1891 3229 3483 3330">
    <p class='ocr_par' dir='ltr' id='par_1_92' title="bbox 1891 3229 3483 3330">
     <span class='ocr_line' id='line_1_97' title="bbox 1891 3229 3483 3330; baseline 0.031 -49"><span class='ocrx_word' id='word_1_782' title='bbox 1891 3242 1955 3282; x_wconf 79' lang='lat' dir='ltr'><strong>ex</strong></span> <span class='ocrx_word' id='word_1_783' title='bbox 1986 3229 2276 3302; x_wconf 85' lang='lat' dir='ltr'><strong>hyperbole</strong></span> <span class='ocrx_word' id='word_1_784' title='bbox 2296 3242 2486 3298; x_wconf 86' lang='lat' dir='ltr'><strong>credas</strong></span> <span class='ocrx_word' id='word_1_785' title='bbox 2505 3256 2558 3301; x_wconf 89' lang='lat' dir='ltr'><strong>et</strong></span> <span class='ocrx_word' id='word_1_786' title='bbox 2578 3250 2819 3305; x_wconf 82' lang='lat' dir='ltr'><strong>conﬁteri</strong></span> <span class='ocrx_word' id='word_1_787' title='bbox 2859 3261 3067 3327; x_wconf 78' lang='lat' dir='ltr'><strong>cogaris</strong></span> <span class='ocrx_word' id='word_1_788' title='bbox 3088 3305 3102 3325; x_wconf 94' lang='lat'><strong>,</strong></span> <span class='ocrx_word' id='word_1_789' title='bbox 3143 3265 3257 3321; x_wconf 77' lang='lat' dir='ltr'><strong>lucc</strong></span> <span class='ocrx_word' id='word_1_790' title='bbox 3284 3270 3483 3330; x_wconf 79' lang='lat' dir='ltr'><strong>dixisse</strong></span> 
     </span>
    </p>
   </div>
   <div class='ocr_carea' id='block_1_93' title="bbox 1893 3318 3481 3419">
    <p class='ocr_par' dir='ltr' id='par_1_93' title="bbox 1893 3318 3481 3419">
     <span class='ocr_line' id='line_1_98' title="bbox 1893 3318 3481 3419; baseline 0.031 -49"><span class='ocrx_word' id='word_1_791' title='bbox 1893 3318 2039 3373; x_wconf 92' lang='lat' dir='ltr'><strong>illum</strong></span> <span class='ocrx_word' id='word_1_792' title='bbox 2071 3338 2173 3378; x_wconf 92' lang='lat' dir='ltr'><strong>non</strong></span> <span class='ocrx_word' id='word_1_793' title='bbox 2205 3332 2496 3387; x_wconf 90' lang='lat' dir='ltr'><strong>secundum</strong></span> <span class='ocrx_word' id='word_1_794' title='bbox 2526 3336 2838 3405; x_wconf 82' lang='lat' dir='ltr'><strong>dignitatem</strong></span> <span class='ocrx_word' id='word_1_795' title='bbox 2866 3360 3035 3417; x_wconf 89' lang='lat' dir='ltr'><strong>suam,</strong></span> <span class='ocrx_word' id='word_1_796' title='bbox 3063 3355 3155 3408; x_wconf 87' lang='lat' dir='ltr'><strong>sed</strong></span> <span class='ocrx_word' id='word_1_797' title='bbox 3188 3363 3481 3419; x_wconf 88' lang='lat' dir='ltr'><strong>secundum</strong></span> 
     </span>
    </p>
   </div>
   <div class='ocr_carea' id='block_1_94' title="bbox 1892 3410 3484 3509">
    <p class='ocr_par' dir='ltr' id='par_1_94' title="bbox 1892 3410 3484 3509">
     <span class='ocr_line' id='line_1_99' title="bbox 1892 3410 3484 3509; baseline 0.031 -48"><span class='ocrx_word' id='word_1_798' title='bbox 1892 3410 2311 3474; x_wconf 86' lang='lat' dir='ltr'><strong>imbecillitatem</strong></span> <span class='ocrx_word' id='word_1_799' title='bbox 2346 3423 2674 3491; x_wconf 82' lang='lat' dir='ltr'><strong>auditorum.</strong></span> <span class='ocrx_word' id='word_1_800' title='bbox 2722 3431 2858 3499; x_wconf 83' lang='lat' dir='ltr'><strong>Quid</strong></span> <span class='ocrx_word' id='word_1_801' title='bbox 2897 3410 3034 3507; x_wconf 33' lang='lat' dir='ltr'><strong>ergo.</strong></span> <span class='ocrx_word' id='word_1_802' title='bbox 3061 3444 3211 3500; x_wconf 90' lang='lat' dir='ltr'><strong>aiunt</strong></span> <span class='ocrx_word' id='word_1_803' title='bbox 3246 3454 3484 3509; x_wconf 80' lang='lat' dir='ltr'><strong>veritatis</strong></span> 
     </span>
    </p>
   </div>
   <div class='ocr_carea' id='block_1_95' title="bbox 1890 3497 3485 3605">
    <p class='ocr_par' dir='ltr' id='par_1_95' title="bbox 1890 3497 3485 3605">
     <span class='ocr_line' id='line_1_100' title="bbox 1890 3497 3485 3605; baseline 0.029 -52"><span class='ocrx_word' id='word_1_804' title='bbox 1890 3497 2077 3559; x_wconf 75' lang='lat' dir='ltr'><strong>bosws</strong></span> <span class='ocrx_word' id='word_1_805' title='bbox 2108 3505 2130 3559; x_wconf 83' lang='lat'><strong>?</strong></span> <span class='ocrx_word' id='word_1_806' title='bbox 2157 3507 2271 3563; x_wconf 84' lang='lat' dir='ltr'><strong>Non</strong></span> <span class='ocrx_word' id='word_1_807' title='bbox 2306 3512 2371 3566; x_wconf 90' lang='lat' dir='ltr'><strong>ad</strong></span> <span class='ocrx_word' id='word_1_808' title='bbox 2403 3497 2823 3579; x_wconf 85' lang='lat' dir='ltr'><strong>imbecillitatem</strong></span> <span class='ocrx_word' id='word_1_809' title='bbox 2857 3497 3485 3605; x_wconf 27' lang='lat' dir='ltr'><strong>auditormnﬂdixit,‘tiu:</strong></span> 
     </span>
    </p>
   </div>
   <div class='ocr_carea' id='block_1_96' title="bbox 1890 3593 3482 3693">
    <p class='ocr_par' dir='ltr' id='par_1_96' title="bbox 1890 3593 3482 3693">
     <span class='ocr_line' id='line_1_101' title="bbox 1890 3593 3482 3693; baseline 0.031 -49"><span class='ocrx_word' id='word_1_810' title='bbox 1890 3593 2010 3648; x_wconf 88' lang='lat' dir='ltr'><strong>disti</strong></span> <span class='ocrx_word' id='word_1_811' title='bbox 2057 3614 2180 3665; x_wconf 84' lang='lat' dir='ltr'><strong>me;</strong></span> <span class='ocrx_word' id='word_1_812' title='bbox 2228 3604 2322 3658; x_wconf 92' lang='lat' dir='ltr'><strong>sed</strong></span> <span class='ocrx_word' id='word_1_813' title='bbox 2371 3616 2425 3661; x_wconf 92' lang='lat' dir='ltr'><strong>ut</strong></span> <span class='ocrx_word' id='word_1_814' title='bbox 2468 3614 2776 3671; x_wconf 88' lang='lat' dir='ltr'><strong>ostenderet</strong></span> <span class='ocrx_word' id='word_1_815' title='bbox 2806 3625 3239 3687; x_wconf 63' lang='lat' dir='ltr'><strong>praecellentiam.</strong></span> <span class='ocrx_word' id='word_1_816' title='bbox 3288 3633 3482 3693; x_wconf 80' lang='lat' dir='ltr'><strong>Verum</strong></span> 
     </span>
    </p>
   </div>
   <div class='ocr_carea' id='block_1_97' title="bbox 1891 3684 3481 3786">
    <p class='ocr_par' dir='ltr' id='par_1_97' title="bbox 1891 3684 3481 3786">
     <span class='ocr_line' id='line_1_102' title="bbox 1891 3684 3481 3786; baseline 0.03 -48"><span class='ocrx_word' id='word_1_817' title='bbox 1891 3684 1993 3741; x_wconf 87' lang='lat' dir='ltr'><strong>hoc</strong></span> <span class='ocrx_word' id='word_1_818' title='bbox 2038 3704 2143 3745; x_wconf 91' lang='lat' dir='ltr'><strong>non</strong></span> <span class='ocrx_word' id='word_1_819' title='bbox 2188 3706 2304 3748; x_wconf 87' lang='lat' dir='ltr'><strong>erat</strong></span> <span class='ocrx_word' id='word_1_820' title='bbox 2346 3702 2760 3767; x_wconf 67' lang='lat' dir='ltr'><strong>praecellentia&quot;)</strong></span> <span class='ocrx_word' id='word_1_821' title='bbox 2806 3684 3213 3786; x_wconf 86' lang='lat' dir='ltr'><strong>demonstrare,</strong></span> <span class='ocrx_word' id='word_1_822' title='bbox 3260 3726 3352 3781; x_wconf 89' lang='lat' dir='ltr'><strong>sed</strong></span> <span class='ocrx_word' id='word_1_823' title='bbox 3384 3731 3481 3785; x_wconf 84' lang='lat' dir='ltr'><strong>ad-</strong></span> 
     </span>
    </p>
   </div>
   <div class='ocr_carea' id='block_1_98' title="bbox 1890 3778 3486 3891">
    <p class='ocr_par' dir='ltr' id='par_1_98' title="bbox 1890 3778 3486 3891">
     <span class='ocr_line' id='line_1_103' title="bbox 1890 3778 3486 3891; baseline 0.032 -63"><span class='ocrx_word' id='word_1_824' title='bbox 1890 3778 2108 3834; x_wconf 90' lang='lat' dir='ltr'><strong>modum</strong></span> <span class='ocrx_word' id='word_1_825' title='bbox 2148 3783 2416 3844; x_wconf 88' lang='lat' dir='ltr'><strong>humiliter</strong></span> <span class='ocrx_word' id='word_1_826' title='bbox 2464 3804 3057 3879; x_wconf 79' lang='lat' dir='ltr'><strong>agere,ostendereque</strong></span> <span class='ocrx_word' id='word_1_827' title='bbox 3104 3830 3163 3869; x_wconf 91' lang='lat' dir='ltr'><strong>se</strong></span> <span class='ocrx_word' id='word_1_828' title='bbox 3193 3817 3323 3873; x_wconf 91' lang='lat' dir='ltr'><strong>nibil</strong></span> <span class='ocrx_word' id='word_1_829' title='bbox 3368 3824 3486 3891; x_wconf 89' lang='lat' dir='ltr'><strong>plus</strong></span> 
     </span>
     <span class='ocr_line' id='line_1_104' title="bbox 1894 3872 2709 3891; baseline 0.031 -16"><span class='ocrx_word' id='word_1_830' title='bbox 1894 3882 2045 3891; x_wconf 44' lang='lat' dir='ltr'><strong>Mm</strong></span> <span class='ocrx_word' id='word_1_831' title='bbox 2094 3872 2120 3891; x_wconf 53' lang='grc' dir='ltr'>ι</span> <span class='ocrx_word' id='word_1_832' title='bbox 2225 3876 2235 3886; x_wconf 95' lang='grc'><strong><em>.</em></strong></span> <span class='ocrx_word' id='word_1_833' title='bbox 2420 3881 2431 3891; x_wconf 96' lang='grc'>.</span> <span class='ocrx_word' id='word_1_834' title='bbox 2491 3884 2502 3891; x_wconf 95' lang='grc'>.</span> <span class='ocrx_word' id='word_1_835' title='bbox 2670 3888 2709 3891; x_wconf 77' lang='grc'><strong>--</strong></span> 
     </span>
    </p>
   </div>
   <div class='ocr_carea' id='block_1_99' title="bbox 1890 3872 3474 3979">
    <p class='ocr_par' dir='ltr' id='par_1_99' title="bbox 1890 3872 3474 3979">
     <span class='ocr_line' id='line_1_105' title="bbox 1890 3872 3474 3979; baseline 0.031 -60"><span class='ocrx_word' id='word_1_836' title='bbox 1890 3882 2048 3936; x_wconf 89' lang='lat' dir='ltr'><strong>quam</strong></span> <span class='ocrx_word' id='word_1_837' title='bbox 2094 3872 2364 3932; x_wconf 83' lang='lat' dir='ltr'><strong>hominem</strong></span> <span class='ocrx_word' id='word_1_838' title='bbox 2419 3881 2634 3941; x_wconf 89' lang='lat' dir='ltr'><strong>habere.</strong></span> <span class='ocrx_word' id='word_1_839' title='bbox 2666 3888 2798 3945; x_wconf 88' lang='lat' dir='ltr'><strong>Nam</strong></span> <span class='ocrx_word' id='word_1_840' title='bbox 2842 3903 3046 3963; x_wconf 86' lang='lat' dir='ltr'><strong>precari</strong></span> <span class='ocrx_word' id='word_1_841' title='bbox 3095 3922 3198 3959; x_wconf 88' lang='lat' dir='ltr'><strong>non</strong></span> <span class='ocrx_word' id='word_1_842' title='bbox 3241 3920 3323 3963; x_wconf 90' lang='lat' dir='ltr'><strong>est</strong></span> <span class='ocrx_word' id='word_1_843' title='bbox 3353 3872 3474 3979; x_wconf 62' lang='lat' dir='ltr'><strong>liei,</strong></span> 
     </span>
    </p>
   </div>
   <div class='ocr_carea' id='block_1_100' title="bbox 1892 3962 3483 4059">
    <p class='ocr_par' dir='ltr' id='par_1_100' title="bbox 1892 3962 3483 4059">
     <span class='ocr_line' id='line_1_106' title="bbox 1892 3962 3483 4059; baseline 0.03 -48"><span class='ocrx_word' id='word_1_844' title='bbox 1892 3974 1991 4015; x_wconf 87' lang='lat' dir='ltr'><strong>nec</strong></span> <span class='ocrx_word' id='word_1_845' title='bbox 2017 3962 2130 4032; x_wconf 76' lang='lat' dir='ltr'><strong>ejus</strong></span> <span class='ocrx_word' id='word_1_846' title='bbox 2156 3968 2245 4035; x_wconf 90' lang='lat' dir='ltr'><strong>qui</strong></span> <span class='ocrx_word' id='word_1_847' title='bbox 2276 3969 2325 4023; x_wconf 90' lang='lat' dir='ltr'><strong>in</strong></span> <span class='ocrx_word' id='word_1_848' title='bbox 2351 3972 2540 4030; x_wconf 88' lang='lat' dir='ltr'><strong>eodem</strong></span> <span class='ocrx_word' id='word_1_849' title='bbox 2559 3979 2707 4034; x_wconf 90' lang='lat' dir='ltr'><strong>sedet</strong></span> <span class='ocrx_word' id='word_1_850' title='bbox 2737 3984 2890 4039; x_wconf 91' lang='lat' dir='ltr'><strong>solio.</strong></span> <span class='ocrx_word' id='word_1_851' title='bbox 2923 3988 3111 4047; x_wconf 82' lang='lat' dir='ltr'><strong>Viden’</strong></span> <span class='ocrx_word' id='word_1_852' title='bbox 3130 4000 3267 4052; x_wconf 81' lang='lat' dir='ltr'><strong>nulla</strong></span> <span class='ocrx_word' id='word_1_853' title='bbox 3296 4004 3396 4056; x_wconf 76' lang='lat' dir='ltr'><strong>alia</strong></span> <span class='ocrx_word' id='word_1_854' title='bbox 3415 4006 3483 4059; x_wconf 82' lang='lat' dir='ltr'><strong>dc</strong></span> 
     </span>
    </p>
   </div>
   <div class='ocr_carea' id='block_1_101' title="bbox 1890 4058 3469 4153">
    <p class='ocr_par' dir='ltr' id='par_1_101' title="bbox 1890 4058 3469 4153">
     <span class='ocr_line' id='line_1_107' title="bbox 1890 4058 3469 4153; baseline 0.032 -49"><span class='ocrx_word' id='word_1_855' title='bbox 1890 4065 2049 4107; x_wconf 86' lang='lat' dir='ltr'><strong>causa</strong></span> <span class='ocrx_word' id='word_1_856' title='bbox 2091 4058 2155 4110; x_wconf 91' lang='lat' dir='ltr'><strong>ad</strong></span> <span class='ocrx_word' id='word_1_857' title='bbox 2186 4058 2286 4115; x_wconf 89' lang='lat' dir='ltr'><strong>hoc</strong></span> <span class='ocrx_word' id='word_1_858' title='bbox 2313 4067 2553 4133; x_wconf 90' lang='lat' dir='ltr'><strong>venisse,</strong></span> <span class='ocrx_word' id='word_1_859' title='bbox 2588 4074 2687 4127; x_wconf 89' lang='lat' dir='ltr'><strong>nisi</strong></span> <span class='ocrx_word' id='word_1_860' title='bbox 2730 4090 2951 4149; x_wconf 88' lang='lat' dir='ltr'><strong>propter</strong></span> <span class='ocrx_word' id='word_1_861' title='bbox 2978 4101 3163 4142; x_wconf 87' lang='lat' dir='ltr'><strong>eorum</strong></span> <span class='ocrx_word' id='word_1_862' title='bbox 3193 4091 3469 4153; x_wconf 88' lang='lat' dir='ltr'><strong>increduli-</strong></span> 
     </span>
    </p>
   </div>
   <div class='ocr_carea' id='block_1_102' title="bbox 1893 4148 3479 4249">
    <p class='ocr_par' dir='ltr' id='par_1_102' title="bbox 1893 4148 3479 4249">
     <span class='ocr_line' id='line_1_108' title="bbox 1893 4148 3479 4249; baseline 0.031 -55"><span class='ocrx_word' id='word_1_863' title='bbox 1893 4148 2100 4200; x_wconf 83' lang='lat' dir='ltr'><strong>tatem?</strong></span> <span class='ocrx_word' id='word_1_864' title='bbox 2139 4152 2516 4214; x_wconf 81' lang='lat' dir='ltr'><strong>Animadverle</strong></span> <span class='ocrx_word' id='word_1_865' title='bbox 2541 4177 2668 4234; x_wconf 83' lang='lat' dir='ltr'><strong>ergo</strong></span> <span class='ocrx_word' id='word_1_866' title='bbox 2703 4183 2814 4223; x_wconf 92' lang='lat' dir='ltr'><strong>rem</strong></span> <span class='ocrx_word' id='word_1_867' title='bbox 2850 4172 3017 4240; x_wconf 87' lang='lat' dir='ltr'><strong>ipsam</strong></span> <span class='ocrx_word' id='word_1_868' title='bbox 3050 4178 3167 4249; x_wconf 84' lang='lat' dir='ltr'><strong>ejus</strong></span> <span class='ocrx_word' id='word_1_869' title='bbox 3194 4191 3479 4243; x_wconf 82' lang='lat' dir='ltr'><strong>auctorita-</strong></span> 
     </span>
    </p>
   </div>
   <div class='ocr_carea' id='block_1_103' title="bbox 1893 4242 3479 4346">
    <p class='ocr_par' dir='ltr' id='par_1_103' title="bbox 1893 4242 3479 4346">
     <span class='ocr_line' id='line_1_109' title="bbox 1893 4242 3479 4346; baseline 0.032 -58"><span class='ocrx_word' id='word_1_870' title='bbox 1893 4244 1999 4290; x_wconf 91' lang='lat' dir='ltr'><strong>tem</strong></span> <span class='ocrx_word' id='word_1_871' title='bbox 2050 4242 2339 4302; x_wconf 82' lang='lat' dir='ltr'><strong>testiiicari.</strong></span> <span class='ocrx_word' id='word_1_872' title='bbox 2375 4248 2625 4321; x_wconf 86' lang='lat' dir='ltr'><strong>Vocavit,</strong></span> <span class='ocrx_word' id='word_1_873' title='bbox 2657 4268 2711 4311; x_wconf 90' lang='lat' dir='ltr'><strong>et</strong></span> <span class='ocrx_word' id='word_1_874' title='bbox 2758 4264 2953 4329; x_wconf 86' lang='lat' dir='ltr'><strong>prodiit</strong></span> <span class='ocrx_word' id='word_1_875' title='bbox 2985 4242 3229 4328; x_wconf 73' lang='lat' dir='ltr'><strong>mortuus</strong></span> <span class='ocrx_word' id='word_1_876' title='bbox 3267 4276 3479 4346; x_wconf 45' lang='lat' dir='ltr'><strong>ligatus.</strong></span> 
     </span>
     <span class='ocr_line' id='line_1_110' title="bbox 1894 4325 2235 4346; baseline 0.026 -9"><span class='ocrx_word' id='word_1_877' title='bbox 1894 4325 1952 4346; x_wconf 86' lang='lat'><strong>.,.</strong></span> <span class='ocrx_word' id='word_1_878' title='bbox 2189 4335 2235 4346; x_wconf 91' lang='lat'><strong>..</strong></span> 
     </span>
    </p>
   </div>
   <div class='ocr_carea' id='block_1_104' title="bbox 1892 4325 3553 4435">
    <p class='ocr_par' dir='ltr' id='par_1_104' title="bbox 1892 4325 3553 4435">
     <span class='ocr_line' id='line_1_111' title="bbox 2759 4325 3479 4346; baseline 0.031 -17"><span class='ocrx_word' id='word_1_879' title='bbox 2759 4325 2770 4329; x_wconf 83' lang='grc'><strong><em>-</em></strong></span> <span class='ocrx_word' id='word_1_880' title='bbox 3175 4325 3225 4328; x_wconf 57' lang='grc'><strong>”’</strong></span> <span class='ocrx_word' id='word_1_881' title='bbox 3268 4325 3428 4346; x_wconf 29' lang='lat' dir='ltr'><strong>&quot;O—V&quot;</strong></span> <span class='ocrx_word' id='word_1_882' title='bbox 3467 4325 3479 4338; x_wconf 87' lang='grc'><strong><em>⁸</em></strong></span> 
     </span>
     <span class='ocr_line' id='line_1_112' title="bbox 1892 4325 3553 4435; baseline 0.031 -56"><span class='ocrx_word' id='word_1_883' title='bbox 1892 4325 2026 4384; x_wconf 90' lang='lat' dir='ltr'><strong>llinc</strong></span> <span class='ocrx_word' id='word_1_884' title='bbox 2054 4346 2119 4385; x_wconf 89' lang='lat' dir='ltr'><strong>ne</strong></span> <span class='ocrx_word' id='word_1_885' title='bbox 2152 4335 2423 4393; x_wconf 86' lang='lat' dir='ltr'><strong>videretur</strong></span> <span class='ocrx_word' id='word_1_886' title='bbox 2452 4359 2535 4397; x_wconf 87' lang='lat' dir='ltr'><strong>res</strong></span> <span class='ocrx_word' id='word_1_887' title='bbox 2562 4362 2681 4401; x_wconf 88' lang='lat' dir='ltr'><strong>esse</strong></span> <span class='ocrx_word' id='word_1_888' title='bbox 2712 4352 3023 4419; x_wconf 87' lang='lat' dir='ltr'><strong>phantasma</strong></span> <span class='ocrx_word' id='word_1_889' title='bbox 3070 4362 3088 4431; x_wconf 93' lang='lat'><strong>(</strong></span> <span class='ocrx_word' id='word_1_890' title='bbox 3114 4380 3233 4419; x_wconf 88' lang='lat' dir='ltr'><strong>nam</strong></span> <span class='ocrx_word' id='word_1_891' title='bbox 3266 4374 3483 4435; x_wconf 79' lang='lat' dir='ltr'><strong>prodire</strong></span> <span class='ocrx_word' id='word_1_892' title='bbox 3550 4404 3553 4405; x_wconf 52' lang='grc' dir='ltr'><em>ν</em></span> 
     </span>
     <span class='ocr_line' id='line_1_113' title="bbox 1892 4416 2347 4435; baseline 0.031 0"><span class='ocrx_word' id='word_1_893' title='bbox 1892 4416 1924 4435; x_wconf 89' lang='lat' dir='ltr'><strong>I&#39;</strong></span> <span class='ocrx_word' id='word_1_894' title='bbox 1943 4434 1949 4435; x_wconf 40' lang='grc' dir='ltr'><em>γ</em></span> <span class='ocrx_word' id='word_1_895' title='bbox 2005 4433 2010 4435; x_wconf 86' lang='grc'><strong>-</strong></span> <span class='ocrx_word' id='word_1_896' title='bbox 2338 4431 2347 4435; x_wconf 76' lang='grc'><strong>⁸</strong></span> 
     </span>
    </p>
   </div>
   <div class='ocr_carea' id='block_1_105' title="bbox 1890 4416 3480 4527">
    <p class='ocr_par' dir='ltr' id='par_1_105' title="bbox 1890 4416 3480 4527">
     <span class='ocr_line' id='line_1_114' title="bbox 2712 4416 3480 4435; baseline 0.033 -32"><span class='ocrx_word' id='word_1_897' title='bbox 2712 4416 2726 4419; x_wconf 84' lang='lat'>_</span> <span class='ocrx_word' id='word_1_898' title='bbox 3074 4416 3085 4431; x_wconf 32' lang='grc' dir='ltr'><strong>κ</strong></span> <span class='ocrx_word' id='word_1_899' title='bbox 3266 4416 3480 4435; x_wconf 51' lang='grc' dir='ltr'><strong>Γαμηυ</strong></span> 
     </span>
     <span class='ocr_line' id='line_1_115' title="bbox 1890 4416 3480 4527; baseline 0.031 -59"><span class='ocrx_word' id='word_1_900' title='bbox 1890 4416 2109 4488; x_wconf 87' lang='lat' dir='ltr'><strong>ligatum</strong></span> <span class='ocrx_word' id='word_1_901' title='bbox 2143 4441 2247 4479; x_wconf 89' lang='lat' dir='ltr'><strong>non</strong></span> <span class='ocrx_word' id='word_1_902' title='bbox 2279 4431 2457 4487; x_wconf 89' lang='lat' dir='ltr'><strong>minus</strong></span> <span class='ocrx_word' id='word_1_903' title='bbox 2477 4438 2850 4497; x_wconf 87' lang='lat' dir='ltr'><strong>admirandum</strong></span> <span class='ocrx_word' id='word_1_904' title='bbox 2880 4449 3178 4519; x_wconf 77' lang='lat' dir='ltr'><strong>videbatur,</strong></span> <span class='ocrx_word' id='word_1_905' title='bbox 3207 4474 3363 4527; x_wconf 90' lang='lat' dir='ltr'><strong>quam</strong></span> <span class='ocrx_word' id='word_1_906' title='bbox 3393 4480 3480 4516; x_wconf 77' lang='lat' dir='ltr'><strong>re-</strong></span> 
     </span>
    </p>
   </div>
   <div class='ocr_carea' id='block_1_106' title="bbox 1890 4514 3479 4610">
    <p class='ocr_par' dir='ltr' id='par_1_106' title="bbox 1890 4514 3479 4610">
     <span class='ocr_line' id='line_1_116' title="bbox 1890 4514 3479 4610; baseline 0.031 -49"><span class='ocrx_word' id='word_1_907' title='bbox 1890 4514 2169 4585; x_wconf 78' lang='lat' dir='ltr'><strong>surgere),</strong></span> <span class='ocrx_word' id='word_1_908' title='bbox 2197 4518 2363 4575; x_wconf 79' lang='lat' dir='ltr'><strong>Jussit</strong></span> <span class='ocrx_word' id='word_1_909' title='bbox 2389 4526 2514 4580; x_wconf 84' lang='lat' dir='ltr'><strong>solvi</strong></span> <span class='ocrx_word' id='word_1_910' title='bbox 2543 4530 2709 4598; x_wconf 84' lang='lat' dir='ltr'><strong>illum,</strong></span> <span class='ocrx_word' id='word_1_911' title='bbox 2746 4545 2801 4588; x_wconf 90' lang='lat' dir='ltr'><strong>ut</strong></span> <span class='ocrx_word' id='word_1_912' title='bbox 2837 4547 3115 4609; x_wconf 84' lang='lat' dir='ltr'><strong>tangentes</strong></span> <span class='ocrx_word' id='word_1_913' title='bbox 3142 4560 3189 4601; x_wconf 90' lang='lat' dir='ltr'><strong>et</strong></span> <span class='ocrx_word' id='word_1_914' title='bbox 3222 4554 3479 4610; x_wconf 79' lang='lat' dir='ltr'><strong>acceden-</strong></span> 
     </span>
    </p>
   </div>
   <div class='ocr_carea' id='block_1_107' title="bbox 1894 4606 3483 4702">
    <p class='ocr_par' dir='ltr' id='par_1_107' title="bbox 1894 4606 3483 4702">
     <span class='ocr_line' id='line_1_117' title="bbox 1894 4606 3483 4702; baseline 0.03 -47"><span class='ocrx_word' id='word_1_915' title='bbox 1894 4610 1972 4656; x_wconf 87' lang='lat' dir='ltr'><strong>tes</strong></span> <span class='ocrx_word' id='word_1_916' title='bbox 1994 4606 2234 4664; x_wconf 84' lang='lat' dir='ltr'><strong>viderent</strong></span> <span class='ocrx_word' id='word_1_917' title='bbox 2259 4630 2382 4669; x_wconf 87' lang='lat' dir='ltr'><strong>vere</strong></span> <span class='ocrx_word' id='word_1_918' title='bbox 2413 4618 2560 4673; x_wconf 90' lang='lat' dir='ltr'><strong>illum</strong></span> <span class='ocrx_word' id='word_1_919' title='bbox 2587 4638 2729 4683; x_wconf 74' lang='lat' dir='ltr'><strong>esse.</strong></span> <span class='ocrx_word' id='word_1_920' title='bbox 2755 4627 2821 4682; x_wconf 86' lang='lat' dir='ltr'><strong>Et</strong></span> <span class='ocrx_word' id='word_1_921' title='bbox 2847 4606 2999 4699; x_wconf 82' lang='lat' dir='ltr'><strong>dixit,</strong></span> <span class='ocrx_word' id='word_1_922' title='bbox 3028 4637 3115 4691; x_wconf 70' lang='lat' dir='ltr'><strong>4i.</strong></span> <span class='ocrx_word' id='word_1_923' title='bbox 3148 4640 3312 4697; x_wconf 85' lang='lat' dir='ltr'><strong>Sinite</strong></span> <span class='ocrx_word' id='word_1_924' title='bbox 3338 4606 3483 4702; x_wconf 61' lang='lat' dir='ltr'><strong>illum</strong></span> 
     </span>
    </p>
   </div>
   <div class='ocr_carea' id='block_1_108' title="bbox 1890 4693 3483 4795">
    <p class='ocr_par' dir='ltr' id='par_1_108' title="bbox 1890 4693 3483 4795">
     <span class='ocr_line' id='line_1_118' title="bbox 1890 4693 3483 4795; baseline 0.033 -52"><span class='ocrx_word' id='word_1_925' title='bbox 1890 4693 2045 4748; x_wconf 87' lang='lat' dir='ltr'><strong>abire.</strong></span> <span class='ocrx_word' id='word_1_926' title='bbox 2078 4697 2263 4755; x_wconf 78' lang='lat' dir='ltr'><strong>Viden‘</strong></span> <span class='ocrx_word' id='word_1_927' title='bbox 2284 4720 2442 4775; x_wconf 88' lang='lat' dir='ltr'><strong>quam</strong></span> <span class='ocrx_word' id='word_1_928' title='bbox 2472 4712 2542 4765; x_wconf 90' lang='lat' dir='ltr'><strong>sit</strong></span> <span class='ocrx_word' id='word_1_929' title='bbox 2561 4714 2765 4771; x_wconf 84' lang='lat' dir='ltr'><strong>alienus</strong></span> <span class='ocrx_word' id='word_1_930' title='bbox 2785 4735 2813 4772; x_wconf 91' lang='lat' dir='ltr'><strong>a</strong></span> <span class='ocrx_word' id='word_1_931' title='bbox 2843 4693 3030 4779; x_wconf 34' lang='lat' dir='ltr'><strong>fastu&#39;?</strong></span> <span class='ocrx_word' id='word_1_932' title='bbox 3057 4729 3172 4786; x_wconf 85' lang='lat' dir='ltr'><strong>Non</strong></span> <span class='ocrx_word' id='word_1_933' title='bbox 3200 4733 3342 4790; x_wconf 91' lang='lat' dir='ltr'><strong>ducit</strong></span> <span class='ocrx_word' id='word_1_934' title='bbox 3360 4754 3483 4795; x_wconf 88' lang='lat' dir='ltr'><strong>eum</strong></span> 
     </span>
    </p>
   </div>
   <div class='ocr_carea' id='block_1_109' title="bbox 1891 4800 3483 4887">
    <p class='ocr_par' dir='ltr' id='par_1_109' title="bbox 1891 4800 3483 4887">
     <span class='ocr_line' id='line_1_119' title="bbox 1891 4800 3483 4887; baseline 0.031 -49"><span class='ocrx_word' id='word_1_935' title='bbox 1891 4800 2095 4852; x_wconf 90' lang='lat' dir='ltr'><strong>secum,</strong></span> <span class='ocrx_word' id='word_1_936' title='bbox 2133 4809 2304 4863; x_wconf 86' lang='lat' dir='ltr'><strong>neque</strong></span> <span class='ocrx_word' id='word_1_937' title='bbox 2332 4803 2477 4869; x_wconf 89' lang='lat' dir='ltr'><strong>sequi</strong></span> <span class='ocrx_word' id='word_1_938' title='bbox 2508 4820 2566 4858; x_wconf 76' lang='lat' dir='ltr'><strong>se</strong></span> <span class='ocrx_word' id='word_1_939' title='bbox 2587 4806 2759 4875; x_wconf 86' lang='lat' dir='ltr'><strong>jubet,</strong></span> <span class='ocrx_word' id='word_1_940' title='bbox 2791 4827 2857 4867; x_wconf 92' lang='lat' dir='ltr'><strong>ne</strong></span> <span class='ocrx_word' id='word_1_941' title='bbox 2886 4816 3129 4875; x_wconf 88' lang='lat' dir='ltr'><strong>videatur</strong></span> <span class='ocrx_word' id='word_1_942' title='bbox 3157 4838 3277 4882; x_wconf 88' lang='lat' dir='ltr'><strong>sese</strong></span> <span class='ocrx_word' id='word_1_943' title='bbox 3298 4841 3483 4887; x_wconf 86' lang='lat' dir='ltr'><strong>osten-</strong></span> 
     </span>
    </p>
   </div>
   <div class='ocr_carea' id='block_1_110' title="bbox 1894 4886 3485 4981">
    <p class='ocr_par' dir='ltr' id='par_1_110' title="bbox 1894 4886 3485 4981">
     <span class='ocr_line' id='line_1_120' title="bbox 1894 4886 3485 4981; baseline 0.033 -54"><span class='ocrx_word' id='word_1_944' title='bbox 1894 4886 2005 4932; x_wconf 76' lang='lat' dir='ltr'><strong>tare</strong></span> <span class='ocrx_word' id='word_1_945' title='bbox 2039 4898 2049 4929; x_wconf 75' lang='grc' dir='ltr'><strong>ε</strong></span> <span class='ocrx_word' id='word_1_946' title='bbox 2084 4890 2225 4939; x_wconf 74' lang='lat' dir='ltr'><strong>tanta</strong></span> <span class='ocrx_word' id='word_1_947' title='bbox 2276 4891 2523 4947; x_wconf 88' lang='lat' dir='ltr'><strong>utebatur</strong></span> <span class='ocrx_word' id='word_1_948' title='bbox 2575 4898 2854 4957; x_wconf 83' lang='lat' dir='ltr'><strong>modestia.</strong></span> <span class='ocrx_word' id='word_1_949' title='bbox 2897 4906 3116 4978; x_wconf 82' lang='lat' dir='ltr'><strong>Signum</strong></span> <span class='ocrx_word' id='word_1_950' title='bbox 3162 4926 3364 4975; x_wconf 90' lang='lat' dir='ltr'><strong>tantum</strong></span> <span class='ocrx_word' id='word_1_951' title='bbox 3399 4929 3485 4981; x_wconf 87' lang='lat' dir='ltr'><strong>alii</strong></span> 
     </span>
    </p>
   </div>
   <div class='ocr_carea' id='block_1_111' title="bbox 1893 4970 3487 5081">
    <p class='ocr_par' dir='ltr' id='par_1_111' title="bbox 1893 4970 3487 5081">
     <span class='ocr_line' id='line_1_121' title="bbox 1893 4970 3487 5081; baseline 0.034 -64"><span class='ocrx_word' id='word_1_952' title='bbox 1893 4970 2245 5041; x_wconf 88' lang='lat' dir='ltr'><strong>mirabantur,</strong></span> <span class='ocrx_word' id='word_1_953' title='bbox 2275 4980 2362 5031; x_wconf 91' lang='lat' dir='ltr'><strong>alii</strong></span> <span class='ocrx_word' id='word_1_954' title='bbox 2393 4982 2676 5041; x_wconf 70' lang='lat' dir='ltr'><strong>Pharismis</strong></span> <span class='ocrx_word' id='word_1_955' title='bbox 2718 4997 3119 5059; x_wconf 82' lang='lat' dir='ltr'><strong>nuntiaverunt.</strong></span> <span class='ocrx_word' id='word_1_956' title='bbox 3153 5006 3292 5073; x_wconf 87' lang='lat' dir='ltr'><strong>Quid</strong></span> <span class='ocrx_word' id='word_1_957' title='bbox 3328 5013 3487 5081; x_wconf 81' lang='lat' dir='ltr'><strong>igitur</strong></span> 
     </span>
     <span class='ocr_line' id='line_1_122' title="bbox 1894 5060 2526 5081; baseline 0.033 0"><span class='ocrx_word' id='word_1_958' title='bbox 1894 5060 2006 5081; x_wconf 64' lang='grc'><strong>2118⁸1</strong></span> <span class='ocrx_word' id='word_1_959' title='bbox 2028 5064 2065 5081; x_wconf 72' lang='grc' dir='ltr'><em>Π</em></span> <span class='ocrx_word' id='word_1_960' title='bbox 2247 5070 2257 5079; x_wconf 83' lang='grc'><strong>⁸</strong></span> <span class='ocrx_word' id='word_1_961' title='bbox 2357 5075 2366 5081; x_wconf 82' lang='grc'><strong><em>⁵</em></strong></span> <span class='ocrx_word' id='word_1_962' title='bbox 2517 5078 2526 5081; x_wconf 68' lang='grc'><strong>’</strong></span> 
     </span>
    </p>
   </div>
   <div class='ocr_carea' id='block_1_112' title="bbox 1894 5060 3481 5163">
    <p class='ocr_par' dir='ltr' id='par_1_112' title="bbox 1894 5060 3481 5163">
     <span class='ocr_line' id='line_1_123' title="bbox 1894 5060 3481 5163; baseline 0.03 -52"><span class='ocrx_word' id='word_1_963' title='bbox 1894 5060 2006 5113; x_wconf 88' lang='lat' dir='ltr'><strong>illi?</strong></span> <span class='ocrx_word' id='word_1_964' title='bbox 2027 5064 2156 5117; x_wconf 86' lang='lat' dir='ltr'><strong>Cum</strong></span> <span class='ocrx_word' id='word_1_965' title='bbox 2190 5070 2367 5125; x_wconf 90' lang='lat' dir='ltr'><strong>mirari</strong></span> <span class='ocrx_word' id='word_1_966' title='bbox 2400 5086 2451 5126; x_wconf 89' lang='lat' dir='ltr'><strong>et</strong></span> <span class='ocrx_word' id='word_1_967' title='bbox 2480 5078 2858 5150; x_wconf 83' lang='lat' dir='ltr'><strong>obstupescere</strong></span> <span class='ocrx_word' id='word_1_968' title='bbox 2889 5095 3236 5163; x_wconf 84' lang='lat' dir='ltr'><strong>oportuisset,</strong></span> <span class='ocrx_word' id='word_1_969' title='bbox 3261 5060 3481 5157; x_wconf 60' lang='lat' dir='ltr'><strong>corisnl-</strong></span> 
     </span>
    </p>
   </div>
   <div class='ocr_carea' id='block_1_113' title="bbox 1892 5158 3485 5249">
    <p class='ocr_par' dir='ltr' id='par_1_113' title="bbox 1892 5158 3485 5249">
     <span class='ocr_line' id='line_1_124' title="bbox 1892 5158 3485 5249; baseline 0.03 -46"><span class='ocrx_word' id='word_1_970' title='bbox 1892 5159 2003 5206; x_wconf 84' lang='lat' dir='ltr'><strong>tant</strong></span> <span class='ocrx_word' id='word_1_971' title='bbox 2032 5166 2086 5208; x_wconf 89' lang='lat' dir='ltr'><strong>ut</strong></span> <span class='ocrx_word' id='word_1_972' title='bbox 2117 5158 2263 5213; x_wconf 92' lang='lat' dir='ltr'><strong>illum</strong></span> <span class='ocrx_word' id='word_1_973' title='bbox 2309 5162 2650 5236; x_wconf 79' lang='lat' dir='ltr'><strong>interﬁciant,</strong></span> <span class='ocrx_word' id='word_1_974' title='bbox 2678 5175 2766 5244; x_wconf 91' lang='lat' dir='ltr'><strong>qui</strong></span> <span class='ocrx_word' id='word_1_975' title='bbox 2804 5158 3068 5238; x_wconf 84' lang='lat' dir='ltr'><strong>mortuun.</strong></span> <span class='ocrx_word' id='word_1_976' title='bbox 3100 5158 3395 5248; x_wconf 87' lang='lat' dir='ltr'><strong>suscitavit.</strong></span> <span class='ocrx_word' id='word_1_977' title='bbox 3441 5197 3485 5249; x_wconf 92' lang='grc' dir='ltr'>Ο</span> 
     </span>
    </p>
   </div>
   <div class='ocr_carea' id='block_1_114' title="bbox 1891 5242 3479 5343">
    <p class='ocr_par' dir='ltr' id='par_1_114' title="bbox 1891 5242 3479 5343">
     <span class='ocr_line' id='line_1_125' title="bbox 1891 5242 3479 5343; baseline 0.03 -49"><span class='ocrx_word' id='word_1_978' title='bbox 1891 5242 2245 5313; x_wconf 64' lang='lat' dir='ltr'><strong>insipientiam</strong></span> <span class='ocrx_word' id='word_1_979' title='bbox 2282 5253 2296 5307; x_wconf 90' lang='lat'><strong>!</strong></span> <span class='ocrx_word' id='word_1_980' title='bbox 2346 5254 2479 5310; x_wconf 83' lang='lat' dir='ltr'><strong>Eum</strong></span> <span class='ocrx_word' id='word_1_981' title='bbox 2524 5261 2611 5328; x_wconf 89' lang='lat' dir='ltr'><strong>qui</strong></span> <span class='ocrx_word' id='word_1_982' title='bbox 2644 5242 2709 5317; x_wconf 26' lang='lat' dir='ltr'><strong>inv</strong></span> <span class='ocrx_word' id='word_1_983' title='bbox 2743 5266 2864 5323; x_wconf 86' lang='lat' dir='ltr'><strong>aliis</strong></span> <span class='ocrx_word' id='word_1_984' title='bbox 2907 5277 3222 5343; x_wconf 85' lang='lat' dir='ltr'><strong>corporibus</strong></span> <span class='ocrx_word' id='word_1_985' title='bbox 3253 5294 3479 5340; x_wconf 87' lang='lat' dir='ltr'><strong>mortem</strong></span> 
     </span>
    </p>
   </div>
   <div class='ocr_carea' id='block_1_115' title="bbox 1889 5348 3477 5439">
    <p class='ocr_par' dir='ltr' id='par_1_115' title="bbox 1889 5348 3477 5439">
     <span class='ocr_line' id='line_1_126' title="bbox 1889 5348 3477 5439; baseline 0.03 -55"><span class='ocrx_word' id='word_1_986' title='bbox 1889 5348 2266 5404; x_wconf 84' lang='lat' dir='ltr'><strong>superaverat,</strong></span> <span class='ocrx_word' id='word_1_987' title='bbox 2293 5348 2448 5399; x_wconf 89' lang='lat' dir='ltr'><strong>morti</strong></span> <span class='ocrx_word' id='word_1_988' title='bbox 2478 5363 2534 5403; x_wconf 88' lang='lat' dir='ltr'><strong>se</strong></span> <span class='ocrx_word' id='word_1_989' title='bbox 2563 5353 2849 5411; x_wconf 88' lang='lat' dir='ltr'><strong>tradituros</strong></span> <span class='ocrx_word' id='word_1_990' title='bbox 2875 5375 2993 5416; x_wconf 88' lang='lat' dir='ltr'><strong>esse</strong></span> <span class='ocrx_word' id='word_1_991' title='bbox 3020 5369 3293 5439; x_wconf 89' lang='lat' dir='ltr'><strong>putabant,</strong></span> <span class='ocrx_word' id='word_1_992' title='bbox 3315 5384 3369 5428; x_wconf 90' lang='lat' dir='ltr'><strong>et</strong></span> <span class='ocrx_word' id='word_1_993' title='bbox 3400 5375 3477 5430; x_wconf 91' lang='lat' dir='ltr'><strong>di-</strong></span> 
     </span>
    </p>
   </div>
   <div class='ocr_carea' id='block_1_116' title="bbox 1887 5428 3477 5536">
    <p class='ocr_par' dir='ltr' id='par_1_116' title="bbox 1887 5428 3477 5536">
     <span class='ocr_line' id='line_1_127' title="bbox 1887 5428 3477 5536; baseline 0.028 -61"><span class='ocrx_word' id='word_1_994' title='bbox 1887 5435 2014 5479; x_wconf 89' lang='lat' dir='ltr'><strong>cunt</strong></span> <span class='ocrx_word' id='word_1_995' title='bbox 2036 5469 2050 5490; x_wconf 95' lang='lat'><strong>,</strong></span> <span class='ocrx_word' id='word_1_996' title='bbox 2104 5428 2193 5485; x_wconf 67' lang='grc'><strong>47.</strong></span> <span class='ocrx_word' id='word_1_997' title='bbox 2231 5432 2368 5498; x_wconf 84' lang='lat' dir='ltr'><strong>Quid</strong></span> <span class='ocrx_word' id='word_1_998' title='bbox 2408 5438 2654 5507; x_wconf 77' lang='lat' dir='ltr'><strong>facimus,</strong></span> <span class='ocrx_word' id='word_1_999' title='bbox 2697 5449 2815 5515; x_wconf 86' lang='lat' dir='ltr'><strong>quia</strong></span> <span class='ocrx_word' id='word_1_1000' title='bbox 2847 5450 2928 5503; x_wconf 80' lang='lat' dir='ltr'><strong>llic</strong></span> <span class='ocrx_word' id='word_1_1001' title='bbox 2958 5428 3109 5510; x_wconf 63' lang='lat' dir='ltr'><strong>hoino</strong></span> <span class='ocrx_word' id='word_1_1002' title='bbox 3140 5428 3297 5515; x_wconf 73' lang='lat' dir='ltr'><strong>multa</strong></span> <span class='ocrx_word' id='word_1_1003' title='bbox 3334 5464 3477 5536; x_wconf 88' lang='lat' dir='ltr'><strong>signa</strong></span> 
     </span>
    </p>
   </div>
   <div class='ocr_carea' id='block_1_117' title="bbox 1888 5516 3478 5619">
    <p class='ocr_par' dir='ltr' id='par_1_117' title="bbox 1888 5516 3478 5619">
     <span class='ocr_line' id='line_1_128' title="bbox 1888 5516 3478 5619; baseline 0.03 -55"><span class='ocrx_word' id='word_1_1004' title='bbox 1888 5516 2061 5585; x_wconf 80' lang='lat' dir='ltr'><strong>facit?</strong></span> <span class='ocrx_word' id='word_1_1005' title='bbox 2092 5518 2373 5579; x_wconf 83' lang='lat' dir='ltr'><strong>Hominem</strong></span> <span class='ocrx_word' id='word_1_1006' title='bbox 2424 5529 2570 5585; x_wconf 90' lang='lat' dir='ltr'><strong>illum</strong></span> <span class='ocrx_word' id='word_1_1007' title='bbox 2603 5536 2778 5593; x_wconf 86' lang='lat' dir='ltr'><strong>adhuc</strong></span> <span class='ocrx_word' id='word_1_1008' title='bbox 2824 5555 3047 5613; x_wconf 77' lang='lat' dir='ltr'><strong>vocant,</strong></span> <span class='ocrx_word' id='word_1_1009' title='bbox 3080 5550 3171 5619; x_wconf 91' lang='lat' dir='ltr'><strong>qui</strong></span> <span class='ocrx_word' id='word_1_1010' title='bbox 3221 5553 3360 5607; x_wconf 89' lang='lat' dir='ltr'><strong>illius</strong></span> <span class='ocrx_word' id='word_1_1011' title='bbox 3378 5516 3478 5611; x_wconf 43' lang='lat' dir='ltr'><strong>adi-</strong></span> 
     </span>
    </p>
   </div>
   <div class='ocr_carea' id='block_1_118' title="bbox 1890 5604 3477 5712">
    <p class='ocr_par' dir='ltr' id='par_1_118' title="bbox 1890 5604 3477 5712">
     <span class='ocr_line' id='line_1_129' title="bbox 1890 5604 3477 5712; baseline 0.03 -57"><span class='ocrx_word' id='word_1_1012' title='bbox 1890 5604 2124 5663; x_wconf 70' lang='lat' dir='ltr'><strong>vinitatis</strong></span> <span class='ocrx_word' id='word_1_1013' title='bbox 2167 5620 2364 5669; x_wconf 86' lang='lat' dir='ltr'><strong>tantam</strong></span> <span class='ocrx_word' id='word_1_1014' title='bbox 2405 5634 2727 5691; x_wconf 88' lang='lat' dir='ltr'><strong>acceperant</strong></span> <span class='ocrx_word' id='word_1_1015' title='bbox 2774 5604 3308 5697; x_wconf 68' lang='lat' dir='ltr'><strong>demonstrationem.</strong></span> <span class='ocrx_word' id='word_1_1016' title='bbox 3342 5646 3477 5712; x_wconf 81' lang='lat' dir='ltr'><strong>Quid</strong></span> 
     </span>
    </p>
   </div>
   <div class='ocr_carea' id='block_1_119' title="bbox 1887 5698 3473 5803">
    <p class='ocr_par' dir='ltr' id='par_1_119' title="bbox 1887 5698 3473 5803">
     <span class='ocr_line' id='line_1_130' title="bbox 1887 5698 3473 5803; baseline 0.028 -55"><span class='ocrx_word' id='word_1_1017' title='bbox 1887 5698 2101 5762; x_wconf 81' lang='lat' dir='ltr'><strong>facimus</strong></span> <span class='ocrx_word' id='word_1_1018' title='bbox 2122 5704 2147 5753; x_wconf 74' lang='lat'><strong>.9</strong></span> <span class='ocrx_word' id='word_1_1019' title='bbox 2170 5704 2400 5764; x_wconf 82' lang='lat' dir='ltr'><strong>Credere</strong></span> <span class='ocrx_word' id='word_1_1020' title='bbox 2427 5717 2727 5784; x_wconf 86' lang='lat' dir='ltr'><strong>oportebat,</strong></span> <span class='ocrx_word' id='word_1_1021' title='bbox 2754 5722 2925 5791; x_wconf 88' lang='lat' dir='ltr'><strong>ipsum</strong></span> <span class='ocrx_word' id='word_1_1022' title='bbox 2949 5730 3125 5785; x_wconf 88' lang='lat' dir='ltr'><strong>colere</strong></span> <span class='ocrx_word' id='word_1_1023' title='bbox 3148 5741 3201 5787; x_wconf 90' lang='lat' dir='ltr'><strong>et</strong></span> <span class='ocrx_word' id='word_1_1024' title='bbox 3224 5733 3473 5803; x_wconf 86' lang='lat' dir='ltr'><strong>adorare,</strong></span> 
     </span>
    </p>
   </div>
   <div class='ocr_carea' id='block_1_120' title="bbox 1888 5800 3470 5884">
    <p class='ocr_par' dir='ltr' id='par_1_120' title="bbox 1888 5800 3470 5884">
     <span class='ocr_line' id='line_1_131' title="bbox 1888 5800 3470 5884; baseline 0.025 -39"><span class='ocrx_word' id='word_1_1025' title='bbox 1888 5808 2059 5860; x_wconf 82' lang='lat' dir='ltr'><strong>neque</strong></span> <span class='ocrx_word' id='word_1_1026' title='bbox 2108 5800 2334 5866; x_wconf 79' lang='lat' dir='ltr'><strong>amplius</strong></span> <span class='ocrx_word' id='word_1_1027' title='bbox 2381 5805 2647 5865; x_wconf 90' lang='lat' dir='ltr'><strong>hominem</strong></span> <span class='ocrx_word' id='word_1_1028' title='bbox 2686 5815 3016 5877; x_wconf 76' lang='lat' dir='ltr'><strong>existimare.</strong></span> <span class='ocrx_word' id='word_1_1029' title='bbox 3050 5824 3138 5878; x_wconf 71' lang='grc'><strong>48.</strong></span> <span class='ocrx_word' id='word_1_1030' title='bbox 3175 5826 3234 5882; x_wconf 84' lang='lat' dir='ltr'><strong>Si</strong></span> <span class='ocrx_word' id='word_1_1031' title='bbox 3266 5828 3470 5884; x_wconf 81' lang='lat' dir='ltr'><strong>dimitti-</strong></span> 
     </span>
    </p>
   </div>
  </div>
