4164 6330
693 335 794 391 359

689 466 798 502 nitu
817 464 928 502 eunt
951 447 1045 513 sic,
1068 444 1254 498 venient
1283 440 1519 504 Romani,
1546 449 1592 494 et
1617 439 1792 493 tollent
1815 446 2006 509 gentem
2033 443 2253 490 nostram

694 549 737 592 ct
779 537 1043 591 ciuitatem.
1073 532 1207 598 Quid
1231 534 1400 586 tacere
1429 529 1719 584 deliberant
1751 529 1813 582 '2
1843 527 2093 596 Populum
2118 539 2249 579 eon-

688 630 853 683 citare
878 627 1089 690 volunt,
1120 633 1176 678 ut
1206 621 1619 693 periclitaturum
1649 621 1718 675 ob
1748 618 2042 690 tyrannidis
2078 616 2249 685 suspi-

686 721 914 773 cionem.
941 715 995 771 Si
1035 715 1245 769 discant
1287 713 1506 766 Romani
1540 713 1710 779 ipsum
1749 712 2107 780 circumagere
2137 717 2248 762 tur-

688 811 825 874 bam,
854 822 952 862 nos
975 816 1245 875 suspectos
1273 805 1561 870 habebunt,
1610 816 1663 858 et
1709 803 1918 858 venient
1958 802 2246 869 tollentque

685 911 917 955 nostram
962 899 1247 953 civitatem.
1297 895 1404 950 Cnr
1445 894 1670 965 qumsu‘l
1719 909 1844 947 num
1893 890 2243 947 defectionem

680 988 904 1043 docebat
932 988 955 1040 ?
982 1000 1159 1041 nonne
1178 984 1395 1053 iubebat
1426 985 1675 1036 tributum
1703 982 1829 1034 dare
1865 978 2107 1034 (ἔπιθι-εἳ
2146 993 2241 1032 an-

684 1094 786 1131 non
810 1092 929 1131 eum
953 1077 1097 1130 illum
1120 1088 1297 1143 regem
1322 1073 1492 1127 facere
1510 1071 1785 1135 volebatis,
1808 1068 2007 1139 aufugit
2022 1068 2046 1122 2
2064 1084 2239 1123 atinon

685 1170 842 1222 vilem
872 1176 925 1222 et
942 1167 1054 1220 sine
1079 1164 1218 1219 fastu
1249 1164 1407 1217 vitam
1435 1161 1679 1228 ducebat,
1710 1161 1825 1217 sine
1848 1160 2007 1215 domo
2044 1168 2099 1214 et
2122 1160 2239 1213 aliis

682 1258 978 1330 hujusmodi
1004 1258 1026 1311 τ
1054 1258 1176 1312 Haec
1200 1255 1464 1321 dicebant,
1499 1270 1602 1309 non
1636 1261 1950 1315 metuentes,
1972 1250 2062 1306 sed
2094 1251 2237 1304 invi-

677 1351 884 1404 dentes.
932 1348 1122 1403 Verum
1156 1348 1205 1400 id
1249 1346 1502 1415 contigit,
1548 1344 1688 1414 quod
1721 1343 1935 1397 minime
1964 1350 2238 1409 exspecta-

679 1442 834 1502 bant,
862 1452 916 1496 et
945 1452 1152 1507 gentem
1191 1448 1243 1492 et
1279 1437 1459 1491 urbem
1491 1446 1737 1501 ceperunt
1767 1474 1780 1495 ,
1811 1434 1929 1501 quia
1967 1431 2233 1485 Christum

678 1533 775 1600 ipsi
806 1532 1130 1588 occiderant.
1162 1529 1326 1583 Erant
1365 1536 1510 1596 gesta
1561 1526 1703 1579 illius
1751 1523 1927 1592 procul
1958 1522 2099 1576 omni
2146 1536 2234 1575 su-

674 1626 931 1693 spicione.
959 1622 1088 1675 Nam
1118 1620 1205 1689 qui
1232 1633 1402 1687 mgros
1431 1615 1645 1671 sanabat
1675 1656 1689 1681 ,
1722 1617 1810 1685 qui
1837 1614 2089 1683 optimum
2115 1613 2233 1665 vitae

672 1718 962 1771 institutum
1007 1713 1245 1778 docebat,
1280 1720 1334 1766 et
1363 1708 1681 1779 principibus
1708 1721 1891 1776 parere
1911 1705 2153 1774 jubebat,
2188 1705 2233 1758 is

672 1822 773 1861 non
817 1804 1114 1870 affectabat,
1144 1802 1234 1857 sed
1264 1800 1599 1872 propulsabat
1630 1797 1976 1871 tyrannidem.
2022 1798 2087 1849 At
2107 1836 2122 1861 ,
2153 1797 2230 1849 in-

670 1900 891 1967 quiunt,
923 1897 975 1951 id
1011 1912 1074 1951 ex
1108 1894 1469 1963 superioribus
1494 1890 1872 1960 conjectamus.
1907 1886 2102 1942 Verum
2131 1887 2228 1956 ipsi

670 1986 1023 2044 defectionem
1052 1984 1329 2045 docebant,
1378 1998 1531 2035 secus
1576 1980 1684 2033 ille.
1736 1978 1920 2033 Viden'
1960 1977 2045 2031 illa
2091 1976 2227 2030 dicta

670 2076 1058 2132 simulationem
1090 2074 1298 2128 fuisse?
1341 2072 1472 2139 Quid
1503 2071 1642 2125 enim
1684 2070 1855 2122 simile
1902 2068 2228 2123 exhibebat?

667 2184 790 2223 num
816 2166 1127 2222 satellitibus
1164 2162 1500 2231 stipabatur?
1547 2177 1667 2214 num
1704 2175 1893 2214 currus
1938 2157 2227 2213 trahebat?

663 2274 838 2315 annon
866 2258 1174 2313 solitudines
1203 2255 1380 2308 obibat
1409 2253 1432 2306 ?
1459 2252 1562 2308 Sed
1597 2268 1662 2306 ne
1691 2252 1994 2306 viderentur
2020 2251 2130 2305 ha‘c
2158 2267 2220 2305 ex

662 2349 821 2403 animi
864 2349 942 2403 sui
986 2347 1171 2400 morbo
1202 2345 1397 2404 dicere.
1445 2344 1709 2397 civitatem
1742 2352 1901 2395 totam
1938 2342 2217 2410 periclitari

661 2441 857 2504 dicunt,
888 2448 940 2493 et
967 2437 1267 2505 rcipublicm
1298 2434 1514 2489 insidias
1545 2434 1737 2502 parari,
1766 2446 1926 2502 seque
1956 2432 2021 2485 de
2045 2442 2221 2487 estre-

661 2532 761 2585 mis
787 2539 1041 2584 metuere.
1085 2527 1196 2581 Non
1239 2526 1351 2580 haec
1389 2526 1537 2578 vobis
1578 2524 1895 2593 captivitatis
1920 2538 2076 2577 causa
2108 2522 2215 2579 lue:

649 2623 818 2687 'runt;
848 2618 943 2676 sed
983 2618 1066 2673 bis
1106 2618 1388 2678 contraria,
1422 2625 1473 2669 et
1503 2616 1637 2669 hanc
1664 2624 1716 2689 et
1746 2614 2140 2687 Bahylonicam,
2169 2624 2224 2669 et

656 2714 800 2767 illam
842 2726 960 2781 qua:
1001 2712 1097 2765 sub
1142 2707 1399 2763 Antiocho
1428 2706 1644 2775 contigit
1688 2717 2007 2775 pepererunt
2057 2723 2072 2759 :
2115 2722 2217 2760 non

654 2804 795 2874 quod
824 2801 960 2871 apud
988 2815 1083 2856 vos
1114 2799 1204 2855 Dei
1232 2799 1464 2853 cultores
1504 2804 1701 2857 essent,
1734 2795 1825 2850 sed
1852 2796 1989 2863 quod
2038 2795 2215 2863 injusti

654 2906 709 2952 et
738 2897 902 2951 Deum
934 2895 1201 2949 irritantes
1229 2908 1244 2959 ;
1271 2891 1372 2945 hoc
1400 2904 1494 2944 vos
1522 2887 1771 2958 prodidit.
1796 2886 1992 2941 Verum
2024 2887 2214 2955 hujus-

651 2986 791 3040 modi
817 3000 901 3041 res
927 2995 1005 3039 est
1035 2983 1226 3037 invidia
1258 2999 1274 3038 :
1298 2981 1428 3035 nihil
1452 2980 1701 3035 decorum
1728 2979 1855 3034 sinit
1902 2978 2098 3043 videre,
2120 2994 2215 3033 εις

652 3085 848 3130 excato
875 3072 1042 3130 semel
1083 3073 1279 3127 animo.
1312 3070 1495 3126 Nonne
1526 3072 1679 3125 mites
1714 3084 1831 3123 esse
1859 3068 2101 3123 Christus
2128 3068 2217 3122 do-

651 3168 796 3223 cuit?
816 3182 991 3222 nonne
1016 3166 1181 3234 alapis
1203 3178 1371 3218 ctesos
1392 3164 1442 3217 in
1465 3164 1703 3227 dextera,
1724 3162 1944 3215 alteram
1968 3160 2215 3215 vertere?

652 3271 825 3312 nonne
868 3256 1060 3325 injuria
1085 3254 1305 3309 allectos
1336 3255 1563 3308 tolerare
1592 3252 1615 3306 ἲ
1658 3268 1833 3306 nonne
1861 3253 2116 3320 majorem
2146 3250 2210 3305 ad

650 3351 784 3402 mala
825 3348 1087 3417 patienda,
1119 3362 1277 3417 quam
1320 3346 1405 3399 alii
1439 3346 1501 3399 ad
1534 3345 1671 3399 mala
1702 3344 1938 3399 facienda
1973 3344 2207 3397 animum

647 3440 947 3503 exhibere!
993 3439 1236 3494 llzeccine
1285 3437 1609 3509 tyrannidem
1640 3434 1987 3492 aﬂectantis?
2033 3450 2209 3490 annon

650 3533 823 3602 potius
844 3528 1200 3599 prepulsantis
1231 3528 1255 3580 ἓ

718 3625 771 3677 4.
812 3621 1007 3675 Verum
1033 3660 1048 3684 ,
1080 3628 1137 3674 ut
1160 3618 1270 3674 dixi
1290 3661 1305 3685 ,
1336 3619 1509 3688 gravis
1538 3627 1619 3673 est
1649 3617 1841 3672 invidia
1864 3657 1877 3681 ,
1907 3626 1961 3672 et
1988 3616 2208 3671 simula-

643 3714 788 3767 tione
814 3711 987 3782 plena.
1022 3709 1144 3764 Haec
1167 3708 1349 3764 orbem
1402 3710 1692 3763 innumeris
1744 3708 1979 3778 implevit
2006 3707 2159 3762 malis
2190 3726 2205 3763 :

645 3804 803 3871 hujus
841 3800 1009 3857 morbi
1049 3814 1238 3864 causa,
1270 3798 1376 3853 reis
1406 3808 1457 3854 et
1484 3799 1655 3853 noxiis
1679 3798 1959 3853 tribunalia
1991 3799 2205 3868 replen-

643 3904 730 3948 tur
762 3908 778 3949 :
817 3890 941 3946 hinc
973 3890 1144 3946 oritur
1187 3888 1366 3959 gloria:
1396 3897 1450 3944 et
1490 3890 1831 3958 pecuniarum
1872 3904 2043 3955 amor,
2088 3889 2210 3945 hinc

642 3998 794 4039 amor
821 3982 1180 4052 principatus,
1214 3980 1335 4035 hinc
1361 3980 1606 4048 superbia
1640 3998 1653 4033 :
1687 3979 1809 4036 hinc
1839 3982 1937 4036 vice
1964 3982 2208 4038 scelestis

641 4071 963 4136 latronibus,
1004 4085 1153 4126 mare
1194 4070 1376 4140 piratis
1406 4069 1679 4125 infestatur
1712 4089 1725 4123 :
1758 4072 1880 4127 hinc
1907 4072 2082 4127 caedes
2111 4088 2207 4143 per

638 4163 846 4229 orbem,
888 4160 1013 4216 hinc
1053 4174 1220 4232 genus
1256 4169 1495 4216 nostrum
1534 4161 1870 4231 discerpitur.
1898 4162 2202 4231 Quodcum-

638 4268 744 4323 que
766 4253 961 4308 ntalum
991 4252 1170 4318 vides,
1216 4252 1338 4308 inde
1368 4253 1720 4321 proﬁciscitur
1754 4271 1766 4307 :
1798 4252 1899 4308 hoc
1934 4255 1987 4309 in
2021 4256 2206 4311 Eccle-

640 4345 747 4398 sias
785 4342 999 4413 irrepsit
1038 4359 1052 4397 :
1088 4341 1192 4397 hoc
1221 4343 1422 4410 jamdiu
1466 4343 1740 4397 innumera
1779 4346 1984 4413 peperit
2017 4346 2154 4399 mala
2187 4364 2201 4399 :

635 4446 872 4488 amorem
899 4431 1138 4501 pecunite
1162 4431 1356 4501 ubique
1380 4431 1582 4485 induxit
1613 4450 1627 4486 :
1660 4431 1746 4487 hic
1776 4435 1989 4489 morbus
2014 4447 2202 4491 cuncta

634 4522 911 4586 subvertit,
939 4520 1193 4591 justitiam
1224 4521 1459 4591 corrupit
1490 4520 1674 4591 (Dona
1697 4524 1836 4577 enim
1858 4566 1871 4587 ,
1898 4526 2085 4595 inquit,
2118 4543 2201 4579 sa-

635 4613 877 4683 pientium
912 4613 1083 4667 oculos
1122 4623 1407 4679 mtuant,
1449 4624 1497 4668 et
1549 4624 1802 4685 tamquam
1854 4620 2048 4686 [renum
2087 4620 2164 4673 ori
2181 4663 2196 4687 ,

632 4710 859 4758 avertunt
885 4704 1221 4773 correptiones
1249 4701 1433 4776 [Eccli.
1450 4702 1540 4760 20.
1561 4702 1651 4777 51]
1673 4706 1691 4773 )
1716 4724 1730 4759 :
1763 4706 1863 4761 hoc
1891 4723 2073 4763 servos
2104 4726 2199 4780 pro

634 4793 815 4848 liberis
849 4792 974 4847 facit
1017 4809 1031 4845 :
1069 4792 1136 4847 de
1176 4791 1277 4847 hoc
1318 4794 1555 4862 quotidie
1602 4796 1932 4862 disserimus,
1977 4811 2029 4852 ct
2067 4801 2198 4855 nihil

634 4883 957 4953 proficimus.
994 4881 1142 4939 Feris
1172 4882 1380 4954 pejores
1409 4883 1685 4947 efficimur.
1717 4886 2032 4955 pupillorum
2061 4890 2196 4945 bona

632 4974 896 5043 rupimus,
946 4971 1133 5027 viduas
1177 4971 1435 5028 nudamus
1458 5015 1472 5037 ,
1502 4987 1764 5043 pauperes
1795 4974 2033 5033 laedimus
2056 5020 2071 5045 ,
2117 4995 2196 5035 vte

694 5086 1871 5169 'Alllbabent:ouidestquodooluntdicere?

1421 326 1477 383 8.
1512 325 1783 383 JOANNIS
1808 319 2272 380 L‘IIRYSOSTOMI
2311 320 2622 378 ARCHIEP.
2665 323 3193 383 CONSTANTINOP.

3833 333 3938 389 516

2358 446 2521 502 super
2545 450 2621 488 vae
2646 436 2945 503 adjicimns.
2988 437 3074 491 Va:
3094 440 3217 492 mihi
3232 480 3248 505 ,
3271 441 3389 509 quia
3408 442 3561 509 periit
3586 442 3698 511 pius
3718 443 3781 497 de
3799 456 3937 497 terra

2357 522 2546 592 (Mich.
2592 525 2643 577 7.
2692 524 2768 592 2).
2814 526 3061 581 Nos-trum
3104 528 3215 597 jam
3254 538 3338 584 est
3379 530 3597 599 ingere;
3647 533 3754 587 imo
3805 534 3933 588 illud

2355 614 2590 683 quotidie
2626 614 2932 670 dicendum.
2963 616 3105 671 Nihil
3135 619 3398 686 precando
3431 622 3735 688 proﬁcimus
3754 663 3770 688 ,
3803 626 3931 678 nihil

2353 721 2421 760 ex
2452 708 2689 761 consiliis
2717 719 2770 761 et
2796 710 3011 762 monitis
3042 710 3311 765 lucramur
3339 730 3352 765 :
3390 722 3550 766 restat
3580 725 3638 767 ut
3669 715 3932 785 lacrymas

2351 796 2649 853 fundamus.
2701 799 2828 853 illud
2855 808 2910 854 et
2937 798 3180 855 Christus
3210 803 3331 856 fecit
3363 821 3376 855 :
3405 820 3524 857 cum
3563 807 3726 860 multa
3770 806 3929 860 Jero-

2350 887 2571 956 sulymis
2596 890 2791 943 monita
2822 890 3076 952 dedisset,
3106 906 3226 946 cum
3254 891 3303 945 id
3332 892 3434 946 illis
3461 894 3590 947 nihil
3622 896 3926 963 prodesset,

2347 992 2532 1030 eorum
2567 978 2780 1033 deflevit
2817 983 3129 1036 caecitatem.
3168 982 3278 1036 Hoc
3299 992 3351 1036 et
3378 986 3650 1053 praphetse
3677 987 3876 1040 faciunt
3912 1003 3925 1036 :

2346 1066 2449 1122 huc
2491 1077 2546 1123 et
2588 1085 2684 1125 nos
2720 1086 2861 1127 nunc
2910 1072 3180 1127 faciamus.
3212 1073 3621 1144 Lacrymarum,
3666 1074 3885 1131 ﬂetuum
3910 1121 3924 1138 ,

2345 1161 2573 1228 ejulatus
2613 1177 2750 1217 nunc
2793 1172 2998 1233 tempus
3027 1173 3129 1220 est.
3159 1166 3469 1235 Opportune
3493 1168 3735 1223 dicamus
3762 1187 3777 1221 :
3819 1169 3923 1223 l'o-

2346 1261 2455 1304 cate
2480 1251 2699 1321 lugentes
2726 1254 2988 1317 mulieres,
3030 1265 3073 1307 et
3112 1256 3179 1307 ad
3216 1257 3467 1321 sapientes
3506 1258 3719 1323 mittite,
3758 1268 3806 1312 et
3842 1261 3921 1312 lo-

2342 1349 2559 1406 quantur
2599 1338 2743 1409 (Jer.
2791 1341 2843 1395 9.
2887 1343 2953 1396 l7
2976 1342 3016 1411 ).
3048 1342 3136 1398 Sic
3166 1344 3300 1400 forte
3330 1348 3621 1415 poterimus
3674 1349 3921 1403 morbum

2342 1430 2553 1497 abigere
2580 1444 2761 1483 eorum
2799 1432 2887 1499 qui
2928 1433 3071 1486 sedes
3108 1434 3415 1502 splendidas
3444 1446 3757 1490 construunt
3783 1479 3799 1503 ,
3827 1440 3921 1508 qui

2340 1534 2403 1574 ex
2432 1520 2611 1588 rapina
2634 1534 2791 1590 agros
2818 1522 2915 1576 sibi
2948 1534 3279 1594 comparant.
3906 1578 3923 1583 _

2412 1612 2627 1678 Quinam
2649 1614 2747 1667 sint
2772 1631 2881 1669 vere
2908 1614 3445 1688 lugendi.—Lugcodi
3464 1630 3668 1688 tempus
3684 1630 3765 1675 est
3787 1622 3919 1677 :sed

2339 1718 2543 1757 mecum
2589 1719 2681 1758 vos
2720 1705 2895 1775 lugete
2924 1709 3011 1777 qui
3045 1708 3245 1775 nudati,
3274 1712 3361 1780 qui
3392 1712 3499 1765 lsesi
3527 1714 3656 1768 estis
3686 1731 3699 1767 :
3732 1723 3919 1769 vestro

2340 1793 2497 1849 luctui
2529 1795 2790 1867 lacrymas
2819 1813 2964 1853 meas
2998 1800 3223 1870 jungite.
3271 1800 3463 1856 Verum
3500 1820 3604 1858 non
3646 1818 3774 1870 nos,
3818 1804 3915 1859 sed

2336 1883 2452 1938 illos
2478 1885 2745 1955 lugeamus
2772 1904 2786 1939 :
2812 1902 2915 1942 non
2949 1904 3041 1944 vos
3067 1890 3339 1955 laeserunt.
3368 1892 3463 1947 sed
3491 1894 3589 1947 sibi
3617 1897 3913 1964 perniciem

2336 1974 2640 2027 intulerunt.
2680 1976 2782 2029 Vos
2807 1979 2949 2031 enim
2981 1995 3075 2047 pro
3102 1980 3291 2048 injuria
3325 1981 3465 2035 illata
3498 1998 3718 2053 regnum
3746 1986 3916 2039 θεειο-

2335 2077 2448 2114 rum
2493 2062 2723 2125 habetis;
2754 2066 2825 2119 illi
2870 2082 2967 2134 pro
3009 2068 3157 2122 lucro
3195 2071 3510 2139 gehennam.
3557 2073 3681 2127 Ideo
3719 2076 3914 2130 melius

2331 2161 2411 2207 est
2443 2152 2560 2207 lcedi
2581 2193 2596 2219 ,
2628 2170 2784 2224 quam
2813 2156 3027 2211 latdere.
3060 2159 3355 2229 Lugeamus
3383 2176 3507 2228 eos,
3540 2179 3644 2217 non
3676 2164 3915 2219 humano

2331 2239 2493 2307 luctu,
2527 2245 2618 2298 sed
2655 2260 2719 2299 ex
2750 2245 2943 2300 divinis
2970 2247 3256 2317 Scriptnris
3293 2249 3596 2321 desumpto,
3637 2268 3744 2323 quo
3784 2268 3912 2323 pro-

2330 2334 2499 2403 pheta:
2523 2334 2786 2390 luxerunt.
2821 2338 3024 2393 Acerbe
3049 2353 3167 2393 cum
3192 2341 3320 2395 lsaia
3352 2342 3648 2412 lugeamus,
3679 2356 3735 2399 et
3762 2344 3911 2401 dica-

2330 2440 2447 2478 mus
2491 2442 2505 2477 :
2572 2425 2655 2479 Vm
2696 2430 3109 2498 conjungentibus
3146 2431 3347 2484 domum
3399 2432 3601 2499 domui,
3638 2444 3685 2487 et
3725 2451 3912 2505 agrum

2328 2532 2449 2587 agro
2477 2518 2859 2586 adiicientibus,
2891 2530 2943 2571 ut
2970 2537 3001 2573 a
3038 2523 3197 2575 vicino
3227 2524 3418 2592 aliquid
3454 2528 3724 2593 auferant,
3756 2532 3911 2580 nunt-

2326 2610 2447 2678 quid
2467 2611 2749 2663 ltabitabitis
2769 2612 2863 2664 soli
2885 2612 2935 2664 in
2959 2620 3091 2665 terra
3107 2614 3133 2666 7
3159 2612 3347 2667 Domus
3372 2632 3567 2685 magna
3586 2626 3631 2670 et
3652 2618 3906 2685 pulchra,

2326 2712 2371 2754 et
2399 2719 2497 2754 non
2523 2712 2665 2755 erant
2691 2704 2775 2771 qui
2803 2705 2856 2755 in
2886 2706 2957 2759 eis
2985 2704 3205 2758 habitent
3250 2705 3401 2773 (lsai.
3435 2710 3489 2763 5.
3520 2708 3573 2764 8.
3602 2718 3647 2761 et
3676 2710 3752 2773 9).
3797 2711 3909 2765 Lu-

2322 2806 2538 2860 geamus
2562 2808 2680 2846 cum
2711 2793 2980 2861 Nahumo,
3014 2804 3066 2850 et
3108 2812 3227 2850 cum
3260 2799 3348 2851 illo
3388 2799 3627 2853 dicamus
3648 2843 3662 2868 ,
3703 2801 3792 2857 Va:
3818 2807 3909 2865 qui

2322 2883 2538 2949 adi/irai
2578 2884 2630 2935 in
2670 2884 2831 2936 altum
2873 2886 3079 2939 domum
3122 2904 3265 2941 suam
3306 2887 3439 2955 (Jer.
3490 2890 3577 2943 22.
3614 2892 3701 2963 l3)
3739 2910 3751 2945 :
3795 2896 3907 2946 imo

2323 2974 2593 3044 lugeamus
2622 2976 2755 3040 illos,
2783 2986 2839 3030 ut
2869 2984 2993 3035 tunc
3011 2976 3253 3032 Christus
3275 2979 3507 3041 Judmos.
3538 2992 3588 3037 et
3617 2983 3863 3040 diezimus
3888 3004 3901 3038 :

2331 3067 2417 3122 Vw
2444 3068 2577 3122 vobis
2613 3068 2873 3133 divitibus,
2917 3072 3034 3138 quia
3073 3071 3263 3125 habetis
3292 3075 3563 3126 mercedem
3606 3086 3821 3128 restrain
3859 3090 3905 3129 et

2318 3163 2704 3215 consolationem
2753 3161 2915 3232 (Luc.
2948 3162 2995 3218 6.
3028 3162 3155 3233 24).
3187 3163 3275 3219 Sic
3297 3205 3313 3228 ,
3346 3179 3527 3233 quaeso
3548 3208 3562 3229 ,
3594 3181 3692 3221 nos
3719 3168 3906 3238 lugere

2318 3269 2421 3306 non
2462 3254 2777 3308 desistamus
2815 3274 2828 3308 :
2863 3264 2915 3308 et
2945 3255 3042 3308 nisi
3074 3265 3224 3325 turpe
3255 3257 3356 3315 sit.
3391 3256 3701 3327 plangamus
3735 3275 3905 3328 super

2316 3344 2538 3399 fratrum
2570 3346 2866 3414 segnitiem.
2904 3345 2977 3399 Ne
3019 3347 3293 3415 lugeamus
3332 3347 3441 3416 jam
3482 3361 3769 3414 mortuum,
3804 3352 3901 3404 sed

2317 3446 2605 3504 raptorem,
2640 3452 2887 3499 avarum,
2922 3439 3263 3505 pecuniarum
3295 3448 3597 3505 amantem,
3624 3441 3901 3496 insatiabi-

2316 3526 2441 3580 lem.
2469 3523 2575 3578 Cur
2602 3536 2840 3581 mortuos
2868 3529 3123 3597 lugemns,
3160 3528 3306 3584 nullo
3331 3529 3538 3584 fructu?
3565 3531 3671 3585 llos
3710 3532 3900 3602 lugea-

2314 3631 2453 3681 mus,
2497 3617 2586 3687 qui
2629 3619 2817 3671 mutari
2854 3631 3094 3687 possunt.
3124 3619 3313 3674 Verum
3367 3623 3521 3676 nobis
3564 3622 3897 3690 lugentibus,

2314 3707 2410 3775 ipsi
2452 3706 2676 3762 fortasse
2716 3707 2909 3762 rident.
2956 3712 3023 3763 At
3068 3710 3170 3764 hoc
3207 3726 3419 3780 quoque
3462 3712 3603 3767 luctu
3640 3714 3896 3784 dignum,

2311 3799 2433 3867 quia
2456 3799 2629 3853 rident
2655 3800 2723 3853 de
2748 3799 2940 3867 quibus
2962 3800 3141 3869 lugere
3165 3812 3455 3869 oporteret.
3480 3805 3533 3858 Si
3560 3804 3683 3858 ﬂetu
3710 3816 3901 3860 nostro

2312 3898 2679 3949 moverentur,
2708 3888 3023 3943 cessandum
3064 3905 3090 3941 a
3131 3891 3274 3944 luctu
3316 3903 3493 3955 esset,
3525 3908 3645 3946 cum
3677 3894 3751 3947 illi
3777 3896 3895 3962 jam

2311 3978 2376 4031 ad
2417 3978 2841 4032 emendationem
2886 3988 3166 4048 pergerent
3216 3999 3228 4033 :
3268 3995 3456 4035 verum
3496 3983 3615 4051 quia
3657 3984 3731 4038 illi
3775 3986 3898 4041 sine

2310 4084 2468 4123 sensu
2500 4068 2673 4136 supini
2700 4068 2899 4137 jaceat,
2930 4084 3029 4123 nos
3057 4069 3233 4123 ﬂendo
3262 4070 3642 4140 persistamus,
3672 4088 3777 4127 non
3810 4072 3900 4128 di-

2309 4161 2445 4214 vites
2484 4170 2683 4213 tantum
2708 4199 2722 4219 .
2762 4159 2854 4214 sed
2890 4161 3050 4214 etiam
3090 4161 3327 4228 pecuniae
3368 4172 3643 4227 amantes,
3676 4178 3895 4221 avaros.

2309 4251 2424 4305 Nan
2474 4250 2627 4304 mala:
2668 4260 2792 4304 sunt
2830 4250 3048 4314 divitim,
3073 4252 3269 4321 quippe
3292 4252 3485 4323 quibus
3512 4264 3567 4307 ut
3591 4269 3685 4324 par
3705 4265 3783 4310 est
3814 4260 3899 4311 uti

2312 4355 2592 4410 possumus
2638 4340 2688 4393 in
2736 4356 3024 4410 egenorum
3067 4356 3256 4406 usum;
3299 4344 3394 4398 sed
3434 4346 3659 4401 avaritia
3690 4348 3897 4404 malum

2308 4440 2424 4494 est,
2477 4444 2597 4498 quae
2643 4440 2839 4484 interna
2894 4431 3029 4499 parit
3077 4431 3357 4501 supplicia.
3404 4434 3697 4505 Lugeamus
3731 4452 3890 4507 ergo.

2307 4520 2469 4576 Forte
2490 4522 2732 4590 quaedam
2764 4534 3016 4591 sequetur
3037 4525 3361 4579 emendatio.
3391 4525 3447 4580 Si
3475 4528 3564 4595 qui
3595 4529 3649 4581 in
3678 4530 3779 4583 hoc
3810 4532 3899 4584 in-

2305 4614 2486 4669 cidere
2526 4613 2719 4666 malum
2754 4627 2860 4667 non
2900 4624 3169 4677 eruantur,
3204 4615 3292 4669 alii
3323 4614 3460 4671 forte
3485 4617 3583 4671 sibi
3614 4622 3897 4674 cavebant

2307 4722 2373 4759 ne
2403 4706 2454 4758 in
2486 4705 2710 4771 idipsum
2743 4705 2993 4759 incidant.
3029 4706 3181 4761 Faxit
3214 4707 3352 4762 Deus
3379 4720 3433 4763 ut
3459 4721 3511 4763 et
3539 4710 3615 4765 illi
3639 4728 3668 4766 a
3698 4714 3898 4770 morbo

2306 4795 2618 4860 liberentur,
2654 4804 2709 4849 et
2750 4809 2909 4849 nemo
2934 4808 3174 4851 nosuum
3213 4798 3265 4851 in
3307 4798 3451 4853 illum
3489 4798 3705 4868 incidat,
3744 4808 3805 4857 ut
3834 4804 3896 4861 in

2305 4887 2570 4941 communi
2599 4901 2785 4941 omnes
2812 4889 3071 4957 promissa
3097 4902 3489 4959 consequamur
3517 4892 3677 4957 bona,
3713 4898 3894 4963 gratia

2303 4990 2355 5031 et
2394 4978 2717 5048 benignitate
2746 4978 2951 5034 Domini
2984 4982 3147 5035 nostri
3177 4980 3301 5037 Jesu
3331 4980 3551 5050 Christi,
3602 4986 3684 5040 cui
3713 4988 3894 5057 gloria

2302 5069 2356 5122 in
2388 5070 2581 5123 srecnla
2612 5070 2950 5124 saeculorum.
2979 5072 3171 5125 Amen.

1952 5286 2295 5351 HOMILIA
2336 5292 2528 5353 LXV.

638 5385 757 5441 CAP.
801 5382 890 5438 ll.
917 5397 971 5437 v.
1003 5381 1089 5437 49.
1147 5378 1291 5438 Unus
1324 5392 1491 5436 autem
1529 5400 1591 5438 ea:
1629 5382 1733 5438 illis
1778 5384 1997 5456 Caipltas
2020 5431 2033 5455 ,
2079 5408 2192 5444 cum

696 5482 824 5529 esset
870 5472 1099 5543 pomifer;
1141 5472 1265 5527 anni
1312 5471 1468 5535 illius,
1512 5474 1638 5528 dixit
1678 5476 1748 5530 eis
1794 5493 1814 5529 :
1866 5475 1965 5530 Vos
1998 5480 2193 5535 nescitis

696 5564 1004 5634 quidquam,
1030 5561 1118 5619 50.
1158 5579 1249 5617 nec
1294 5565 1522 5635 cogitatis
1556 5566 1674 5634 quia
1717 5569 1916 5637 expedit
1958 5570 2110 5636 vobis,
2140 5581 2193 5624 ut

701 5670 830 5709 unus
858 5656 1100 5709 moriatur
1125 5656 1273 5710 homo
1300 5672 1391 5725 pro
1417 5658 1600 5726 papula
1620 5698 1633 5723 ,
1663 5668 1767 5713 etc.

702 5748 753 5809 1.
794 5747 977 5816 [ft/lla!
1000 5758 1113 5804 sunt
1137 5758 1304 5819 gentes
1331 5750 1379 5804 in
1407 5751 1602 5806 interitu
1623 5795 1637 5821 ,
1669 5770 1813 5823 quem
1840 5758 2060 5827 fecerunt
2093 5774 2109 5810 :
2141 5759 2189 5811 in

2307 5392 2481 5462 laqueo
2508 5396 2632 5459 isto,
2673 5412 2818 5464 quem
2843 5397 3234 5468 absconderant,
3274 5405 3660 5473 cornpreltensns
3692 5418 3763 5462 est
3796 5428 3903 5478 pes

2297 5502 2468 5540 eorum
2500 5486 2668 5559 (Psnl.
2700 5489 2754 5545 9.
2788 5490 2898 5559 16).
2940 5490 3052 5547 Hoc
3092 5490 3292 5548 Judmis
3320 5498 3558 5567 contigit.
3592 5497 3693 5568 ipsi
3726 5515 3894 5555 nam-

2296 5592 2399 5648 que
2436 5578 2716 5645 dicebant,
2746 5580 3096 5638 occidendum
3120 5597 3244 5641 esse
3270 5585 3485 5655 Jesum,
3529 5604 3595 5643 ne
3638 5591 3892 5651 venirth

2297 5667 2542 5731 Romani,
2572 5682 2624 5725 ct
2661 5672 2909 5729 tollerent
2948 5664 3185 5744 ipsorum
3233 5686 3445 5748 gentem
3482 5688 3536 5735 et
3579 5680 3889 5739 civitatem.

2296 5761 2579 5832 l‘ostqttatn
2623 5774 2801 5822 autem
2847 5766 3157 5825 occiderunt
3200 5785 3355 5838 eum,
3397 5769 3513 5828 haec
3538 5774 3678 5842 passi
3703 5784 3836 5832 sunt
3871 5797 3893 5836 :
