4164 6330
257 381 350 436 361

255 503 308 547 et
336 492 473 563 quod
508 501 561 544 ιιι
590 490 886 560 effugerent
917 487 1150 544 fecerant
1173 529 1202 549 ,,
1221 486 1321 540 hoc
1345 488 1468 556 quia
1493 485 1664 542 iecere
1683 525 1696 548 ,
1731 500 1835 539 non

253 583 571 651 effugerunt.
597 580 700 634 Sed
733 579 819 650 qui
848 579 1056 633 occisus
1079 578 1195 643 fuit,
1219 587 1301 631 est
1327 577 1376 630 in
1399 576 1580 642 caelis;
1622 575 1710 644 qui
1739 591 1805 628 au
1825 603 1838 612 ο

254 686 358 726 tem
399 671 737 737 occiderunt,
778 671 1075 741 gehennam
1115 669 1287 723 sortiti
1317 677 1442 721 sunt
1475 685 1488 721 :
1516 667 1615 721 etsi
1646 665 1698 720 id
1732 681 1835 719 non

253 769 302 818 in
335 775 460 819 voto
485 744 781 827 haberent;
819 762 911 817 sed
942 762 1102 831 quid?
1123 760 1387 815 Volebant
1408 802 1421 823 ,
1453 760 1659 832 inquit,
1689 773 1717 812 a
1749 759 1835 813 die

253 859 342 911 illo
381 856 629 912 occidere
663 855 856 926 ipsum.
891 854 1146 910 Dicebant
1172 854 1336 917 enim,
1358 851 1566 906 Venient
1595 852 1834 914 Rontani,

252 961 296 1002 et
321 951 497 1003 tollent
527 959 722 1018 gentem
751 956 993 1001 nostram.
1027 944 1170 1000 Unus
1191 954 1355 998 autem
1376 960 1438 998 ea:
1464 944 1566 997 illis
1588 942 1832 1010 Caipltas,

253 1056 367 1091 cum
399 1050 524 1092 esset
551 1041 775 1110 pontifex
799 1037 919 1089 anni
941 1037 1078 1090 illius
1100 1076 1115 1102 ,
1141 1035 1290 1098 dixit,
1321 1035 1532 1089 cancris
1561 1033 1839 1101 impuden—

254 1133 400 1185 tior:
442 1133 540 1186 Vos
582 1131 779 1184 nescitis
818 1129 1110 1200 quidquam.
1155 1128 1228 1182 llli
1277 1143 1467 1197 nempe
1502 1126 1835 1190 dubitabant,

254 1233 307 1277 et
336 1223 678 1278 deliberando
707 1227 1093 1290 pr0p0suerant
1142 1221 1159 1286 (
1186 1219 1433 1272 dicebant
1476 1218 1617 1271 enim
1644 1259 1660 1283 ,
1704 1217 1840 1280 Quid

255 1312 554 1382 facimus?)
593 1312 676 1364 hic
709 1309 1059 1380 impudenter,
1090 1317 1272 1378 aperta
1300 1307 1492 1373 fronte,
1516 1317 1569 1362 et
1599 1307 1839 1375 petulan-

255 1409 335 1456 ter
353 1401 624 1455 clamavit.
656 1399 791 1466 Quid
830 1415 955 1454 vero
996 1399 1162 1453 dicit?
1197 1397 1294 1452 Vos
1317 1399 1516 1452 nescitis
1541 1398 1835 1467 quidquam,

254 1508 415 1563 neque
457 1493 690 1562 cogitatis
729 1493 846 1562 quia
885 1491 1086 1559 expedit
1135 1491 1290 1552 vobis,
1333 1501 1387 1542 ut
1427 1505 1558 1542 unus
1590 1488 1840 1541 moriatur

255 1584 405 1636 homo
425 1625 438 1644 ,
467 1593 510 1636 et
540 1600 604 1636 ne
631 1592 734 1635 tota
759 1599 879 1653 gens
909 1590 1100 1650 pereat.
1138 1582 1226 1636 51.
1269 1579 1380 1633 Hoc
1405 1590 1570 1632 autem
1602 1596 1632 1630 a
1657 1588 1839 1633 semet-

253 1673 363 1742 ipso
391 1690 490 1726 non
517 1673 647 1726 dixit
669 1714 682 1738 ,
714 1673 803 1725 sed
831 1688 943 1726 cum
966 1681 1089 1726 esset
1117 1671 1345 1742 pontifex
1372 1672 1494 1724 anni
1525 1671 1684 1736 illius,
1714 1687 1835 1739 pro-

255 1764 495 1830 phetavit.

327 1851 480 1904 Multi
521 1853 717 1922 indigni
757 1856 928 1922 futura
973 1854 1331 1921 praedixerunt.
1355 1881 1426 1893 --
1451 1850 1613 1906 Vides
1641 1861 1838 1922 quanta

255 1943 317 1995 sit
353 1946 670 2011 pontiﬁcalis
699 1945 964 2013 potestas?
1001 1943 1132 2011 Quia
1163 1946 1304 1998 enim
1331 1942 1692 2013 pontiﬁcatum
1721 1957 1841 1996 sor-

257 2035 381 2087 titus
409 2045 544 2101 erat,
592 2036 718 2089 licet
762 2036 1027 2104 indignus,
1079 2035 1432 2104 prophetarit,
1470 2032 1594 2102 quid
1637 2033 1842 2087 diceret

257 2125 505 2193 ignorans
536 2145 548 2180 :
582 2128 747 2196 gratia
784 2128 900 2194 ejus
937 2135 1137 2180 tantum
1165 2140 1258 2180 ore
1302 2140 1394 2180 usa
1438 2133 1539 2190 est,
1574 2126 1838 2194 impurum

258 2232 383 2270 vero
426 2232 516 2270 cor
556 2234 657 2270 non
703 2217 888 2285 tetigit.
922 2216 1065 2270 Multi
1094 2231 1305 2286 quoque
1330 2215 1416 2269 alii
1450 2217 1620 2269 futura
1647 2215 1840 2284 praedi-

263 2317 477 2373 xerunt,
521 2309 718 2378 indigni
749 2310 890 2374 licet,
919 2308 1429 2365 Nabuchodonosor.
1471 2306 1703 2373 Pharao,
1737 2307 1808 2360 Ba

261 2397 395 2451 laatn
423 2440 436 2460 ,
484 2401 826 2469 omniumque
851 2415 1008 2454 causa
1053 2400 1325 2453 manifesta
1364 2407 1466 2454 est.
1521 2398 1633 2453 Hoc
1663 2408 1839 2452 autem

259 2489 366 2542 vult
398 2488 490 2541 ille
520 2489 816 2557 signiﬁcare
847 2508 857 2543 :
894 2489 1000 2544 Vos
1028 2491 1244 2550 sedetis,
1290 2490 1466 2545 adhuc
1491 2491 1706 2560 segnius
1739 2491 1841 2546 hoc

259 2581 528 2648 negotium
557 2582 848 2645 attenditis,
881 2596 979 2636 nec
1009 2581 1155 2635 scitis
1187 2581 1342 2636 unius
1367 2581 1596 2636 hominis
1617 2582 1839 2636 salutem

259 2683 352 2737 pro
379 2671 651 2724 communi
699 2671 1140 2725 contemnendam
1186 2687 1326 2726 esse.
1373 2671 1503 2725 Vide
1535 2683 1726 2741 quanta
1775 2674 1843 2726 sit

258 2761 429 2814 virtus
455 2761 678 2828 Spiritus
703 2780 715 2815 :
759 2777 822 2815 ex
852 2762 1088 2828 improba
1122 2771 1298 2816 mente
1327 2763 1583 2818 mirabilis
1608 2763 1841 2833 prophe-

261 2850 343 2901 ιίητ
374 2851 532 2904 verba
566 2853 736 2920 potuit
765 2854 978 2909 elicere.
1004 2853 1166 2907 Filios
1196 2862 1372 2908 autem
1401 2855 1494 2908 Dei
1523 2866 1712 2924 gentes
1743 2872 1840 2924 ap-

262 2940 426 3008 pellat
468 2942 814 3010 evangelista,
859 2958 922 2995 ex
953 2958 1018 2996 eo
1055 2943 1196 3011 quod
1247 2943 1479 2997 futurum
1526 2954 1662 3009 erat,
1707 2946 1844 2999 sicut

260 3039 311 3084 et
338 3031 455 3099 ipse
495 3032 587 3097 ait,
618 3029 686 3084 Et
713 3033 841 3086 alias
876 3049 988 3086 oves
1031 3033 1187 3086 habeo
1215 3033 1392 3102 (Joan.
1419 3034 1506 3089 10.
1540 3036 1624 3103 16)
1648 3054 1661 3099 ;
1686 3037 1751 3090 ab
1776 3052 1843 3091 co

260 3123 397 3190 quod
446 3121 674 3176 futurum
715 3133 830 3177 erat
866 3125 941 3177 sic
989 3139 1200 3178 vocans.
1235 3125 1370 3193 Quid
1401 3126 1498 3180 sibi
1532 3127 1637 3181 vult
1688 3129 1838 3196 illud,

261 3210 382 3264 Cum
426 3223 549 3266 esset
577 3215 804 3283 pontifex
830 3218 951 3269 anni
987 3217 1171 3270 illius?
1198 3217 1330 3272 Cum
1372 3219 1491 3274 aliis
1521 3218 1605 3273 hic
1634 3235 1842 3289 quoque

262 3318 375 3356 mos
407 3316 688 3372 corruptus
716 3315 848 3360 crat.
878 3306 991 3361 Non
1019 3308 1160 3362 enim
1189 3308 1323 3361 ultra
1357 3316 1467 3363 toto
1497 3309 1617 3364 vitm
1641 3320 1844 3379 tempo-

261 3409 339 3457 re,
367 3395 462 3448 sed
491 3410 630 3448 amio
652 3411 756 3450 uno
783 3398 1134 3452 sacerdotium
1160 3399 1434 3468 gerebant,
1465 3415 1532 3454 ex
1552 3416 1657 3470 quo
1684 3417 1844 3456 vena-

261 3485 336 3540 les
378 3485 503 3540 facti
552 3495 703 3541 erant
751 3488 1094 3557 principatus.
1137 3491 1384 3546 Attamen
1432 3491 1513 3546 vel
1558 3493 1636 3546 sic
1670 3494 1844 3549 adhuc

260 3577 445 3632 aderat
478 3578 725 3648 Spiritus.
757 3580 1042 3651 Postquam
1068 3590 1244 3637 autem
1276 3584 1327 3637 in
1356 3583 1626 3639 Christum
1655 3601 1843 3641 manus

259 3670 606 3734 sustulerunt,
629 3681 750 3727 tunc
771 3673 888 3727 illos
918 3674 1150 3742 reliquit,
1183 3683 1235 3729 et
1263 3674 1328 3728 ad
1355 3676 1624 3745 apostolos
1659 3689 1840 3731 trans-

261 3759 396 3812 latus
451 3769 554 3813 est.
601 3761 666 3814 Et
705 3761 805 3814 hoc
847 3763 1017 3816 velum
1065 3765 1286 3818 scissum
1320 3767 1574 3831 ostendit,
1609 3783 1707 3822 nec
1737 3784 1841 3822 non

261 3848 456 3904 Christi
504 3867 602 3904 vox
655 3852 880 3909 dicentis
914 3871 926 3906 :
978 3853 1107 3907 Ecce
1149 3855 1426 3908 dimittetur
1463 3859 1640 3910 domus
1680 3869 1843 3912 vestra

263 3938 455 3992 deserta
483 3939 695 4003 (Matth
733 3941 826 3996 23.
851 3942 961 4010 58).
1010 3943 1075 3996 Ει
1118 3943 1382 4013 Joscphus
1407 3946 1492 4014 qui
1528 3947 1683 4014 paulo
1725 3958 1842 4016 post

262 4029 374 4093 fuit,
399 4031 531 4084 dixit
556 4033 808 4100 quosdam
833 4036 1069 4102 angelos,
1103 4036 1192 4104 qui
1221 4036 1357 4104 apud
1390 4037 1505 4091 illos
1534 4039 1840 4106 manebant,

262 4135 318 4173 se
366 4122 488 4174 inde
532 4123 847 4193 migraturus
874 4141 996 4181 esse
1035 4127 1412 4196 signiticavisse
1442 4126 1539 4202 (α),
1576 4131 1672 4183 nisi
1704 4133 1841 4186 resi-

264 4211 546 4278 pi~cerent.
577 4215 835 4280 Quamdiu
881 4219 1023 4272 enim
1065 4219 1215 4273 vinea
1264 4221 1511 4286 perstitit,
1558 4236 1653 4288 pro
1693 4237 1841 4277 more

260 4306 434 4358 omnia
476 4305 607 4360 facta
655 4319 804 4374 sunt;
863 4311 949 4363 ubi
994 4318 1168 4365 autem
1217 4309 1468 4365 heredem
1510 4312 1835 4379 occiderunt,

263 4409 364 4448 non
395 4397 543 4460 item,
583 4398 674 4451 sed
729 4400 1002 4467 perierunt
1034 4419 1046 4454 :
1079 4411 1132 4454 et
1166 4402 1316 4470 quasi
1363 4402 1693 4470 splendidam
1751 4420 1840 4458 re-

261 4496 395 4540 stem
439 4487 508 4540 ab
550 4488 753 4556 ingrato
803 4489 949 4554 ﬁlio,
996 4506 1025 4544 a
1076 4489 1266 4545 ludwis
1311 4492 1546 4560 scilicet,
1590 4492 1838 4549 autc-rens

263 4576 417 4641 Deus,
449 4578 630 4646 probis
657 4580 798 4633 illam
831 4581 1000 4635 servis
1048 4582 1214 4648 dedit,
1266 4598 1329 4637 ex
1377 4584 1666 4654 gentilibus
1703 4601 1830 4639 con-

260 4672 447 4735 versis,
495 4681 548 4725 et
577 4673 817 4727 desertos
862 4675 981 4727 illos
1014 4675 1289 4745 nudosque
1336 4677 1568 4746 reliquit.
1602 4676 1709 4731 Nec
1740 4693 1824 4746 pa-

260 4777 371 4813 rum
403 4761 498 4814 fuit
546 4762 686 4831 quod
734 4764 979 4818 inimicus
1017 4765 1129 4819 haec
1159 4765 1521 4835 prapbetaret.
1556 4768 1665 4821 lloc
1692 4771 1830 4822 extim

258 4849 389 4904 alios
416 4864 627 4920 quoque
653 4852 870 4906 allicere
901 4861 1125 4922 poterat.
1175 4854 1302 4908 Nam
1337 4866 1522 4910 contra
1554 4871 1711 4924 quam
1747 4859 1831 4914 ille

258 4939 469 4995 volebat
497 4941 693 4997 evenit.
725 4943 858 5008 Quia
888 4946 1028 4998 enim
1075 4955 1315 5000 mortuus
1353 4956 1456 5007 est,
1504 4948 1625 5001 ideo
1670 4965 1698 5003 a
1751 4949 1832 5003 lu—

259 5041 374 5086 tnro
418 5033 677 5100 supplicio
704 5034 912 5088 liberati
945 5034 1130 5090 ﬁdeles
1156 5045 1296 5090 sunt.
1323 5036 1458 5105 Quid
1496 5039 1596 5093 sibi
1626 5041 1738 5093 vult
1769 5041 1832 5093 ilo

257 5123 359 5186 iud,
389 5123 478 5179 59..
515 5122 583 5178 Ut
611 5135 932 5195 congregaret
959 5143 1043 5182 eos
1069 5128 1155 5197 qui
1183 5146 1358 5198 prope,
1399 5139 1444 5182 et
1475 5146 1558 5184 eos
1594 5133 1678 5200 qni
1710 5149 1831 5194 pro-

253 5216 333 5267 cal
357 5215 510 5269 sunt?
533 5214 702 5270 Unum
724 5231 918 5286 corpus
945 5218 1190 5273 reddidit.
1217 5220 1314 5284 Qui
1344 5220 1527 5275 Roma:
1548 5231 1648 5288 est,
1679 5221 1834 5278 ludos

257 5314 401 5369 putat
431 5305 725 5359 membrum
753 5321 908 5361 suum
940 5323 1080 5364 esse.
1104 5309 1238 5377 Quid
1273 5311 1392 5365 huic
1431 5315 1830 5383 crmgregationi

257 5393 754 5465 par?0mniumque
780 5407 1031 5465 caputest
1055 5399 1318 5454 Christus.
1341 5403 1427 5456 53.
1452 5404 1626 5458 Abillo
1651 5405 1731 5457 die
1748 5424 1830 5460 co-

256 5485 532 5551 gitaverunt
549 5484 719 5539 Juda'i
743 5496 798 5541 ut
813 5488 1143 5550 interﬁcerent
1162 5508 1295 5543 eum.
1318 5496 1480 5545 Antea
1499 5496 1826 5563 qua-rebanl;

315 5594 392 5669 (α).
418 5595 656 5669 Iosephus
679 5595 712 5643 l.
750 5598 798 5647 6.
823 5597 901 5646 31.
931 5598 1147 5669 bello
1167 5601 1358 5669 Judaico
1383 5643 1396 5660 ,
1423 5603 1553 5669 inter
1576 5603 1668 5653 alia
1691 5608 1829 5669 signa

255 5651 395 5720 futuri
419 5651 819 5720 Jerosolgmorutn
842 5660 1015 5707 excidii
1036 5661 1125 5710 boc
1150 5664 1302 5711 refert
1328 5677 1339 5712 :
1367 5651 1546 5714 beinde
1569 5651 1830 5718 ﬁctili}:

285 5717 491 5791 tintinant
511 5717 727 5791 auditmn
749 5719 895 5791 fuisse
919 5720 1193 5791 dicentium,
1223 5725 1340 5774 Hinc
1358 5725 1614 5789 migremus
1639 5741 1655 5778 :
1679 5717 1824 5791 quem

272 5788 405 5823 oc-im
433 5777 506 5826 hic
530 5786 645 5841 puto
668 5777 916 5842 respicere
935 5777 1339 5844 Chrysostomum.

1307 373 1370 429 IN
1408 373 1723 431 JOANNEM
1767 370 1992 425 ll0.\lll...
2039 369 2199 426 LXV.
2240 371 2308 426 al.
2353 369 2535 425 LXIV.

3432 367 3540 422 3'32

1943 483 2070 536 dicit
2098 484 2264 547 enim,
2294 483 2420 538 Ideo
2446 484 2730 554 quwrcbant
2753 499 2862 534 eum
2905 481 3079 535 Jntlct‘i
3106 483 3386 550 interﬁcere
3411 498 3430 545 ,°
3461 497 3534 549 et,

1947 574 2084 636 Quid
2126 590 2203 627 me
2245 575 2471 640 qua’ritis
2521 574 2804 642 interﬁcere
2842 573 3020 642 (Joan.
3054 573 3107 629 5.
3143 574 3210 628 18
3255 573 3368 627 et7.
3398 574 3539 642 20)?

1942 664 2045 718 Sed
2079 674 2204 718 tunc
2233 666 2564 734 quaerebant,
2591 681 2732 719 nunc
2755 663 3011 718 autem‘id
3035 674 3357 727 statuerunt,
3382 673 3436 718 et
3462 667 3538 719 rei

1944 771 2157 808 manum
2185 755 2559 810 admoverunt.
2592 757 2679 811 54.
2724 756 2878 810 Iesus
2907 767 3075 809 autem
3097 758 3211 825 jam
3243 774 3342 810 non
3367 745 3540 826 palam

1941 845 2230 912 ambulabat
2261 843 2312 899 in
2338 846 2542 900 Jttda'a.
2573 847 2778 900 Rursus
2809 847 3041 900 humano
3070 861 3218 901 more
3244 848 3398 902 saluti
3428 861 3540 902 sua!

1940 945 2114 1000 cavet,
2141 951 2200 988 ac
2231 936 2533 1006 frequenter
2562 937 2661 990 hoc
2691 938 2834 990 facit.

2011 1027 2064 1080 2.
2097 1027 2326 1081 Christus
2353 1029 2576 1080 humano
2603 1045 2740 1080 more
2760 1028 2908 1097 fugit.
2931 1059 3003 1069 —
3021 1028 3136 1084 Jam
3165 1045 3378 1084 causam
3405 1032 3535 1095 dixi,

1941 1133 2037 1170 cur
2070 1116 2377 1186 frequenter
2406 1117 2617 1178 abierit,
2648 1127 2700 1171 et
2731 1121 3031 1173 secesserit.
3068 1119 3216 1174 Nunc
3245 1136 3409 1191 [πονε
3441 1123 3540 1196 de-

1943 1219 2144 1262 sertum
2179 1211 2378 1263 habitat
2406 1210 2457 1262 in
2490 1209 2745 1277 prrata,
2775 1219 2828 1263 et
2856 1211 2924 1265 ibi
2951 1212 3201 1266 manebat
3231 1229 3353 1268 cum
3381 1213 3539 1269 disci-

1944 1301 2081 1368 pulis
2109 1303 2239 1355 suis.
2268 1300 2534 1368 Quantum
2565 1313 2718 1370 putas
2763 1303 3002 1358 turbatos
3043 1305 3206 1360 fuisse
3247 1306 3544 1376 discipulos

1945 1391 2184 1445 videntes
2214 1393 2388 1461 ipsum
2433 1393 2668 1446 humano
2713 1409 2861 1448 more
2888 1396 3044 1449 saluti
3075 1412 3187 1451 sum
3217 1400 3542 1466 providere!

1944 1479 2113 1534 Nemo
2143 1481 2250 1550 jam
2284 1492 2539 1552 sequutus
2571 1493 2671 1538 est.
2716 1483 2845 1537 Nam
2881 1500 3003 1539 cum
3054 1502 3220 1556 prope
3259 1501 3402 1543 esset
3425 1491 3540 1544 dies

1947 1569 2131 1634 festus,
2161 1586 2349 1626 omnes
2395 1573 2787 1645 .Ierosolymam
2829 1577 3214 1644 occurrebant;
3260 1578 3358 1649 ipsi
3389 1596 3536 1646 vero,

1943 1675 2062 1715 cum
2092 1663 2384 1732 gauderent
2431 1680 2619 1719 onmes
2656 1677 2706 1721 et
2737 1667 2928 1722 festum
2971 1678 3212 1747 agerent,
3245 1681 3372 1727 tunc
3409 1674 3540 1728 late-

1946 1749 2088 1814 bant,
2125 1762 2248 1808 tunc
2292 1754 2343 1807 in
2394 1756 2645 1824 periculis
2689 1768 2876 1824 erant;
2923 1768 3156 1815 attamen
3209 1765 3538 1832 perstabant.

1945 1843 2100 1899 Certe
2148 1861 2270 1900 cum
2302 1847 2505 1901 Pascha
2548 1858 2600 1902 et
2644 1850 2972 1921 Scenopcgia
3003 1854 3430 1919 celebrarentur,
3464 1857 3538 1910 illi

1947 1934 1997 1987 in
2024 1933 2238 1990 Galilaea
2270 1938 2522 1993 latebant.
2556 1939 2786 2000 Rursum
2816 1954 2998 2013 postea
3031 1945 3084 2000 in
3107 1945 3195 2000 die
3231 1946 3390 2010 festo,
3410 1948 3538 2002 dum

1944 2026 2042 2079 soli
2070 2041 2191 2081 cum
2218 2027 2471 2098 Magistro
2509 2030 2753 2102 fugerent
2783 2043 2837 2087 et
2868 2035 3115 2103 laterent,
3146 2053 3298 2093 suam
3327 2057 3447 2111 erga
3473 2043 3537 2095 il-

1946 2116 2052 2170 lum
2096 2117 2520 2174 benevolentiam
2567 2124 2942 2180 ostendebant.
2990 2127 3127 2182 Hinc
3170 2129 3342 2184 Lucas
3385 2133 3533 2186 illum

1945 2206 2145 2262 dixisse
2172 2209 2246 2262 ait
2275 2227 2288 2263 :
2323 2210 2430 2281 Ego
2469 2215 2776 2280 perseveravi
2804 2217 3056 2270 uobiscum
3086 2219 3138 2272 in
3184 2223 3542 2279 tentationibns

1950 2297 2098 2368 (an.
2125 2298 2214 2352 22.
2243 2298 2362 2371 28).
2396 2302 2519 2355 Haec
2550 2320 2707 2373 porro
2732 2307 2943 2362 dicebat
2971 2320 3028 2363 ut
3057 2314 3385 2380 ostenderet,
3423 2317 3541 2369 illos

1944 2393 2113 2459 gratia
2142 2406 2235 2446 sua
2264 2394 2527 2450 roborari.
2575 2398 2664 2452 55.
2699 2398 2852 2454 Multi
2879 2403 3012 2456 enim
3038 2404 3102 2456 de
3137 2407 3344 2476 regione
3367 2425 3542 2462 ascen-

1945 2483 2145 2546 derunt,
2174 2493 2227 2537 ut
2255 2486 2630 2552 sancti/icarent
2659 2491 2868 2561 seipsos.
2915 2493 3004 2548 57.
3037 2494 3104 2547 Et
3134 2497 3379 2552 dederant
3416 2518 3542 2568 ρους

1946 2573 2104 2640 ti/ices
2150 2583 2196 2627 et
2242 2573 2499 2630 Phariscci
2537 2579 2800 2648 mandata,
2846 2592 2901 2636 ut
2926 2586 3362 2653 apprehenderent
3403 2606 3539 2643 cuin.

1948 2662 2075 2717 Mira
2113 2665 2463 2721 sanctiﬁcatio
2505 2683 2626 2723 cum
2672 2673 3012 2742 sanguinaria
3061 2677 3370 2742 voluntate,
3418 2697 3540 2736 cum

1946 2759 2239 2813 cruentatis
2285 2759 2552 2815 manibus.
2596 2763 2689 2817 56.
2735 2763 2804 2817 Et
2849 2765 3080 2821 dicebant
3121 2785 3142 2824 ,ο
3179 2769 3378 2825 Putatis
3422 2777 3542 2840 quia

1947 2864 2046 2901 non
2070 2849 2226 2903 veniet
2245 2851 2313 2903 ad
2338 2851 2474 2905 diem
2504 2853 2730 2921 festum?
2760 2855 2816 2910 1η
2861 2857 3122 2917 Paschate
3152 2862 3542 2920 insidiabantur

1947 2939 2059 3003 illi,
2107 2947 2424 3012 tempusque
2463 2943 2821 3000 solenmitatis
2877 2956 3086 3019 tempus
3136 2952 3299 3007 czcdis
3353 2956 3543 3010 redde-

1947 3028 2104 3092 bant;
2136 3029 2186 3083 id
2216 3040 2300 3085 est
2333 3049 2348 3088 :
2383 3031 2496 3087 Huc
2530 3035 2676 3089 illum
2711 3036 2953 3094 incidere
2983 3052 3215 3110 oportet,
3246 3043 3544 3102 advocauta

1948 3119 2104 3175 festo.
2133 3119 2178 3175 0
2218 3121 2545 3192 impietatem
2571 3125 2584 3178 !
2615 3123 2747 3180 Cum
2780 3128 2984 3198 majore
3009 3147 3144 3200 opus
3166 3143 3283 3187 erat
3323 3134 3540 3203 pietate,

1946 3223 2000 3267 et
2026 3229 2147 3267 cum
2177 3215 2432 3268 extremis
2456 3215 2674 3272 obnoxii
2705 3220 3021 3287 sceleribus,
3047 3224 3200 3278 liberi
3225 3227 3546 3282 emitteban-

1949 3315 2053 3376 tur,
2089 3319 2212 3365 tunc
2255 3312 2529 3366 innoxium
2561 3314 3023 3384 comprehendere
3068 3330 3350 3378 conantur.
3384 3324 3544 3395 Atqui

1945 3415 2064 3456 cum
2083 3403 2194 3472 jam
2219 3405 2348 3460 illud
2379 3415 2694 3474 tentasseut,
2718 3423 2822 3464 non
2851 3411 3161 3467 modonihil
3181 3413 3539 3485 perfecerant,

1946 3493 2039 3546 scd
2069 3495 2227 3548 etiam
2259 3491 2467 3551 ridiculi
2501 3507 2881 3568 apparuerant.
2914 3501 3038 3558 Ideo
3067 3505 3382 3576 frequenter
3410 3511 3543 3570 inci-

1946 3582 2102 3639 ditet
2142 3587 2340 3646 evadit,
2388 3597 2441 3642 et
2479 3591 2757 3659 cupientes
2800 3607 2859 3648 se
2903 3594 3206 3653 interﬁcere
3246 3599 3462 3666 retinet,
3489 3612 3545 3659 et

1946 3671 2136 3728 dubios
2174 3676 2445 3746 relinquit,
2478 3688 2534 3733 ut
2565 3681 2814 3736 virtutem
2850 3699 2999 3738 suam
3028 3685 3451 3746 demonstrando
3477 3693 3544 3748 il-

1949 3762 2029 3816 los
2055 3765 2118 3817 ad
2149 3770 2616 3836 compunctionem
2661 3771 2922 3840 deducat;
2951 3786 3003 3830 et
3045 3787 3101 3831 ut
3146 3788 3424 3850 postquam
3454 3799 3544 3838 ca-

1949 3863 2067 3921 ptus
2091 3856 2266 3923 luerit,
2298 3859 2488 3923 sciant,
2521 3876 2625 3914 non
2655 3863 2700 3915 vi
2735 3878 2852 3931 sua,
2881 3865 2972 3920 sed
3000 3867 3166 3936 ipsius
3193 3873 3544 3931 concessione

1947 3943 1998 3998 id
2029 3947 2309 4002 accidisse.
2344 3949 2527 4020 Neque
2555 3952 2697 4006 enim
2729 3962 2856 4009 tunc
2884 3965 3171 4025 potuerunt
3212 3961 3359 4017 illum
3390 3979 3544 4019 com-

1949 4036 2303 4105 prehendere,
2356 4044 2453 4095 etsi
2500 4045 2794 4116 propinqua
2835 4047 3090 4104 Bethania
3117 4062 3263 4108 esset
3296 4073 3308 4109 :
3337 4067 3541 4113 etcum

1944 4128 2495 4196 comprehendissmt,
2524 4137 2743 4202 sup'inos
2765 4138 2883 4193 illos
2916 4144 3220 4208 prostravit.
3269 4147 3418 4217 (Cap.
3455 4151 3540 4219 19.)

1948 4219 1997 4272 1.
2033 4222 2162 4273 Ante
2188 4238 2277 4275 sca:
2307 4223 2413 4276 dies
2444 4222 2658 4280 Pascha:
2688 4230 2816 4283 venit
2844 4231 2997 4286 Jesus
3023 4234 3077 4288 in
3103 4234 3427 4309 Betltaniant,
3457 4245 3542 4297 ubi

1944 4312 2110 4378 fuerat
2143 4311 2369 4367 Lazarus
2396 4326 2620 4371 mortuus
2644 4335 2662 4371 :
2685 4319 2738 4372 2.
2765 4329 2810 4373 et
2834 4325 3175 4380 manducabat
3203 4333 3343 4400 apud
3363 4351 3468 4398 eos;
3491 4347 3539 4390 et

1946 4399 2153 4456 Mart/ta
2174 4406 2510 4473 ministrabat,
2544 4409 2680 4463 Laza
2692 4429 2874 4484 rusque
2899 4418 3258 4476 manducabat.
3305 4424 3415 4480 Hoc
3442 4443 3538 4481 ve-

1944 4508 2017 4548 rte
2048 4499 2456 4554 resurrectionis
2478 4503 2685 4572 signum
2719 4517 2851 4572 erat,
2885 4510 3026 4578 quod
3057 4523 3175 4581 post
3204 4517 3397 4572 multos
3422 4519 3539 4578 dies

1943 4594 1998 4640 et
2028 4588 2226 4643 viveret
2256 4598 2310 4644 et
2351 4593 2716 4649 manducaret.
2747 4596 2898 4653 Unde
2929 4601 3102 4669 palam
3144 4614 3226 4659 est
3255 4610 3536 4675 prandium

1944 4677 1994 4730 in
2026 4677 2140 4745 ejus
2167 4679 2327 4734 domo
2355 4681 2515 4737 fuisse
2556 4701 2569 4712 ’
2603 4701 2723 4739 nam
2752 4698 2808 4740 ut
2844 4691 3000 4744 amici
3033 4700 3089 4747 et
3124 4694 3305 4750 dilecti
3350 4698 3534 4758 Jcsmn

1941 4769 2232 4837 excipiunt.
2259 4772 2484 4839 Quidam
2514 4786 2688 4830 tamen
2719 4779 2901 4834 dicunt
2950 4781 3000 4836 id
3042 4784 3093 4837 in
3136 4788 3236 4842 alia
3259 4789 3420 4846 domo
3445 4811 3538 4864 ge-

1941 4870 2082 4917 stum
2113 4862 2297 4919 fuisse.
2327 4865 2490 4921 Maria
2519 4879 2695 4923 autem
2729 4886 2834 4926 non
2865 4873 3242 4934 ministrabat:
3273 4862 3535 4956 discipula

1940 4954 2081 5007 enim
2112 4967 2242 5008 erat.
2291 4956 2497 5012 Rursus
2525 4959 2614 5014 hic
2659 4962 2830 5031 major
2859 4964 3011 5022 adest
3051 4969 3126 5024 illi
3157 4969 3385 5040 Spiritus
3413 4954 3537 5045 gra-

1944 5044 2035 5097 tia.
2075 5045 2188 5098 Non
2242 5049 2580 5104 ministrabat
2619 5052 2763 5106 enim
2812 5064 3080 5127 tamquam
3122 5075 3328 5132 vocata,
3361 5083 3535 5139 neque

1939 5139 2211 5192 communi
2259 5139 2598 5197 incumbebat
2640 5145 2967 5213 ministerio;
3028 5154 3121 5206 sed
3181 5154 3394 5213 Christo
3436 5165 3534 5217 soli

1941 5229 2196 5285 honorem
2220 5231 2392 5287 defert
2419 5253 2431 5287 :
2461 5251 2636 5306 neque
2665 5245 2722 5292 ut
2747 5239 2969 5305 honuni,
3008 5245 3099 5298 sed
3125 5254 3183 5300 ut
3212 5248 3318 5304 Deo
3339 5252 3535 5310 adstat.

1939 5320 2278 5392 Unguentum
2306 5326 2448 5380 enim
2483 5327 2605 5382 ideo
2631 5329 2839 5397 eﬂ'udit,
2872 5344 2925 5386 et
2955 5337 3163 5404 capillis
3201 5341 3389 5409 capitis
3413 5346 3534 5400 abs-

1940 5414 2112 5480 tersit,
2142 5415 2283 5484 quod
2323 5416 2533 5487 signum
2579 5429 2695 5474 erat
2732 5422 2876 5476 illam
2906 5425 2972 5480 de
3001 5426 3216 5485 Christo
3248 5450 3351 5489 non
3383 5452 3499 5491 eam

1937 5504 2056 5557 dem
2110 5520 2266 5574 quam
2317 5507 2408 5562 alii
2457 5509 2764 5578 Opinionem
2818 5514 3032 5573 habere.
3086 5519 3190 5576 Sed
3237 5523 3529 5595 increpavit

1935 5594 2099 5649 Judas
2153 5597 2401 5664 pietatem
2450 5601 2728 5657 simulans.
2780 5607 2920 5672 Quid
2959 5625 3088 5678 ergo
3136 5594 3429 5673 Christus?
3476 5623 3519 5674 7.

1936 5688 2132 5742 Bonum
2159 5708 2286 5762 opus
2310 5704 2520 5762 operata
2553 5707 2627 5750 est
2666 5697 2718 5751 in
2748 5700 3060 5768 sepulturam
3088 5721 3272 5759 nteant.
3307 5708 3414 5762 Cur
3439 5713 3526 5766 di-

1937 5784 2197 5851 scipulum
2219 5785 2358 5840 circa
2381 5788 2655 5846 mulierem
2680 5806 2784 5844 non
2811 5792 3169 5862 reprehendit,
3195 5811 3368 5868 neque
3395 5798 3526 5859 dixit
