4164 6330
627 377 730 430 365

632 503 679 547 ut
704 489 1041 560 evangelista,
1076 488 1242 556 ipsum
1284 484 1404 538 furti
1452 482 1679 537 faciendi
1721 498 1878 536 causa
1910 481 2187 535 mulierem

628 580 967 653 increpasse?
994 578 1246 634 Patientia
1275 591 1366 630 sua
1395 576 1561 629 voluit
1589 590 1707 627 eum
1740 573 1791 627 in
1827 591 1836 640 ι
1860 572 2078 626 udorcm
2107 571 2192 623 de-

624 674 839 727 ducere.
890 670 1038 739 Quod
1084 678 1259 723 autem
1306 677 1487 721 nosset
1532 667 1676 719 illum
1718 680 1834 719 esse
1865 662 2189 731 proditorem

625 777 785 836 patet,
812 764 952 836 quod
995 764 1102 833 jam
1146 764 1293 817 illum
1323 777 1465 832 stripe
1492 760 1838 829 redarguerit,
1875 768 1929 812 ut
1958 774 2075 812 eum
2108 758 2190 811 di-

588 860 591 861 ⁷
624 856 717 919 xit,
740 855 852 909 Non
875 869 1061 908 omnes
1087 854 1303 908 credunt
1328 852 1500 923 (Joan.
1523 852 1573 905 ϐ.
1592 851 1713 917 65);
1738 847 1963 910 ct,Umts
1980 866 2040 902 ea:
2057 848 2191 914 vobis

622 945 849 1000 diabolus
876 956 947 999 est
969 943 1131 1014 (Ibid.
1150 960 1197 997 υ.
1218 946 1330 1011 71).
1356 942 1605 995 ludicavit
1627 956 1753 1009 ergo
1777 955 1834 993 se
1859 955 2014 993 nosse
2044 938 2189 991 illum

621 1053 741 1093 esse
774 1038 1115 1106 proditorem,
1166 1051 1269 1089 non
1311 1049 1436 1087 vero
1465 1044 1645 1102 aperte
1672 1032 1958 1102 redarguit,
1988 1030 2079 1085 sed
2110 1030 2191 1082 in-

620 1129 801 1187 dulsit.
845 1128 983 1197 quod
1028 1125 1183 1181 vellet
1222 1139 1343 1180 eum
1383 1142 1411 1175 a
1456 1124 1724 1193 proposito
1775 1137 2042 1177 revocare.
2082 1119 2190 1174 Cur

620 1235 748 1288 ergo
775 1220 905 1273 alius
944 1217 1099 1283 dixit,
1142 1230 1328 1271 omnes
1361 1214 1647 1283 discipulos
1677 1214 1753 1267 sic
1799 1214 2039 1281 loquutos
2070 1225 2189 1265 esse

620 1310 827 1378 (Matth.
861 1308 947 1363 26.
982 1307 1078 1378 8)?
1121 1306 1184 1362 Et
1225 1319 1432 1369 omnes,
1472 1315 1527 1359 et
1571 1305 1694 1369 ille;
1726 1303 1817 1359 sed
1862 1304 2050 1372 reliqui
2082 1317 2186 1356 non

618 1402 803 1456 eodem
832 1402 1027 1452 animo.

690 1490 789 1545 Cur
817 1490 1041 1545 Christus
1066 1490 1169 1557 [uri
1188 1489 1377 1543 loculos
1402 1488 1721 1542 commiserit.
1744 1485 1979 1554 —Quod
2004 1485 2044 1539 si
2070 1486 2186 1554 quis

616 1592 839 1653 quaerat,
886 1598 979 1635 cur
1028 1580 1123 1634 furi
1167 1582 1367 1634 loculos
1417 1593 1703 1648 pauperum
1743 1576 2085 1639 commiserit,
2114 1586 2188 1660 ‘et

616 1688 831 1726 avarum
862 1674 1279 1740 dispensatorem
1323 1669 1536 1734 fecerit,
1579 1668 2038 1736 respondebimus,
2075 1681 2185 1719 rem

615 1779 861 1818 arcanam
894 1778 1054 1816 unum
1104 1776 1261 1815 nosse
1307 1760 1499 1821 Deum;
1537 1758 1674 1827 quod
1714 1758 1759 1811 si
1805 1757 2072 1826 quidpiam
2118 1757 2185 1811 sit

615 1853 963 1922 coniectando
1001 1852 1282 1906 dicendum
1314 1868 1326 1903 :
1368 1859 1426 1904 ut
1453 1864 1665 1904 omnem
1700 1852 1932 1904 auferret
1961 1864 2185 1903 excusa-

616 1948 773 2000 tionis
800 1960 1030 1999 causam.
1064 1943 1177 1999 Non
1211 1945 1351 1999 enim
1382 1943 1562 1998 dicere
1604 1940 1811 2011 poterat
1844 1956 1901 1995 se
1929 1958 1990 1995 ex
2020 1956 2184 2009 pecu-

616 2040 817 2092 niarum
851 2051 1032 2091 amore
1077 2036 1128 2090 id
1180 2036 1386 2100 fecisse,
1423 2050 1541 2087 cum
1574 2042 1753 2102 posset
1779 2033 2047 2101 cupiditati
2077 2047 2186 2086 sua:

613 2146 676 2184 ex
709 2130 897 2183 loculis
925 2127 1095 2182 facere
1125 2127 1271 2189 satis,
1298 2126 1389 2179 sed
1420 2140 1482 2179 ex
1512 2126 1709 2193 ingenti
1744 2125 1995 2192 nequitia,
2027 2139 2183 2191 quam

616 2222 825 2275 volebat
871 2219 1112 2274 Christus
1158 2217 1407 2271 cohibere
1437 2258 1451 2277 ,
1499 2215 1819 2284 indulgentia
1860 2229 1985 2284 erga
2039 2215 2182 2267 illum

516 2318 525 2329 '
614 2312 775 2365 multa
804 2326 947 2363 usus.
978 2307 1329 2375 Quamobrem
1354 2308 1371 2338 ί
1400 2307 1543 2360 illum
1584 2304 1842 2358 furantem
1869 2320 1972 2357 non
2002 2319 2186 2371 argue-

615 2403 722 2466 hat,
752 2404 847 2456 etsi
880 2417 980 2453 non
1013 2402 1241 2460 ne<cins,
1280 2400 1393 2466 ejus
1425 2399 1614 2452 malam
1656 2397 1937 2451 obstruens
1983 2396 2183 2465 cupidi-

614 2503 792 2552 tatem,
824 2502 874 2545 et
907 2506 1116 2545 omnem
1149 2488 1395 2543 auferens
1443 2490 1859 2542 excusationem.
1914 2488 2077 2540 Sinite
2118 2488 2183 2538 il-

613 2586 732 2645 lam,
762 2584 959 2649 inquit;
988 2583 1039 2634 in
1076 2583 1203 2633 diem
1234 2579 1505 2648 sepultura:
1543 2595 1665 2632 mea:
1695 2579 1785 2631 hoc
1824 2578 1953 2646 fecit.
1982 2578 2184 2631 Rursus

615 2675 935 2743 proditorem
982 2672 1250 2731 admonet,
1298 2686 1415 2723 cum
1465 2670 1753 2735 sepultura}
1786 2669 2042 2720 meminit.
2080 2665 2185 2719 Sed

616 2781 718 2817 non
750 2765 963 2818 incessit
991 2763 1134 2815 illum
1170 2762 1408 2825 monitio,
1441 2776 1609 2829 neque
1640 2760 1741 2812 hoc
1763 2760 1980 2812 verbum
2015 2759 2179 2812 emol-

616 2855 722 2907 livit
751 2873 763 2907 :
794 2854 888 2905 etsi
932 2854 1188 2920 potuisset
1234 2852 1375 2903 illum
1418 2851 1469 2902 in
1501 2850 2013 2903 commiscrationmn
2060 2848 2183 2912 in,i-

613 2964 765 3010 cere;
800 2962 860 3002 ac
888 2949 929 2999 si
963 2946 1163 2999 diceret
1194 2963 1206 2997 :
1236 2942 1484 2996 Molestus
1512 2956 1625 2995 smn
1676 2950 1730 2995 et
1765 2956 2019 2994 onerosus
2045 2956 2057 2999 ;
2090 2941 2183 2993 sed

613 3047 857 3106 exspecta
889 3037 1166 3105 paulisper,
1218 3045 1270 3089 et
1300 3035 1558 3103 migrabo.
1614 3033 1723 3086 lluc
1767 3033 1906 3086 enim
1952 3032 2183 3098 respexit

614 3144 732 3182 cum
757 3130 955 3182 diceret
982 3146 993 3181 :
1025 3128 1077 3181 8.
1113 3124 1198 3178 Me
1232 3138 1397 3177 autem
1433 3142 1531 3177 non
1559 3140 1753 3192 semper
1793 3123 2051 3175 habebitis.
2078 3121 2182 3173 Sed

617 3219 743 3272 nihil
800 3218 985 3271 horum
1058 3216 1221 3270 ferum
1270 3226 1318 3270 et
1376 3215 1629 3268 furiosum
1680 3213 1944 3267 hominem
1997 3213 2182 3279 ﬂexit,

616 3312 822 3367 etiamsi
851 3312 1012 3364 multa
1042 3311 1143 3364 alia
1174 3310 1365 3364 dixerit
1399 3319 1451 3363 et
1482 3308 1684 3373 fecerit,
1717 3307 1873 3375 pedes
1896 3307 2007 3375 ejus
2038 3307 2181 3360 lave-

616 3404 683 3456 rit
710 3404 794 3457 illa
827 3411 999 3467 nocte,
1030 3417 1089 3456 ac
1118 3414 1314 3455 mensae
1356 3409 1662 3455 consortem
1694 3397 1895 3459 fecerit,
1935 3398 2073 3466 quod
2105 3398 2183 3451 vel

618 3495 875 3548 latronum
924 3493 1129 3546 animos
1173 3492 1407 3545 mulcere
1453 3499 1658 3559 potest;
1692 3499 1744 3543 et
1791 3490 1891 3541 alia
1920 3489 2073 3542 verba
2104 3488 2185 3541 lo-

615 3595 810 3656 quutus
861 3587 957 3650 sit,
1008 3600 1125 3654 quae
1182 3591 1397 3652 possent
1441 3582 1598 3635 etiam
1651 3580 1876 3649 lapidem
1924 3580 2183 3635 emollire.

619 3679 684 3732 Et
712 3678 824 3731 haec
863 3692 965 3730 non
1007 3677 1171 3729 multo
1199 3684 1351 3738 ante,
1385 3673 1477 3728 sed
1520 3674 1570 3725 in
1617 3673 1732 3741 ipso
1772 3672 1893 3733 die,
1943 3688 2009 3725 ne
2051 3682 2185 3725 tem-

618 3784 716 3838 pus
747 3769 797 3823 in
847 3767 1162 3822 oblivionem
1215 3765 1507 3827 induceret.
1553 3763 1657 3818 Sed
1706 3762 1960 3818 adversus
2010 3764 2186 3818 omnia

618 3861 863 3932 perstitit.

616 4018 617 4021 η
687 3952 740 4005 5.
781 3950 998 4003 Avaritia
1028 3959 1268 4019 quantum
1306 3950 1367 4003 sit
1405 3948 1612 4001 malum.
1644 3947 1797 4001 Amor
1828 3948 2053 4016 pecunia:
2078 3948 2187 4000 dte-

618 4060 761 4097 mone
786 4042 1018 4095 deterior.
1042 4070 1111 4081 —
1139 4036 1327 4095 Gravis
1349 4053 1575 4107 namque
1610 4048 1691 4092 est
1721 4038 1942 4091 avaritia
1975 4056 1986 4088 :
2015 4037 2189 4107 gravis

617 4143 781 4197 certe,
815 4148 930 4201 quae
959 4132 1141 4185 oculos
1170 4140 1223 4184 et
1250 4144 1407 4184 aures
1448 4129 1680 4194 obturet,
1713 4138 1767 4183 et
1798 4128 1908 4184 fera
1936 4129 2187 4185 smviores

618 4226 791 4281 reddit
818 4242 833 4278 :
866 4238 966 4277 noo
996 4221 1391 4285 conscientiam,
1423 4235 1525 4274 non
1553 4220 1857 4284 amicitiam,
1890 4236 1993 4274 non
2016 4222 2189 4274 socie-

618 4326 800 4381 tatem,
832 4330 932 4369 non
966 4313 1230 4383 propriam
1273 4311 1495 4366 salutem
1545 4313 1781 4379 cogitare
1809 4310 1966 4373 sinit;
2002 4310 2093 4363 sed
2122 4311 2188 4363 ah

618 4408 863 4461 omnibus
892 4406 1043 4459 simul
1066 4413 1331 4465 avertens,
1361 4416 1496 4472 quos
1517 4402 1656 4468 capit
1686 4402 1735 4455 in
1761 4401 2070 4454 servitutem
2098 4416 2186 4454 re-

617 4498 766 4569 digit,
812 4504 866 4549 nt
909 4493 1217 4563 gravissima
1260 4492 1492 4546 domina.
1522 4490 1776 4560 Quodque
1822 4492 1873 4545 in
1919 4492 2015 4545 hac
2058 4492 2187 4545 dura

617 4588 872 4644 servitute
916 4584 1148 4639 deterius
1192 4592 1313 4649 est,
1365 4583 1559 4651 gratias
1604 4582 1702 4635 sibi
1752 4582 2020 4637 habendas
2070 4599 2187 4639 esse

620 4682 749 4749 ipsis
776 4676 991 4741 suadet;
1014 4684 1069 4731 et
1091 4685 1289 4744 quanto
1319 4673 1484 4742 magis
1514 4674 1585 4727 illi
1625 4676 1872 4739 servitur,
1904 4684 2048 4729 tanto
2076 4692 2189 4727 ma-

618 4773 700 4840 gis
748 4778 971 4837 augetur
1013 4765 1252 4833 voluptas
1295 4783 1307 4817 :
1354 4762 1927 4833 ltincque‘incurahilis
1976 4768 2191 4819 morbus

618 4862 870 4932 gignitur.
916 4857 1047 4911 Hinc
1091 4863 1279 4911 venatu
1324 4855 1551 4911 difficilis
1603 4856 1717 4911 lucc
1763 4858 1871 4911 fera
1921 4868 2031 4923 est;
2078 4858 2191 4911 haec

620 4952 764 5007 Giesi
795 4965 860 5005 ex
884 4947 1143 5016 discipulo
1185 4954 1241 5002 et
1282 4947 1537 5016 propheta
1578 4947 1846 5017 leprosum
1889 4948 2043 5012 fecit;
2079 4949 2192 5001 lucc

624 5042 880 5099 Ananiam
930 5037 1191 5109 perdidit;
1239 5036 1354 5091 hinc
1403 5036 1590 5091 Judam
1647 5038 1975 5106 proditorem
2031 5037 2190 5097 fecit;

626 5136 741 5189 inec
766 5133 1030 5203 principes
1054 5128 1357 5187 Judreorum
1384 5130 1639 5197 corrupit,
1671 5130 1758 5198 qui
1802 5131 1937 5182 dona
1967 5132 2195 5197 accipie-

629 5227 754 5279 bant
778 5233 830 5276 et
855 5222 1025 5277 furum
1053 5222 1182 5276 socii
1213 5219 1613 5285 efficiebantur;
1642 5220 1757 5275 haec
1785 5222 2007 5289 plurima
2038 5222 2195 5276 indu-

628 5317 703 5370 xit
743 5313 900 5373 bella.
932 5312 1184 5381 sanguine
1209 5312 1339 5375 vias,
1374 5310 1622 5366 lamentis
1651 5320 1706 5367 et
1732 5312 2015 5382 gemitibus
2040 5312 2198 5367 urbes

630 5406 889 5477 replevit;
914 5404 1027 5458 brec
1060 5417 1241 5461 canas
1282 5405 1534 5474 impuras,
1564 5419 1880 5475 mensasque
1918 5419 2199 5460 exsecran-

678 5542 704 5602 t
720 5537 775 5588 In
799 5534 1079 5602 Florilegio,
1100 5542 1158 5602 ut
1174 5536 1508 5602 animadvertit
1538 5537 1751 5602 Savilius,
1774 5539 1853 5590 hic
1875 5538 2010 5592 locus
2030 5541 2204 5596 melius

633 5600 819 5670 habere
840 5597 1055 5670 videtur,
1074 5597 1158 5670 sed
1178 5611 1244 5670 ea:
1277 5598 1713 5670 ingentiuequitia,
1904 5602 1950 5653 si
1980 5604 2201 5670 cohibere

635 5658 851 5711 satiasset
867 5695 881 5717 ,
906 5672 999 5708 non
1021 5658 1300 5710 tradidisset
1325 5658 1926 5717 benefactorem.’christtts
1949 5678 2057 5716 vero
2078 5668 2199 5717 mul-

639 5726 817 5833 κὲἒῗα
853 5720 987 5773 illum
1022 5718 1318 5785 indulgentia
1357 5722 1598 5786 multaque
1634 5723 1860 5788 patientia
1903 5742 2041 5791 usus,
2066 5733 2201 5795 sum--

636 5792 774 5832 reoat
781 5823 791 5832 .

1439 368 1494 424 S.
1536 366 1809 439 JOANNIS
1833 364 2303 421 CilRYSOSTUSII
2347 365 2659 420 Al’lClllEP.
2704 362 3234 419 (.ONSTANTINOP.

3844 226 3865 257 ι

3783 370 3895 429 364

2304 481 2421 548 das,
2452 483 2598 535 cibos
2638 484 2843 554 iniquos
2875 486 3122 540 reddidit.
3163 486 3365 543 Idcirco
3412 489 3676 546 idolorum
3712 496 3892 551 servi-

2302 581 2464 628 tutem
2494 575 2631 626 illam
2680 577 2885 629 vocavit
2915 576 3109 631 Paulus
3131 577 3347 648 (Colon.
3376 580 3426 634 3.
3468 581 3545 649 5).
3576 582 3681 637 Sed
3712 599 3895 654 neque

2300 662 2368 715 ita
2404 664 2681 721 dctet‘rttil.
2725 666 2830 720 Cur
2858 678 3035 722 autem
3081 670 3435 725 idololatriam
3470 671 3636 726 dicit?
3680 674 3891 731 Habent

2300 755 2449 808 multi
2478 754 2708 821 divitias,
2740 757 2948 825 illisque
2975 760 3046 811 uti
3077 775 3181 813 non
3213 762 3431 822 audent.
3475 763 3568 817 sed
3600 764 3722 819 illas
3749 780 3889 819 con-

2298 858 2528 906 scerant.
2572 860 2624 902 et
2662 851 2939 918 nepotibus
2987 853 3209 906 intactas
3251 856 3636 921 transmittunt,
3665 872 3890 912 eorum-

2298 953 2401 1008 que
2433 943 2848 1004 successoribus,
2890 945 3039 1011 quasi
3074 944 3182 998 Deo
3206 946 3377 999 dicata
3420 951 3885 1004 muneraeontin-

2296 1046 2421 1098 gere
2466 1047 2568 1083 non
2611 1034 2823 1087 audent.
2874 1034 2928 1089 Si
2969 1037 3183 1105 quando
3214 1053 3343 1092 vero
3383 1040 3445 1093 iis
3492 1040 3563 1093 uti
3596 1050 3882 1110 cogantur.

2298 1122 2367 1176 ita
2395 1123 2565 1177 affecti
2597 1136 2717 1177 sunt
2746 1140 2806 1179 ac
2834 1127 2877 1178 si
2903 1143 3013 1181 rem
3060 1128 3295 1211 illicitum
3339 1129 3599 1186 facerent.
3632 1133 3883 1203 Alioquin

2296 1223 2472 1267 autem
2501 1230 2563 1268 ac
2586 1216 2627 1269 si
2656 1216 2774 1283 quis
2805 1219 3015 1284 gentilis
3054 1212 3393 1275 simulacrum
3425 1224 3440 1253 ¹
3472 1223 3695 1287 coleret,
3722 1225 3803 1280 sic
3824 1236 3883 1279 tu

2295 1317 2479 1355 aurum
2514 1305 2679 1372 portis
2722 1315 2775 1359 et
2803 1310 3041 1362 vectibus
3082 1313 3277 1373 munis,
3312 1326 3373 1365 ac
3420 1329 3516 1383 pro
3546 1316 3745 1384 templo
3784 1316 3882 1370 tibi

2294 1406 2470 1447 arcam
2498 1395 2705 1459 statuis,
2730 1406 2781 1450 et
2807 1397 2859 1450 in
2881 1401 3057 1453 aureis
3080 1401 3221 1454 vasis
3241 1401 3483 1470 deponis.
3504 1404 3610 1459 Sed
3634 1420 3737 1460 non
3756 1405 3882 1459 ado-

2295 1499 2381 1538 ras
2408 1486 2744 1540 simulacrum
2772 1498 2826 1541 ttt
2858 1489 2989 1543 ille?
3025 1492 3090 1544 At
3122 1507 3334 1547 omnem
3368 1494 3468 1564 ipsi
3493 1496 3696 1552 cultum
3718 1498 3876 1553 exhi—

2296 1575 2409 1630 bes.
2444 1576 2752 1645 ilojusmodi
2782 1570 2942 1633 homd
2966 1582 3114 1648 prius
3137 1585 3323 1639 oculos
3350 1594 3402 1638 et
3423 1587 3655 1640 animam
3681 1589 3878 1653 tradat,

2291 1681 2450 1735 quam
2474 1668 2671 1721 idolum
2698 1669 2843 1723 illud.
2867 1670 2977 1724 Hoc
3000 1671 3197 1726 faciunt
3227 1676 3341 1727 auri
3370 1686 3660 1733 amatores.
3692 1681 3759 1733 At
3783 1694 3881 1734 an-

2292 1776 2407 1814 rum
2434 1776 2536 1815 non
2554 1762 2736 1825 adoro,
2765 1763 2993 1832 inquies.
3018 1764 3202 1835 Neque
3225 1754 3313 1823 ille
3336 1768 3533 1823 idolum
3548 1771 3875 1839 adorat,sed

2293 1849 2671 1905 inliabitantem
2695 1853 3013 1908 dmmonem.
3041 1855 3109 1908 Ita
3128 1866 3180 1910 et
3208 1867 3281 1920 tu,
3303 1859 3401 1912 etsi
3421 1874 3608 1913 aurum
3633 1877 3738 1915 non
3755 1863 3881 1918 ado-

2292 1957 2399 2005 res,
2423 1943 2515 1996 sed
2541 1944 2686 1997 illum
2714 1945 2905 2000 adores
2930 1946 3228 2001 dmmouem
3250 1950 3338 2018 qui
3366 1965 3431 2005 ex
3465 1950 3579 2005 auri
3603 1953 3797 2008 intuitu
3824 1965 3880 2009 et

2292 2034 2719 2100 concupiscentia
2741 2037 2792 2089 in
2813 2047 2952 2090 tuam
2976 2038 3173 2092 involat
3189 2040 3438 2094 animam.
3460 2040 3878 2098 Daemonenam-

2290 2138 2393 2191 que
2413 2123 2645 2178 deterior
2665 2135 2745 2179 est
2763 2129 3103 2195 pecuniarum
3120 2130 3402 2198 cupiditas,
3426 2132 3513 2185 cui
3535 2133 3684 2187 multi
3708 2138 3878 2205 magis

2291 2217 2675 2285 obsequuntur,
2711 2234 2866 2287 quam
2914 2220 3070 2274 idolis
3108 2221 3216 2275 alii.
3258 2222 3318 2275 Hi
3354 2240 3580 2295 namque
3609 2226 3662 2279 in
3694 2229 3877 2282 multis

2291 2322 2394 2360 non
2421 2318 2634 2376 parcnt;
2670 2309 2739 2360 illi
2773 2326 2898 2364 vero
2930 2311 2980 2363 in
3009 2313 3256 2366 omnibus
3284 2314 3502 2377 cedunt,
3540 2327 3594 2367 et
3618 2316 3873 2386 quidquid

2291 2398 2591 2453 faciendum
2610 2411 2874 2469 suggerat,
2898 2402 3282 2471 obsequuntur.
3306 2405 3440 2471 Quid
3468 2406 3597 2459 dicit
3618 2409 3877 2460 avaritia?

2293 2491 2419 2545 Esto
2448 2492 2693 2545 omnibus
2713 2493 2877 2546 hostis
2898 2505 2950 2547 et
2974 2494 3241 2559 inimicus,
3269 2507 3509 2550 naturam
3531 2498 3871 2556 obliviscere.

2294 2581 2457 2635 Deum
2486 2593 2787 2648 contemne,
2818 2585 3051 2638 sacrifica
3082 2588 3212 2639 mihi
3246 2588 3471 2657 teipsum
3496 2606 3507 2641 :
3532 2590 3661 2645 etin
3697 2592 3868 2644 enuti-

2293 2673 2389 2723 bus
2415 2673 2485 2725 illi
2513 2666 2901 2740 obtemperant.
2926 2675 3085 2727 ldolis
3113 2676 3326 2744 quidem
3358 2678 3519 2731 boves
3544 2689 3598 2733 et
3624 2694 3753 2734 oves
3772 2681 3871 2732 im-

2291 2762 2586 2815 molantur:
2620 2764 2839 2815 avaritia
2864 2774 3037 2817 autem
3066 2765 3213 2826 dicit,
3239 2767 3456 2821 ltnmola
3486 2770 3613 2822 milii
3640 2773 3873 2825 animam

2292 2862 2431 2906 tuam
2457 2872 2468 2905 :
2492 2864 2543 2906 et
2569 2868 2759 2906 avarus
2793 2871 2993 2908 morem
3025 2859 3178 2924 gerit.
3213 2858 3397 2911 Viden‘
3424 2862 3608 2929 quales
3636 2875 3759 2915 aras
3784 2864 3877 2915 ha-

2290 2943 2447 2998 beat?
2476 2945 2650 3014 qualia
2692 2947 2920 3013 excipiat
2960 2948 3258 3002 sacriﬁcia?
3302 2949 3542 3020 Regnum
3596 2951 3687 3005 Dei
3728 2952 3875 3006 avari

2291 3050 2395 3089 non
2426 3035 2775 3103 possidebunt
2805 3038 2878 3104 (l.
2912 3036 3030 3091 Cor.
3065 3039 3116 3093 6.
3149 3038 3269 3105 10):
3300 3055 3362 3094 ac
3390 3040 3516 3094 nihil
3548 3051 3724 3095 tamen
3757 3041 3873 3097 for-

2292 3126 2511 3179 midant.
2536 3128 2692 3197 Atqui
2716 3129 2825 3181 huic
2842 3126 3101 3197 cupiditas
3122 3131 3360 3184 omniurn
3390 3130 3752 3186 infirmissima
3769 3144 3872 3187 est.

2292 3218 2471 3288 Neque
2497 3220 2636 3274 enim
2659 3222 2855 3283 innata,
2881 3237 3052 3293 neque
3072 3224 3325 3279 naturalis
3343 3234 3426 3280 est
3446 3245 3458 3280 :
3476 3224 3712 3296 alioquin
3729 3227 3872 3282 enim

2292 3311 2446 3364 nobis
2474 3325 2503 3363 a
2536 3312 2794 3380 principio
2815 3312 3105 3369 adfuisset:
3136 3327 3186 3367 at
3221 3317 3373 3369 initio
3394 3333 3578 3371 aurum
3605 3333 3710 3370 non
3733 3328 3874 3383 erat,

2292 3417 2390 3455 nec
2421 3418 2604 3455 aurum
2633 3406 2893 3475 quispiam
2917 3408 3142 3460 amabat.
3178 3409 3244 3460 At
3272 3410 3314 3462 si
3338 3409 3517 3475 vultis,
3546 3408 3720 3462 dicam
3734 3410 3879 3464 unde

2293 3494 2486 3548 malum
2511 3495 2806 3563 irrepserit.
2836 3497 3036 3566 Singuli
3066 3513 3160 3551 eos
3188 3500 3273 3565 qui
3303 3512 3692 3567 princesseraut
3710 3516 3879 3555 temu-

2294 3587 2405 3651 lati,
2438 3590 2680 3643 morbum
2724 3601 3007 3656 auxerunt,
3056 3600 3109 3645 et
3135 3592 3216 3644 vel
3245 3592 3465 3646 invitum
3500 3594 3684 3649 incitat
3714 3595 3758 3648 is
3785 3596 3876 3662 qui

2293 3685 2582 3752 praecessit.
2616 3684 2747 3739 Cum
2774 3684 2953 3739 vident
2987 3687 3127 3741 enim
3161 3688 3468 3757 Splendidas
3514 3690 3677 3756 aedes,
3710 3705 3875 3760 agro-

2291 3791 2409 3830 rum
2436 3779 2665 3846 copiam,
2692 3791 2964 3831 servorum
2986 3794 3193 3848 greges,
3217 3790 3467 3850 argentea
3488 3796 3634 3849 vasa,
3664 3792 3717 3836 et
3739 3784 3882 3836 mul-

2295 3879 2400 3923 tam
2432 3871 2656 3925 vestium
2682 3872 3005 3940 congeriem,
3049 3871 3178 3925 nihil
3210 3886 3315 3925 nou
3356 3882 3522 3942 agunt
3546 3884 3603 3927 ut
3631 3874 3752 3929 illos
3782 3888 3877 3928 su-

2293 3972 2517 4033 pereut:
2545 3972 2601 4017 ut
2627 3963 2779 4032 primi
2825 3963 3090 4030 secundis,
3124 3963 3178 4018 bi
3220 3966 3566 4035 sequentibus
3590 3980 3748 4020 causa
3778 3982 3881 4021 cu-

2294 4054 2472 4125 piendi
2499 4054 2777 4108 exsistant.
2811 4054 2963 4122 Quod
2991 4055 3033 4108 si
3063 4055 3356 4109 voluissent
3381 4055 3653 4110 moderate
3692 4070 3878 4126 agerc,

2294 4165 2398 4202 non
2431 4148 2548 4203 aliis
2589 4148 2835 4203 doctores
2868 4148 3120 4210 fuissent;
3166 4148 3273 4202 imo
3315 4163 3487 4217 neque
3534 4148 3615 4202 his
3660 4149 3765 4202 ulla
3798 4162 3886 4203 est

2294 4243 2584 4295 excusatio.
2616 4240 2752 4296 Sunt
2779 4241 2922 4294 enim
2961 4241 3045 4294 alii
3076 4241 3161 4309 qui
3196 4241 3449 4309 pecunias
3493 4252 3767 4309 spernant.
3814 4241 3886 4295 Et

2296 4332 2415 4401 quis
2443 4334 2664 4402 spernit,
2699 4333 2939 4401 inquies?
2982 4332 3131 4400 Quod
3165 4334 3305 4387 enim
3348 4333 3563 4403 gravius
3600 4342 3702 4397 est,
3734 4344 3880 4388 tanta

2298 4425 2453 4495 hujus
2486 4426 2594 4478 vitii
2626 4426 2705 4478 vis
2740 4433 2842 4489 est,
2887 4434 2943 4479 ut
2986 4425 3227 4479 videatur
3257 4440 3360 4479 non
3409 4441 3565 4493 posse
3608 4428 3880 4495 superari,

2297 4532 2395 4570 nec
2414 4516 2663 4571 credatur
2682 4516 2979 4587 quempiam
3007 4530 3125 4570 esse
3156 4516 3246 4586 qui
3271 4517 3593 4571 contrariam
3627 4517 3884 4571 virtutem

2296 4617 2548 4663 sectetur.
2584 4608 2775 4663 Multos
2803 4617 2979 4663 tamen
3011 4608 3316 4677 hujusmodl
3350 4623 3630 4664 numerare
3657 4623 3885 4679 possum

2296 4708 2348 4754 et
2375 4700 2426 4753 in
2450 4699 2668 4753 urbibus
2697 4710 2749 4753 et
2774 4700 2824 4753 in
2854 4699 3141 4753 montibus.
3176 4699 3243 4754 Et
3277 4700 3403 4767 quid
3434 4699 3557 4755 inde
3582 4699 3747 4756 lucri?
3777 4715 3885 4754 ne-

2296 4806 2399 4861 que
2430 4791 2570 4845 enim
2603 4791 2725 4845 hinc
2754 4791 3002 4846 meliores
3022 4790 3277 4845 evadetis.
3306 4790 3555 4861 Alioquin
3576 4798 3751 4845 autem
3768 4805 3887 4845 non

2299 4883 2367 4938 de
2396 4883 2480 4938 his
2510 4883 2660 4937 nobis
2690 4897 2867 4937 sermo
2892 4897 3033 4937 nunc
3060 4892 3162 4948 est,
3193 4898 3292 4937 nec
3316 4883 3544 4937 dicimus
3566 4882 3773 4936 divitias
3796 4882 3890 4938 ef-

2302 4976 2446 5030 fundi
2476 4984 2755 5044 oportere:
2802 4973 2994 5029 vellem
3045 4975 3256 5043 utique;
3284 4974 3377 5028 sed
3409 4974 3529 5044 quia
3560 4973 3730 5042 majus
3758 4988 3895 5029 esse

2303 5082 2437 5121 onus
2456 5067 2684 5131 videtur,
2716 5081 2821 5120 non
2850 5080 3058 5135 cogam,
3082 5065 3174 5120 sed
3205 5064 3388 5120 hortor
3412 5079 3479 5119 ne
3500 5063 3669 5117 aliena
3693 5076 3897 5117 concu-

2304 5158 2539 5227 piscatis,
2572 5166 2730 5227 atque
2761 5172 2825 5210 ex
2856 5156 3193 5211 facultatibus
3222 5156 3541 5225 largiatnini.
3572 5154 3759 5208 Nullos
3782 5172 3895 5209 au-

2305 5258 2409 5302 tem
2438 5248 2771 5302 inveniemus
2801 5247 2959 5302 rebus
2987 5248 3099 5302 suis
3142 5255 3443 5312 contentos,
3476 5262 3569 5301 sua
3610 5254 3897 5312 curantes,

2304 5351 2358 5397 et
2385 5356 2451 5396 ex
2479 5339 2637 5409 justis
2684 5339 2952 5394 laboribus
2977 5340 3176 5393 victum
3206 5350 3473 5409 parantes.
3512 5338 3621 5394 Cur
3647 5354 3753 5393 non
3784 5338 3904 5393 hos

2307 5432 2575 5487 imitamur
2602 5438 2657 5486 et
2680 5430 3026 5485 :emulamur?
3054 5428 3360 5500 Cogitemus
3397 5444 3493 5485 eos
3517 5431 3605 5500 qui
3632 5437 3755 5483 ante
3786 5445 3907 5485 nos

2308 5525 2564 5580 fuerunt:
2596 5536 2771 5577 annon
2814 5522 3028 5577 illorum
3061 5522 3257 5593 praedia
3284 5531 3446 5588 stant,
3488 5521 3615 5578 dum
3644 5521 3895 5591 ipsorum

2308 5616 2417 5673 sola
2449 5614 2663 5671 nomina
2701 5613 3182 5671 circumferuntur?
3209 5614 3285 5671 En
3329 5613 3486 5685 hujus
3513 5613 3780 5678 balneum,
3820 5611 3893 5667 ii-

2377 5797 2393 5825 ι
2432 5793 2524 5842 Alii
2543 5793 2750 5854 addunt,
2775 5807 2991 5847 saxeum.
