4164 6330
657 389 760 444 567

659 508 812 554 erant
840 506 888 551 et
917 493 1118 563 cupidi,
1148 491 1392 559 ipsosque
1415 485 1655 540 hostibus
1685 480 1981 541 tradebant,
2012 475 2220 546 plebem

661 587 1037 644 subvertebant
1077 591 1129 636 et
1159 579 1399 634 hostibus
1445 574 1686 630 subditos
1725 570 2013 626 reddebant
2045 585 2057 619 :
2087 563 2227 620 Con-

663 678 788 742 fide,
817 674 1001 743 inquit,
1028 672 1110 724 hic
1134 684 1233 722 non
1260 667 1375 720 talis
1398 674 1499 728 est,
1529 663 1620 716 sed
1651 667 1954 714 mansuetus
1980 664 2031 710 et
2055 654 2222 714 mitis;

660 767 798 837 quod
840 783 903 820 ex
935 765 1080 817 asina
1108 759 1426 815 ostenditur.
1476 754 1655 822 Neque
1703 753 1842 804 enim
1871 747 2104 802 exercitu
2136 744 2229 796 sti—

660 869 814 926 patus
848 857 1117 924 ingressus
1144 861 1225 906 est
1249 891 1263 908 .
1293 847 1388 902 sed
1417 861 1534 900 cum
1563 844 1708 896 asina
1739 849 1962 892 tantum.
1999 837 2082 890 16.
2117 833 2228 887 Hoc

660 961 826 1002 autent
855 946 1158 1008 nesciebant,
1188 940 1372 1007 inquit,
1403 933 1639 1004 discipuli
1667 932 1796 1001 ejus,
1827 926 1963 998 quod
1992 926 2229 991 scriptum

663 1041 724 1094 de
746 1039 837 1092 illo
866 1047 1011 1093 esset.
1046 1032 1230 1089 Viden‘
1261 1031 1380 1084 illos
1407 1027 1630 1095 plurima
1660 1024 1951 1093 ignoraSSe.
1973 1019 2094 1087 quia
2118 1017 2231 1082 ipse

662 1131 897 1185 nondum
941 1130 1020 1181 eis
1060 1121 1429 1179 revelaverat?
1475 1117 1606 1171 Nam
1655 1129 1774 1168 cum
1819 1113 1991 1174 dixit,
2039 1107 2233 1162 Solvite

667 1223 908 1292 templum
935 1220 1028 1271 hoc
1053 1257 1068 1284 ,
1097 1226 1143 1270 et
1172 1215 1224 1266 in
1255 1212 1410 1265 tribus
1444 1209 1616 1262 diebus
1645 1202 1869 1258 excitabo
1898 1202 2027 1255 illud
2052 1197 2228 1272 (Joan.

669 1314 721 1368 2.
760 1287 858 1380 19)
897 1328 910 1364 :
943 1322 1117 1377 neque
1160 1316 1284 1358 tunc
1328 1302 1703 1356 intellexerunt
1731 1292 1974 1362 discipuli
2003 1290 2135 1359 ejus.
2168 1287 2234 1341 Et

664 1406 799 1458 alius
827 1378 1148 1470 evangelista
1172 1392 1359 1463 (Marc.
1380 1393 1432 1448 9.
1457 1389 1680 1462 9)dieit,
1710 1383 2078 1442 absconditum
2106 1378 2235 1434 fuis-

667 1511 727 1550 se
779 1506 1077 1549 sermonem
1108 1489 1176 1542 ab
1217 1489 1315 1552 eis,
1344 1499 1443 1538 nec
1467 1482 1684 1537 scivisse
1718 1483 2137 1532 resurrecturum
2168 1470 2231 1522 il-

667 1589 775 1641 lum
815 1599 934 1639 esse
958 1599 986 1636 a
1014 1580 1260 1635 mortuis.
1288 1577 1392 1632 Sed
1425 1578 1527 1630 hoc
1563 1575 1685 1642 jure
1732 1567 2098 1625 absconditum
2129 1563 2235 1616 illis

667 1687 800 1734 erat.
817 1677 1148 1745 Quapropter
1171 1671 1303 1725 alius
1318 1666 1638 1736 evangelista
1658 1661 1866 1732 (Matth.
1896 1659 1979 1713 17.
1999 1657 2088 1724 22)
2111 1670 2232 1709 uar—

668 1779 746 1823 rat
793 1769 936 1836 ipsos
967 1763 1169 1833 singula
1214 1760 1489 1814 audientes
1514 1755 1746 1811 doluisse
1772 1763 1824 1807 et
1860 1761 2080 1804 mmstos
2110 1745 2237 1800 fuis-

667 1875 748 1914 se.
793 1858 848 1912 ld
888 1867 1062 1910 autem
1103 1851 1441 1922 contingebat
1472 1847 1612 1917 quod
1644 1845 2084 1900 resurrectionem
2132 1853 2235 1892 non

668 1961 904 2006 nossent.
937 1948 1005 2003 Et
1039 1947 1160 2017 jure
1187 1945 1238 1999 id
1282 1941 1642 1997 occultabatur
1689 1936 1837 2006 ipsis,
1869 1933 1989 2002 quia
2030 1930 2237 1984 illorum

669 2054 880 2110 captum
911 2038 1195 2108 superabat
1230 2053 1243 2086 :
1271 2035 1434 2088 asinae
1476 2045 1604 2085 vero
1631 2026 1848 2081 historia
1874 2039 1970 2078 cur
2015 2022 2116 2075 illis
2151 2033 2244 2074 oc-

671 2135 810 2189 culta
839 2133 975 2186 fuit?
999 2131 1131 2198 Quia
1160 2130 1273 2182 haec
1300 2140 1510 2196 quoque
1532 2138 1616 2176 res
1646 2133 1831 2188 magna
1851 2124 1987 2170 erat.

739 2226 792 2280 2.
818 2224 954 2280 Vide
972 2232 1148 2277 autem
1171 2217 1509 2288 evangelista:
1533 2209 1943 2280 philosophiam,
1972 2201 2240 2274 quomodo

673 2333 778 2372 non
805 2313 1366 2384 erubescatpristinam
1381 2309 1589 2362 illorum
1612 2302 1957 2373 ignorantiam
1979 2293 2238 2367 profiteri.

673 2409 822 2478 Quod
852 2407 1100 2476 scriptum
1129 2411 1270 2458 esset
1289 2401 1525 2455 sciebant
1545 2413 1559 2461 ;
1581 2394 1720 2466 quod
1747 2408 1874 2447 vero
1899 2390 1967 2444 de
1994 2389 2084 2442 illo
2111 2387 2244 2440 scri-

671 2511 818 2570 ptum
845 2507 1002 2562 esset,
1034 2496 1082 2549 id
1105 2493 1432 2565 ignorabant.
1453 2488 1581 2542 Nam
1604 2495 1747 2541 certe
1763 2485 1866 2538 hoc
1891 2483 1995 2536 illis
2022 2478 2214 2534 offendi
2231 2505 2245 2516 -

674 2591 794 2645 culo
821 2589 1048 2643 futurum
1080 2594 1214 2651 erat,
1233 2583 1276 2637 si
1301 2598 1393 2636 rex
1419 2596 1538 2635 cum
1566 2586 1726 2641 esset,
1747 2577 1861 2630 haec
1888 2581 2032 2629 esset
2058 2585 2244 2641 passu-

677 2698 790 2745 rus,
816 2691 972 2749 atque
1002 2679 1069 2731 ita
1094 2675 1395 2730 tradendus.
1423 2669 1666 2740 Alioquin
1697 2677 1873 2721 autem
1905 2679 2008 2718 non
2043 2674 2147 2715 tam
2172 2660 2246 2714 fa-

677 2772 781 2826 cile
806 2771 943 2839 quod
968 2782 1184 2837 regnum
1214 2764 1346 2824 illud
1363 2771 1503 2817 esset
1529 2759 1929 2815 intellexissent.
1961 2755 2092 2808 Nam
2115 2754 2246 2806 alius

677 2862 995 2932 evangelista
1018 2860 1162 2922 dicit,
1185 2858 1252 2911 de
1276 2854 1429 2924 hujus
1459 2851 1637 2906 mundi
1665 2864 1827 2918 regno
1854 2848 1956 2901 dici
1979 2845 2246 2915 potavisse

681 2958 699 3024 (
735 2953 868 3008 Ibid.
893 2951 981 3006 20.
1003 2950 1118 3019 25).
1152 2949 1236 3001 17.
1289 2941 1669 3011 Testiﬁcabatur
1710 2949 1877 2993 autem
1907 2937 2086 2998 turba,
2113 2936 2248 3003 quod

679 3043 929 3099 Lazarum
957 3042 1319 3095 resuscitasset.
1355 3037 1468 3091 Non
1511 3035 1652 3089 enim
1699 3041 1776 3086 tot
1803 3042 2020 3100 repente
2064 3029 2246 3082 mutati

681 3137 923 3196 fuissent,
958 3133 1146 3201 inquit,
1180 3129 1279 3182 nisi
1309 3128 1460 3196 signo
1485 3123 1857 3179 credidissent.
1892 3120 1976 3174 19.
2004 3118 2252 3171 Pharisaei

681 3238 848 3281 autem
877 3226 1108 3278 dixerunt
1135 3223 1257 3285 illis,
1293 3218 1481 3272 Videtis
1509 3218 1624 3285 quia
1651 3215 1778 3268 nihil
1803 3213 2042 3285 pro/icitis
2063 3212 2088 3264 .9
2129 3210 2255 3262 Ecce

683 3321 901 3374 mundus
922 3329 1054 3370 totus
1077 3315 1350 3386 pastillum
1374 3313 1496 3366 abit.
1532 3311 1641 3364 lloe
1659 3309 1854 3363 dictum
1889 3305 2018 3360 mihi
2048 3304 2254 3358 videtur

685 3414 751 3466 ab
782 3413 845 3465 iis
867 3411 954 3479 qui
981 3423 1123 3462 sana:
1153 3405 1346 3460 mentis
1369 3411 1540 3466 erant,
1572 3415 1667 3454 nec
1686 3399 1948 3453 audebant
1977 3396 2148 3465 palam
2171 3397 2253 3448 lo-

685 3503 807 3572 qui;
838 3511 892 3556 et
921 3515 983 3555 ex
1011 3507 1206 3553 eventu
1255 3493 1596 3549 confutabant
1625 3491 1765 3553 illos,
1822 3497 1879 3543 ut
1915 3487 2003 3557 (ιιιί
2052 3486 2254 3540 inutilia

688 3602 971 3647 tentarent.
1004 3587 1251 3643 Mundam
1302 3596 1476 3639 autem
1507 3584 1592 3636 hic
1625 3581 1829 3635 turbam
1857 3587 2065 3634 vocant.
2107 3575 2256 3632 Solet

686 3686 831 3737 ciiim
852 3682 1120 3749 Scriptura
1153 3678 1405 3731 mundum
1436 3675 1614 3728 dicere
1644 3683 1700 3726 et
1743 3681 2012 3725 creaturas
2039 3712 2052 3732 ,
2083 3678 2138 3723 et
2163 3683 2257 3722 eos

689 3775 777 3844 qui
811 3778 860 3827 in
892 3771 1125 3839 nequitia
1154 3771 1335 3822 vivunt
1359 3764 1530 3844 :illud
1583 3764 1793 3833 quidem
1839 3778 1957 3816 cum
1990 3762 2080 3820 ait,
2114 3759 2257 3827 Effe-

688 3882 801 3918 rens
828 3863 1097 3916 secundum
1119 3843 1639 3912 munerum.nmndum
1667 3870 1811 3907 suum
1837 3852 1986 3922 (Isai.
2013 3851 2100 3906 10.
2123 3851 2216 3920 26)
2241 3870 2254 3904 :

691 3955 791 4008 huc
816 3968 942 4007 vero
967 3967 1085 4006 cum
1121 3949 1270 4013 dicit,
1301 3947 1522 3999 Mundus
1564 3962 1648 3998 vos
1697 3960 1797 3997 non
1836 3945 1963 4004 odit,
1992 3958 2069 3995 me
2093 3952 2259 3995 autem

691 4048 793 4098 odit
825 4045 998 4117 (Joan.
1031 4045 1084 4096 7.
1108 4043 1184 4113 7).
1217 4040 1339 4093 Haec
1369 4047 1610 4092 accurate
1630 4037 1769 4090 scire
1797 4050 1890 4102 par
1909 4044 2008 4098 est,
2034 4049 2100 4087 ne
2128 4048 2259 4102 prae-

693 4153 774 4194 ter
818 4139 1089 4192 nominum
1136 4133 1570 4203 significationem
1616 4129 1845 4182 hwretici
1901 4141 2083 4180 ansam
2131 4126 2261 4179 arri-

695 4233 858 4300 piant.
886 4229 973 4284 20.
1000 4227 1160 4280 Erant
1187 4235 1352 4277 autem
1392 4222 1593 4290 quidam
1641 4220 1868 4290 gentiles,
1900 4220 1984 4287 qui
2025 4217 2262 4272 ascende-

693 4336 806 4378 rant
833 4325 1047 4377 adorare
1071 4322 1121 4373 in
1150 4317 1482 4372 solemnitate.
1529 4313 1660 4367 Cum
1705 4314 1812 4382 jam
1841 4326 2003 4381 prope
2039 4319 2182 4365 esset
2207 4319 2265 4362 ut

697 4417 950 4487 prosclyti
982 4415 1187 4474 tierent,
1224 4416 1479 4463 venerant
1503 4405 1568 4458 ad
1591 4405 2002 4465 solemnitatem,
2042 4411 2096 4456 et
2129 4400 2263 4454 fama

696 4507 946 4564 commoti
995 4505 1175 4558 dicunt
1206 4519 1218 4553 :
1248 4501 1338 4554 21.
1384 4496 1628 4551 Volumus
1653 4494 1827 4547 Iesum
1853 4494 2034 4547 ridere.
2067 4492 2266 4559 Philip-

696 4616 797 4674 pus
821 4609 994 4653 autem
1025 4595 1289 4650 Andream
1322 4592 1452 4657 adit,
1485 4597 1666 4657 utpote
1686 4586 1773 4656 qui
1802 4586 1970 4654 ipsum
2001 4583 2267 4653 prtecede-

699 4702 803 4755 ret,
831 4701 884 4743 et
913 4703 1024 4743 rem
1051 4688 1096 4741 ei
1120 4686 1492 4740 communicat.
1530 4682 1720 4734 Verum
1749 4692 1855 4732 non
1881 4678 1995 4732 sine
2021 4676 2268 4730 cautione

702 4799 800 4838 nec
824 4781 992 4848 paL'un
1019 4778 1068 4830 id
1098 4776 1224 4829 facit
1252 4793 1264 4829 :
1297 4775 1534 4827 audierat
1575 4772 1739 4835 enim,
1772 4768 1836 4822 In
1871 4772 2001 4822 viam
2044 4770 2268 4837 gentium

706 4889 764 4924 ne
794 4869 1014 4922 abieritis
1046 4868 1063 4935 (
1098 4864 1282 4917 Matth.
1315 4863 1402 4918 1οι
1434 4864 1466 4917 5
1493 4860 1532 4931 ).
1565 4860 1688 4914 Ideo
1715 4874 1826 4913 rem
1857 4873 1979 4912 cum
2009 4858 2270 4927 discipulo

703 4961 1143 5015 communicatam
1189 4956 1436 5025 Magistro
1462 4952 1620 5006 refert
1652 4966 1665 5005 τ
1694 4952 1852 5005 ambo
1891 4951 2031 5005 enim
2080 4950 2132 5004 id
2182 4965 2269 5003 re-

705 5055 937 5106 tulerunt
964 5052 1034 5104 el.
1092 5049 1181 5102 Ille
1212 5063 1336 5100 vero
1379 5045 1502 5114 quid
1536 5044 1703 5098 dicit?
1746 5045 1836 5098 25.
1877 5042 2020 5097 Venit
2065 5045 2191 5096 hora
2219 5053 2273 5094 ut

705 5144 1008 5209 clariﬁcetur
1037 5140 1202 5194 Filius
1248 5138 1480 5192 hominis.
1513 5136 1603 5189 24.
1637 5133 1754 5188 Nisi
1797 5152 2008 5205 granum
2040 5136 2274 5205 frumenti

705 5234 890 5287 cadens
914 5234 966 5284 in
994 5243 1177 5284 terram
1214 5239 1469 5282 mortuum
1492 5227 1670 5295 fuerit,
1698 5227 1864 5294 ipsum
1891 5227 2054 5278 solum
2087 5237 2271 5277 manet.

707 5325 843 5392 Quid
876 5325 1132 5392 signiﬁcat
1176 5321 1339 5383 illud,
1384 5319 1524 5372 Venit
1571 5318 1737 5371 hora?
1779 5317 2022 5381 Dixerat,
2052 5315 2120 5369 In
2149 5317 2276 5368 viam

708 5417 927 5488 gentium
959 5431 1019 5466 ne
1038 5412 1275 5474 abieritis,
1304 5424 1512 5462 onmem
1542 5408 1738 5463 Jud.eis
1770 5407 2128 5476 przescindens
2156 5422 2275 5474 per-

711 5507 924 5560 vicacia:
945 5519 1162 5567 ansam;
1193 5502 1309 5555 illos
1334 5499 1588 5554 cohibuit.
1621 5499 1753 5554 Cum
1783 5506 1958 5552 autem
1991 5498 2063 5550 illi
2087 5498 2278 5552 immo-

713 5591 874 5665 rigeri
918 5603 1214 5658 manerent,
1270 5591 1496 5662 gentiles
1536 5602 1711 5645 autem
1755 5589 2011 5644 accedere
2063 5590 2277 5651 vellent,

714 5689 948 5758 Tempus
973 5687 1206 5747 demum,
1236 5686 1420 5754 inquit.
1443 5694 1526 5738 est
1555 5684 1618 5736 ad
1645 5683 1939 5752 passionem
1976 5681 2280 5745 accedendi,

719 5793 837 5834 cum
883 5779 1053 5833 omnia
1103 5778 1312 5845 impleta
1355 5777 1474 5828 sint.
1516 5775 1645 5829 Nam
1687 5777 1729 5830 si
1754 5774 2153 5830 contumacibus
2186 5774 2285 5826 illis

1415 374 1469 430 S.
1501 368 1774 427 JOANNIS
1812 359 2281 423 CIIRYSOSTOMI
2326 356 2640 412 ARCIHI‘JP.
2680 348 3211 410 CONSTANTINOP.

3797 336 3931 394 368

2333 486 2542 540 semper
2573 470 2926 531 luercremus,
2960 464 3183 533 illosque
3217 458 3473 516 accedere
3514 458 3752 514 volentes
3797 473 3921 514 non

2331 564 2751 625 admitteremus,
2775 559 3045 627 indignum
3068 556 3168 610 hoc
3192 564 3335 609 esset
3358 551 3680 622 providentia
3704 561 3921 605 nostra.

2331 655 2462 720 Quia
2508 655 2663 723 igitur
2698 650 2990 720 discipulos
3038 662 3163 702 suos
3202 654 3322 715 post
3363 659 3574 700 crucem
3617 643 3681 697 ad
3723 650 3926 712 gentes

2334 749 2591 801 missurus
2631 752 2748 799 erat
2772 783 2788 808 ,
2817 755 2935 796 cum
2975 739 3121 792 videt
3159 737 3278 791 illas
3314 735 3422 804 jam
3454 733 3706 788 accedere
3735 771 3751 796 ,
3801 731 3880 783 ait
3906 772 3919 789 .

2332 836 2568 904 Tempus
2596 844 2678 890 est
2718 843 2775 887 ut
2816 831 2882 886 ad
2912 844 3124 885 crucem
3156 828 3386 881 veniam.
3434 825 3549 879 Non
3595 833 3750 879 antea
3793 822 3925 875 sivit

2333 929 2588 984 accedere
2608 969 2623 991 ,
2659 937 2716 980 ut
2739 925 2789 980 id
2821 933 2961 978 esset
2989 923 3041 976 in
3073 922 3431 975 testimonium
3459 918 3582 974 illis.
3614 920 3924 987 Antequam

2335 1021 2476 1076 enim
2504 1020 2648 1073 illum
2677 1017 3019 1087 repellerent,
3047 1023 3324 1083 antequam
3347 1011 3400 1065 in
3428 1025 3641 1065 crucem
3671 1018 3924 1080 agerent,

2337 1126 2441 1164 non
2472 1110 2638 1172 dixit,
2668 1107 2858 1161 Euntes
2878 1108 3048 1159 docete
3076 1119 3248 1157 omnes
3271 1112 3476 1174 gentes;
3500 1101 3594 1157 sed
3617 1144 3632 1166 ,
3675 1100 3739 1154 In
3788 1103 3929 1154 triane

2336 1203 2558 1274 gentium
2599 1217 2662 1253 ne
2689 1199 2910 1253 abici-itis
2931 1196 3139 1249 (Matth.
3160 1195 3251 1250 28.
3276 1194 3359 1249 19.
3382 1205 3428 1247 et
3455 1195 3536 1247 10.
3560 1195 3639 1264 5);
3669 1201 3721 1247 et
3745 1233 3763 1256 ,
3802 1191 3928 1246 Non

2338 1295 2520 1348 missus
2545 1309 2657 1346 sum
2686 1291 2782 1344 nisi
2810 1289 2876 1343 ad
2907 1305 3018 1342 oves
3058 1304 3172 1356 qua:
3213 1288 3470 1355 perierunt
3509 1287 3686 1338 domus
3713 1284 3887 1338 Israel
3907 1298 3930 1344 ;

2338 1393 2393 1440 et
2415 1427 2428 1446 ,
2462 1383 2581 1436 Non
2607 1393 2677 1437 est
2715 1384 2897 1435 bonum
2929 1382 3102 1447 accipe
3119 1397 3170 1432 re
3194 1395 3373 1447 panem
3411 1378 3628 1442 ﬁliorum
3653 1418 3667 1441 ,
3707 1386 3756 1428 et
3801 1377 3933 1428 dare

2338 1474 2544 1528 canibus
2567 1473 2738 1545 (Ibid.
2772 1473 2857 1526 15.
2889 1471 2977 1525 21.
3005 1471 3076 1524 26
3100 1472 3140 1541 ).
3169 1470 3303 1524 Cum
3323 1478 3499 1523 autem
3523 1469 3644 1522 odio
3666 1469 3933 1522 baberent

2340 1580 2483 1630 cum,
2512 1573 2567 1618 ct
2596 1565 2664 1616 ita
2693 1562 2815 1616 odio
2842 1562 3120 1625 baberent,
3147 1569 3202 1614 ut
3223 1559 3548 1622 occiderent,
3582 1557 3922 1628 superﬂuum

2340 1667 2454 1708 erat
2499 1656 2822 1724 persistere,
2870 1652 3228 1706 renitentibus
3272 1649 3394 1704 illis.
3443 1649 3570 1703 Nam
3611 1656 3935 1703 reensaruut

2343 1746 2489 1799 illum
2544 1745 2820 1808 dicentes,
2873 1742 2990 1796 Non
3031 1743 3269 1796 habemus
3313 1758 3479 1812 regem
3531 1741 3628 1793 nisi
3674 1739 3933 1795 Caesarem

2345 1836 2522 1906 (Joan.
2550 1836 2635 1890 19.
2670 1835 2795 1905 15).
2841 1834 2992 1888 Tunc
3015 1834 3229 1888 demum
3262 1833 3379 1886 illos
3405 1831 3605 1885 dimisit
3626 1874 3640 1891 ,
3669 1831 3792 1900 quia
3829 1830 3934 1898 ipsi

2345 1930 2548 1999 priores
2575 1929 2902 1983 dimiserant.
2936 1928 3059 1981 ideo
3087 1927 3243 1989 dicit,
3291 1925 3495 1989 Quoties
3539 1924 3673 1977 volui
3699 1939 3924 1991 congre-

2346 2037 2468 2090 gare
2491 2020 2624 2087 ﬁlios
2653 2033 2844 2073 vestros
2868 2061 2882 2084 ,
2913 2028 2960 2071 et
2984 2017 3216 2071 noluistis
3243 2017 3260 2086 (
3287 2015 3473 2069 Matth.
3502 2015 3592 2069 25.
3616 2014 3680 2069 37
3699 2012 3718 2085 )
3735 2015 3760 2067 ’Ξ
3792 2013 3937 2081 Quid

2346 2111 2444 2165 sibi
2473 2112 2600 2175 vult,
2635 2109 2862 2164 Granum
2891 2109 3150 2180 frumenti,
3179 2109 3278 2162 nisi
3304 2109 3488 2160 cadens
3511 2107 3560 2159 in
3586 2117 3769 2159 terram
3796 2123 3943 2158 mar-

2347 2211 2484 2254 tumn
2516 2201 2708 2271 fuerit?
2737 2202 2811 2255 De
2833 2215 2992 2255 cruce
3023 2201 3272 2267 loquitur.
3299 2198 3377 2254 Ne
3401 2199 3542 2253 enim
3570 2198 3938 2258 turbarentur,

2353 2292 2648 2362 cogitantes
2677 2302 2800 2346 tunc
2827 2291 2974 2345 illum
3000 2294 3232 2345 occisum
3259 2290 3450 2355 fuisse,
3479 2305 3597 2342 eum
3627 2300 3813 2358 gentes
3841 2304 3942 2342 ac-

2349 2394 2624 2441 cesserunt
2644 2427 2660 2450 ,
2693 2385 2860 2439 dicit:
2891 2385 3000 2439 Hoc
3027 2385 3172 2453 ipsos
3212 2385 3442 2436 maxime
3471 2382 3534 2436 ad
3573 2381 3942 2436 accedendum

2352 2478 2589 2543 imlncit,
2624 2477 2724 2530 hoc
2764 2475 3195 2545 praedicationem
3247 2491 3418 2528 meam
3465 2465 3692 2543 augebit.
3729 2473 3944 2527 Deinde

2351 2571 2472 2638 quia
2501 2567 2834 2622 sermonibus
2860 2583 2962 2621 non
2994 2568 3064 2620 ita
3106 2565 3478 2636 persuadebat.
3509 2580 3537 2618 a
3565 2579 3739 2618 rermn
3763 2580 3942 2636 espe-

2355 2665 2543 2717 rientia
2578 2664 2720 2732 ipsos
2750 2662 2911 2716 allicit
2940 2662 3123 2715 dicens
3157 2678 3169 2713 :
3204 2661 3257 2714 In
3293 2659 3558 2714 frumento
3589 2659 3690 2714 hoc
3714 2659 3942 2723 accidit,

2355 2765 2413 2807 ut
2443 2763 2680 2807 mortuus
2702 2753 2952 2821 majorem
2993 2752 3217 2806 fructum
3253 2751 3457 2805 atterat.
3486 2749 3541 2805 Si
3568 2750 3668 2804 hoc
3687 2749 3740 2804 in
3767 2752 3941 2804 semi-

2355 2845 2529 2909 nibus,
2561 2846 2727 2898 multo
2759 2845 2925 2912 magis
2949 2843 3001 2896 in
3030 2858 3136 2896 me.
3171 2841 3362 2896 Verum
3391 2841 3633 2910 discipuli
3664 2840 3805 2895 dicta
3831 2857 3948 2896 non

2356 2939 2750 2993 intellexerunt.
2782 2937 2954 3004 Quare
2985 2935 3291 3005 frequenter
3338 2933 3440 2989 hoc
3485 2934 3674 3005 repetit
3703 2949 3947 3005 evange-

2357 3029 2474 3083 lista
2497 3070 2510 3088 ,
2544 3039 2834 3083 utexcuset
2861 3043 2955 3082 eos
2976 3028 3115 3096 quod
3140 3037 3320 3096 postea
3342 3025 3591 3097 fugerint.
3634 3027 3950 3082 Istiusmodi

2358 3135 2660 3174 sermonem
2689 3119 2756 3172 de
2801 3119 3194 3173 resurrectione
3221 3116 3499 3187 disputans
3539 3117 3735 3173 Paulus
3765 3119 3956 3172 attulit

2363 3211 2444 3281 (1.
2475 3211 2589 3263 Cor.
2626 3211 2710 3264 15,
2741 3209 2829 3264 56.
2855 3225 2961 3278 sqq.

2433 3305 2484 3358 ’5.
2515 3303 2681 3370 Quam
2708 3318 2836 3373 ergo
2862 3303 3256 3356 excusationem
3284 3301 3555 3358 habebunt
3585 3302 3618 3356 ii
3645 3304 3733 3373 qui
3764 3318 3955 3357 resur-

2363 3395 2652 3450 rccuonem
2682 3410 2787 3448 non
2816 3394 3058 3459 credunt,
3087 3410 3207 3447 cum
3238 3394 3380 3448 illam
3410 3394 3461 3446 in
3489 3394 3783 3448 seminibus
3814 3411 3957 3465 quo-

2364 3485 2490 3539 tidie
2521 3484 2867 3553 contemplari
2897 3486 3194 3554 possimus,
3226 3484 3276 3537 in
3308 3484 3501 3552 plantis
3525 3499 3771 3553 quoque,
3807 3497 3862 3540 ct
3896 3487 3956 3538 in

2362 3576 2702 3646 generatione
2747 3573 2970 3627 nostra?
3019 3573 3196 3627 Primo
3245 3574 3387 3627 enim
3437 3575 3708 3644 corrumpi
3759 3591 3957 3631 semen

2361 3678 2606 3739 Oportet,
2639 3678 2692 3722 et
2735 3667 2857 3720 inde
2899 3666 3008 3718 fieri
3039 3666 3456 3734 generationem.
3487 3663 3790 3720 Universim
3821 3683 3959 3721 vero

2364 3775 2484 3815 cum
2527 3761 2663 3814 Deus
2697 3757 2892 3825 aliquid
2939 3757 3094 3819 facit,
3129 3757 3287 3810 nullis
3329 3771 3464 3825 opus
3505 3765 3586 3811 est
3628 3758 3957 3815 ratiociniis.

2364 3850 2642 3917 Quomodo
2677 3849 2818 3902 enim
2859 3862 2954 3901 nos
3001 3863 3064 3901 ex
3111 3861 3214 3899 non
3252 3846 3580 3900 exstantibus
3625 3845 3794 3900 fecit?
3829 3847 3963 3901 "Ile

2366 3943 2683 3999 Christianis
2708 3941 2827 3995 dico
2850 3982 2862 4002 ,
2897 3941 2986 4009 qui
3029 3954 3087 3994 se
3124 3939 3307 3994 dicunt
3349 3937 3638 4007 Scripturis
3675 3940 3905 3994 credere
3945 3961 3957 3993 :

2368 4037 2558 4092 addam
2605 4035 2743 4088 aliud
2782 4050 2845 4087 ex
2894 4032 3138 4086 humanis
3183 4031 3493 4086 ratiociniis.
3528 4029 3605 4086 Ex
3644 4031 3964 4087 hominibus

2368 4131 2456 4184 alii
2490 4129 2747 4198 improbi,
2781 4128 2871 4181 alii
2917 4127 3062 4194 probi
3109 4137 3234 4179 sunt
3263 4142 3276 4176 :
3305 4141 3370 4178 ex
3417 4123 3672 4192 improbis
3711 4125 3865 4179 tuulti
3898 4143 3965 4180 ru

2371 4236 2621 4292 prospera
2665 4219 2730 4273 ad
2777 4228 3069 4272 extremam
3114 4226 3442 4270 senectutem
3483 4214 3858 4276 devenerunt:
3890 4235 3964 4272 ex

2373 4313 2552 4381 probis
2577 4327 2730 4365 secus
2756 4325 2844 4364 res
2869 4309 3048 4362 cessit.
3075 4307 3422 4374 Quandonam
3447 4322 3576 4377 ergo
3605 4319 3658 4362 et
3687 4325 3795 4378 quo
3821 4320 3966 4364 tem-

2373 4418 2501 4473 pore
2543 4402 2731 4470 singuli
2777 4417 2870 4468 pro
2912 4400 3100 4453 merito
3129 4399 3427 4469 accipient?
3455 4398 3632 4463 Sane,
3665 4401 3921 4469 inquiunt
3948 4450 3952 4453 .

2375 4495 2466 4550 sed
2499 4509 2778 4562 corporum
2813 4491 3133 4547 resurrecﬁo
3162 4505 3265 4544 non
3293 4500 3393 4544 est.
3423 4489 3541 4545 Non
3567 4489 3791 4545 audiunt
3823 4493 3959 4547 Pau-

2376 4587 2484 4641 lum
2517 4586 2801 4649 dicentem,
2838 4583 3043 4654 Oportet
3077 4582 3399 4650 carruptibile
3427 4581 3520 4634 hoc
3548 4582 3757 4635 induere
3783 4584 3969 4637 incor-

2374 4684 2655 4752 ruptionem
2683 4681 2758 4749 (1.
2790 4678 2904 4734 Cor.
2939 4679 3025 4732 15.
3059 4675 3189 4748 55)?
3214 4675 3330 4730 Non
3357 4675 3425 4730 de
3451 4675 3624 4729 anima
3654 4679 3786 4744 (non
3815 4679 3969 4732 enim

2378 4778 2550 4830 anima
2576 4771 2953 4843 corrumpitur)
2983 4791 2996 4824 :
3024 4780 3076 4825 et
3102 4769 3422 4824 resurrectio
3446 4769 3641 4823 dicitur
3664 4770 3732 4822 de
3758 4768 3852 4822 illo
3873 4773 3974 4839 qui

2379 4869 2570 4922 cecidit
2599 4886 2612 4921 :
2639 4865 2831 4922 cecidit
2857 4877 2985 4917 vero
3010 4877 3222 4931 corpus.
3252 4859 3361 4914 Cur
3388 4870 3564 4914 autem
3597 4875 3701 4914 non
3733 4861 3812 4914 vis
3845 4877 3980 4916 esse

2379 4960 2616 5028 corporis
2639 4957 3080 5012 resurrectionem
3100 4953 3173 5023 (a)
3193 4954 3215 5007 i
3233 4967 3411 5005 annon
3432 4950 3695 5020 possibilis
3719 4952 3831 5006 Deo
3854 4954 3982 5007 est?

2382 5051 2485 5106 Sed
2515 5052 2618 5104 hoc
2663 5064 2856 5118 negare
2894 5057 3148 5101 extrema:
3190 5044 3507 5113 insipientia:
3546 5051 3706 5098 esset.
3748 5045 3821 5097 At
3865 5062 3981 5097 non

2381 5143 2573 5198 decet?
2597 5141 2704 5195 Cur
2734 5154 2837 5194 nou
2869 5138 3021 5193 decet
3048 5139 3148 5191 hoc
3176 5136 3541 5205 corruptibile,
3570 5134 3708 5204 quod
3735 5143 3787 5187 et
3822 5134 3990 5188 ialm-

2385 5249 2496 5288 rem
2519 5242 2573 5287 et
2599 5243 2824 5285 mortem
2847 5245 2951 5284 una
2973 5229 3155 5294 subiit,
3178 5242 3407 5281 coronas
3425 5228 3585 5280 etiam
3613 5224 3986 5293 participare?

2385 5325 2515 5379 Nam
2547 5325 2589 5377 si
2622 5339 2726 5377 non
2754 5324 2968 5376 deceret
2993 5362 3007 5384 ,
3039 5336 3141 5374 non
3173 5335 3201 5371 a
3235 5317 3496 5387 principio
3522 5313 3720 5370 factum
3746 5315 3948 5370 fuisset
3971 5358 3985 5378 ,

2387 5433 2558 5486 neque
2585 5417 2823 5470 Christus
2851 5429 3064 5467 carnem
3091 5412 3424 5481 sumpsisset.
3444 5407 3592 5474 Quod
3622 5416 3797 5462 autem
3828 5423 3989 5461 sum-

2391 5510 2574 5578 pserit,
2607 5508 2856 5577 illamque
2881 5503 3297 5568 resuscitavcrit,
3326 5501 3448 5556 audi
3474 5500 3601 5570 quid
3623 5499 3762 5554 dicat
3787 5517 3800 5548 :
3833 5499 3993 5568 Infer

2391 5603 2572 5673 digitos
2601 5611 2727 5665 tuos,
2761 5610 2805 5652 et
2831 5600 2940 5652 vide
2963 5598 3080 5664 quia
3107 5595 3312 5666 spiritus
3341 5609 3452 5647 ossa
3479 5603 3526 5646 et
3553 5607 3727 5645 nervos
3756 5605 3863 5642 non
3897 5593 3994 5644 ha-

2457 5720 2526 5776 (a)
2552 5715 2782 5764 Haaretici
2824 5719 2963 5762 erant
3008 5711 3090 5771 qui
3139 5709 3361 5757 dicerent
3386 5718 3584 5758 carnem
3625 5716 3720 5752 non
3753 5713 3994 5755 testi.er-

2395 5786 2580 5827 claram
2607 5788 2735 5824 esse.

2625 5943 2654 5955 ν.Ι
