4164 6330
253 404 344 459 ῑῦῖ
1231 394 1294 448 ΙΝ
1332 390 1649 448 JOANNEM
1689 388 1819 444 "OM

1967 385 2150 444 LXVI.
2187 387 2257 443 al.
2290 385 2449 442 LXV.

261 520 414 591 θηται
432 516 642 580 αὑτοῦ,
676 517 765 568 ὅτι
789 509 867 584 ἦν
890 513 981 566 ἐπ’
1004 509 1161 574 αὐτῷ
1189 508 1611 578 γεγραμμένον.
1654 504 1816 591 ’θρᾷς

262 587 330 658 ὅτι
361 602 423 654 τά
462 599 688 651 πλείονα
715 598 964 668 ἠγνόουν,
1001 592 1185 662 ἐπειδὴ
1215 592 1376 653 αὐτὸς
1409 591 1508 643 οὐκ
1536 587 1816 642 ἀπεκάλυ-

264 703 375 740 πτεν
399 684 611 747 αὐτοῖς;
643 681 752 734 Kal
784 681 891 748 γάρ
919 679 1005 730 ὅτε
1038 672 1216 728 εἶπεν·
1259 675 1499 729 Λύσατε
1531 672 1640 724 τὸν
1665 669 1816 723 ναόν

262 768 475 828 τοῦτον,
507 766 605 818 καὶ
634 765 705 817 ἐν
738 763 931 831 τρισὶν
959 759 1204 828 ἡμέραις
1236 755 1418 825 ἐγερῶ
1457 754 1667 816 αὑτὸν,
1697 751 1819 804 οὐδέ

262 854 363 907 τότε
394 851 591 921 ⁴ᾔδεσαν
612 863 634 890 ιι
654 850 706 901 οί
736 845 990 918 μαθηταί,
1021 845 1129 896 Καὶ
1161 842 1318 904 ἄλλος
1346 840 1403 894 δὲ
1430 836 1821 921 εὐαγγελιστὴς

260 920 517 1004 λέγει,ίὸτι
556 929 623 1003 ῆν
670 929 1048 1003 κεκρυμμένος
1080 928 1109 979 ό
1147 925 1304 992 λόγος
1348 922 1443 976 ἀπ’
1494 920 1696 983 αὐτῶν,
1727 921 1823 972 καὶ

260 1003 345 1073 οὐκ
367 1016 566 1086 ᾔδεσαν
603 1017 684 1068 ὅτι
708 1015 788 1066 δεῖ
816 1011 979 1064 αὐτὸν
1015 1009 1314 1078 ἀναστῆναι
1354 1009 1418 1059 ἐκ
1447 1004 1556 1057 τῶν
1585 1003 1820 1072 νεκρῶν.

271 1099 412 1152 Ἀλλά
463 1097 624 1150 τοῦτο
657 1097 756 1165 μὲν
791 1095 1014 1157 εἰκότως
1056 1092 1379 1163 ἐκρύπτετο.
1418 1089 1508 1142 Διὸ
1539 1087 1635 1140 καὶ
1663 1086 1824 1148 ἄλλος

258 1185 390 1251 λέγει
417 1179 826 1250 εὐαγγελιστὴς,
857 1179 940 1231 ὅτι
973 1176 1094 1230 καθ’
1137 1175 1369 1228 ἕκαστον
1403 1171 1692 1233 ἀκούοντες
1726 1170 1822 1239 ἠλ-

259 1286 391 1337 γουν,
421 1267 517 1320 καὶ
549 1262 689 1335 ἦσαν
718 1265 776 1315 ἐν
826 1261 1133 1332 κατηφείᾳο
1184 1258 1345 1311 τοῦτο
1377 1257 1455 1320 δὲ,
1508 1257 1572 1308 ἐκ
1617 1253 1710 1306 τοῦ
1733 1253 1819 1337 *μὴ

257 1335 432 1402 ειδέναι
465 1348 555 1399 τὸν
590 1345 713 1416 περὶ
740 1347 837 1414 τῆς
867 1343 1213 1402 ἀναστάσεως
1244 1340 1424 1407 λόγον.
1472 1337 1632 1389 Ἀλλά
1666 1335 1822 1388 τοῦτο

260 1434 347 1503 μὲν
377 1431 601 1490 εἰκότως
636 1427 959 1498 ἐκρύπτετο,
997 1426 1092 1479 an
1128 1421 1314 1492 μεῖζον
1351 1422 1383 1492 ἢ
1422 1420 1541 1473 κατ’
1583 1417 1781 1480 αὐτούς
1803 1433 1817 1446 θ

255 1501 310 1567 τὸ
336 1516 511 1584 μέντοι
548 1512 647 1580 τῆς
691 1511 814 1563 όνου
863 1507 1005 1562 διατί
1055 1507 1239 1569 αὐτοῖς
1284 1505 1384 1557 οὐκ
1422 1501 1814 1570 ἀπεκαλύφθη;

257 1599 366 1649 Ὅτι
399 1597 492 1649 καὶ
523 1593 680 1648 τοῦτο
711 1592 854 1662 μέγα
886 1586 976 1660 ἦν.

319 1777 525 1846 β’.”ορα
545 1774 600 1828 δὲ
626 1771 944 1842 φιλοσοφίαν
963 1766 1371 1838 εὐαγγελιστοῦ,
1396 1766 1512 1830 πῶς
1540 1765 1640 1818 οὐκ
1660 1766 1820 1820 ἐπαι-

256 1863 495 1933 σχύνεται
516 1859 614 1928 τὴν
639 1855 908 1925 προτέραν
930 1854 1106 1908 αὐτῶν
1126 1853 1345 1920 ἄγνοιαν
1371 1850 1744 1920 ἐκπομπεύειν
1768 1849 1814 1905 ι’.

252 1946 367 1998 Ὀτι
400 1944 498 2014 μὲν
531 1938 624 1994 οὖν
649 1941 978 2011 γέγραπται,
1001 1938 1196 2007 ᾔδεσαν
1216 1954 1229 1966 °
1258 1937 1340 1989 ὅτι
1367 1935 1424 1988 δέ
1451 1935 1538 1987 ἐπ’
1562 1933 1709 2004 αύτῷ
1732 1933 1823 2001 γέ-

258 2042 506 2100 γραπται,
546 2025 644 2078 οὐκ
665 2024 880 2094 ᾔδεσαν.
937 2022 1047 2076 Kal
1076 2019 1181 2090 γὰρ
1203 2019 1269 2075 ἂν
1298 2018 1682 2072 ἐσκανδάλισεν
1726 2018 1821 2071 ab.

249 2113 386 2173 τοὺς,
417 2108 472 2162 εῖ
496 2125 559 2174 γε
593 2106 842 2176 βασιλεὺς
863 2103 938 2156 ὢν
968 2103 1192 2156 τοιαῦτα
1234 2101 1419 2173 μέλλοι
1453 2102 1702 2171 πάσχειν,
1727 2102 1822 2154 καὶ

250 2191 410 2254 οὕτως
437 2188 760 2242 ἐκδίδοσθαι.
789 2188 898 2241 Kal
927 2186 1101 2248 ἄλλως
1122 2185 1199 2250 δὲ,
1224 2185 1325 2238 οὐκ
1356 2183 1420 2239 ἂν
1458 2184 1661 2245 εὐθέως
1683 2183 1822 2254 ἐχώ-

253 2289 413 2342 ρησαν
445 2271 545 2341 τὴν
581 2270 780 2339 γνῶσιν
808 2272 907 2337 τῆς
943 2268 1239 2338 βασιλείας,
1271 2269 1335 2336 ἣν
1362 2267 1531 2335 ἔλεγε.
1577 2267 1686 2320 Καὶ
1711 2265 1820 2335 γάρ

249 2355 395 2418 ἄλλος
424 2354 816 2422 εὐαγγελιστής
833 2369 1018 2422 φησιν,
1046 2353 1126 2405 ὅτι
1145 2353 1272 2420 περὶ
1302 2351 1574 2422 βασιλείας
1602 2350 1820 2404 ἐδόκουν

248 2437 440 2506 ταύτης
467 2435 738 2504 λέγεσθαι.
769 2434 1115 2502 Ἐμαρτύρει
1144 2433 1212 2486 δὲ
1249 2437 1282 2488 ό
1333 2434 1538 2502 ὄχλος,
1585 2431 1674 2485 ὅτι
1716 2433 1820 2486 ἀν-

247 2519 464 2586 έστησε
494 2519 601 2571 τὸν
624 2516 909 2584 Λάζαρον.
938 2517 1012 2569 Οὐ
1038 2516 1147 2588 γάρ
1167 2516 1232 2570 ἃν
1265 2516 1508 2569 τοσοῦτοι
1535 2515 1821 2585 μετέθεντο

247 2602 519 2672 ἐξαίφνης,
544 2619 617 2670 φη
629 2600 732 2663 σίν,
766 2601 814 2652 εί
841 2599 915 2670 μὴ
949 2599 1273 2653 ἐπίστευσαν
1297 2598 1374 2669 τῷ
1408 2598 1637 2668 σημείῳ.
1663 2601 1726 2652 Οἱ
1753 2598 1822 2651 δὲ

246 2687 549 2754 Φαρισαῖοι
583 2684 757 2739 εἶπον
791 2684 938 2752 πρὸς
964 2683 1218 2750 αὐτούς’
1252 2682 1547 2750 Θεωρεῖτε,
1580 2682 1670 2735 ὅτι
1708 2683 1819 2736 οὐκ

242 2772 519 2841 ιῖιρελεῖτε
545 2769 754 2834 οὐδένς
789 2768 901 2822 Ἴδε
930 2771 962 2822 ό
1004 2769 1231 2836 κόσμος
1275 2768 1467 2820 ὀπίσω
1499 2765 1685 2820 αὐτοῦ
1709 2768 1821 2820 ὐπ-

242 2853 384 2922 ἁγει.
413 2857 572 2906 Δοκεῖ
597 2853 654 2906 δέ
697 2870 785 2922 μοι
814 2850 971 2904 τοῦτο
1001 2846 1140 2902 εἶναι
1171 2849 1280 2902 τῶν
1315 2848 1669 2916 ὑγιαινόντων
1699 2852 1818 2917 μὲν,

243 2937 300 2988 ού
319 2936 638 3007 τολμώντων
657 2935 713 2987 δέ
737 2932 1236 3004 παρρησιάσασθαι,
1271 2927 1388 2983 εἶτα
1408 2931 1515 2982 ἀπὸ
1535 2932 1632 3000 τῆς
1657 2931 1821 2984 ἐκϐά-

245 3036 374 3082 σεως
400 3019 738 3088 κατεχόντων
775 3017 971 3077 αὐτοὺς
1003 3016 1078 3076 ὡς
1109 3015 1345 3084 ἀνήνυτα
1385 3014 1818 3083 ἐπιχειροῦντας.

243 3103 456 3172 Κόσμον
486 3102 545 3154 δὲ
583 3099 815 3154 ἐνταῦθα
847 3099 1008 3152 πάλιν
1040 3099 1128 3149 τὸν
1162 3097 1318 3167 δχλον
1353 3096 1534 3164 φασίν.
1567 3094 1688 3149 Οἷδε
1712 3097 1820 3168 γάρ

243 3186 489 3257 ήΓραφὴ
526 3185 727 3254 κόσμον
761 3183 853 3236 καὶ
895 3184 992 3253 τὴν
1044 3182 1219 3234 κτίσιν
1253 3180 1453 3248 λέγειν,
1486 3180 1734 3243 καὶτοὺς
1764 3182 1820 3232 ἐν

242 3269 469 3340 πονηρίᾳ
513 3266 736 3330 ζῶντας.
787 3266 894 3317 Kal
937 3265 997 3317 τὸ
1039 3265 1135 3333 μέν
1169 3279 1354 3333 φησιν,
1389 3263 1516 3315 ὅταν
1560 3262 1715 3333 λέγῃ,
1758 3263 1819 3315 Ὀ

239 3351 503 3419 ἐκφέρων
533 3351 682 3404 κατὰ
713 3349 962 3418 ἀριθμὸν
984 3348 1092 3401 τὸν
1127 3347 1358 3415 κόσμον
1382 3346 1569 3399 αὑτοῦ
1591 3361 1603 3373 ·
1635 3347 1695 3398 τὸ
1739 3346 1818 3410 δὲ,

237 3436 359 3488 ὅταν
387 3436 546 3505 λέγῃ,
585 3435 646 3486 '0
671 3435 894 3502 κόσμος
929 3429 1081 3501 ὑμᾶς
1107 3432 1178 3483 οὐ
1198 3428 1384 3498 μισεῖ,
1409 3427 1514 3498 ἐμὲ
1544 3428 1612 3481 δὲ
1635 3429 1817 3497 μισεῖ.

239 3517 345 3570 Kal
374 3518 480 3587 χρὴ
515 3515 687 3570 ταῦτα
732 3514 974 3586 ἀκριϐῶς
1009 3512 1232 3575 εἰδέναι,
1281 3513 1368 3564 ἵνα
1414 3512 1488 3581 μὴ
1543 3511 1695 3580 παρά
1721 3512 1821 3579 τὴν

241 3600 512 3668 σημασίαν
541 3598 649 3651 τῶν
687 3598 964 3664 ὀνομάτων
995 3595 1163 3665 λαϐὴν
1215 3596 1545 3665 παρέχωμεν
1583 3597 1693 3656 τοῖς
1736 3596 1820 3646 αἱ·

239 3686 488 3750 ρετικοῖς.
531 3679 723 3736 Ἦσαν
762 3679 830 3733 δέ
859 3696 1018 3744 τινες
1060 3678 1178 3730 τῶν
1225 3677 1530 3742 Ἑλλήνων
1563 3677 1821 3729 ἀναϐάν-

238 3781 328 3828 τες
367 3763 800 3833 ,προσκυνῆσαι
838 3765 926 3826 είς
970 3761 1087 3829 τὴν
1129 3760 1365 3828 ἑορτήν.
1428 3759 1624 3826 Ἐγγύς
1668 3759 1820 3821 ὄντες

237 3846 416 3900 λοιπὸν
450 3848 549 3901 τοῦ
581 3848 910 3919 προσήλυτοι
943 3845 1205 3914 γίνεσθαι,
1241 3840 1380 3914 ἦσαν
1411 3853 1432 3881 ο
1466 3844 1542 3904 εἰς
1575 3843 1673 3912 τὴν
1700 3844 1818 3911 ἐορ-

232 3931 350 4000 τήν.
382 3932 496 4000 ἰ’ῆς
538 3933 726 4002 φήμης
754 3927 844 3983 οὖν
876 3929 1233 3999 διαδοθείσης,
1261 3927 1512 3994 λέγουσι’
1557 3926 1820 3998 Θέλομεν

234 4013 336 4064 τὸν
385 4013 632 4082 Ἰησοῦν
675 4013 841 4067 ἰδεῖν.
888 4013 944 4065 Ὀ
990 4013 1045 4065 δὲ
1084 4012 1346 4072 Φίλιππος
1389 4013 1707 4079 παραχωρεῖ
1741 4007 1818 4077 τῷ

245 4095 488 4168 Ἀνδρέᾳ,
525 4096 620 4149 ἀτε
658 4099 764 4168 πρὸ
801 4097 966 4151 αὐτοῦ
997 4095 1128 4160 ὄντι,
1178 4095 1272 4147 καὶ
1313 4094 1374 4146 τὸ
1404 4095 1635 4164 πρᾶγμα
1672 4092 1819 4162 αὐτῷ

234 4181 528 4234 κοινοῦται.
581 4183 720 4234 Ἀλλ’
753 4184 871 4234 οὐδὲ
907 4177 1057 4243 οὗτος
1095 4179 1279 4240 ἁπλῶς
1312 4178 1560 4232 αὐθεντεῐ
1581 4195 1592 4206 ·
1617 4178 1818 4245 ῆκουσε

231 4262 353 4332 γὰρ,
399 4266 485 4316 ὅτι
520 4268 624 4328 Εὶς
652 4265 798 4318 ὀδόν
823 4263 1012 4319 ἐθνῶν
1038 4263 1122 4332 μὴ
1171 4263 1489 4328 ἀπέλθητε.
1536 4261 1633 4313 Διά
1663 4261 1820 4314 τοῦτο

233 4346 370 4414 μετά
387 4347 481 4401 τοῦ
522 4348 766 4418 μαθητοῦ
795 4349 1215 4416 κοινωσάμενος,
1247 4345 1326 4414 τῷ
1352 4345 1660 4413 διδασκάλῳ
1690 4347 1820 4397 ἀνα-

231 4428 407 4498 φέρειο
447 4431 754 4500 ἀμφότεροι
786 4431 894 4500 γάρ
942 4426 1094 4480 εἷπον
1137 4428 1304 4497 αὐτῷ.
1354 4427 1410 4480 ⁸0
1442 4429 1498 4480 δὲ
1533 4428 1583 4479 τί
1617 4444 1816 4498 φησιν;

227 4503 456 4566 Ἦλθεν
473 4516 514 4581 ἡ
541 4514 680 4581 ὥρα,
697 4515 798 4566 ἵνα
827 4511 1098 4579 δοξασθῇ
1123 4516 1154 4566 ό
1191 4510 1322 4575 Υιιὲς
1347 4513 1454 4565 τοῦ
1480 4511 1815 4578 ἀνθρώπου.

241 4596 378 4652 Ἐὰν
400 4598 494 4667 μὴ
531 4604 564 4654 ό
589 4602 809 4663 κόκκος
843 4599 948 4652 τοῦ
989 4604 1160 4651 σίτου
1193 4597 1400 4650 πεσὼν
1427 4599 1511 4662 εἰς
1547 4596 1660 4663 τὴν
1702 4597 1821 4663 γῆν

227 4680 529 4750 ἀποθάνῃ,
573 4683 757 4748 αὐτὸς
782 4683 968 4752 μόνος
1000 4681 1186 4750 μένει.
1219 4680 1282 4733 Τί
1317 4682 1485 4741 ἐστιν,
1524 4676 1750 4734 Ἦλθεν
1783 4682 1818 4747 ἡ

226 4760 342 4829 ὥρα
361 4782 382 4828 ,'
407 4767 658 4833 Ἔλεγεν,
681 4769 783 4830 Εἰς
815 4766 960 4820 όόὸν
981 4765 1172 4818 ἐθνῶν
1193 4763 1279 4834 μὴ
1301 4765 1621 4829 ἀπέλθητε,
1638 4765 1818 4816 πᾶσαν

226 4846 673 4919 [59ηέγκόπτων
695 4847 1085 4917 ἀγνωμοσύνης
1107 4848 1376 4919 πρόφασιν
1395 4846 1504 4900 ἀπὸ
1527 4846 1815 4909 Ἰουδαίων,

224 4934 317 4986 καὶ
346 4935 607 5001 κατεῖχεν
639 4931 852 4993 αὐτούς.
895 4931 1047 4983 Ἐπεὶ
1075 4926 1165 4983 οὖν
1199 4930 1463 4999 ἐπέμενον
1491 4923 1636 4981 οὗτοι
1659 4929 1819 4982 ἀπει-

224 5019 468 5080 θοῦντες,
496 5019 696 5069 ἐκεῖνοι
721 5015 776 5068 δὲ
797 5013 1077 5069 ἐϐούλοντο
1101 5014 1440 5084 προσελθεῖν,
1474 5013 1680 5084 Καιρὸς
1713 5014 1820 5066 λοι-

223 5101 342 5165 πὸν,
367 5101 566 5170 φησὶν,
595 5100 689 5151 ἐπὶ
711 5099 772 5151 τὸ
797 5097 966 5161 πάθος
995 5097 1189 5157 ἐλθεῖν,
1212 5099 1429 5150 πάντων
1454 5097 1819 5166 πεπληρωμέ-

221 5202 344 5238 νων.
407 5186 469 5238 El
507 5185 620 5254 γὰρ
673 5181 956 5252 μέλλοιμεν
1000 5181 1211 5245 τούτοις
1251 5182 1350 5250 μὲν
1397 5180 1491 5232 καὶ
1532 5179 1818 5233 ἀπειθοῦσι

222 5267 640 5340 προσεδρεύειν,
670 5266 907 5327 ἐκείνους
931 5265 987 5317 δέ
1023 5264 1115 5317 καὶ
1147 5263 1500 5334 βουλομένους
1533 5262 1607 5332 μὴ
1646 5280 1817 5332 προσ-

223 5351 420 5410 ίεσθαι.
472 5351 674 5417 ἀνάξια
711 5351 810 5420 τῆς
849 5350 1124 5420 ἡμετέρας
1170 5348 1322 5400 ἔσται
1367 5347 1536 5400 ταῦτα
1586 5348 1819 5419 κηδεμο-

220 5438 355 5501 νίας.
393 5437 562 5491 Ἑπεὶ
587 5432 680 5490 οὖν
703 5435 928 5506 ἔμελλεν
956 5435 1186 5504 ἀφήσειν
1209 5434 1334 5495 τοὺς
1363 5431 1610 5501 μαθητὰς
1631 5434 1724 5485 ἐπὶ
1751 5434 1819 5485 τὰ

221 5519 346 5592 ἔθνη
400 5519 600 5573 λοιπὸν
634 5519 769 5572 ἰέναι
803 5518 941 5586 μετά
968 5521 1058 5570 τὸν
1105 5517 1357 5587 σταυρον,
1391 5517 1493 5586 ὁρᾷ
1534 5517 1591 5568 δέ
1622 5517 1816 5578 αὐτοὺς

222 5606 650 5676 προπηδῶντας,
682 5603 816 5673 φησί
837 5620 849 5632 ’
881 5601 1083 5672 Καιρὸς
1117 5602 1208 5653 ἐπί
1240 5601 1328 5653 τὸν
1358 5602 1589 5671 σταυρὸν
1619 5601 1812 5654 ἐλθεῖν.

220 5686 293 5741 Ού
328 5689 608 5759 πρότερον
636 5688 746 5756 γὰρ
771 5687 968 5748 αὐτοὺς
997 5687 1198 5747 εἴασεν,
1232 5685 1318 5736 ἵνα
1405 5685 1482 5748 είς
1517 5684 1818 5755 μαρτύριον

217 5771 422 5834 αὐτοῖς.
454 5770 609 5833 Ἕως
632 5769 740 5836 γὰρ
761 5768 849 5823 διὰ
875 5769 983 5822 τῶν
1015 5768 1192 5838 ἔργων
1220 5768 1380 5822 αὐτὸν
1407 5767 1814 5837 διεκρούσαντο,

278 5963 302 5992 ⁸
350 5963 448 6012 Alii
501 5960 618 6011 ούδέ
669 5958 813 6007 τοῦτο
861 5961 1053 6020 ᾔδεσαν.
1120 5959 1147 5999 1ο
1185 5961 1416 6009 Nonnulli
1474 5960 1804 6022 ἐκπομπεύων.

222 6028 243 6054 ⁸
283 6024 626 6087 5ονί1.ᾕεταν
664 6022 932 6082 legendum
966 6022 1234 6084 supicatur,
1279 6030 1436 6072 recte.

3403 381 3506 436 363

1925 499 2030 566 ῐως
2064 500 2225 555 αὐτὸν
2255 500 2629 571 ἐσταύρωσαν,
2670 497 2771 551 οὐκ
2793 493 2935 556 εἷπε,
2983 494 3382 561 Πορευθέντες
3403 513 3515 563 μα-

1925 586 2255 650 θητεύσατε
2287 583 2485 636 πάντα
2519 581 2590 634 τὰ
2621 582 2771 648 ἔθνη
2792 623 2807 646 ,
2841 577 2978 640 ἀλλ’,
3007 579 3111 642 Εἰς
3145 576 3291 631 ὀδόν
3321 577 3517 631 ἐθνῶν

1921 664 2009 734 μὴ
2036 665 2335 733 ἀπέλθητε
2358 682 2372 695 ⁸
2408 667 2524 729 καὶ,
2566 666 2689 717 Οὐκ
2717 660 3094 727 ἀπεστάλην,
3126 662 3179 713 εἰ
3201 659 3289 729 μὴ
3323 662 3411 727 εις
3444 662 3519 715 τὰ

1925 749 2189 816 πρόϐατα
2220 750 2293 807 τὰ
2321 747 2681 802 ἀπολωλότα
2711 746 2883 799 οἴκου
2923 742 3204 812 Ἰσραήλ·
3244 743 3357 806 καὶ,
3392 745 3516 796 Οὐκ

1922 831 2055 884 ἐστι
2109 832 2302 886 καλὸν
2344 833 2554 885 λαϐεῖν
2600 829 2708 883 τὸν
2748 829 2935 896 ἄρτον
2980 825 3100 879 τῶν
3130 825 3376 888 τέκνων,
3414 826 3515 879 καὶ

1923 913 2134 968 δοῦναι
2164 914 2287 980 τοῖς
2316 915 2646 979 κυναρίοις.
2691 910 2911 982 Ἐπειδὴ
2940 911 3000 963 δὲ
3035 910 3307 981 ἐμίσησαν
3329 909 3513 971 αὐτὸν,

1923 998 2018 1050 καὶ
2042 996 2215 1061 οὕτως
2259 998 2529 1068 ἐμίσησαν
2573 997 2650 1061 ὡς
2694 995 2926 1059 ἀνελεῖν,
2958 994 3215 1066 περιττὸν
3244 988 3314 1065 ἦν
3346 1010 3517 1065 προσ·-

1925 1079 2164 1151 εδρεύειν
2213 1079 2652 1151 διακρουομένων
2682 1078 2924 1133 ἐκείνων.
2972 1079 3080 1131 Kal
3114 1077 3224 1147 γὰρ
3262 1079 3507 1152 παρῃτήο

1926 1180 2087 1216 σαντο
2135 1164 2295 1218 αὐτὸν
2344 1165 2629 1232 λέγοντεςο
2691 1165 2813 1216 Οὐκ
2866 1162 3090 1232 ἔχομεν
3121 1161 3410 1227 βασιλέα,
3463 1162 3516 1215 ει

1915 1249 2005 1318 μὴ
2043 1251 2330 1319 Καίσαρα.
2368 1251 2502 1304 Τότε
2530 1250 2594 1321 δὴ
2622 1249 2809 1303 λοιπὸν
2835 1249 3035 1313 αὐτοὺς
3063 1250 3299 1320 ἀφῆκεν,
3323 1250 3513 1321 ἐπειδὴ

1924 1335 2077 1388 αὐτοὶ
2113 1336 2350 1406 ἀφῆκαν.
2385 1334 2482 1387 Διά
2526 1334 2685 1386 τοῦτο
2713 1332 2858 1401 λέγει
2881 1349 2894 1363 σ
2942 1333 3208 1400 Ποσάκις
3241 1334 3517 1401 ἠθέλησα

1922 1418 2392 1487 ἐπισυναγαγεῖν
2439 1418 2513 1471 τὰ
2549 1416 2733 1471 τέκνα
2775 1417 2961 1486 ὑμῶν,
3009 1416 3107 1470 καὶ
3141 1419 3254 1472 οὐκ
3291 1417 3509 1484 ἠθελὴ-

1922 1510 2109 1562 σατε]
2163 1509 2228 1561 Τί
2275 1510 2452 1564 ἐστιν·
2503 1510 2566 1561 ’0
2618 1509 2839 1573 κόκκος
2885 1507 2995 1562 τοῦ
3044 1508 3241 1569 σίτου,
3285 1507 3394 1560 ἐὰν
3427 1511 3516 1575 μὴ

1923 1591 2130 1646 πεσὼν
2181 1591 2486 1660 ἀποθάνῃς
2539 1591 2673 1662 Περὶ
2726 1591 2820 1644 τοῦ
2879 1590 3117 1661 σταυροῦ
3171 1591 3340 1659 λέγει.
3397 1591 3516 1644 ’Ἱνα

1923 1674 2033 1744 γὰρ
2062 1674 2136 1745 μὴ
2161 1675 2499 1746 θορυϐῶν-ται
2536 1674 2842 1737 ἐννοοῦντες
2868 1676 2970 1736 ὃτι,
3001 1675 3090 1728 ὅτε
3130 1675 3235 1727 καὶ·
3257 1672 3518 1739 ’Έλληνες

1925 1760 2251 1830 προσῆλθον,
2283 1759 2406 1811 τότε
2441 1757 2704 1830 ἀνῃρέθη,
2734 1758 2906 1825 λέγει*
2937 1759 3078 1811 Αὐτὸ
3110 1757 3208 1826 μέν
3233 1752 3326 1810 οὖν
3359 1757 3518 1811 τοῦτο

1926 1841 2164 1910 μάλιστα
2212 1841 2413 1903 αὐτοὺς
2450 1843 2593 1893 ποιεῖ
2637 1841 2987 1910 προσελθεῖν,
3045 1842 3137 1893 καὶ
3175 1841 3403 1910 αὐξήσει
3456 1839 3518 1892 τὸ

1924 1925 2189 1994 κήρυγμα
2222 1924 2283 1977 το
2305 1925 2457 1994 ἐμόν.
2490 1920 2644 1984 Εἶτα,
2668 1924 2855 1995 ἐπειδὴ
2890 1924 2999 1976 ἀπὺ
3023 1923 3195 1987 λόγων
3225 1923 3325 1992 οὐχ
3346 1922 3518 1982 οὕτως

1921 2007 2159 2065 ἔπειθεν.
2191 2006 2299 2059 ἀπὸ
2331 2009 2427 2078 τῆς
2453 2007 2564 2060 τῶν
2604 2009 2944 2078 πραγμάτων
2987 2007 3185 2077 πείρας
3215 2007 3346 2060 αὐτὸ
3381 2006 3518 2078 μεθ-

1922 2090 2096 2144 οδεύει
2141 2090 2318 2159 λέγων
2340 2107 2354 2122 ⁸
2415 2092 2569 2164 Ἐπεὶ
2601 2094 2697 2145 καὶ
2728 2094 2786 2145 ἐν
2816 2091 2894 2161 τῷ
2921 2092 3054 2160 σίτῳ
3083 2091 3244 2144 τοῦτο
3270 2091 3478 2159 γίνεται
3498 2109 3512 2121 ’

1925 2173 2124 2244 μᾶλλον
2167 2173 2321 2245 φέρει
2363 2174 2593 2245 καρπὸν,
2627 2175 2756 2227 ὃταν
2801 2174 3072 2247 ἀποθάνῃ.
3127 2176 3192 2228 Εἰ
3225 2175 3284 2227 δὲ
3313 2175 3372 2228 ἐν
3403 2177 3518 2237 τοῖς

1923 2258 2202 2328 σπέρμασι
2233 2257 2415 2323 τοῦτο,
2467 2257 2645 2328 πολλῷ
2680 2257 2880 2328 μᾶλλον
2930 2260 2987 2311 ἐν
3032 2258 3176 2328 ἐμοί.
3231 2259 3370 2312 ’Δλλ“
3414 2259 3516 2313 οὐκ

1920 2340 2120 2410 ᾔδεσαν
2153 2341 2203 2393 οί
2241 2340 2484 2411 μαθηταὶ
2530 2342 2599 2395 τὰ
2646 2341 2937 2411 λεγόμενα.
2973 2341 3065 2394 Διὸ
3097 2341 3338 2412 συνεχῶς
3382 2343 3516 2394 αὐτὸ

1921 2423 2134 2493 τίθησιν
2187 2426 2216 2477 ό
2268 2425 2684 2495 εὐαγγελιστὴς,
2736 2425 3175 2496 ἀπολογούμενος
3227 2426 3368 2495 ὑπὲρ
3417 2427 3516 2496 τῆς

1926 2507 2067 2576 μετά
2096 2507 2269 2561 ταῦτα
2298 2509 2496 2578 φυγῆς.
2524 2509 2726 2562 Τοῦτον
2751 2510 2846 2562 καὶ
2874 2509 3000 2580 περὶ
3035 2512 3134 2580 τῆς
3164 2509 3516 2572 ἀναστάσεως
3598 2545 3617 2554 -

1921 2589 2301 2658 διαλεγόμενος
2329 2594 2358 2645 ὀ
2384 2591 2596 2655 Παῦλος
2623 2593 2714 2645 τὸν
2742 2593 2898 2661 λόγον
2933 2592 3174 2663 ἐκίνησε.

1993 2680 2060 2741 γ’.
2102 2675 2266 2728 Ποίαν
2306 2672 2398 2728 οὖν
2450 2677 2661 2742 ἕξουσιν
2700 2676 2995 2745 ἀπολογίαν
3035 2679 3083 2730 οί
3114 2680 3181 2748 τῇ
3219 2679 3518 2732 ἀναστάσει

1920 2757 2350 2823 διαπιστοῦντες,
2378 2762 2435 2812 ἐν
2461 2763 2572 2824 τοῖς
2597 2766 2878 2832 σπέρμασι
2908 2761 3001 2814 τοῦ
3029 2762 3356 2832 πράγματος
3395 2763 3514 2815 καθ’

1923 2842 2160 2912 ἑκάστην
2192 2843 2572 2913 μελετωμένου
2596 2844 2695 2914 τὴν
2719 2845 2957 2914 ἡμέραν,
2988 2846 3081 2898 καὶ
3102 2846 3160 2896 ἐν
3189 2848 3394 2914 φυτοῖς,
3423 2848 3518 2898 καὶ

1923 2925 2015 2976 ἐπὶ
2048 2926 2146 2994 τῆς
2191 2925 2459 2992 γενέσεως
2489 2926 2590 2996 τῆς
2635 2928 2946 2997 ήμετέραςς
2985 2926 3257 2998 Πρότερον
3289 2927 3399 3000 γὰρ
3438 2928 3520 2981 δεῖ

1925 3010 2196 3082 φθαρῆναι
2253 3011 2315 3064 τὸ
2366 3013 2605 3083 σπέρμα,
2641 3014 2736 3066 καὶ
2788 3013 2910 3065 τότε
2967 3011 3223 3080 γενέσθαι
3277 3013 3514 3080 γένεσιν.

1925 3093 2101 3157 Ὄλως
2146 3094 2203 3147 δὲ
2233 3095 2362 3147 ὅταν
2413 3096 2441 3147 ό
2491 3095 2624 3158 Θεός
2659 3112 2711 3148 τι
2758 3097 2907 3165 ποιῇ,
2951 3095 3229 3165 λογισμῶν
3269 3096 3370 3148 οὐκ
3403 3097 3518 3148 ἐστι

1923 3177 2100 3247 χρεία.
2140 3177 2262 3240 Πῶς
2295 3177 2405 3246 γὰρ
2435 3177 2494 3241 ἐξ
2527 3178 2627 3230 οὐκ
2661 3177 2828 3231 όντων
2855 3180 3005 3249 ἡμᾶς
3038 3179 3295 3247 ἐποῖησες
3335 3178 3520 3232 Ταῦτα

1925 3261 2061 3330 πρὸς
2093 3262 2455 3330 Χριστιανοὺς
2478 3260 2642 3328 λέγω,
2662 3263 2787 3324 τοὺς
2809 3261 3069 3329 λέγοντας
3088 3261 3370 3315 πείθεσθαι
3389 3264 3520 3335 Γρα-

1924 3347 2068 3412 φαῖς.
2113 3343 2257 3412 Ἐγὼ
2279 3344 2335 3398 δὲ
2363 3346 2457 3397 καὶ
2482 3345 2668 3414 ἕτερον
2702 3344 2813 3414 ἐρῶ
2847 3345 2956 3398 ἀπὸ
2985 3345 3264 3415 λογισμῶν
3297 3346 3511 3418 ἀνθρω-

1922 3429 2114 3481 πίνων.
2169 3428 2290 3480 Τῶν
2342 3427 2647 3498 ἀνθρώπων
2693 3429 2743 3480 οί
2777 3428 2874 3496 μὲν
2908 3429 2966 3479 ἐν
3000 3429 3169 3498 κακίᾳ
3214 3429 3518 3497 διάγουσιν,

1922 3514 1972 3566 οί
2021 3513 2078 3566 δὲ
2108 3515 2165 3566 ἐν
2209 3513 2399 3583 ἀρετῇ.
2449 3512 2612 3565 Ἀλλά
2657 3512 2768 3565 τῶν
2808 3514 2866 3566 ἐν
2918 3514 3087 3583 κακίᾳ
3133 3513 3521 3584 διατριϐόντων

1923 3596 2109 3650 πολλοὶ
2155 3597 2236 3658 είς
2269 3595 2493 3664 ἔσχατον
2525 3597 2704 3666 γῆρας
2741 3592 2905 3665 ἦλθον
2957 3595 3356 3661 εὐπαθοῦντες·
3408 3599 3520 3652 τῶν

1921 3679 1978 3732 δὲ
2019 3681 2077 3733 ἐν
2115 3680 2306 3750 ἀρετῇ,
2338 3681 2406 3731 τὰ
2448 3679 2666 3732 ἐναντία
2697 3679 3113 3747 ὑπομείναντες.
3155 3680 3291 3733 Πότε
3325 3676 3418 3734 οῦν
3449 3683 3521 3736 τὰ

1924 3764 2044 3815 κατ’
2088 3763 2248 3826 ἀξίαν
2305 3762 2645 3832 ἀπολήψεται
2687 3762 2954 3827 ἐκαστοςς
3009 3766 3067 3817 ἐν
3117 3763 3256 3834 ποίῳ
3305 3765 3517 3836 καιρῴ;

1922 3848 2051 3906 Ναὶ,
2106 3847 2303 3916 φησίν·
2359 3847 2493 3899 ἀλλά
2541 3847 2812 3917 σωμάτων
2854 3851 2955 3901 οὐκ
3003 3847 3150 3900 ἐστιν
3197 3847 3516 3914 ἀνάστασις.

1923 3931 2037 3982 Οὐκ
2067 3929 2325 3982 ἀκούουσι
2356 3930 2448 3981 τού
2478 3928 2691 3983 Παύλου
2723 3929 3002 3996 λέγοντος
3035 3930 3136 3983 Δεῖ
3165 3931 3227 3984 τὸ
3255 3935 3520 4000 φθαρτὸν

1926 4014 2100 4068 τοῦτο
2165 4013 2540 4066 ἐνδύσασθαι
2591 4013 2973 4081 ἀφθαρσίαν-Ἴ
3028 4015 3103 4067 Οὐ
3160 4016 3288 4084 περὶ
3338 4015 3517 4086 ψυχῆς

1923 4097 2066 4161 (οὐδέ
2101 4095 2211 4166 γάρ
2243 4096 2524 4163 φθείρεται
2568 4096 2602 4164 ὴ
2644 4095 2847 4166 ψυχή)’
2886 4098 2980 4149 καὶ
3022 4097 3319 4162 ἀνάστασις
3361 4097 3515 4172 [598]

1921 4180 1977 4232 δέ
2000 4179 2094 4230 τοῦ
2131 4180 2483 4240 πεπτωκότος
2514 4178 2765 4246 λέγεται·
2796 4179 2960 4232 ἔπεσε
2978 4181 3034 4233 δέ
3060 4182 3122 4233 τὸ
3156 4182 3336 4251 σῶμα.
3363 4183 3517 4235 Διατί

1921 4264 1978 4315 δὲ
2004 4265 2064 4314 οὐ
2099 4262 2275 4332 βούλει
2297 4263 2593 4316 ἀνάστασιν
2626 4259 2763 4316 εἶναι
2788 4263 3323 4335 σῶματοςςΠότερον
3351 4268 3410 4319 ού
3433 4267 3518 4319 δυ-

1922 4347 2078 4400 νατὺν
2097 4347 2176 4415 τῷ
2196 4345 2342 4415 Θεῴς
2380 4345 2538 4399 Ἀλλά
2560 4347 2720 4400 τοῦτο
2742 4348 2840 4417 μὲν
2861 4349 3097 4417 ἐσχάτης
3115 4350 3299 4413 ἀνοίας
3315 4351 3510 4419 λέγειν.

1937 4431 2074 4483 Ἀλλ’
2089 4430 2148 4483 οὐ
2167 4433 2368 4498 πρέπει
2391 4448 2404 4493 ;
2428 4429 2580 4482 Διατί
2596 4431 2657 4482 ού
2681 4431 2884 4501 πρέπει
2902 4432 2964 4485 τὸ
2984 4433 3220 4502 φθαρτὸν
3240 4435 3334 4487 καὶ
3354 4436 3516 4490 πόνου

1924 4517 2014 4566 καὶ
2044 4512 2277 4565 θανάτου
2313 4513 2672 4582 κοινωνῆσαν,
2698 4516 3024 4584 κοινωνῆσαι
3056 4516 3153 4568 xal
3175 4516 3284 4569 τῶν
3307 4520 3513 4586 στεφά-

1922 4613 2063 4660 νων;
2111 4597 2173 4649 Εἰ
2218 4599 2327 4664 γὰρ
2362 4598 2436 4665 μὴ
2468 4595 2726 4666 ἔπρεπεν,
2756 4597 2864 4649 οὐδ’
2901 4598 2968 4650 ἂν
3005 4598 3159 4670 παρὰ
3195 4598 3292 4669 τὴν
3341 4601 3519 4672 ἀρλὴν

1922 4679 2157 4745 ἐγένετο,
2195 4681 2294 4732 οὐκ
2345 4680 2410 4731 ἂν
2445 4679 2625 4749 σάρκα
2660 4681 2822 4743 αὐτὸς
2868 4681 3147 4735 ἀνέλαϐεν.
3182 4684 3304 4736 ’Ότι
3336 4683 3519 4741 δὲκαὶ

1922 4761 2172 4823 ἀνέλαϐε,
2230 4763 2323 4814 καὶ
2372 4763 2543 4832 αὐτὴν
2591 4764 2912 4834 ἀνέστησεν.
2967 4767 3201 4819 ἄκουσον
3247 4767 3299 4819 τί
3348 4785 3516 4836 gnat.-

1924 4845 2082 4898 Βάλε
2117 4844 2259 4910 τοὺς
2292 4845 2654 4912 δακτύλους,
2690 4849 2789 4900 καί
2830 4848 2940 4911 ῑόε,
2975 4849 3065 4902 ὅτι
3102 4850 3341 4919 πνεῦμα
3365 4849 3522 4905 ὀστᾶ

1924 4930 2020 4981 καί
2044 4930 2227 4996 νεῖρα
2249 4932 2359 4983 οὐκ
2381 4929 2527 4996 ἔχει.
2557 4931 2710 4984 Διατί
2731 4933 2788 4985 δὲ
2806 4933 2897 4985 τὸν
2922 4934 3176 5004 Λάζαρον
3194 4937 3516 5007 ἀνέστησεν.

1922 5014 1970 5064 εἰ
2003 5011 2210 5081 βέλτιον
2241 5009 2310 5081 ἦν
2335 5014 2506 5082 χωρὶς
2535 5013 2785 5084 σώματος
2821 5017 3121 5086 ἀναστῆναι
3148 5037 3160 5082 ;
3186 5019 3238 5069 τί
3268 5022 3327 5073 ἐν
3366 5021 3520 5086 τάξει

1926 5095 2155 5164 σημείου
2178 5096 2271 5148 καὶ
2301 5097 2621 5165 εὐεργεσίας
2650 5098 2785 5150 αὐτὸ
2817 5097 2988 5163 ποιεῐ;
3030 5101 3081 5153 τί
3109 5101 3164 5155 δὲ
3190 5104 3325 5165 ὅλως
3346 5103 3521 5158 ἔδωκε

1920 5179 2157 5248 τροφάς;
2197 5178 2280 5249 Μὴ
2327 5179 2504 5231 τοίνυν
2551 5181 2833 5235 ἀπατᾶςθε
2876 5185 3027 5254 παρά
3063 5186 3172 5238 τῶν
3202 5189 3515 5258 αίρετικῶν,

1922 5262 2216 5329 ἀγαπητοί.
2258 5263 2368 5315 Kal
2396 5263 2505 5333 γάρ
2538 5265 2834 5330 ἀνάστασίς
2868 5269 3005 5336 ἐστι,
3035 5273 3128 5322 καί
3168 5272 3348 5341 κρίσις
3377 5275 3511 5328 ἐστί.

1923 5346 1965 5396 Τ
1970 5345 2111 5398 αῦτα
2138 5346 2195 5399 δὲ
2224 5346 2558 5418 ἀναιροῦσιν,
2594 5350 2708 5403 ὅσοι
2738 5350 2811 5422 μὴ
2844 5351 3127 5421 βούλονται
3161 5356 3344 5411 δοῦναι
3361 5357 3515 5426 λόγον

1923 5427 2028 5479 τῶν
2069 5430 2496 5498 πεπραγμένων.
2536 5433 2790 5505 Καὶ-γάρ
2828 5434 2911 5488 δεῖ
2941 5436 3039 5507 τὴν
3071 5440 3372 5494 ἀνάστασιν
3405 5459 3516 5495 τοι·

1920 5511 2092 5582 αύτην
2118 5507 2277 5574 εἶναι,
2304 5512 2391 5567 οἶα
2416 5514 2638 5580 γέγονεν
2663 5518 2694 5585 ὴ
2724 5517 2817 5569 τοῦ
2841 5519 3102 5589 Χριστοῦ.
3131 5513 3379 5594 ’Ἀπαρχὴ
3406 5524 3515 5594 γὰρ

1921 5596 2150 5659 ἐκεῖνος,
2183 5596 2278 5648 καὶ
2309 5597 2651 5666 πρωτότοκος
2673 5600 2781 5653 ἀπὸ
2810 5602 2917 5655 τῶν
2945 5606 3176 5676 νεκρῶν.
3215 5609 3275 5660 El
3304 5609 3362 5660 δέ
3385 5609 3514 5663 ἀνά-

1922 5695 2124 5741 στασις.
2142 5679 2301 5732 τοῦτό
2344 5681 2481 5742 ἐστι,
2523 5682 2702 5752 ψυχῆς
2738 5685 3039 5757 καθαρμὸς,
3093 5691 3189 5743 καὶ
3227 5692 3516 5761 ἁμαρτιῶν

1919 5761 2231 5849 ἀπαλλαγὴ,
2343 5764 2399 5817 δέ
2448 5766 2681 5834 Χριστὸς
2719 5769 2816 5837 οὐχ
2854 5771 3092 5841 ἥμαρτε,
3134 5774 3249 5837 πῶς
3275 5777 3512 5849 ἀνέστης

1921 5844 2037 5908 πῶς
2065 5847 2225 5916 ἡμεῖς
2249 5848 2346 5918 τῆς
2377 5850 2622 5919 κατάρας
2647 5850 2937 5923 ἀπηλλάγη
2948 5858 3210 5925 μεν,εἰ’γε
3240 5859 3333 5912 καὶ
3350 5844 3513 5926 αὐτός

1918 5930 2168 6003 ἥμαρτε;
2199 5934 2317 5995 πῶς
2358 5933 2414 5985 δὲ
2449 5934 2625 6002 λέγει’
2657 5938 2935 6006 Ἔρχεται
2965 5938 2997 5993 ό
3033 5942 3235 6010 ἅρχων
3275 5943 3381 5997 τοῦ
3411 5949 3509 5997 κό-

1921 6031 2079 6085 σμοι»
2116 6018 2350 6075 τούτου.
2388 6019 2484 6073 καί
2514 6020 2582 6074 ἐν
2613 6021 2743 6090 ἐμοὶ
2771 6026 2882 6078 οὐκ
2913 6024 3039 6094 ἔχει
3078 6027 3293 6095 οὺδένς
3323 6029 3508 6084 Ταῦτα
