4164 6330
359 340 463 398 3-39

359 458 436 510 im
461 454 645 531 (Joan.
674 459 767 516 ΞΟ.
797 461 912 533 27).
938 463 1046 518 Cur
1071 463 1330 522 Lazarum
1362 468 1657 535 suscitavit,
1687 473 1732 526 si
1762 474 1955 528 melius

357 558 473 601 emt
497 547 616 604 sine
641 565 871 621 corpore
902 569 1181 625 resurgere
1200 558 1226 609 ’ἒ
1250 573 1347 612 cur
1373 560 1510 614 inter
1533 562 1680 631 signa
1707 572 1762 617 et
1789 563 1955 619 bene-

359 641 482 695 ticia
512 643 614 698 hoc
644 648 862 714 posuit?
895 665 992 703 cur
1019 651 1168 705 cibos
1194 652 1462 720 prmbuit?
1490 654 1567 711 Ne
1592 657 1788 727 itaque,
1813 658 1950 714 dile-

352 733 459 800 cti,
491 735 559 789 ab
585 736 848 794 harreticis
875 741 1233 811 deeipiamini.
1260 744 1326 799 Et
1356 746 1701 814 resurrectio,
1729 758 1783 803 et
1805 750 1948 819 judi-

352 826 498 879 cium
526 840 629 882 est.
667 830 789 885 llrec
814 841 990 886 autem
1021 832 1089 888 de
1119 834 1297 890 medio
1329 836 1518 891 tollunt
1548 849 1809 911 quotquot
1847 859 1947 897 no-

354 914 474 969 lunt
501 932 722 987 operum
748 936 964 976 suorum
997 925 1254 981 rationem
1284 927 1529 984 reddere.
1560 930 1784 1000 Oportet
1803 933 1948 989 enim

351 1010 804 1065 resurrectionem
854 1013 1009 1067 talem
1062 1031 1221 1083 esse,
1266 1022 1436 1089 qualis
1482 1021 1581 1077 fuit
1627 1028 1946 1081 resurrectio

348 1096 574 1153 Christi.
602 1100 856 1157 Priniitize
884 1106 1024 1161 enim
1058 1108 1276 1173 illoest,
1306 1122 1361 1167 et
1386 1113 1771 1185 primogenitus
1802 1134 1947 1172 mor—

349 1195 587 1244 tuorum.
620 1191 771 1258 Quod
809 1194 853 1248 si
894 1201 1214 1255 resurrectio
1255 1210 1337 1255 est
1354 1205 1555 1290 .animtn
1589 1208 1855 1275 purgatio,
1890 1219 1944 1264 et

349 1282 596 1338 liberatio
622 1301 650 1338 a
684 1289 951 1354 peccatis;
980 1289 1225 1347 Christus
1254 1282 1380 1348 vero
1408 1314 1513 1351 non
1545 1302 1783 1367 peccavit
1809 1320 1819 1352 :
1845 1319 1943 1357 cur

344 1376 690 1430 resurrexit?
716 1381 983 1447 quomodo
1013 1397 1110 1436 nos
1137 1398 1166 1435 a
1200 1386 1575 1444 maledictione
1608 1390 1815 1446 liberati
1847 1408 1940 1448 su-

342 1479 489 1527 mus,
520 1468 563 1520 si
594 1468 707 1537 ipse
735 1472 1011 1538 peccavit?
1039 1477 1309 1543 quomodo
1338 1479 1487 1547 dicit,
1529 1479 1669 1535 Venit
1707 1485 1940 1557 princeps

342 1554 505 1627 hujus
535 1559 732 1625 mundi,
763 1572 811 1614 et
836 1562 890 1616 in
919 1580 1000 1617 me
1024 1582 1124 1619 non
1151 1568 1297 1623 habet
1329 1572 1605 1641 quidquam
1633 1574 1814 1645 (Joan.
1847 1554 1936 1636 η.

340 1644 631 1713 30)?Nam
663 1649 766 1703 hoc
790 1650 1287 1721 impeccabilitatem
1317 1660 1434 1728 ejus
1462 1644 1744 1733 signiﬁcat.
1776 1666 1939 1736 Igitur

340 1739 640 1793 secundum
677 1742 816 1809 illos,
844 1754 938 1799 aut
978 1763 1083 1802 non
1121 1754 1376 1818 surrexit,
1408 1757 1488 1809 vel
1522 1765 1580 1810 ut
1611 1770 1931 1830 resurgeret,

336 1836 470 1882 ante
514 1836 961 1890 resurrectionem
1006 1842 1262 1907 peccavit.
1295 1842 1398 1898 Sed
1440 1857 1493 1901 et
1527 1853 1848 1916 resurrexit,
1880 1864 1935 1909 et

337 1928 617 1986 peccatum
663 1938 769 1979 non
813 1926 955 1983 fecit.
1000 1930 1139 2001 Ergo
1172 1940 1500 2005 resurrexit;
1531 1950 1583 1995 et
1624 1944 1737 1999 haec
1769 1962 1929 2013 prava

333 2009 584 2066 doctrina
623 2014 755 2070 nihil
790 2017 935 2073 aliud
969 2033 1052 2077 est
1090 2040 1250 2094 quam
1297 2028 1469 2084 inanis
1506 2033 1688 2101 gloriae
1732 2009 1928 2105 proles.

335 2098 496 2155 Hunc
520 2117 647 2173 ergo
676 2106 921 2164 morbum
949 2111 1233 2183 fugiamus.
1258 2118 1389 2176 Nam
1414 2098 1755 2195 Corrumpunt
1775 2130 1932 2185 bonos

240 2228 247 2231 -
330 2203 499 2247 mores
523 2195 775 2266 colloquia
800 2218 954 2269 prava
981 2206 1057 2274 (1.
1090 2204 1209 2262 Cor.
1242 2210 1327 2265 i5.
1359 2212 1470 2282 35).
1502 2214 1617 2271 Non
1657 2230 1782 2274 sunt
1813 2220 1928 2277 hinc

327 2283 699 2351 apostolorum
726 2288 993 2361 degmata.
1021 2295 1257 2354 Marcion
1288 2311 1344 2357 et
1370 2304 1681 2365 Valentinus
1710 2312 1824 2368 haec
1850 2314 1928 2368 in—

332 2387 623 2432 iiovarunt.
653 2379 943 2452 Fugiatnus
973 2402 1135 2459 ergo,
1164 2391 1369 2451 dilecti.
1397 2395 1540 2454 Nihil
1572 2404 1789 2471 prodest
1819 2408 1925 2462 vita

326 2464 495 2531 bona,
521 2483 642 2525 cum
667 2486 825 2541 prava
848 2476 1089 2535 doctrina
1114 2500 1129 2536 :
1155 2494 1213 2540 ut
1238 2486 1470 2544 vicissim
1499 2464 1629 2550 nihil
1658 2510 1785 2551 sana
1811 2498 1914 2554 do-

325 2558 533 2622 ctrina,
563 2575 684 2617 cum
710 2565 817 2621 vita
845 2583 1115 2643 corrupta.
1147 2575 1271 2633 Haec
1295 2583 1525 2650 gentiles
1550 2600 1873 2658 pepererunt
1904 2611 1919 2646 :

326 2646 450 2705 hac
476 2651 550 2708 illi
575 2668 840 2713 auxerunt
865 2661 933 2717 ab
956 2668 1191 2722 externis
1217 2646 1434 2741 accepta
1471 2646 1807 2749 philosophis
1826 2724 1840 2748 ,
1869 2692 1924 2739 ct

327 2746 614 2802 materiam
643 2764 747 2803 non
774 2751 967 2809 factam
995 2766 1050 2812 et
1083 2762 1249 2817 multa
1280 2763 1650 2834 hujuscemodi
1678 2746 1919 2829 statuen-

326 2842 433 2891 tes.
460 2834 529 2891 Ut
546 2853 676 2909 ergo
698 2839 946 2900 dixerunt
968 2864 1071 2902 non
1095 2865 1215 2907 esse
1236 2866 1532 2914 creatorem
1556 2862 1673 2918 sine
1700 2866 1921 2923 materia

324 2940 439 2981 non
465 2926 599 2984 facta
627 2950 640 2985 :
665 2934 742 2989 sic
764 2944 820 2991 et
845 2946 1291 3001 resurrectionem
1319 2963 1598 3020 negarunt.
1630 2956 1827 3014 Verum
1852 2976 1920 3016 ne

324 3014 396 3070 iis
423 3020 759 3079 attendamus
784 3066 800 3089 .
834 3043 955 3084 cum
986 3033 1301 3093 immensam
1334 3014 1424 3097 Dei
1466 3054 1782 3113 potestatem
1816 3067 1916 3108 no-

321 3119 542 3164 scamus
570 3127 583 3166 :
612 3128 680 3169 ne
705 3119 1067 3178 attendamus.
1100 3125 1263 3184 Vobis
1305 3130 1418 3188 inec
1446 3134 1589 3193 dico.
1634 3139 1741 3196 Nos
1771 3146 1915 3200 enim

320 3200 585 3259 adversus
609 3207 730 3263 illos
755 3226 989 3283 pugnare
1016 3234 1120 3273 non
1146 3225 1531 3284 recusabimus.
1563 3232 1668 3288 Sed
1695 3236 1915 3295 inermis

318 3301 384 3345 et
422 3295 624 3361 nudus,
655 3302 753 3355 etsi
793 3303 845 3357 in
882 3307 1203 3367 infirmiores
1238 3316 1517 3386 inciderit,
1551 3323 1676 3380 licet
1704 3328 1913 3397 fortior,

317 3382 482 3439 facile
504 3389 763 3458 capietur.
791 3393 921 3450 Nam
951 3398 995 3452 si
1022 3400 1312 3471 Scripturis
1336 3412 1707 3485 attenderetis,
1735 3428 1788 3475 ct
1818 3435 1914 3478 vos

316 3477 562 3545 quotidie
586 3482 651 3536 ad
679 3498 909 3555 pugnam
930 3497 1280 3563 appararetis,
1312 3515 1417 3556 non
1443 3516 1633 3561 auctor
1656 3477 1806 3567 vobis
1828 3477 1914 3570 es;

317 3582 441 3622 sem
471 3581 528 3624 ut
556 3587 783 3644 pugnam
811 3581 1069 3641 adversus
1105 3588 1224 3644 illos
1264 3594 1502 3653 vitaretis
1525 3640 1540 3664 ,
1572 3601 1666 3657 sed
1694 3620 1908 3663 manum

314 3673 607 3720 conserere
626 3668 904 3726 suaderem
926 3693 938 3727 :
960 3692 1082 3731 nam
1111 3678 1262 3737 fortis
1282 3695 1365 3739 est
1384 3690 1597 3745 veritas.
1621 3693 1756 3761 Quia
1782 3714 1911 3756 vero

312 3751 610 3825 Scripturis
634 3760 709 3815 uti
739 3765 973 3829 nescitis,
999 3784 1344 3841 congressum
1376 3781 1557 3844 timeo.
1584 3801 1651 3841 ne
1677 3788 1908 3847 inermes

311 3856 418 3896 vos
446 3844 517 3899 illi
552 3860 907 3915 prosternant.
935 3858 1074 3914 Nihil
1105 3864 1269 3932 enim,
1300 3870 1430 3926 nihil
1459 3874 1641 3947 utique
1667 3844 1907 3940 imbecii:

310 3930 420 3986 lius
447 3934 511 3989 iis
538 3939 628 4006 qui
659 3939 887 4009 Spiritus
912 3951 1111 4006 auxilio
1132 3930 1262 4009 sunt
1283 3958 1543 4021 destituti.

389 4022 821 4101 Philosophorum
847 4055 1028 4098 mores.
1051 4075 1121 4087 -
1140 4047 1292 4115 Quod
1317 4053 1361 4107 si
1391 4058 1658 4118 exteriore
1684 4075 1901 4124 utantur

1368 351 1429 410 lN
1466 356 1783 413 JOANNEM
1826 360 1915 416 liO

2022 396 2052 415 ..
2096 358 2304 421 vau.
2344 370 2413 423 al.
2458 360 2637 427 LXVI.
3542 395 3651 456 370

2060 478 2353 545 Sapientia,
2402 485 2698 541 mirandum
2745 506 2849 543 non
2893 503 3009 558 est,
3040 497 3133 549 sed
3166 502 3340 568 potius
3371 505 3648 566 ridendum

2058 569 2197 635 quod
2238 570 2414 627 stultis
2457 586 2673 631 utantur
2717 578 3044 641 doctoribus.
3082 587 3267 660 Neque
3304 596 3447 650 enim
3476 599 3561 654 vel
3586 602 3653 657 de

2058 661 2191 730 Deo,
2228 666 2313 721 vel
2344 650 2412 723 de
2440 682 2681 726 creatura
2712 676 2837 744 quid
2867 693 3056 733 sanum
3088 682 3162 737 illi
3193 683 3434 744 invenire
3462 704 3652 763 potue-

2057 766 2218 820 runt;
2259 759 2352 814 sed
2383 774 2444 815 ea
2474 777 2592 832 quze
2620 765 2758 830 apud
2792 783 2888 822 nos
2922 770 3078 825 vidua
3111 775 3290 840 novit,
3322 759 3654 853 Pythagoras

2055 860 2276 914 prorsus
2318 848 2595 918 ignoravit.
2626 854 2733 910 Sed
2772 856 2953 913 dicunt
2983 863 3216 919 animam
3249 866 3531 939 fruticem,
3567 876 3651 944 pi-

2053 949 2199 989 scem
2222 980 2237 1003 ,
2267 954 2452 994 canem
2498 944 2633 998 ﬁeri.
2676 946 2872 1013 Hisne,
2906 967 3119 1021 qua-so,
3150 960 3432 1014 attendas?
3461 975 3517 1017 et
3544 983 3646 1035 qua

2052 1026 2299 1083 ratione?
2324 1029 2498 1100 Magni
2538 1044 2661 1088 sunt
2701 1037 2773 1091 illi
2810 1040 2860 1092 in
2904 1043 3055 1108 vico,
3086 1048 3363 1103 cincinnos
3395 1053 3647 1121 pulchros

2051 1115 2227 1183 alunt,
2271 1121 2443 1186 palliis
2488 1124 2778 1181 induuntur
2813 1146 2827 1180 :
2870 1129 3128 1190 hactenus
3170 1139 3419 1212 pertingit
3458 1159 3648 1201 eorum

2050 1205 2402 1277 philosophia.
2430 1210 2483 1266 Si
2516 1215 2655 1268 iuIUs
2676 1220 2952 1287 respicias,
2981 1224 3136 1293 cinis,
3170 1231 3361 1298 pulvis,
3398 1234 3528 1289 nihil
3560 1252 3647 1290 sa-

2047 1311 2174 1349 num
2203 1308 2305 1365 est,
2335 1302 2427 1356 sed
2454 1302 2758 1373 Sepulcrum
2784 1322 2963 1381 patens
2986 1326 3059 1371 est
3078 1330 3253 1387 guttur
3275 1341 3445 1379 eorum
3468 1327 3642 1396 (Psal.

2046 1385 2096 1441 5.
2135 1389 2220 1456 Η)
2246 1405 2261 1453 ;
2292 1394 2467 1447 omnia
2509 1395 2844 1456 immunditie
2870 1412 2926 1458 et
2950 1385 3099 1462 sanie
3129 1411 3284 1479 plena
3310 1455 3323 1474 .
3361 1425 3414 1471 et
3453 1385 3639 1473 eorum

2045 1477 2291 1547 dogmata
2338 1488 2611 1544 vermibus
2666 1504 2891 1550 scatent.
2946 1498 3155 1559 Primus
3197 1520 3382 1563 eorum
3442 1528 3635 1580 aquam

2043 1569 2182 1625 dixit
2222 1589 2343 1629 esse
2392 1575 2586 1644 deum;
2618 1582 2707 1652 qui
2753 1601 3011 1655 sequutus
3052 1602 3172 1661 est,
3216 1597 3428 1666 ignem;
3460 1604 3635 1667 alius,

2040 1675 2220 1717 aerem
2256 1666 2370 1736 (a);
2410 1681 2458 1724 et
2490 1685 2678 1729 omnes
2704 1676 2770 1731 ad
2801 1696 3023 1749 corpora
3054 1685 3212 1741 delati
3235 1702 3380 1746 sunt.
3417 1695 3594 1752 llosne
3618 1739 3633 1763 ,

2039 1766 2221 1821 quaso
2244 1799 2259 1821 ,
2290 1758 2501 1815 mireris
2520 1805 2533 1825 ,
2563 1766 2652 1834 qui
2688 1783 2755 1822 ne
2796 1771 3093 1843 incorporei
3123 1782 3338 1849 quidem
3372 1786 3461 1842 Dei
3490 1790 3633 1844 noti-

2040 1843 2165 1897 tiam
2194 1847 2459 1917 attigere?
2487 1852 2638 1921 Quod
2670 1858 2714 1911 si
2746 1871 2928 1928 postea
2954 1867 3079 1935 quid
3112 1843 3396 1940 noverunt,
3432 1878 3482 1932 itt
3510 1896 3637 1937 eve-

2039 1934 2117 1988 nit
2142 1946 2423 2007 postquam
2449 1942 2502 1996 in
2528 1943 2760 2017 zEgypto
2784 1966 2906 2005 cum
2939 1934 3137 2014 nostris
3162 1934 3454 2035 colloquuti
3484 1934 3629 2025 sunt.

2035 2022 2142 2080 Sed
2177 2043 2246 2083 ne
2283 2044 2379 2085 vos
2418 2034 2641 2090 nimium
2692 2045 3064 2108 perturbemus
3087 2090 3101 2115 ,
3135 2051 3221 2109 hic
3254 2022 3440 2113 orandi
3469 2062 3631 2118 tinem

2035 2114 2313 2174 faciamus.
2341 2122 2398 2177 Si
2427 2125 2569 2180 enim
2600 2129 2810 2187 illorum
2839 2134 3137 2196 doctrinam
3170 2160 3470 2217 proponere
3499 2153 3633 2210 inci-

2034 2198 2262 2276 piamus,
2291 2213 2417 2282 quid
2444 2215 2511 2272 de
2541 2218 2670 2286 Deo,
2698 2224 2824 2292 quid
2851 2227 2919 2282 de
2942 2198 3191 2300 materia:
3207 2198 3628 2307 quid'i';;.'.t}1.'.

2032 2309 2087 2353 et
2124 2299 2195 2357 de
2232 2318 2461 2376 corpore
2483 2308 2750 2383 dixerint,
2792 2334 3017 2391 magnus
3044 2299 3404 2399 conseduetur
3439 2336 3581 2393 risus
3614 2360 3627 2395 :

2031 2405 2207 2461 neque
2245 2406 2426 2453 nostra
2470 2402 2703 2472 egebant
2745 2409 3145 2484 conlutatione;
3185 2420 3288 2492 ipsi
3326 2426 3469 2481 enim
3508 2444 3629 2487 sesc

2030 2492 2219 2541 mutuo
2245 2488 2579 2552 confodiunt.
2606 2496 2705 2563 Qui
2737 2512 2922 2558 contra
2956 2522 3055 2562 nos
3082 2508 3150 2565 de
3180 2488 3399 2571 materia
3429 2518 3625 2577 librant

2030 2576 2247 2642 scripsit
2307 2581 2414 2653 (ὁ),
2441 2585 2676 2655 seipsum
2703 2593 2961 2651 confodit.
3002 2598 3181 2668 Quare
3211 2622 3279 2661 ne
3304 2623 3401 2662 vos
3429 2576 3626 2668 frustra

2027 2662 2393 2739 detineanius,
2441 2690 2540 2731 nec
2582 2692 2893 2740 sermonum
2939 2687 3305 2759 labyrinthum
3350 2707 3622 2769 texamus,

2026 2750 2111 2810 his
2150 2757 2356 2825 missis,
2403 2762 2506 2820 hoc
2545 2766 2786 2828 dicemus
2826 2792 2841 2828 :
2882 2750 3184 2838 divinarum
3225 2750 3623 2859 Scripturarun;

2026 2842 2245 2902 lectioni
2276 2853 2680 2925 attendendum,
2714 2879 2889 2934 neque
2925 2870 3102 2927 verbis
3132 2842 3446 2936 eertandrum
3476 2898 3618 2952 esse,

2024 2938 2172 2994 nullo
2200 2940 2394 3001 fructu.
2425 2948 2576 3013 Quod
2606 2953 2770 3010 etiam
2806 2959 3005 3017 Paulus
3046 2964 3385 3025 Timotheum
3426 2938 3618 3043 docet

2023 3035 2124 3089 etsi
2155 3038 2315 3092 multa
2343 3039 2659 3099 instructum
2686 3050 2948 3118 sapientia
2971 3096 2986 3121 ,
3015 3067 3070 3112 et
3092 3059 3366 3129 signorum
3394 3068 3619 3137 gratiam

2024 3123 2311 3183 habentem
2343 3130 2417 3203 (2.
2453 3132 2584 3190 Tim.
2616 3137 2671 3192 2.
2704 3140 2813 3211 14).
2844 3142 2947 3214 ipsi
2977 3123 3617 3226 ergoaobtempe‘remns,

2021 3214 2353 3289 abjectisque
2403 3225 2592 3293 nugis,
2639 3231 2891 3298 operibus
2934 3214 3153 3295 manum
3194 3214 3616 3315 admoveamus;

2020 3305 2244 3361 fratrum
2268 3314 2438 3366 amori
2465 3312 2607 3381 dico,
2632 3317 2999 3391 h05pitalitati,
3026 3340 3079 3383 et
3106 3347 3351 3403 magnam
3385 3339 3618 3396 cit-emo-

2020 3412 2167 3469 syn_:e
2195 3403 2455 3461 rationem
2484 3408 2776 3470 habeamus
2801 3434 2817 3481 ;
2847 3430 2903 3472 ut
2932 3426 3193 3490 promissa
3222 3443 3619 3503 consequamur

2019 3489 2159 3548 bona
2180 3534 2194 3559 ,
2222 3491 2402 3565 gratia
2421 3508 2477 3554 et
2510 3499 2838 3574 benignitate
2867 3489 3077 3570 Domini
3109 3521 3275 3574 nostri
3304 3489 3430 3578 Jesu

2018 3583 2108 3651 sti,
2137 3588 2222 3641 cui
2248 3589 2415 3658 gloria
2443 3591 2496 3645 in
2526 3597 2720 3651 siccula
2748 3603 3086 3661 saeculorum.
3118 3610 3314 3671 Amen.

2078 3716 2151 3816 ii.)
2184 3722 2401 3816 “fith
2418 3729 2593 3791 "an"
2616 3729 2667 3816 in
2690 3737 2986 3816 mne”?
3007 3741 3065 3789 δά
3090 3741 3305 3816 (θνεξθοοεο
3329 3750 3471 3816 Paulo
3504 3768 3615 3816 pou

2078 3792 2081 3816 .
2141 3793 2206 3816 πη
2273 3796 2490 3816 ...........
2510 3802 2617 3816 κη..
2643 3806 2721 3816 η..
2744 3809 2924 3816 __-_-__
2962 3813 2973 3816 -
3009 3814 3024 3816 _

2015 3777 2225 3841 initium,
2238 3782 2303 3877 de
2325 3777 3613 3877 rerum'oinnlummprincipio

2161 3856 2249 3877 llo-In
2277 3856 2338 3877 an
2364 3861 2376 3877 I
2411 3861 2456 3877 νη
2518 3862 2718 3877 ΛηιιιΙ-ι-
2765 3867 2821 3877 Α-.
2835 3872 2925 3877 _.--_
2953 3869 2986 3877 η.
3109 3875 3116 3877 _

2013 3851 2121 3887 rum
2160 3849 2457 3916 sententiam
2499 3847 3612 3937 loquitur,aitque:l‘lialciem—diceicumuzzt

2014 3911 2129 3937 m0
2150 3916 2365 3937 nmnlnm
2389 3921 2554 3937 lion-ns:
2582 3927 2864 3937 n.-...-.-,-_-_.

2014 3911 2129 3969 βεδε
2150 3906 2555 3999 omgiumgemm
2570 3906 2889 3999 “praetuta.
2908 3906 3208 3999 11ὲὲζὲιῖῑῆὖί
3232 3906 3610 3999 issam;

2014 3973 2177 3999 lunam
2268 3980 2359 3999 I'I'l'
2385 3983 2581 3999 nxnnnm
2606 3982 2659 3999 ιι.
2688 3992 2835 3999 ,νυ-η---
2906 3995 2923 3999 Α
2946 3998 2955 3999 κ

2011 3966 2595 4047 ἱειὲῗξηὼᾼρηιιῳθῃθωξ
2606 3966 2889 4047 sinesine:
2901 3966 3211 4047 ﬁra'ac.

2044 4022 2149 4093 μθ)
2176 4027 2493 4143 mamlius
2511 4022 3253 4107 ιιυίαᾱέιῐῖἰὶῑίωἮέῖιῖεἷὲὶι
3272 4065 3441 4110 contra
3466 4061 3607 4115 Chri-

2009 4090 2192 4137 stianos
2212 4100 2309 4140 seri
2390 4100 2426 4143 t.

336 4163 3581 4275 \\\__

1612 4286 1962 4355 HOMILIA
2003 4296 2260 4364 LXVII.

302 4391 441 4447 Cn.
476 4394 562 4448 i2.
587 4412 638 4451 ν.
668 4399 758 4455 25.
789 4402 891 4471 Qui
923 4420 1060 4464 amat
1083 4414 1306 4472 animam
1332 4436 1475 4475 suam
1494 4466 1508 4489 ,
1542 4426 1714 4495 perdet
1748 4448 1897 4495 eam;

384 4490 434 4535 et
470 4486 557 4553 qui
594 4488 700 4542 odit
737 4495 957 4550 animum
994 4515 1143 4555 suam
1180 4505 1233 4559 in
1269 4508 1364 4563 hoc
1396 4486 1585 4569 mundo
1606 4558 1620 4580 ,
1652 4520 1707 4574 in
1744 4525 1897 4579 vitam

382 4756 433 4810 ι.
462 4757 697 4817 Praesens
720 4771 822 4822 vita
842 4787 942 4826 non
968 4775 1130 4832 dulcis
1149 4783 1362 4853 videtur,
1387 4790 1487 4845 nisi
1509 4794 1573 4847 de
1595 4796 1768 4863 futura
1793 4819 1894 4858 non

299 4846 658 4914 cogitantibus.
692 4856 955 4923 Quomodo
991 4869 1080 4935 qui
1116 4882 1252 4927 amat
1282 4880 1503 4935 animam
1534 4846 1679 4941 suum
1715 4894 1893 4958 perdat

297 4950 439 4988 eam.
468 4968 541 4979 —
570 4941 746 5000 Dulcis
774 4962 857 5004 est
886 4968 1121 5022 praesens
1148 4964 1250 5016 vita
1272 5007 1286 5031 ,
1316 4977 1369 5022 et
1398 4974 1578 5029 multa:
1610 4978 1762 5046 plena
1794 4998 1885 5037 vo-

298 5024 491 5046 I___n_-'

297 5024 559 5097 luptatis;
583 5049 767 5091 verum
792 5056 900 5098 non
923 5050 1188 5117 omnibus,
1214 5057 1306 5112 sed
1335 5060 1398 5114 iis
1423 5065 1512 5132 qui
1538 5024 1640 5135 ipsi
1660 5065 1881 5128 luerent.

1176 5114 1183 5117 '
1438 5114 1454 5132 1
1472 5114 1512 5117 ἡ-
1538 5114 1633 5135 _r--
1660 5114 1879 5128 —“"V'."

296 5114 359 5169 Si
400 5119 517 5187 quis
555 5137 683 5178 vero
709 5130 895 5187 cazlum
937 5139 1220 5210 respiciat,
1254 5156 1307 5201 et
1336 5149 1472 5205 bona
1508 5155 1577 5209 ibi
1610 5162 1841 5228 reposita
1863 5206 1879 5231 ,

299 5206 409 5231 -21..
433 5209 567 5231 :II-__
604 5213 625 5231 J
730 5219 739 5229 '
780 5220 791 5231 '

296 5206 413 5261 cito
433 5209 572 5266 illam
592 5213 867 5285 despiciet,
890 5234 945 5279 et
969 5242 1065 5295 pro
1085 5206 1253 5290 nihilo
1274 5206 1519 5297 habebit.
1534 5206 1747 5305 Namret
1767 5206 1885 5308 cor:

296 5310 491 5365 pomm
521 5303 859 5370 pulchritudo
878 5355 893 5378 ,
924 5315 1093 5373 donec
1131 5323 1229 5377 alia
1265 5330 1560 5395 speciosior
1587 5352 1877 5410 appareat,

296 5386 352 5410 ε--
394 5388 542 5410 -.μ-εγ
787 5401 799 5410 ·
857 5404 869 5410 ·

1297 5386 1308 5395 .
1508 5386 1546 5388 ν-
1589 5386 1839 5407 ντνΓ--ν--ν
1860 5386 1877 5410 r

294 5386 354 5439 in
392 5388 737 5452 admiratione
787 5401 1010 5463 habetur
1038 5430 1053 5466 :
1084 5427 1203 5468 cum
1245 5434 1373 5473 vero
1409 5421 1693 5484 formosius
1723 5435 1880 5501 quid-

1724 5478 1845 5501 Ψ..-

292 5478 440 5548 piam
480 5490 834 5559 conspicitur,
877 5500 1102 5564 primum
1144 5514 1522 5571 contemnitur.
1564 5518 1620 5574 Si
1656 5524 1879 5582 velimus

289 5587 427 5642 ergo
454 5574 594 5632 illam
626 5582 815 5639 intueri
844 5591 1307 5666 pulchritudinem,
1331 5614 1385 5658 et
1413 5610 1561 5677 regni
1592 5611 1732 5668 illius
1758 5631 1879 5685 spe-

1474 5665 1502 5677 ..
1761 5665 1849 5685 -τ-

284 5665 429 5720 ciem
450 5707 466 5733 ,
494 5670 600 5723 cito
637 5682 919 5743 praesentia
947 5685 1155 5742 vincula
1184 5691 1559 5753 dissolvemus.
1595 5702 1873 5763 Vinculum

272 5755 434 5813 cnim
464 5769 546 5816 est
572 5776 749 5819 rerum
781 5776 1120 5838 praesentium
1152 5793 1319 5839 amor.
1350 5786 1415 5841 Et
1444 5786 1543 5845 hoc
1574 5793 1727 5850 nobis
1753 5811 1872 5852 sua-

2004 4438 2141 4496 dens
2178 4445 2459 4521 Christus,
2500 4457 2624 4512 audi
2670 4463 2796 4532 quid
2839 4466 2983 4524 dicat
3013 4488 3028 4528 :
3063 4474 3165 4541 Qui
3198 4491 3339 4537 amat
3374 4488 3598 4545 animum

2002 4546 2180 4598 suam,
2222 4540 2399 4603 perdet
2436 4559 2588 4612 eam;
2623 4560 2673 4605 et
2712 4558 2799 4623 qui
2840 4560 2947 4614 odit
2984 4540 3206 4622 animam
3238 4588 3385 4628 suam
3420 4577 3474 4632 in
3504 4581 3602 4636 hoc

2001 4624 2213 4691 mundo,
2238 4629 2291 4683 in
2320 4632 2471 4687 vitam
2486 4647 2727 4697 teternam
2746 4651 2990 4706 custodiet
3009 4672 3139 4711 eam.
3167 4660 3269 4729 Qui
3294 4668 3419 4723 mihi
3445 4673 3571 4727 mini

1998 4722 2161 4777 strat,
2194 4734 2273 4772 me
2310 4736 2549 4793 sequatur
2574 4744 2597 4783 :
2621 4740 2669 4785 et
2703 4734 2790 4789 ubi
2815 4754 2907 4810 ego
2947 4760 3060 4800 sum
3082 4788 3098 4813 ,
3135 4722 3242 4805 iliic
3280 4765 3329 4810 et
3369 4761 3571 4817 miniata

2000 4819 2140 4861 meus
2163 4810 2275 4864 erit.
2308 4810 2436 4871 Htrc
2471 4822 2739 4891 aenigmati
2778 4829 2969 4889 similia
3002 4837 3274 4909 videntur,
3312 4864 3485 4921 neque
3514 4864 3595 4909 ta-

1998 4908 2119 4949 men
2162 4908 2321 4968 sunt,
2351 4906 2443 4959 sed
2480 4912 2662 4966 multa
2702 4917 2858 4985 plena
2896 4926 3192 4993 sapientiai.
3227 4906 3296 4989 Et
3322 4906 3595 5007 quomodo

2703 4982 2713 4985 _
2960 4982 2974 4993 ,
3227 4982 3296 4989 _-
3324 4982 3592 5007 .,..υ....,υυ

1999 4982 2098 5049 Qui
2119 5002 2256 5044 amat
2281 4996 2504 5053 animam
2525 5018 2690 5070 suam,
2718 5012 2891 5077 perde't
2910 5033 3019 5071 eam
3035 5020 3062 5074 Ρ
3086 5022 3184 5089 Qui
3210 5028 3455 5088 absurdis
3476 5038 3592 5106 ejus

1993 5081 2443 5147 concupiscentiis
2468 5090 2820 5166 obtemperat,
2851 5107 2938 5173 qui
2973 5109 3091 5177 plus
3119 5129 3277 5183 quam
3310 5136 3409 5190 par
3432 5081 3522 5181 estJ
3539 5130 3587 5185 ei

1993 5164 2171 5190 ζ..,‹Ι--Ι.-
2188 5182 2225 5190 μι
2298 5174 2312 5190 ³
2338 5176 2348 5190 ¹
2510 5182 2523 5190 ⁵

1992 5164 2249 5239 indulget.
2295 5174 2419 5232 Ideo
2457 5164 2712 5243 admonet
2748 5164 3043 5265 quispiam,
3074 5164 3512 5270 :mrbiilrn:

1989 5259 2351 5326 cupiditatibus
2375 5272 2561 5328 animae
2585 5286 2686 5331 tute
2714 5280 2733 5350 (
2748 5259 2905 5339 Ειτιὲ.
2938 5259 3041 5345 18.⁷
3061 5292 3132 5349 50
3148 5295 3193 5367 ).
3225 5259 3582 5363 Sic-venint};-

1988 5347 2092 5403 lam
2119 5354 2311 5420 perdes
2337 5358 2491 5429 (nam
2523 5381 2551 5419 a
2580 5368 2663 5451 via
2689 5347 2755 5426 ad
2791 5376 3037 5437 virtutem
3064 5347 3257 5457 agente
3282 5394 3494 5452 abducit
3517 5401 3534 5468 )
3566 5420 3578 5454 :

2606 5445 2613 5451 .
3097 5445 3125 5457 ν
3237 5445 3249 5446 7
3315 5445 3494 5452 ——“'-'
3517 5445 3533 5468 Ι
3566 5445 3573 5454 1

1987 5448 2045 5492 ut
2070 5453 2285 5511 contra,
2314 5449 2415 5515 Qui
2441 5455 2544 5508 odit
2583 5475 2693 5513 eam
2732 5464 2785 5517 in
2820 5467 2915 5522 hoc
2948 5476 3137 5529 mundo
3156 5521 3170 5542 ,
3200 5484 3413 5539 servabit
3441 5503 3573 5543 eam.

1983 5530 2120 5634 Quid
2143 5546 2246 5645 est,
2275 5539 2375 5606 Qui
2398 5545 2503 5598 odit
2531 5566 2640 5604 eam
2659 5553 2685 5606 .’
2706 5553 2805 5622 Qui
2836 5560 2911 5615 illi
2940 5530 3466 5645 perniciosa-bibenti
3490 5530 3576 5638 rc-

1982 5620 2142 5676 sistit.
2173 5625 2355 5698 Neque
2382 5633 2513 5690 dixit
2533 5679 2546 5699 ,
2576 5639 2675 5707 Qui
2710 5620 2815 5701 non
2844 5620 3015 5709 credit
3042 5658 3089 5712 ei
3116 5678 3129 5723 ;
3173 5620 3303 5730 sed‘,
3337 5666 3437 5733 Qui
3466 5674 3575 5727 odit

1981 5730 2110 5767 enm.
2141 5717 2601 5787 Quemadmodum
2631 5737 2775 5794 enim
2806 5742 3021 5804 odiosos
3057 5767 3157 5809 nec
3185 5758 3369 5814 audire
3398 5762 3570 5821 liben-

1982 5814 2093 5873 ter,
2128 5824 2225 5865 nec
2265 5814 2446 5875 vidcrc
2488 5822 2697 5892 placide
2742 5846 3026 5901 possumus
3055 5860 3070 5897 :
3097 5845 3175 5902 sic
3205 5859 3255 5905 ct
3296 5852 3566 5923 animam,
