4164 6330
666 337 762 395 371

663 469 783 508 cum
804 449 1066 506 contraria
1093 447 1182 502 Dei
1206 445 1457 500 voluntati
1478 443 1714 514 praecipit
1729 441 2072 498 vehementer
2091 451 2234 491 aver-

661 543 764 596 sari
797 549 1022 609 oportet.
1049 537 1180 604 Quia
1206 536 1344 590 enim
1365 534 1473 604 jam
1498 534 1566 590 de
1606 545 1778 588 morte
1814 532 2124 601 loquuturus
2152 535 2233 581 est

661 631 792 696 illis,
819 629 886 685 de
915 638 1086 682 morte
1114 627 1316 681 scilicet
1344 640 1459 686 sua,
1480 623 1838 694 prmvidetque
1870 620 1986 674 illos
2015 620 2065 672 in
2097 631 2229 671 mm-

657 721 853 776 stitiam
873 719 1189 788 dclapsuros
1212 732 1353 782 esse,
1379 731 1489 770 rem
1511 713 1802 770 sublimiori
1825 712 1983 765 modo
2007 717 2225 763 tractat:

655 811 790 880 Quid
816 812 956 874 dico,
987 811 1029 863 si
1057 817 1282 864 mortem
1310 823 1481 863 meam
1506 822 1612 860 non
1643 806 1849 859 fortiter
1875 802 2095 858 feratis?
2117 800 2226 855 Nisi

655 917 749 957 vos
795 902 895 973 ipsi
943 900 1277 965 ntoriamini,
1313 899 1441 952 nihil
1485 896 1636 952 vobis
1676 896 1804 949 lucri
1848 894 2129 962 supererit.
2163 891 2228 945 Et

657 992 776 1049 title
799 992 1066 1063 quomodo
1092 990 1513 1045 consolationem
1537 987 1770 1042 sermoni
1798 985 2072 1039 admiscet.
2102 982 2228 1036 Val-

651 1083 721 1139 de
744 1083 932 1137 durum
961 1090 1013 1135 et
1043 1081 1324 1135 molestum
1351 1087 1468 1133 erat
1494 1077 1696 1140 audire,
1738 1076 2004 1128 hominem
2034 1072 2224 1127 anima:

652 1188 764 1228 sua:
790 1173 1208 1228 amantissimum
1241 1171 1376 1224 mori
1406 1181 1673 1237 oportere.
1706 1167 1908 1235 Ecquid
1934 1174 2107 1219 vetera
2139 1179 2225 1217 re-

649 1280 897 1321 censeam
916 1307 932 1331 ,
962 1263 1175 1335 quando
1205 1277 1346 1316 nunc
1372 1261 1531 1316 etiam
1558 1260 1751 1314 inultos
1779 1258 2106 1312 inveniemus
2131 1255 2222 1324 qui

651 1358 876 1412 libenter
902 1357 1081 1411 omnia
1110 1337 1358 1418 tolerent,
1387 1365 1443 1407 ut
1473 1354 1569 1406 hac
1595 1353 1698 1405 vita
1729 1350 1984 1413 fruantur,
2015 1347 2222 1402 etiamsi

649 1451 818 1506 futura
861 1448 1115 1505 credant?
1167 1449 1256 1517 qui
1297 1461 1420 1501 cum
1457 1445 1637 1498 vident
1681 1443 1934 1504 a-diﬁcia,
1975 1439 2218 1508 opificia,

651 1541 949 1606 machinas,
980 1541 1330 1611 lacrymantes
1358 1538 1479 1591 talia
1520 1536 1702 1588 dicunt
1732 1552 1744 1587 :
1772 1535 1976 1597 Quanta
2011 1530 2218 1585 machi-

651 1647 807 1689 natur
833 1634 1015 1698 honto,
1038 1642 1090 1688 et
1110 1632 1279 1702 pulvis
1300 1628 1556 1683 efficitur?
1581 1625 1653 1680 lla
1680 1640 1866 1694 magna
1893 1634 1974 1678 est
1999 1623 2218 1692 hujusce

649 1725 770 1779 vitae
790 1723 1235 1793 concupiscentia.
1263 1721 1383 1774 llaec
1404 1720 1578 1788 itaque
1600 1717 1806 1772 vincula
1833 1716 2042 1770 solvens
2061 1715 2217 1769 Citri-

645 1829 758 1873 stus
780 1818 854 1872 ait
882 1834 896 1870 :
927 1815 1027 1881 Qui
1059 1815 1165 1870 odit
1199 1814 1420 1867 animam
1444 1827 1585 1866 suam
1612 1811 1664 1863 in
1693 1811 1786 1862 hoc
1817 1808 2024 1868 mundo,
2056 1808 2109 1860 in
2136 1807 2215 1860 ui-

645 1920 748 1962 tam
773 1917 1013 1962 cateruam
1041 1906 1281 1960 custodiet
1318 1919 1447 1956 eam.
1476 1900 1625 1969 Quod
1664 1910 1840 1954 autem
1872 1908 1926 1952 ut
1949 1897 2070 1952 illos
2095 1913 2214 1950 mo-

646 2009 797 2055 neret
816 2039 831 2064 ,
859 2007 913 2053 et
941 2006 1137 2051 metum
1171 2010 1356 2050 eorum
1393 1995 1659 2056 solveret,
1688 1990 1801 2044 inec
1830 1989 2058 2053 dixerit,
2090 1987 2215 2042 andi

644 2108 708 2147 ex
740 2090 1120 2161 sequentibus:
1151 2087 1240 2142 26.
1271 2087 1371 2153 Qui
1398 2085 1521 2137 mihi
1550 2083 1814 2146 ministrat,
1843 2098 1920 2134 me
1942 2091 2212 2148 sequatur;

642 2184 710 2238 de
733 2191 905 2238 morte
943 2182 1160 2249 loquens
1181 2219 1194 2241 ,
1225 2187 1282 2234 et
1311 2185 1370 2230 ut
1393 2191 1491 2247 per
1525 2189 1687 2244 opera
1716 2175 1889 2242 ipsum
1922 2179 2213 2241 sequantur

641 2274 875 2344 exigens.
907 2272 1143 2327 Minister
1167 2270 1310 2326 enim
1335 2283 1458 2323 eum
1495 2267 1579 2323 cui
1622 2266 1886 2320 ministrat
1913 2263 2063 2333 sequi
2090 2277 2208 2314 om-

641 2363 768 2419 nino
795 2362 972 2418 debet.
1005 2361 1069 2416 Et
1097 2360 1373 2415 considera
1403 2355 1739 2428 quandonam
1777 2355 1890 2410 haec
1917 2354 2162 2423 loquatur
2193 2369 2207 2405 :

640 2472 746 2510 non
788 2470 911 2510 cum
955 2452 1420 2523 persequutionem
1464 2448 1824 2518 patiebantur,
1865 2444 1958 2499 sed
1996 2459 2116 2499 eum
2156 2444 2208 2498 in

641 2546 830 2602 tidncia
858 2545 1155 2616 degebant,
1184 2552 1238 2598 et
1267 2542 1321 2597 in
1357 2549 1470 2595 tuto
1495 2554 1614 2595 esse
1648 2539 1942 2609 putabant,
1971 2551 2001 2590 a
2029 2535 2210 2592 multis

637 2639 882 2692 honorati
908 2646 961 2691 et
985 2635 1140 2698 culti;
1169 2649 1294 2688 cum
1321 2647 1438 2688 sese
1462 2633 1669 2700 erigere
1710 2639 1952 2698 poterant
1977 2637 2030 2682 et
2053 2626 2208 2682 audi-

637 2746 696 2786 re
726 2748 738 2784 :
772 2729 835 2782 Et
863 2728 1007 2781 tollat
1034 2742 1230 2782 crucem
1259 2742 1424 2791 suam,
1445 2735 1492 2778 et
1515 2731 1750 2793 sequatur
1771 2738 1850 2774 nte
1876 2719 2085 2790 (Matth.
2117 2719 2206 2776 i6.

631 2820 726 2892 24)
751 2838 764 2874 :
794 2820 844 2874 id
870 2829 975 2883 est,
1000 2818 1221 2871 Paratus
1242 2830 1455 2885 semper
1474 2823 1590 2869 esto
1609 2814 1674 2867 ad
1699 2811 1952 2881 pericula,
1974 2809 2039 2864 ad
2066 2824 2208 2863 mor-

634 2923 770 2976 tem,
799 2911 863 2964 ad
899 2909 1230 2979 migrandum
1259 2921 1323 2962 ex
1353 2909 1453 2960 hac
1487 2907 1614 2959 vita.
1653 2905 1853 2958 Deinde
1878 2917 1998 2956 cum
2027 2899 2205 2969 gravia

631 3013 686 3056 et
711 3002 933 3056 moleSta
965 3000 1206 3062 dixisset,
1238 2998 1513 3066 praemium
1537 2995 1703 3050 addit.
1733 2994 2015 3062 Quodnam
2045 2991 2207 3047 illud?

631 3092 782 3157 Quod
829 3091 998 3160 ipsum
1044 3098 1320 3158 sequatur,
1349 3085 1491 3156 quod
1529 3086 1596 3139 sit
1631 3099 1737 3138 una
1769 3098 1948 3138 secum
1979 3099 1994 3140 :
2021 3090 2206 3136 osten-

629 3185 762 3237 deus
803 3181 913 3235 fore
949 3190 1006 3234 tit
1044 3179 1364 3234 resurrectio
1393 3186 1616 3230 mortem
1644 3184 1916 3244 sequatur.
1946 3173 2076 3228 Nam
2107 3171 2206 3227 Ubi

629 3287 740 3325 sttnt
764 3287 854 3341 ego
873 3311 889 3337 ,
918 3271 1116 3337 inquit,
1143 3268 1249 3321 illic
1275 3276 1323 3322 et
1351 3267 1576 3319 minister
1603 3282 1760 3318 meus.
1786 3263 1885 3320 Ubi
1926 3272 2008 3318 est
2044 3263 2202 3317 Chri-

629 3364 782 3418 stus?
807 3363 864 3418 lu
888 3363 1053 3417 culis.
1084 3361 1231 3431 Ergo
1247 3360 1405 3414 etiam
1438 3367 1564 3412 ante
1600 3357 2041 3420 resurrectionem
2078 3356 2206 3410 illuc

628 3462 684 3508 et
700 3455 879 3508 anima
894 3462 948 3508 et
972 3462 1147 3507 mente
1173 3448 1574 3505 transferamnr.
1597 3448 1656 3502 Si
1674 3449 1783 3518 quis
1803 3449 1927 3500 mihi
1949 3448 2204 3500 ministra-

627 3546 750 3598 verit
773 3585 789 3608 ,
825 3542 998 3614 diliget
1039 3559 1154 3597 eum
1199 3539 1376 3597 Pater.
1401 3539 1510 3596 Cur
1545 3555 1652 3592 non
1686 3539 1846 3604 dixit,
1889 3538 2041 3607 Ego?
2069 3536 2201 3604 Quia

627 3633 861 3689 nondum
891 3643 1305 3688 consentaneam
1335 3631 1402 3687 de
1441 3633 1556 3701 ipso
1581 3631 1882 3700 opinionem
1913 3631 2198 3696 habebant,

625 3726 720 3780 sed
762 3725 1017 3794 majorem
1061 3725 1128 3779 de
1171 3724 1347 3798 Patre.
1379 3723 1477 3791 Qui
1507 3724 1647 3777 enim
1685 3723 1918 3777 nondum
1961 3722 2203 3778 sciebant

626 3816 798 3886 ipsum
831 3831 949 3871 esse
977 3823 1422 3878 resurrecturum,
1454 3814 1724 3884 quomodo
1747 3829 1991 3883 magnam
2018 3813 2083 3867 de
2109 3814 2203 3867 illo

624 3911 927 3978 opinionem
968 3907 1372 3976 concepissent?
1408 3905 1762 3974 Quamobrem
1799 3904 1921 3959 filiis
1959 3904 2202 3960 Zebedaei

624 4001 700 4054 ait
724 4017 736 4051 :
764 3998 889 4052 Non
905 4007 976 4052 est
1000 4013 1161 4050 meum
1181 3997 1332 4060 dare,
1359 3996 1446 4049 sed
1470 3995 1645 4064 quibus
1673 4006 1907 4065 paratum
1929 4005 2001 4049 est
2029 4012 2061 4048 a
2089 3994 2201 4049 Pa-

625 4102 700 4144 tre
723 4106 832 4144 meo
858 4089 1049 4162 (Marc.
1076 4088 1160 4144 10.
1187 4086 1299 4160 40).
1323 4089 1479 4156 Atqui
1510 4087 1621 4156 ipse
1646 4098 1724 4143 εει
1749 4088 1837 4157 qui
1859 4087 2079 4157 judicat.
2104 4086 2202 4143 Hic

623 4199 752 4238 vero
778 4197 841 4237 se
864 4183 1150 4252 genuinum
1181 4181 1372 4234 Filium
1399 4179 1659 4234 declarat.
1696 4180 1818 4233 Illos
1848 4182 1992 4234 enim
2023 4189 2080 4235 ut
2104 4195 2198 4249 ge-

624 4273 770 4327 nuini
797 4281 854 4328 et
876 4271 986 4326 veri
1016 4271 1131 4324 Filii
1159 4270 1429 4323 ministros
1457 4268 1705 4336 excipiet.
1731 4269 1822 4320 9.7.
1855 4267 2006 4321 Nune
2031 4269 2204 4321 anima

624 4381 734 4419 mea
764 4364 963 4417 turbata
992 4370 1084 4416 est.
1113 4359 1180 4415 Et
1210 4360 1329 4430 quid
1352 4359 1556 4413 dicam?
1586 4358 1756 4422 Pater,
1782 4358 2008 4426 salvi/ica
2035 4376 2112 4412 me
2140 4375 2203 4413 ea:

624 4462 719 4509 hac
744 4456 887 4508 liora.
917 4452 1075 4523 Atqui
1107 4452 1220 4505 hinc
1248 4467 1351 4504 non
1389 4458 1512 4503 sunt
1545 4461 1770 4503 mortem
1797 4448 1944 4503 adire
1968 4449 2198 4502 suaden-

624 4549 710 4610 tis,
740 4546 850 4602 imo
873 4543 1133 4600 hortantis
1158 4542 1357 4612 utique.
1390 4541 1466 4596 Ne
1499 4540 1742 4595 dicerent
1765 4540 1906 4594 enim
1933 4555 2074 4602 eum,
2103 4537 2200 4593 hu-

624 4637 797 4690 manis
822 4643 1091 4689 carentem
1122 4631 1419 4695 doloribus,
1453 4630 1605 4684 facile
1642 4627 1710 4685 de
1750 4637 1923 4683 morte
1961 4629 2197 4698 philoso-

625 4728 809 4798 phari,
841 4735 894 4781 ct
920 4725 1037 4780 sine
1062 4739 1160 4777 suo
1189 4722 1427 4792 periculo
1452 4736 1549 4776 nos
1579 4720 1777 4775 hortari
1802 4736 1817 4786 ;
1849 4721 2082 4776 ostendit
2107 4734 2197 4785 se,

623 4823 748 4878 licet
773 4836 891 4876 eam
923 4817 1263 4881 formidaret,
1293 4817 1458 4885 ipsam
1488 4823 1672 4883 utpote
1700 4813 1881 4868 utilem
1913 4827 2018 4866 non
2045 4827 2199 4865 recu-

621 4930 761 4970 sare.
813 4912 935 4967 llaec
985 4926 1146 4981 porro
1193 4909 1258 4962 ad
1306 4917 1629 4975 assumptam
1671 4921 1922 4968 carnem,
1975 4920 2081 4959 non
2131 4904 2196 4958 ad

622 5008 950 5062 divinitatem
991 5003 1280 5073 pertinent.
1327 4999 1529 5054 idcirco
1555 4998 1666 5052 ait:
1699 4995 1852 5050 Nunc
1890 4997 2061 5049 aninta
2090 5011 2199 5047 mea

622 5089 821 5152 turbata
849 5107 920 5151 est
943 5113 961 5149 :
983 5095 1107 5163 (nisi
1132 5094 1274 5148 enittt
1307 5093 1407 5145 hoc
1431 5099 1606 5152 esset,
1634 5104 1736 5158 qua
1763 5091 1903 5144 serie
1930 5089 2044 5141 hmc
2069 5103 2200 5142 con-

623 5191 770 5260 sequi
803 5198 1040 5258 possent,
1067 5185 1245 5247 Pater,
1264 5183 1487 5251 miriﬁca
1514 5198 1590 5235 me
1610 5195 1674 5234 ea:
1702 5180 1794 5232 Itac
1820 5180 1943 5232 hora
1964 5180 2011 5249 2)
2038 5188 2092 5233 et
2127 5179 2197 5233 ita

623 5281 962 5351 perturbatus
991 5285 1076 5331 est
1101 5283 1157 5330 ut
1186 5273 1395 5329 liberari
1428 5286 1488 5328 se
1527 5270 1854 5341 postularet,
1886 5271 1933 5324 si
1966 5268 2202 5340 effugere

625 5381 821 5442 posset.

690 5462 744 5515 2.
778 5461 901 5516 llaec
943 5460 1190 5515 humana:
1230 5465 1430 5510 natura:
1475 5455 1753 5510 inﬁrmitas
1795 5461 1896 5509 est.
1927 5451 2032 5508 Sed
2071 5451 2191 5522 quid

624 5553 792 5608 dicam
826 5567 932 5606 non
961 5550 1130 5605 habeo
1151 5589 1166 5613 ,
1197 5563 1319 5602 cum
1358 5559 1582 5601 mortem
1613 5547 1888 5614 deprecer.
1920 5544 2198 5614 Propterea

625 5644 732 5695 teni
754 5644 806 5696 in
827 5643 1001 5696 harant
1029 5642 1156 5695 hanc
1181 5654 1277 5694 :ac
1301 5639 1346 5694 si
1373 5638 1574 5693 diceret
1598 5653 1612 5690 :
1646 5637 1864 5691 Etiamsi
1904 5638 2197 5702 turbctnur,

626 5744 679 5787 et
703 5743 1126 5799 constet'uemur,
1157 5740 1381 5788 mortem
1413 5744 1478 5784 ue
1506 5727 1782 5800 fugiamus.
1810 5725 1942 5782 Nam
1969 5728 2036 5782 ita
2069 5741 2192 5797 per-

1296 333 1351 389 S.
1392 322 1668 388 JOANNIS
1706 324 2179 385 CIIRYSOSTOMI
2219 322 2535 380 ARCHIEP.
2579 327 3110 389 CONSTANTINOP.

3814 337 3942 396 373

2345 437 2586 493 turbatus
2611 454 2728 510 ego,
2761 457 2865 495 non
2895 442 3196 511 fugiendum
3225 443 3345 498 dico
3377 459 3390 498 :
3421 445 3693 502 ferendum
3719 450 3939 520 quippe

2340 525 2471 580 illud
2510 538 2592 581 est
2619 529 2759 598 quod
2789 531 3003 586 accidit.
3044 532 3160 585 Non
3191 533 3312 587 dico
3332 574 3347 597 ,
3384 534 3571 589 Libero
3600 554 3685 592 me
3716 556 3783 593 ex
3818 541 3937 596 hac

2338 615 2465 670 hom
2493 633 2507 681 ;
2536 619 2628 672 sed
2652 658 2668 682 ,
2694 619 2784 674 28.
2820 621 2992 686 Pater,
3025 623 3252 692 clari/ica
3290 641 3470 679 nomen
3507 638 3663 681 tuum.
3697 630 3932 686 Etiami

2335 707 2664 773 perturbatio
2705 710 2770 764 ad
2803 710 2918 766 haec
2961 712 3184 768 dieenda
3229 716 3554 786 compellat,
3590 723 3930 775 contrarium

2335 797 2490 860 dico,
2520 798 2754 868 Clariﬁca
2793 818 2972 856 nomen
3001 813 3174 869 tuum;
3205 806 3255 859 id
3287 817 3403 875 est,
3439 808 3550 862 Duc
3581 810 3630 863 in
3652 825 3873 867 crucem
3913 832 3926 865 :

2332 888 2471 956 quod
2512 888 2796 944 humanum
2837 892 3084 948 allectum
3127 895 3360 962 indicat,
3395 908 3740 969 naturamque
3780 903 3925 957 mini

2333 978 2618 1043 nolentem,
2633 981 2726 1035 sed
2747 983 2902 1036 vitam
2929 999 3142 1040 servare
3157 990 3479 1055 cupientem;
3503 993 3847 1061 ostenditque
3865 1011 3927 1048 se

2331 1085 2440 1123 non
2451 1081 2598 1125 extra
2622 1073 2881 1128 humanos
2893 1075 3111 1131 aﬂ'ectus
3127 1092 3265 1133 esse.
3281 1077 3430 1133 Sicut
3443 1082 3583 1135 enim
3601 1097 3775 1151 neque
3789 1100 3922 1138 estt-

2330 1161 2437 1214 rire
2458 1176 2630 1230 neque
2647 1162 2884 1219 dormire
2909 1167 3120 1220 crimini
3146 1168 3323 1231 datur,
3353 1173 3431 1224 sic
3471 1187 3641 1240 neque
3679 1190 3923 1241 praesen-

2331 1258 2434 1304 tem
2463 1253 2620 1306 vitam
2646 1264 2852 1324 optare.
2875 1255 3118 1312 Christus
3145 1275 3270 1313 vero
3293 1275 3490 1330 corpus
3519 1263 3698 1317 habuit
3727 1283 3756 1316 a
3793 1281 3921 1335 pee-

2326 1342 2460 1396 catis
2507 1341 2767 1409 liberutn,
2825 1361 2931 1400 non
2971 1362 2999 1401 a
3052 1351 3384 1405 naturalibus
3443 1356 3855 1410 necessitatibus
3902 1372 3916 1410 τ

2324 1435 2553 1503 alioquin
2589 1451 2782 1507 corpus
2823 1454 2926 1492 non
2960 1439 3166 1496 fuisset.
3203 1443 3297 1495 llis
3331 1446 3490 1498 etiam
3522 1432 3660 1498 aliud
3700 1448 3916 1503 docuit.

2323 1525 2598 1593 Quodnam
2633 1527 2796 1582 illud?
2821 1529 2888 1584 Ut
2931 1531 2974 1584 si
3018 1548 3265 1602 umquam
3299 1535 3350 1588 in
3380 1537 3628 1590 maestitia
3669 1548 3720 1591 et
3763 1550 3918 1594 meta

2321 1622 2510 1683 simus,
2547 1635 2614 1674 ne
2641 1621 2759 1675 ideo
2784 1639 2810 1675 a
2845 1627 3118 1691 proposito
3139 1627 3457 1682 resiliamus.
3491 1628 3916 1699 Patencturi/ira

2321 1723 2499 1762 nomen
2525 1719 2687 1765 tuum.
2711 1711 2952 1768 Ostendit
2979 1731 3037 1769 se
3066 1730 3162 1785 pro
3186 1718 3409 1774 veritate
3436 1720 3589 1784 mori,
3621 1736 3729 1774 rem
3760 1721 3912 1775 illam

2317 1798 2542 1867 gloriam
2577 1801 2666 1856 Dei
2690 1819 2906 1859 vocans.
2940 1806 3002 1858 Et
3032 1808 3133 1861 hoc
3153 1817 3273 1877 post
3294 1823 3506 1863 erucem
3531 1811 3769 1878 contigit.
3806 1812 3912 1865 Fu-

2321 1901 2495 1946 turum
2517 1904 2633 1948 erat
2660 1903 2719 1950 ut
2742 1898 2890 1952 orbis
2916 1910 3318 1956 converteretur
3337 1944 3353 1968 ,
3375 1917 3438 1955 ac
3461 1917 3652 1957 nomen
3685 1903 3778 1957 Dei
3811 1919 3910 1958 cn.

2316 1995 2620 2051 gnosceret,
2651 1986 2856 2057 ipsique
2879 1991 3126 2053 serviret;
3155 2006 3258 2045 non
3293 1991 3464 2046 Patris
3491 2009 3681 2062 nempe
3705 2011 3910 2050 nomen

2315 2072 2612 2141 dumtaxat,
2642 2077 2736 2131 sed
2766 2079 2926 2132 etiam
2955 2080 3073 2134 Filii
3102 2099 3114 2132 :
3144 2091 3377 2138 attamen
3404 2083 3530 2136 illud
3563 2094 3719 2140 tacet.
3755 2084 3912 2139 Venit

2315 2180 2434 2234 ergo
2455 2182 2552 2220 vocs
2580 2167 2807 2227 decretis
2835 2186 2854 2224 :
2881 2169 2948 2223 Et
2972 2173 3249 2240 εισι-ἑρσαυὶ
3267 2215 3282 2239 ,
3313 2185 3359 2228 et
3385 2167 3566 2226 iterum
3589 2177 3909 2242 clariﬁcabo.

2317 2253 2415 2309 Ubi
2454 2256 2804 2314 clariﬂeavit?
2833 2260 2887 2315 In
2921 2263 3360 2329 praecedentibus.
3389 2264 3458 2318 Et
3485 2267 3672 2320 iterum
3702 2268 3911 2322 clariﬁ-

2313 2345 2446 2401 eabo
2469 2358 2837 2416 posterucem.
2857 2353 2994 2420 Quid
3021 2370 3149 2424 ergo
3174 2354 3459 2411 Christus?
3509 2359 3598 2413 30.
3624 2358 3740 2412 Non
3784 2378 3910 2428 pro-

2314 2447 2425 2505 pter
2464 2455 2544 2493 me
2568 2456 2666 2496 eoa:
2690 2444 2798 2496 [nec
2840 2448 2977 2515 faeta
3005 2456 3100 2510 est,
3130 2450 3219 2500 sed
3245 2459 3454 2516 propter
3470 2466 3574 2503 uos.
3617 2450 3691 2504 Illi
3719 2462 3909 2506 autem

2315 2529 2604 2586 tonitruum
2634 2549 2754 2589 esse
2780 2544 3067 2604 putarunt,
3099 2537 3184 2592 vel
3213 2539 3460 2607 angelum
3492 2540 3589 2607 ipsi
3621 2541 3911 2617 loquutum

2314 2618 2496 2676 fuisse.
2545 2623 2612 2677 Et
2650 2625 2791 2680 unde
2834 2626 2933 2681 hoc
2964 2629 3248 2696 putarunt?
3287 2645 3464 2685 annon
3493 2633 3632 2686 clara
3668 2645 3722 2687 et
3767 2650 3908 2689 con-

2311 2710 2491 2778 spicua
2520 2726 2621 2766 vox
2655 2711 2786 2767 fuit?
2819 2714 3014 2770 Verum
3041 2719 3150 2772 cito
3175 2719 3406 2774 avolavit
3441 2721 3509 2774 ab
3544 2722 3646 2776 illis
3666 2765 3684 2789 ,
3713 2733 3910 2792 utpote

2310 2802 2678 2870 crassioribus,
2698 2807 3018 2872 carnalibus,
3049 2810 3326 2880 segnibus.
3349 2812 3448 2865 Alii
3473 2827 3659 2867 sonum
3689 2824 3909 2869 tantum

2310 2894 2676 2959 retinuerunt,
2705 2896 2794 2950 alii
2819 2900 3153 2955 articulatatn
3183 2901 3349 2957 fuisse
3389 2918 3572 2958 vocem
3603 2919 3905 2971 noverant;

2309 2985 2435 3054 quid
2462 3001 2586 3040 vero
2614 2988 2954 3057 signiﬁcaret,
2984 3009 3087 3047 non
3119 2993 3265 3048 item.
3295 2995 3430 3061 Quid
3459 3012 3587 3066 ergo
3613 2997 3912 3053 Christus?

2311 3073 2433 3130 Non
2459 3088 2666 3146 propter
2693 3097 2772 3132 me
2787 3081 2894 3134 lucc
2913 3099 3008 3135 vox
3031 3085 3180 3148 venit,
3200 3085 3291 3138 sed
3309 3096 3514 3156 propter
3533 3102 3636 3140 vos.
3664 3087 3774 3141 Cur
3798 3089 3910 3144 hoc

2308 3168 2480 3224 dixit?
2499 3170 2578 3224 Ad
2603 3171 2726 3225 illud
2749 3174 3042 3242 respiciens
3067 3175 3206 3244 quod
3231 3191 3444 3246 semper
3458 3178 3726 3245 dicebant,
3747 3180 3908 3233 illum

2308 3276 2372 3314 ex
2419 3262 2528 3316 Deo
2558 3279 2662 3317 non
2689 3280 2831 3318 esse.
2869 3266 2966 3333 Qui
2995 3267 3136 3322 enim
3165 3282 3194 3322 a
3225 3268 3336 3323 Deo
3358 3270 3710 3336 clarificatur,
3756 3288 3909 3342 quo.

2307 3353 2466 3408 modo
2495 3370 2599 3409 non
2627 3368 2709 3411 est
2745 3373 2811 3411 ex
2856 3358 2964 3412 Deo
2992 3400 3007 3422 ,
3035 3359 3186 3429 cujus
3217 3375 3414 3415 nomen
3461 3373 3674 3432 propter
3720 3363 3908 3432 ipsum

2306 3444 2650 3500 clariﬁcatur?
2672 3445 2794 3501 Ideo
2815 3463 2912 3502 vox
2931 3449 3100 3503 delata
3129 3461 3231 3504 cst.
3249 3451 3537 3520 PrOpterea
3563 3452 3732 3523 inquit
3757 3456 3909 3523 ipse,

2309 3535 2428 3591 Non
2459 3549 2664 3608 propter
2684 3555 2763 3592 me
2782 3542 2890 3593 licet:
2908 3557 3007 3595 eoa:
3023 3541 3172 3606 venit,
3199 3542 3288 3596 sed
3308 3553 3515 3612 propter
3535 3560 3620 3599 vos
3646 3560 3666 3598 :
3695 3544 3812 3599 Nati
3846 3558 3911 3600 nt

2305 3629 2501 3699 aliquid
2527 3645 2556 3684 a
2585 3645 2670 3686 tne
2693 3632 2992 3702 ignoratum
3017 3633 3085 3688 ab
3116 3634 3200 3687 illa
3231 3635 3444 3689 audiam
3488 3636 3708 3709 (omnia
3747 3639 3910 3694 enim

2306 3738 2423 3790 quze
2453 3722 2624 3777 Patris
2647 3734 2772 3778 sunt
2796 3725 2996 3797 novi),
3039 3725 3134 3781 sed
3179 3737 3398 3796 propter
3423 3743 3540 3781 vos.
3575 3729 3708 3794 Quia
3745 3731 3906 3785 enim

2307 3814 2556 3869 dicebant
2583 3818 2827 3885 angelum
2855 3817 3127 3887 loquutum
3151 3819 3225 3873 illi
3258 3835 3401 3885 esse,
3428 3821 3514 3875 vel
3541 3820 3737 3876 factum
3770 3838 3908 3878 esse

2307 3905 2596 3960 tonitruum
2621 3947 2637 3973 ,
2665 3917 2719 3961 et
2748 3923 2852 3960 non
2883 3908 3231 3963 advertebant
3259 3949 3275 3972 ,
3312 3911 3483 3976 inquit
3506 3951 3522 3973 ,
3555 3925 3774 3982 propter
3801 3929 3913 3968 vos

2307 3995 2533 4051 delatam
2568 4012 2688 4052 esse
2717 4012 2900 4052 vocem
2926 4039 2943 4064 ,
2971 4008 3027 4051 ut
3056 3998 3180 4053 hinc
3205 4001 3608 4055 concitaremini
3631 4002 3697 4053 ad
3723 4002 3908 4055 inter-

2304 4089 2597 4157 rogandum
2642 4090 2768 4159 quid
2811 4089 3011 4145 dictum
3059 4091 3265 4146 fuisset.
3301 4092 3379 4145 Illi
3413 4108 3538 4145 vero
3569 4092 3909 4162 stupefacti,

2308 4194 2482 4249 neque
2507 4179 2583 4232 sic
2621 4179 3015 4249 interrogarnnt
3035 4221 3050 4245 ,
3081 4196 3202 4234 cum
3229 4181 3478 4236 audirent
3507 4181 3558 4234 id
3585 4180 3650 4234 ad
3688 4196 3746 4236 se
3775 4198 3914 4252 pen-

2309 4270 2498 4326 tinere.
2527 4268 2791 4324 Nescienti
2839 4272 2981 4325 enim
3025 4272 3179 4338 cuius
3215 4273 3386 4341 gratia
3436 4271 3741 4337 diceretur,
3775 4275 3912 4340 jure

2305 4376 2412 4414 non
2439 4360 2661 4429 insignis
2685 4376 2787 4415 vox
2815 4361 3092 4417 videbatur
3110 4377 3252 4418 esse.
3285 4361 3507 4432 Propter
3527 4380 3615 4416 eos
3640 4381 3737 4418 roa-
3750 4366 3915 4420 dela-

2305 4462 2357 4504 ta
2377 4462 2470 4506 est.
2491 4451 2676 4509 Videu'
2700 4454 2968 4523 quomodo
2984 4469 3072 4509 res
3098 4453 3326 4510 humiles
3342 4471 3527 4510 eorum
3544 4457 3715 4525 gratia
3741 4459 3912 4526 ﬁant,

2304 4561 2412 4599 non
2441 4547 2593 4615 quasi
2625 4545 2789 4601 Filius
2813 4548 3011 4602 auxilio
3041 4547 3219 4617 egeat?
3240 4549 3328 4604 5|.
3363 4547 3518 4603 Nunc
3535 4550 3793 4620 judicium
3829 4566 3913 4608 est

2304 4636 2502 4701 mundi,
2526 4653 2659 4690 nunc
2689 4639 2921 4707 princeps
2947 4639 3100 4708 hujus
3128 4639 3304 4692 mundi
3331 4641 3470 4710 infra
3496 4641 3743 4711 ejicietur.
3782 4642 3916 4699 Hoc

2304 4727 2571 4795 quomodo
2599 4736 2809 4795 aptatur
2829 4728 2929 4794 illi,
2958 4728 3270 4797 Clari/icavi,
3301 4741 3349 4784 et
3378 4731 3712 4799 clari/Scaea?
3737 4733 3912 4801 Opti-

2306 4831 2391 4870 me
2417 4826 2470 4870 et
2501 4817 2787 4872 admodum
2814 4831 3198 4876 consentanee.
3229 4822 3362 4889 Quia
3393 4824 3536 4877 enim
3567 4822 3702 4877 dixit
3724 4865 3737 4888 ,
3776 4823 3920 4878 Cla-

2304 4907 2533 4976 riﬁcabo,
2555 4910 2770 4963 modum
2792 4910 2976 4980 gloriae
2997 4912 3250 4966 ostendit.
3271 4912 3403 4978 Quis
3421 4914 3508 4968 ille
3524 4914 3751 4968 modus?
3779 4915 3912 4978 Ille.

2307 4999 2495 5067 inquit,
2529 4998 2778 5068 Ejicietur
2805 5002 2967 5072 infra.
2995 5003 3129 5070 Quid
3156 5005 3259 5058 sibi
3285 5005 3398 5058 vult
3431 5005 3556 5059 illud
3587 5025 3601 5060 :
3629 5005 3918 5062 Iudicium

2305 5098 2378 5141 est
2398 5089 2573 5142 mundi
2595 5091 2790 5161 hujus?
2813 5095 2886 5145 Ac
2910 5093 2952 5146 si
2975 5093 3196 5157 diceret,
3227 5093 3493 5149 Judicium
3526 5096 3628 5149 erit
3653 5105 3710 5149 et
3740 5097 3912 5152 ultio.

2304 5180 2613 5246 Quomodo?
2643 5179 2849 5235 Occidit
2877 5185 3102 5251 primum
3133 5185 3401 5240 hominem
3427 5227 3445 5252 ,
3472 5201 3629 5255 quem
3673 5199 3921 5256 peccato

2303 5271 2588 5325 obnoxium
2639 5273 2840 5327 invenit
2873 5273 3012 5341 (Per
3051 5286 3309 5344 peccatum
3347 5279 3478 5330 enim
3512 5293 3647 5332 mors
3691 5280 3920 5335 intravit

2302 5359 2479 5432 illam.
2514 5363 2564 5416 5.
2600 5361 2711 5434 ﬁl)
2743 5381 2754 5415 :
2786 5364 2836 5417 in
2867 5381 2952 5418 me
2971 5365 3071 5419 hoc
3095 5381 3201 5419 non
3234 5367 3453 5422 invenit.
3479 5367 3587 5424 Cur
3607 5384 3735 5439 ergo
3761 5371 3922 5428 insi-

2302 5452 2403 5516 liit,
2435 5461 2488 5506 et
2517 5455 2672 5508 morti
2699 5455 2952 5509 tradidit?
2979 5472 3076 5510 cur
3107 5457 3157 5510 in
3185 5457 3335 5512 inda:
3362 5460 3592 5514 animam
3623 5460 3923 5529 ingressus

2303 5554 2407 5608 εει,
2435 5552 2492 5598 ut
2518 5560 2603 5600 me
2633 5546 2940 5603 occideret?
2967 5547 3044 5602 Ne
3073 5548 3200 5602 mihi
3227 5549 3368 5604 enim
3404 5551 3516 5621 jam
3541 5551 3745 5607 dixeris
3773 5593 3794 5619 ,
3836 5555 3920 5612 ita

2305 5638 2468 5692 Deum
2500 5639 2896 5709 dispensavisse
2929 5659 2942 5694 :
2973 5640 3074 5697 hoc
3101 5644 3243 5698 enim
3275 5661 3380 5699 non
3416 5645 3614 5702 diaboli
3640 5655 3726 5702 est
3748 5689 3766 5712 ,
3806 5652 3920 5707 sed

2308 5731 2468 5799 ipsius
2499 5731 2792 5801 sapienti-.c.
2823 5731 3139 5803 Exploretur
3169 5735 3377 5792 interim
3404 5753 3554 5794 mens
3581 5738 3811 5810 maligni
3850 5743 3921 5800 il-
