4164 6330
299 358 400 416 37!

301 489 439 527 νιον
463 467 723 540 φυλάξει
771 464 984 534 αὐτὴν.
1026 464 1145 515 ’Ότι
1194 462 1301 533 7&9
1339 461 1568 524 ἐκείνοις
1612 458 1895 540 παραινῶν

304 539 481 621 ἔλεγε,
514 553 609 605 καὶ
642 552 733 603 τὸν
761 550 925 618 φόϐον
962 546 1142 600 αὐτῶν
1180 544 1488 608 ὑπεκλύων,
1520 542 1754 597 ἄκουσον
1786 539 1894 593 τῶν

305 634 437 704 ἑξῆς
457 652 471 666 ο
511 633 577 687 '0
606 633 735 702 ἐμοὶ
770 629 1084 690 διακονῶν,
1129 628 1259 691 ἐμοὶ
1288 627 1690 681 ἀκολουθείτω
1716 639 1729 652 ·
1764 622 1898 693 περὶ

303 719 402 771 τοῦ
430 719 664 772 θανάτου
697 716 892 784 λέγων,
939 714 1032 767 καὶ
1063 714 1162 783 τὴν
1195 712 1283 765 διὰ
1322 712 1430 765 τῶν
1470 710 1645 781 ἔργων
1682 705 1903 761 ἀκολού-

307 801 470 871 θησιν
502 800 767 853 ἀπαιτῶν.
800 800 892 851 Δεῖ
914 797 1024 868 γὰρ
1063 797 1283 858 πάντως
1329 795 1420 848 τὸν
1450 792 1800 845 διακονοῦντα
1826 789 1904 859 τῷ

305 883 711 952 διακονουμένῳ
739 879 987 935 ἕπεσθαι.
1017 879 1126 932 Καὶ
1154 880 1346 931 σκόπει
1367 878 1496 929 πότε
1526 876 1709 937 αὐτοῖς
1734 872 1905 927 ταῦτα

306 966 655 1033 διαλέγεται·
680 966 781 1034 οὐχ
814 965 901 1016 ὅτε
933 960 1217 1015 ἐδιώκοντο
1239 1001 1254 1023 ,
1294 960 1410 1014 ἀλλ’
1439 961 1526 1013 ὅτε
1566 958 1901 1030 ἐθάρρησαν,

308 1051 405 1103 ὅτε
435 1049 693 1118 ἐνόμισαν
722 1050 779 1100 ἐν
807 1045 1079 1115 ἀσφαλείᾳ
1109 1040 1269 1103 εἶναι.
1305 1044 1395 1097 διὰ
1432 1042 1530 1112 τὴν
1549 1040 1659 1095 τῶν
1694 1038 1905 1093 πολλῶν

308 1130 480 1201 τιμὴν
508 1130 603 1185 καὶ
637 1128 939 1201 θεραπείαν
958 1145 972 1158 ·
1000 1127 1089 1180 ὅτε
1118 1122 1213 1179 καὶ
1253 1126 1603 1195 διαναστῆναι
1646 1122 1907 1193 ἠδύναντο

310 1214 411 1267 καὶ
449 1211 681 1266 ἀκοῦσαι
704 1228 717 1243 ·
751 1211 861 1266 Καὶ
906 1210 1101 1279 ἀράτω
1139 1209 1246 1265 τὸν
1280 1208 1550 1277 σταυρόν
1590 1206 1778 1261 αὐτοῦ
1806 1203 1907 1259 καί

309 1295 715 1350 ἀκολουθείτω
752 1312 887 1364 μοι·
924 1294 1205 1347 τουτέστιν
1227 1335 1241 1357 ,
1284 1293 1396 1345 Ἀεὶ
1421 1290 1907 1361 παρατεταγμένος

310 1380 428 1443 ἔσο,
462 1382 646 1450 φησὶν,
684 1378 818 1448 πρὶς
841 1378 1140 1443 κινδύνους,
1171 1376 1307 1446 πρὸς
1334 1376 1583 1437 θάνατον,
1609 1373 1744 1443 πρὸς
1772 1373 1909 1426 ἀπο-

310 1464 518 1535 δημίαν
553 1464 650 1535 τὴν
679 1463 949 1516 ἐντεῦθεν.
1003 1456 1135 1514 Εἶτα
1170 1459 1356 1530 ἐπειδὴ
1376 1458 1446 1512 τὰ
1488 1456 1722 1528 φορτικά
1760 1451 1903 1518 εἶπε,

311 1549 413 1601 καὶ
435 1548 497 1599 τὸ
540 1546 773 1601 ἔπαθλον
804 1544 1008 1615 τίθησι.
1039 1544 1196 1595 Ποῖον
1241 1541 1297 1594 δέ
1335 1540 1492 1594 τοῦτο
1524 1536 1625 1611 ἦνς
1657 1538 1729 1591 Τὸ
1758 1538 1906 1609 αύτῷ

311 1622 650 1689 ἀκολουθεῖν,
679 1628 773 1681 καὶ
800 1624 940 1680 εἶναι
974 1626 1101 1680 ἔνθα
1134 1626 1282 1679 ἐστί·
1316 1625 1531 1687 δεικνὺς
1563 1625 1644 1677 ὅτι
1671 1624 1905 1677 ἀνάστα-

315 1729 406 1776 σις
442 1712 531 1767 τὸν
559 1712 788 1765 θάνατον
818 1709 1139 1776 διαδέξεται.
1172 1708 1358 1761 Ὅπου
1386 1706 1494 1778 γάρ
1530 1709 1677 1776 ειμι,
1715 1707 1902 1775 φησιν,

311 1795 454 1863 ἐγὼ,
481 1795 606 1850 ἐκεῖ
639 1796 737 1849 καὶ
762 1797 794 1848 ό
816 1792 1100 1858 διάκονος
1124 1795 1156 1845 ό
1176 1792 1338 1859 ἐμός.
1358 1789 1469 1843 Ποῦ
1498 1790 1556 1844 δέ
1579 1793 1607 1842 ό
1633 1790 1902 1861 Χριστός;

327 1879 421 1931 Ἐν
449 1879 717 1948 οὐρανοῖς.
758 1877 867 1929 Καὶ
909 1875 1015 1945 πρὸ
1058 1877 1155 1944 τῆς
1190 1872 1535 1936 ἀναστάσεως
1566 1872 1746 1923 τοίνυν
1789 1871 1906 1924 ἐκεῖ

314 1960 679 2030 μεταστῶμεν
705 1962 771 2029 τῇ
800 1958 943 2029 ψυχῇ
975 1958 1069 2010 καὶ
1090 1956 1166 2026 τῷ
1198 1956 1293 2025 νῷ.
1338 1955 1473 2007 Ἐάν
1501 1973 1591 2021 τις
1618 1953 1748 2024 ἐμοὶ
1775 1953 1904 2007 δια-

317 2043 501 2112 κονῇ,
531 2042 833 2113 ἀγαπήσει
867 2039 1055 2094 αὑτὸν
1091 2042 1121 2092 ό
1148 2038 1370 2106 Πατήρ.
1400 2038 1554 2091 Διατί
1580 2039 1681 2090 οὐκ
1711 2032 1864 2089 εἶπεν
1892 2076 1907 2099 ,

328 2127 506 2195 Ἐγῶς
552 2126 772 2195 Ἐπειδὴ
802 2125 1015 2178 οὐδέπω
1040 2124 1139 2193 τὴν
1170 2125 1553 2193 προσήκουσαν
1580 2122 1709 2194 περὶ
1742 2119 1906 2175 αὑτοῦ

311 2214 477 2280 δόξαν
507 2209 650 2284 εῐχον
669 2254 683 2275 ,
710 2212 845 2266 ἀλλά
883 2211 1105 2283 μείζονα
1131 2213 1257 2279 περὶ
1289 2208 1385 2263 τοῦ
1418 2211 1654 2282 Πατρός.
1706 2212 1768 2263 Ol
1799 2209 1909 2279 7&9

317 2298 462 2369 μηδὲ
480 2298 560 2350 ὅτι
590 2296 888 2365 ἀναστῆναι
916 2294 1077 2347 αὑτὸν
1104 2294 1270 2365 ἐχρῆν
1303 2293 1524 2357 ειδότες,
1556 2293 1672 2356 πῶς
1699 2292 1910 2363 μεγάλα

315 2386 454 2452 περὶ
500 2383 664 2437 αὐτοῦ
693 2380 1104 2451 ἐφαντάσθησαν
1145 2380 1259 2453 [ἀν]
1281 2393 1338 2446 ιι;
1379 2381 1471 2434 Διὸ
1507 2381 1603 2433 καὶ
1632 2382 1745 2441 τοῖς
1777 2381 1910 2443 υίοῖς

315 2466 613 2521 Ζεϐεδαίου
642 2465 805 2535 φησίν
825 2482 839 2496 ’
870 2467 993 2519 Οὐκ
1021 2464 1195 2519 ἐστιν
1214 2464 1363 2535 ἐμὸν
1390 2464 1621 2528 δοῦναι,
1656 2465 1794 2518 ἀλλ’
1820 2458 1909 2530 οἷς

314 2550 678 2618 ἡτοίμασται
699 2551 858 2615 παρὰ
887 2549 992 2602 τοῦ
1031 2550 1262 2616 Πατρός
1285 2566 1424 2618 μου·
1453 2549 1629 2601 καίτοι
1660 2565 1721 2616 γε
1747 2548 1911 2612 αὑτός

316 2634 474 2686 ἐστιν
502 2634 532 2685 δ
560 2633 779 2702 κρίνων.
825 2631 1090 2685 Ἐνταῦθα
1113 2631 1169 2685 δὲ
1196 2633 1289 2683 καὶ
1309 2632 1369 2684 τὸ
1394 2632 1616 2702 γνήσιον
1642 2633 1911 2701 παρίστη-

318 2732 432 2767 σιν.
469 2716 558 2777 Ὠς
577 2717 687 2785 7&9
714 2715 938 2785 γνησίου
979 2715 1165 2777 παιδὸς
1194 2714 1500 2777 διακόνους,
1533 2713 1704 2777 οὕτως
1741 2715 1769 2765 ό
1794 2714 1909 2766 Ila-

315 2800 429 2869 τὴρ
460 2799 802 2863 ἀποδέξεται.
844 2798 969 2852 Νῦν
1002 2800 1040 2864 ὴ
1065 2798 1235 2866 ψυχή
1261 2816 1381 2866 μου
1409 2796 1777 2865 τετάρακται.
1798 2799 1910 2851 Καί

317 2884 387 2935 τί
426 2884 606 2945 almo;
641 2880 851 2950 Πάτερ.
882 2878 1091 2934 σῷσόν
1119 2898 1195 2948 με
1226 2880 1294 2933 ἐκ
1336 2879 1445 2946 τῆς
1486 2881 1641 2947 ὧρας
1666 2881 1906 2947 ταύτης.

318 2966 439 3017 Καὶ
474 2965 582 3035 μὴν
604 2962 764 3015 τοῦτο
783 2964 883 3015 οὐκ
911 2962 991 3014 ἐτι
1013 2963 1039 3001 b
1073 2962 1515 3033 προτρεπομένου
1560 2964 1654 3015 ἐπὶ
1691 2963 1783 3016 τὸν
1817 2962 1912 3015 θά-

317 3064 484 3100 νατον
518 3047 709 3098 ἐλθεῖν.
747 3045 998 3098 Μάλιστα
1034 3046 1131 3115 μὲν
1162 3041 1254 3098 οῦν
1293 3045 1756 3116 προτρεπομένου.
1792 3047 1911 3099 Ἵνα

319 3132 441 3200 γὰρ
469 3132 543 3203 μὴ
573 3130 825 3199 λέγωσιν,
856 3130 939 3181 ὃτι
973 3130 1145 3190 Αὐτὸς
1174 3128 1278 3193 ἔξω
1302 3129 1409 3180 τῶν
1445 3127 1650 3181 ὠδίνων
1689 3128 1765 3181 ῶν
1802 3129 1910 3185 τῶν

318 3214 718 3285 ἀνθρωπίνων,
758 3211 995 3275 εὐκόλως
1026 3212 1154 3280 περὶ
1196 3211 1426 3265 θανάτου
1462 3210 1779 3278 φιλοσοφεῖ,
1817 3212 1911 3266 καὶ

318 3300 463 3371 ἡμῖν
490 3295 547 3361 ἐξ
575 3296 855 3349 ἀκινδύνου
876 3297 1150 3371 παραινεῖ,
1179 3293 1450 3346 δείκνυσιν
1473 3294 1554 3346 ὄτι
1578 3293 1754 3346 καίτοι
1771 3296 1911 3364 ἀγω-

315 3364 456 3436 νιῶν
486 3380 680 3442 αὐτὸν,
714 3381 863 3450 ὅμως
909 3378 996 3430 διά
1024 3377 1084 3429 τὸ
1129 3364 1401 3447 ᾖρήσιμον
1431 3378 1493 3429 οὐ
1540 3381 1909 3447 παραιτεῖται.

316 3465 510 3520 Ταῦτα
541 3465 597 3516 δὲ
624 3463 723 3533 τῆς
753 3460 1059 3529 οἰκονομίας
1090 3462 1258 3522 ἐστὶν,
1283 3460 1344 3511 οὐ
1374 3458 1475 3529 τῆς
1510 3460 1783 3531 θεότητος.
1810 3462 1908 3514 Διά

315 3547 484 3601 τοῦτό
509 3562 678 3616 φησι·
712 3544 841 3597 Νῦν
862 3542 899 3608 ἢ
938 3539 1105 3609 ψυχή
1130 3558 1249 3609 μου
1281 3540 1650 3609 τετάρακται·
1678 3544 1822 3612 (ἐπεὶ
1860 3546 1909 3597 εί

321 3630 407 3701 μὴ
434 3630 590 3682 τοῦτό
617 3631 755 3689 ἐστι,
790 3628 946 3680 ποίαν
973 3624 1294 3677 ἀκολουθίαν
1325 3624 1438 3692 ἔχει
1466 3624 1526 3677 τὸ
1558 3624 1745 3695 λεχθὲν
1769 3666 1783 3690 ,
1816 3629 1911 3681 καὶ

315 3716 388 3767 τὸ
412 3715 585 3765 εἰπείν
602 3730 614 3743 ·
642 3710 854 3777 Πάτερ,
879 3706 1087 3762 σῶσόν
1104 3723 1180 3773 με
1210 3707 1279 3759 ἐκ
1310 3704 1419 3774 τῆς
1440 3706 1594 3776 ὥρας
1622 3710 1843 3778 ταύτης
1867 3712 1909 3779 ;)

315 3798 423 3850 καὶ
453 3794 594 3849 οὕτω
634 3795 992 3864 τετάρακται,
1024 3790 1098 3853 ὡς
1130 3791 1223 3843 καὶ
1266 3789 1588 3862 ἀπαλλαγὴν
1622 3790 1826 3863 ζητεῖν,
1860 3794 1915 3846 εἴ

318 3898 391 3950 γε
419 3880 544 3948 ἐνῆν
576 3879 874 3945 διαφυγεῖν.

401 3963 464 4032 β’.
482 3961 666 4013 Ταῦτα
691 3961 787 4030 τῆς
812 3958 1156 4029 ἀνθρωπίνης
1188 3956 1401 4025 φύσεως
1430 3957 1497 4011 τὰ
1534 3958 1907 4029 ἀσθενήματα.

330 4044 480 4098 Ἀλλ’
518 4044 617 4095 ούκ
658 4041 765 4111 ἔχω
795 4041 844 4094 τί
874 4043 1030 4105 εἴπω,
1064 4042 1261 4110 φησὶν,
1292 4040 1612 4112 ἀπαλλαγὴν
1654 4042 1912 4112 αἰτούμε-
1938 4088 1941 4091 λ

318 4146 438 4189 νος.
468 4128 569 4181 Διὰ
594 4126 702 4196 7&9
731 4126 905 4179 τοῦτο
952 4121 1143 4195 ἦλθον
1188 4128 1275 4189 εις
1318 4124 1434 4192 τὴν
1464 4125 1624 4193 ὤραν
1647 4126 1872 4193 ταύτην
1891 4141 1906 4158 ο

317 4212 530 4266 ὡσανεὶ
572 4209 724 4276 ἔλεγε
745 4225 758 4237 ·
790 4207 907 4260 Κᾶν
939 4205 1319 4278 θορυϐώμεθα,
1355 4206 1460 4259 κᾶν
1485 4208 1905 4278 ταραττώμεθα,

322 4295 409 4365 μὴ
436 4292 724 4361 φεύγωμεν
749 4289 975 4343 θάνατον
1001 4306 1012 4319 ·
1035 4288 1159 4342 ἐπεὶ
1188 4289 1344 4357 κάγὼ
1365 4289 1460 4342 νῦν
1486 4292 1909 4361 ταραττόμενος,

316 4378 387 4431 οὐ
418 4376 560 4443 λέγω
606 4373 744 4426 ὥστε
777 4374 999 4441 φυγεῖν·
1031 4372 1111 4424 δεῖ
1153 4372 1262 4442 γὰρ
1292 4372 1479 4442 φέρειν
1517 4373 1577 4426 τὸ
1611 4374 1783 4427 ἐπιόν.
1833 4375 1908 4426 Οὐ

318 4461 489 4524 λέγω,
535 4454 863 4518 Ἀπάλλαξόν
895 4471 962 4524 με
987 4454 1051 4506 ἐκ
1081 4454 1177 4523 τῆς
1206 4453 1356 4525 ὧρας
1395 4454 1630 4525 ταύτης.
1660 4456 1797 4510 ἀλλὰ
1824 4458 1907 4523 τῇ

316 4542 542 4610 Πάτερ,
564 4542 833 4605 δόξασόν
852 4556 969 4593 σου
995 4539 1063 4591 τὸ
1088 4538 1295 4608 ὄνομα.
1327 4540 1520 4592 Καίτοι
1544 4541 1643 4611 τῆς
1660 4542 1910 4613 ταραχῆς

318 4627 485 4681 τοῦτο
510 4623 921 4694 ἀναγκαζούσης
946 4623 1147 4691 λέγειν,
1175 4623 1235 4676 τὸ
1268 4623 1509 4677 ἐναντίον
1536 4624 1701 4693 λέγω,
1734 4626 1913 4690 Δόξα-

318 4712 447 4765 σόν
476 4726 590 4764 σου
613 4711 679 4761 τὸ
730 4707 953 4774 ὄνομα·
990 4707 1285 4770 τουτέστιν,
1326 4708 1535 4776 Ἀγαγε
1585 4708 1772 4763 λοιπὸν
1816 4712 1910 4765 ἐπὶ

316 4793 419 4845 τὸν
472 4791 729 4860 σταυρόν·
777 4789 804 4841 ὃ
839 4789 971 4842 πολὺ
1001 4788 1063 4842 τὸ
1111 4788 1453 4860 ἀνθρώπινον
1505 4790 1907 4859 ἐπιδείκνυται,

317 4878 424 4932 καὶ
450 4878 547 4947 τὴν
574 4874 722 4949 [402]
748 4875 911 4945 φύσιν
942 4875 1015 4944 μὴ
1055 4874 1384 4945 βουλομένην
1418 4876 1710 4932 ἀποθανεῖν
1730 4919 1744 4943 ,
1771 4880 1909 4936 ἀλλά

315 4962 428 5029 τῆς
455 4958 731 5027 παρούσης
760 4956 1128 5028 ἀντεχομένην
1172 4957 1317 5027 ζωῆς
1340 4974 1355 4987 ⁵
1402 4958 1639 5023 δεικνὺς,
1678 4961 1760 5017 ὅτι
1809 4963 1910 5016 οὐκ

317 5044 436 5107 ἔξω
456 5042 571 5095 τῶν
622 5042 977 5112 ἀνθρωπίνων
1034 5040 1221 5094 παθῶν
1274 5038 1363 5112 ἦν.
1423 5044 1633 5113 Ὥσπερ
1684 5047 1791 5117 γὰρ
1849 5048 1911 5101 τὸ

318 5128 521 5196 πεινῇν
552 5126 651 5179 οὐκ
673 5124 945 5194 ἔγκλημα,
981 5124 1101 5177 οὐδὲ
1128 5123 1190 5175 τὸ
1237 5123 1548 5179 καθεύδειν·
1581 5126 1754 5191 οὕτως
1786 5129 1909 5182 οὐδὲ

318 5210 387 5263 τὸ
417 5210 513 5279 τῆς
534 5207 813 5279 παρούσης
840 5209 985 5277 ζωῆς
1010 5206 1276 5275 ἐφίεσθαι.
1323 5207 1381 5262 '0
1401 5208 1457 5261 δέ
1485 5210 1716 5280 Χριστὸς
1750 5213 1911 5281 σῶμα

320 5293 571 5362 καθαρὸν
626 5293 1037 5361 ἁμαρτημάτων
1086 5286 1250 5360 εἶχεν,
1278 5293 1397 5361 οὐχ).
1430 5294 1677 5361 φυσικῶν
1726 5296 1911 5363 ἀναγ-

320 5375 444 5429 κῶν
486 5373 930 5443 ἀπηλλαγμένον·
972 5373 1095 5425 ἐπεὶ
1129 5374 1234 5425 οὐδ’
1264 5374 1329 5427 ἂν
1365 5376 1522 5445 σῶμα
1558 5372 1643 5447 ἦν.
1700 5379 1801 5431 Διά
1844 5378 1910 5449 δὴ

318 5457 533 5511 τούτων
571 5456 667 5509 καὶ
722 5456 907 5526 ἔτερόν
957 5474 1011 5510 τι
1057 5456 1363 5511 ἐπαίδευσε.
1421 5460 1579 5513 Ποῖον
1613 5460 1677 5528 δὴ
1714 5461 1907 5527 τοῦτο;

320 5541 471 5601 Ἵνα,
526 5538 579 5590 εί
627 5554 757 5591 ποτε
808 5540 865 5591 ἐν
921 5538 1092 5606 ἀγῶνι
1126 5541 1532 5610 κατασταίημεν
1577 5544 1670 5595 καὶ
1715 5542 1908 5615 δειλίᾳ,

321 5621 466 5695 μηδὲ
538 5619 713 5679 οὕτως
781 5620 1223 5693 ἀποπηδήσωμεν
1312 5622 1419 5677 τῶν
1506 5626 1905 5697 προκειμένων.

320 5704 548 5773 Πάτερ,
624 5703 894 5769 δόξασόν
971 5721 1086 5757 σου
1162 5704 1231 5759 τὸ
1308 5705 1515 5775 ὄνομα.
1589 5710 1910 5777 Δείκνυσιν,

388 5933 414 5962 ⁸
440 5930 536 5982 Alii
563 5929 889 5991 ἐξαπάζοντο,
961 5927 986 5966 b
1010 5929 1155 5978 δδλιίι,
1199 5929 1283 5977 οὐκ
1312 5930 1429 5983 εσῖρ
1480 5929 1647 5983 Morel.
1676 5934 1761 5982 οὐκ
1784 5937 1866 5985 ἔτι.

1331 349 1395 404 ΙΝ
1432 348 1750 405 ΙΟΑΞΝΕΜ
1787 344 2018 402 ιιυιιιι..
2063 347 2267 400 LXVII.
2310 350 2379 403 al’.
2411 348 2593 404 LXVI.

3490 340 3595 396 572

2005 458 2087 511 ὃτι
2154 460 2295 531 ὑπὲρ
2370 461 2629 532 ἀληθείας
2697 456 3065 527 ἀποθνήσκει,
3146 452 3306 519 δόξαν
3370 452 3449 516 εἰς
3501 453 3597 505 τὸν

2004 542 2136 595 Θεὸν
2174 544 2234 597 τὸ
2276 544 2512 615 πρᾶγμα
2561 540 2763 597 καλῶν.
2804 540 2916 593 Καὶ
2965 536 3126 590 τοῦτο
3174 534 3457 589 συνέϐαινε
3498 551 3597 604 με·

2002 626 2070 679 τὰ
2102 627 2192 679 τὸν
2223 628 2477 697 σταυρόν.
2512 626 2779 696 Ἐμελλεν
2805 620 3161 693 ἐπιστρέφειν
3204 620 3238 689 ἡ
3274 620 3593 689 οἰκουμένη,

2003 710 2098 764 καὶ
2127 709 2415 780 γνωρίζειν
2438 710 2499 763 τὸ
2530 711 2701 779 δνομα
2724 706 2819 760 τοῦ
2857 704 2994 758 Θεοῦ
3019 704 3114 757 καὶ
3142 702 3469 775 θεραπεύειν
3497 704 3597 755 αύ-

1999 793 2090 845 τόν
2112 809 2125 821 ·
2159 794 2338 847 καίτοι
2366 794 2427 847 οὐ
2454 792 2514 846 τὸ
2546 792 2641 846 τοῦ
2674 790 2889 861 Πατρὸς
2920 788 3101 858 μόνον,
3132 786 3268 839 ἀλλά
3293 785 3387 838 καὶ
3416 785 3479 837 τὸ
3502 786 3596 839 τοῦ

2006 875 2138 930 Υίοῦ
2161 893 2174 906 ·
2206 877 2337 935 ἀλλ’,
2357 878 2506 947 ὅμως
2541 875 2703 928 τοῦτο
2745 875 2893 943 σιγᾷ.
2924 867 3148 925 Ἦλθεν
3173 864 3289 923 οὖν
3317 868 3487 937 φωνὴ
3526 871 3596 922 ἐκ

2002 960 2121 1013 τῶν
2157 960 2434 1027 οὐρανῶν
2454 976 2470 991 ·
2502 960 2612 1015 Καὶ
2653 956 2942 1020 ἐδόξασα,
2973 955 3073 1008 καὶ
3103 952 3292 1008 πάλιν
3323 952 3591 1018 δοξάσω.

2002 1044 2112 1099 Ποῦ
2142 1044 2426 1110 ἐδόξασεν;
2466 1044 2554 1097 Ἐν
2589 1045 2703 1106 τοῖς
2735 1040 2845 1111 πρὸ
2877 1039 3085 1091 τούτων
3122 1036 3455 1106 γενομένοις.
3486 1038 3599 1089 Καὶ

2004 1128 2168 1181 πάλιν
2196 1126 2406 1192 δοξάσω
2442 1126 2582 1197 μετά
2612 1126 2705 1180 τὸν
2737 1124 2995 1193 σταυρόν.
3041 1123 3106 1175 Τί
3141 1118 3235 1174 οὖν
3266 1125 3294 1174 ὁ
3324 1122 3366 1174 Χ
3378 1121 3595 1191 ριστὸςς

2010 1215 2093 1265 Οὐ
2132 1211 2208 1265 δι’
2244 1212 2350 1280 ἐμὲ
2377 1214 2415 1278 ἡ
2445 1210 2616 1279 φωνὴ
2638 1210 2791 1277 αὕτη
2819 1208 3090 1278 γέγονεν,
3121 1206 3284 1260 ἀλλὰ
3313 1208 3388 1258 δι’
3416 1204 3596 1273 ὑμᾶς.

2017 1296 2246 1348 Ἐκεῖνοι
2274 1296 2331 1347 δέ
2372 1294 2603 1365 βροντὴν
2628 1293 2892 1364 ἐνόμισαν
2920 1288 3082 1352 εἶναι,
3117 1290 3151 1360 ἢ
3178 1290 3411 1357 ἄγγελον
3447 1289 3600 1359 αὑτῷ

2004 1377 2379 1449 λελαληκέναι.
2408 1377 2517 1431 Καὶ
2542 1377 2706 1431 πόθεν
2731 1376 2891 1429 τοῦτο
2921 1375 3213 1444 ἐνὸμισαν;
3245 1375 3319 1445 μὴ
3347 1373 3456 1444 7&9
3476 1375 3599 1445 οὐχὶ

2003 1461 2173 1532 τρανὴ
2199 1462 2294 1514 καὶ
2326 1460 2563 1529 εὔσημος
2594 1456 2661 1532 ἦν
2694 1462 2726 1531 η
2765 1460 2954 1530 φωνή;
2992 1458 3152 1511 Ἀλλά
3177 1459 3387 1527 ταχέως
3418 1458 3601 1510 αὐτῶν

2003 1544 2261 1614 ἀπέπτη,
2316 1544 2413 1621 ᾂτε
2455 1543 2777 1616 παχυτέρων
2817 1542 2988 1596 ὄντων
3037 1542 3128 1595 καὶ
3177 1540 3455 1611 σαρκικῶν
3504 1542 3600 1594 καὶ

2007 1625 2291 1699 ῥᾳθύμων.
2344 1626 2453 1679 Καὶ
2481 1628 2529 1678 οἱ
2558 1628 2655 1696 μὲν
2687 1628 2778 1679 τὸν
2807 1622 2940 1696 ἦχον
2987 1628 3237 1693 κατεῖχον
3259 1642 3273 1655 ·
3306 1626 3357 1677 οί
3390 1624 3478 1683 δέ.
3514 1625 3600 1677 ὅτι

2010 1710 2109 1780 μὲν
2135 1709 2398 1782 ἔναρθρος
2426 1704 2494 1780 ἦν
2526 1711 2558 1778 ὴ
2587 1708 2740 1778 φωνὴ
2760 1750 2773 1770 ,
2804 1709 3031 1779 ᾔδεσαν·
3080 1708 3131 1761 τί
3176 1709 3232 1761 δὲ
3274 1710 3597 1784 ἐσήμαινεν,

2006 1794 2107 1846 οὐκ
2140 1792 2240 1846 ἔτι.
2275 1793 2341 1846 Τί
2368 1789 2461 1845 οὖν
2496 1796 2524 1845 ὁ
2554 1793 2825 1864 Χριστός;
2858 1796 2939 1846 Οὐ
2962 1792 3036 1844 δι’
3057 1793 3162 1861 ἐμὲ
3192 1794 3228 1859 ἡ
3250 1792 3420 1861 φωνὴ
3446 1794 3598 1860 αὔτη

2007 1877 2275 1947 τέγπονεν,
2315 1878 2476 1931 ἀλλὰ
2514 1877 2591 1931 δι’
2621 1875 2795 1945 ὑμᾶς.
2822 1876 2921 1929 Διά
2949 1877 3003 1929 τί
3043 1876 3203 1929 τοῦτο
3237 1873 3425 1941 sin-sv;
3456 1878 3602 1948 Πρός

2006 1962 2185 2015 ἐκεῖνο
2218 1962 2609 2031 ἐνιστάμενοςο
2645 1962 2673 2014 ὃ
2703 1961 2889 2029 ἔλεγον
2940 1962 3027 2014 ἀεὶ
3053 2001 3067 2023 ,
3102 1962 3183 2013 δτι
3215 1962 3315 2014 οὐκ
3345 1961 3490 2014 ἔστιν
3535 1963 3601 2015 ἐκ

2005 2044 2099 2097 τοῦ
2147 2043 2305 2098 Θεοῦ.
2346 2045 2405 2098 '0
2436 2044 2547 2116 7&9
2594 2044 2698 2099 ὐπὸ
2743 2044 2835 2098 τοῦ
2874 2045 3011 2097 Θεοῦ
3041 2043 3426 2115 δοξαζόμενος,
3484 2045 3600 2108 πῶς

2006 2130 2106 2199 οὐκ
2135 2128 2283 2181 ἐστιν
2312 2130 2377 2181 ἐκ
2411 2128 2503 2181 τοῦ
2535 2128 2694 2191 Θεοῦ,
2743 2121 2803 2181 οὗ
2832 2128 2891 2181 τὸ
2936 2128 3107 2198 ὄνομα
3156 2130 3225 2181 δι’
3253 2130 3416 2183 αὐτὸν
3444 2128 3602 2192 δοξάκ

2007 2208 2191 2277 ζεται;
2239 2212 2339 2264 Διά
2370 2213 2477 2282 7&9
2506 2212 2665 2265 τοῦτο
2703 2214 2797 2266 καὶ
2836 2214 2869 2283 ἡ
2920 2214 3072 2283 φωνὴ
3121 2212 3348 2284 ἠνέχθη.
3378 2214 3469 2266 Διὸ
3500 2215 3596 2267 καὶ

2006 2295 2167 2357 αὐτός
2209 2312 2395 2365 φησιν,
2434 2298 2517 2348 Ob
2550 2295 2625 2347 δι’
2672 2294 2778 2363 ἐμὲ
2822 2296 2859 2362 ἠ
2904 2294 3074 2365 φωνὴ
3127 2297 3280 2364 αὕτη
3322 2299 3593 2367 γέγονεν,

2006 2377 2168 2433 ἀλλὰ
2205 2379 2281 2431 δι’
2315 2375 2473 2447 ὑμᾶς
2497 2398 2508 2410 ·
2549 2379 2649 2449 οὐχ
2680 2379 2766 2431 ῐνα
2798 2379 2910 2447 ἐγὼ
2947 2379 3106 2450 μάθω
3131 2398 3184 2433 τι
3218 2382 3428 2449 ἀγνοῶν
3467 2380 3597 2452 παρ’

2009 2461 2177 2531 αὐτῆς
2227 2462 2447 2532 (πάντα
2483 2460 2594 2533 7&9
2638 2456 2757 2515 οἴδα
2789 2462 2857 2515 τά
2894 2460 2991 2514 τοῦ
3026 2463 3240 2535 Πατρὸς
3266 2469 3283 2529 )
3308 2503 3322 2527 ,
3351 2463 3490 2517 ἀλλά
3532 2464 3600 2517 δι’

2008 2547 2173 2616 ὑμᾶς.
2231 2546 2449 2618 Ἐπειδὴ
2502 2545 2612 2618 γὰρ
2662 2546 2883 2614 ἔλεγον,
2928 2547 3010 2601 ὅτι
3052 2547 3285 2616 ἄγγελος
3333 2548 3600 2617 ἐλάλησεν

2008 2630 2177 2700 αὐτῷ,
2212 2630 2245 2700 ἢ
2284 2628 2483 2701 βροντὴ
2530 2630 2747 2699 γέγονε,
2804 2631 2898 2683 καὶ⁴
2942 2632 3003 2684 οὐ
3051 2635 3361 2703 προσεῖχον.
3398 2635 3595 2702 φησιν,

2007 2716 2089 2768 ὃτι
2112 2715 2191 2767 Δι’
2208 2714 2355 2784 ὑμᾶς
2379 2716 2619 2782 ἐγένετο,
2648 2715 2735 2768 ἴνα
2757 2713 2859 2767 κᾶν
2885 2713 3057 2772 οὕτως
3081 2717 3350 2786 ἐνάγησθε
3383 2717 3520 2787 πρὸς
3540 2719 3601 2770 τὸ

2008 2798 2282 2869 ἐρωτῆσαι
2305 2799 2357 2852 τί
2381 2799 2444 2851 τὸ
2476 2798 2684 2869 λεχθέν.
2716 2800 2779 2851 Οί
2813 2799 2869 2852 δὲ
2901 2800 3248 2870 ἐπτοημένοι,
3276 2803 3397 2854 οὐδὲ
3426 2802 3601 2867 οὕτως

2009 2882 2292 2944 ἐπύθοντο,
2338 2882 2670 2945 ἀκούσαντες
2710 2883 2791 2935 ὃτι
2820 2884 3003 2945 αὐτοῖς
3034 2885 3228 2952 ἀνήκει
3255 2885 3315 2938 τὸ
3342 2886 3597 2955 πρᾶγμα.

2009 2966 2099 3037 Τῷ
2118 2965 2229 3037 7&9
2251 2965 2353 3018 οὐκ
2379 2965 2540 3019 είδότι
2563 2966 2700 3037 πρὸς
2722 2966 2749 3018 ὃ
2775 2966 3013 3033 ἐλέγετο,
3041 2967 3269 3030 εἰκότως
3298 2969 3398 3020 οὐκ
3426 2967 3603 3021 ἐδόκει

2018 3048 2252 3118 ῖῦσημος
2284 3044 2422 3100 εἶναι
2452 3050 2486 3119 ή
2531 3048 2707 3117 φωνή.
2743 3049 2821 3100 Δι’
2854 3043 3009 3117 ὑμᾶς
3041 3050 3081 3116 ἠ
3116 3049 3287 3118 ρωνὴ
3327 3052 3599 3120 γέγονεν.

2027 3133 2186 3202 Ὁρᾷς
2221 3131 2305 3184 ὅτι
2334 3130 2404 3183 τὰ
2427 3130 2659 3183 ταπεινά
2692 3131 2759 3183 δι’
2790 3132 2987 3195 αὐτοὺς
3020 3134 3253 3199 γίνεται,
3285 3135 3383 3204 οὐχ
3406 3133 3480 3196 ὠς
3505 3134 3601 3187 τοῦ

2017 3214 2141 3268 ι’ίοῦ
2195 3213 2452 3283 δεομένου
2515 3213 2804 3284 βοηθείας;
2849 3215 2982 3269 Νῦν
3039 3217 3241 3283 κρίσις
3296 3216 3432 3270 ἐστὶ
3490 3218 3600 3272 τοῦ

2009 3301 2244 3368 κόσμου
2298 3298 2534 3352 τούτου.
2590 3297 2725 3351 Νῦν
2768 3298 2835 3349 δὲ
2894 3302 2927 3352 ό
2967 3298 3169 3368 ἅρχων
3211 3300 3318 3354 τοῦ
3367 3302 3604 3369 κόσμου

2008 3384 2226 3437 τούτου
2258 3381 2417 3436 κάτω
2444 3382 2849 3449 βληθήσεται.
2887 3381 3058 3436 Τοῦτο
3088 3383 3250 3437 ποίαν
3276 3383 3605 3438 ἀκολουθίαν

2009 3470 2122 3538 ἔχει
2151 3468 2285 3539 πρὸς
2326 3467 2421 3530 τὸ,
2447 3466 2761 3533 Ἑδόξασα,
2809 3468 2909 3520 καὶ
2951 3466 3229 3532 δοξάσω;
3265 3468 3475 3540 Πολλὴν
3509 3472 3605 3524 καὶ

2010 3552 2219 3623 σφόδρα
2265 3550 2613 3622 συνᾴδουσαν.
2678 3549 2895 3620 Ἐπειδὴ
2936 3549 3044 3619 7&9
3092 3546 3253 3615 εἷπε,
3313 3551 3601 3616 Δοξάσω,

2008 3635 2249 3689 δείκνυσι
2285 3637 2380 3687 καὶ
2412 3634 2504 3687 τὸν
2532 3633 2733 3702 τρόπον
2770 3633 2872 3703 τῆς
2911 3634 3089 3705 δόξης.
3120 3634 3217 3697 Τίς
3250 3634 3307 3687 δέ
3336 3638 3364 3689 ό
3402 3636 3605 3706 τρόπος

2010 3719 2197 3783 ἐστίν;
2235 3717 2475 3781 Ἐκεῖνος
2499 3715 2879 3785 Βληθήσεται
2908 3716 3087 3781 κάτω,
3118 3718 3273 3786 φησί.
3300 3718 3365 3771 Τί
3388 3718 3443 3771 δέ
3462 3722 3601 3784 ἐστι,

2008 3802 2221 3869 Κρίσις
2266 3799 2398 3853 ἐστὶ
2444 3800 2552 3854 τοῦ
2598 3801 2832 3869 κόσμου
2870 3801 3132 3866 τούτου;
3164 3801 3382 3855 Ὠσανεὶ
3417 3802 3600 3871 ἔλεγε,
3638 3820 3641 3821 ⁷

2009 3885 2373 3953 Δικαστήριον
2404 3882 2557 3936 [om
2592 3882 2686 3935 καὶ
2716 3880 3017 3953 ἐκδίκησις.
3050 3884 3175 3947 Πῶς
3204 3885 3300 3937 καὶ
3338 3886 3444 3938 τίνι
3477 3887 3605 3957 τρόο

2012 3986 2097 4037 πῳ
2120 3986 2133 4031 ;
2162 3966 2364 4019 Ἀνείλε
2389 3966 2480 4019 τὸν
2504 3965 2720 4036 πρῶτον
2747 3965 3057 4036 ἄνθρωπον,
3087 3966 3391 4021 ὑπεύθυνον
3421 3968 3604 4022 λαϐὼν

2012 4054 2075 4121 τῇ
2112 4049 2357 4121 ἁμαρτίᾳ
2417 4049 2559 4116 (Διὰ
2604 4048 2715 4119 γὰρ
2750 4048 2861 4117 τῆς
2908 4050 3197 4118 ἁμαρτίας
3237 4050 3525 4118 εἰσῆλθεν
3570 4057 3603 4107 ό

2010 4133 2300 4201 θάνατος)
2321 4150 2334 4162 ·
2367 4133 2423 4185 ἐν
2456 4132 2579 4201 ἐμοὶ
2607 4132 2766 4184 τοίτο
2794 4134 2892 4202 οὐχ
2934 4128 3081 4203 εὗρε.
3111 4130 3269 4197 Τίνος
3301 4131 3393 4186 οὖν
3414 4134 3603 4187 ἕνεκεν

2010 4216 2332 4284 ἐνεπήδησε,
2367 4216 2461 4267 καὶ
2502 4214 2718 4283 θανάτῳ
2747 4214 3067 4285 παρέδωκε;
3116 4215 3262 4277 τίνος
3306 4216 3490 4270 ἕνεκεν
3521 4219 3603 4279 εἰς

2009 4297 2108 4365 τὴν
2147 4294 2319 4347 Ἰούδα
2350 4292 2528 4365 ψυχὴν
2572 4293 2828 4347 ἐνέϐαλεν
2863 4294 3004 4347 ὥστε
3046 4311 3114 4364 με
3146 4296 3394 4361 άνελεῖν;
3446 4295 3600 4370 [7403]

2010 4376 2103 4445 Μὴ
2130 4376 2240 4445 γάρ
2276 4392 2367 4445 μοι
2397 4377 2557 4445 είπῃς
2583 4374 2697 4435 νῦν,
2734 4375 2815 4427 ὅτι
2841 4377 2869 4428 ὁ
2900 4374 3031 4438 Θεὸς
3058 4375 3379 4446 ᾠκονόμησε
3400 4394 3415 4407 ο
3441 4375 3603 4431 τοῦτο

2010 4460 2121 4529 γὰρ
2153 4459 2214 4511 οὑ
2247 4456 2345 4510 τοῦ
2378 4457 2652 4523 διαϐόλου,
2696 4456 2833 4510 ἀλλά
2860 4457 2958 4526 τῆς
2988 4456 3154 4511 αὑτοῦ
3195 4460 3389 4527 σοφίας
3410 4476 3423 4492 ο
3463 4460 3603 4524 τέως

2010 4540 2227 4593 ἐκείνου
2261 4541 2294 4610 ἡ
2336 4539 2533 4611 γνώμη
2564 4539 2907 4606 ἐξεταζέσθω
2933 4541 3029 4593 τοῦ
3054 4541 3326 4612 Πονηροῦ.
3357 4542 3482 4606 Πῶς
3507 4539 3605 4597 οὖν

2011 4624 2260 4694 κρίνεται
2284 4626 2323 4676 δη
2340 4623 2543 4693 κόσμος
2575 4625 2632 4675 ἐν
2657 4623 2813 4692 ἐμοί;
2854 4623 3071 4677 Ὠσανεὶ
3092 4623 3443 4697 δικαστηρίου
3465 4626 3601 4680 καθ-

2009 4708 2306 4777 εζομένου,
2350 4706 2673 4778 λεχθήσεται
2719 4708 2857 4777 πρὸς
2898 4709 3064 4763 αὑτὸν
3086 4750 3101 4775 ,
3144 4710 3360 4773 Ἔστω,
3392 4713 3604 4776 πάντας

2009 4792 2239 4855 ἀνεῖλες,
2286 4790 2376 4843 διὰ
2405 4791 2465 4843 τὸ
2492 4790 2818 4860 ἁμαρτίαςά
2869 4792 3208 4857 ὑπευθύνους
3251 4796 3463 4865 εὑρεῖν·
3510 4796 3603 4849 τὸν

2009 4874 2246 4945 Χριστὸν
2262 4874 2404 4929 διατί
2430 4876 2677 4941 ἀνεῖλες;
2710 4875 2811 4928 οὐκ
2840 4874 3063 4948 εὔδηλον
3087 4878 3169 4931 ὅτι
3200 4880 3401 4944 ἀδίκως
3423 4897 3437 4946 ;
3462 4882 3605 4934 οὑκ-

2010 4960 2103 5013 οῦν
2135 4960 2205 5012 δι’
2238 4959 2405 5014 αὑτοῦ
2436 4960 2859 5032 ἐκδικηθήσεται
2888 4964 2916 5014 ό
2942 4962 3147 5032 κόσμος
3192 4964 3357 5029 ἅπας.
3392 4968 3510 5019 Ἵνα
3544 4966 3603 5020 δὲ

2012 5046 2104 5099 καὶ
2166 5044 2501 5116 σαφέστερον
2552 5040 2616 5118 ᾖ,
2671 5048 2765 5100 καὶ
2818 5048 2911 5100 ἐπὶ
2968 5048 3414 5119 παραδείγματος
3470 5053 3612 5107 αὐτὰ

2018 5130 2227 5198 ποιήσω
2257 5128 2514 5201 φανερόν·
2541 5130 2726 5182 Ἔστω
2752 5147 2833 5193 τις
2863 5131 3035 5201 βίαιος
3062 5132 3326 5201 τύραννος
3348 5174 3361 5197 ,
3395 5137 3609 5201 πάντας

2009 5212 2139 5273 τοὺς
2169 5211 2544 5281 ἐμπίπτοντας
2575 5213 2791 5283 μυρίοις
2820 5214 3164 5285 περιϐάλλων
3192 5220 3403 5280 κακοῖς.
3434 5214 3605 5282 Οὗτος

2011 5295 2108 5346 ἐάν
2141 5293 2435 5363 συμϐαλὼν
2470 5294 2699 5364 βασιλεῖ,
2739 5296 2773 5367 ἢ
2802 5297 2903 5366 υίῷ
2927 5298 3214 5367 βασιλέως,
3249 5301 3415 5377 ἀνέλῃ
3441 5302 3604 5355 αὑτὸν

2011 5377 2281 5439 ἀδίκως,ό
2312 5378 2523 5430 ἐκείνου
2553 5379 2785 5442 θάνατος
2812 5382 2908 5432 καὶ
2936 5382 3065 5444 τοὺς
3095 5383 3293 5447 ἄλλους
3315 5386 3603 5454 ἐκδικῆσαι

2013 5462 2326 5532 δυνήσεται.
2367 5462 2551 5517 Ἔστω
2597 5482 2680 5527 τις
2722 5465 3009 5533 ὀφειλέτας
3054 5470 3325 5535 ἀπαιτῶν,
3371 5472 3465 5524 καὶ
3511 5490 3605 5525 τυ-

2015 5544 2218 5611 πτέτω,
2248 5546 2341 5597 καὶ
2376 5548 2456 5609 είς
2488 5545 2866 5619 δεσμωτήριον
2892 5550 3234 5619 ἐμϐαλλέτω·
3265 5549 3385 5606 εἶτα
3416 5556 3481 5607 ἐκ
3503 5557 3603 5626 τῆς

2014 5629 2186 5698 αὐτῆς
2222 5630 2481 5692 ἀπονοίας
2510 5633 2604 5683 καὶ
2637 5632 2728 5683 τὸν
2756 5632 2909 5686 οὐδὲν
2936 5634 3220 5702 ὀφείλοντα
3248 5636 3353 5689 ὑπὸ
3375 5638 3475 5707 τὴν
3506 5639 3605 5690 αὑ·

2013 5713 2112 5783 τὴν
2148 5712 2373 5783 εἱρκτὴν
2420 5714 2622 5781 ἀγέτω.
2670 5710 2839 5780 Οὗτος
2888 5720 2982 5771 καί
3008 5712 3085 5772 ὧν
3127 5722 3207 5783 είς
3245 5721 3372 5785 τοὺς
3410 5721 3605 5785 ἄλλους

2080 5877 2101 5904 ε
2156 5876 2250 5947 Alii
2302 5877 2454 5951 ἐκεῖνο
2495 5879 2764 5951 ἱστάμενος.
2830 5878 2857 5919 α
2887 5881 3289 5951 Pulat__Savilius
3332 5886 3601 5951 legendum

2014 5938 2283 5999 ἁμαρτίαις.
2311 5939 2489 6001 Necte,
2523 5938 2619 5990 scd
2646 5945 2914 5995 reclamant
2954 5944 3172 5998 codices.
