  <div class='ocr_page' id='page_1' title='image "/cluster/home/n/w/nwhite01/storage/ocr_20150623/59/pst.000005712595/372.png"; bbox 0 0 4164 6330; ppageno 0'>
   <div class='ocr_carea' id='block_1_1' title="bbox 276 394 378 431">
    <p class='ocr_par' dir='ltr' id='par_1_1' title="bbox 276 394 378 431">
     <span class='ocr_line' id='line_1_1' title="bbox 276 394 378 431; baseline -0.02 0"><span class='ocrx_word' id='word_1_1' title='bbox 276 394 378 431; x_wconf 71' lang='lat' dir='ltr'><strong>tuo</strong></span> 
     </span>
    </p>
   </div>
   <div class='ocr_carea' id='block_1_2' title="bbox 278 376 2528 463">
    <p class='ocr_par' dir='ltr' id='par_1_2' title="bbox 278 376 2528 463">
     <span class='ocr_line' id='line_1_2' title="bbox 278 376 2528 463; baseline 0.004 -32"><span class='ocrx_word' id='word_1_2' title='bbox 278 376 378 431; x_wconf 76' lang='lat'><strong>575</strong></span> <span class='ocrx_word' id='word_1_3' title='bbox 1238 379 1301 434; x_wconf 82' lang='lat' dir='ltr'>IN</span> <span class='ocrx_word' id='word_1_4' title='bbox 1339 376 1653 438; x_wconf 72' lang='lat' dir='ltr'><strong>JOANNEM</strong></span> <span class='ocrx_word' id='word_1_5' title='bbox 1692 381 1921 463; x_wconf 52' lang='lat' dir='ltr'><strong>IIOMIC.</strong></span> <span class='ocrx_word' id='word_1_6' title='bbox 1953 383 2181 440; x_wconf 75' lang='lat' dir='ltr'><strong>LXVIII.</strong></span> <span class='ocrx_word' id='word_1_7' title='bbox 2216 389 2284 441; x_wconf 85' lang='lat' dir='ltr'><strong>al.</strong></span> <span class='ocrx_word' id='word_1_8' title='bbox 2320 384 2528 443; x_wconf 73' lang='lat' dir='ltr'><strong>LXVII.</strong></span> 
     </span>
    </p>
   </div>
   <div class='ocr_carea' id='block_1_3' title="bbox 274 478 1861 567">
    <p class='ocr_par' dir='ltr' id='par_1_3' title="bbox 274 478 1861 567">
     <span class='ocr_line' id='line_1_3' title="bbox 274 478 1861 567; baseline -0.006 -9"><span class='ocrx_word' id='word_1_9' title='bbox 274 504 398 558; x_wconf 89' lang='lat' dir='ltr'><strong>lius.</strong></span> <span class='ocrx_word' id='word_1_10' title='bbox 439 500 723 567; x_wconf 78' lang='lat' dir='ltr'><strong>Quomodo</strong></span> <span class='ocrx_word' id='word_1_11' title='bbox 750 513 877 567; x_wconf 75' lang='lat' dir='ltr'><strong>ergo</strong></span> <span class='ocrx_word' id='word_1_12' title='bbox 903 492 1131 551; x_wconf 85' lang='lat' dir='ltr'><strong>mundus</strong></span> <span class='ocrx_word' id='word_1_13' title='bbox 1171 494 1224 550; x_wconf 88' lang='lat' dir='ltr'><strong>in</strong></span> <span class='ocrx_word' id='word_1_14' title='bbox 1256 478 1343 549; x_wconf 88' lang='lat' dir='ltr'><strong>me</strong></span> <span class='ocrx_word' id='word_1_15' title='bbox 1368 493 1670 563; x_wconf 82' lang='lat' dir='ltr'><strong>judicatur‘!</strong></span> <span class='ocrx_word' id='word_1_16' title='bbox 1697 493 1861 559; x_wconf 83' lang='lat' dir='ltr'><strong>Quasi</strong></span> 
     </span>
    </p>
   </div>
   <div class='ocr_carea' id='block_1_4' title="bbox 271 586 1861 661">
    <p class='ocr_par' dir='ltr' id='par_1_4' title="bbox 271 586 1861 661">
     <span class='ocr_line' id='line_1_4' title="bbox 271 586 1861 661; baseline -0.009 -9"><span class='ocrx_word' id='word_1_17' title='bbox 271 596 565 652; x_wconf 80' lang='lat' dir='ltr'><strong>constituto</strong></span> <span class='ocrx_word' id='word_1_18' title='bbox 590 592 793 661; x_wconf 87' lang='lat' dir='ltr'><strong>judicio</strong></span> <span class='ocrx_word' id='word_1_19' title='bbox 812 632 828 655; x_wconf 96' lang='lat'><strong>,</strong></span> <span class='ocrx_word' id='word_1_20' title='bbox 858 589 1065 644; x_wconf 91' lang='lat' dir='ltr'><strong>dicetur</strong></span> <span class='ocrx_word' id='word_1_21' title='bbox 1093 587 1166 641; x_wconf 83' lang='lat' dir='ltr'><strong>illi</strong></span> <span class='ocrx_word' id='word_1_22' title='bbox 1201 605 1212 640; x_wconf 93' lang='lat'>:</span> <span class='ocrx_word' id='word_1_23' title='bbox 1244 586 1404 651; x_wconf 83' lang='lat' dir='ltr'><strong>Esto,</strong></span> <span class='ocrx_word' id='word_1_24' title='bbox 1433 600 1619 640; x_wconf 89' lang='lat' dir='ltr'><strong>omnes</strong></span> <span class='ocrx_word' id='word_1_25' title='bbox 1647 586 1861 639; x_wconf 83' lang='lat' dir='ltr'><strong>occide-</strong></span> 
     </span>
    </p>
   </div>
   <div class='ocr_carea' id='block_1_5' title="bbox 271 675 1857 755">
    <p class='ocr_par' dir='ltr' id='par_1_5' title="bbox 271 675 1857 755">
     <span class='ocr_line' id='line_1_5' title="bbox 271 675 1857 755; baseline -0.011 -8"><span class='ocrx_word' id='word_1_26' title='bbox 271 692 383 755; x_wconf 88' lang='lat' dir='ltr'><strong>ris,</strong></span> <span class='ocrx_word' id='word_1_27' title='bbox 412 688 507 744; x_wconf 87' lang='lat' dir='ltr'><strong>sed</strong></span> <span class='ocrx_word' id='word_1_28' title='bbox 542 687 666 755; x_wconf 85' lang='lat' dir='ltr'><strong>quia</strong></span> <span class='ocrx_word' id='word_1_29' title='bbox 708 692 925 754; x_wconf 87' lang='lat' dir='ltr'><strong>peccato</strong></span> <span class='ocrx_word' id='word_1_30' title='bbox 964 679 1225 735; x_wconf 77' lang='lat' dir='ltr'><strong>obnoxios</strong></span> <span class='ocrx_word' id='word_1_31' title='bbox 1262 679 1542 746; x_wconf 83' lang='lat' dir='ltr'><strong>reperisti;</strong></span> <span class='ocrx_word' id='word_1_32' title='bbox 1586 675 1857 730; x_wconf 88' lang='lat' dir='ltr'><strong>Christum</strong></span> 
     </span>
    </p>
   </div>
   <div class='ocr_carea' id='block_1_6' title="bbox 271 768 1861 841">
    <p class='ocr_par' dir='ltr' id='par_1_6' title="bbox 271 768 1861 841">
     <span class='ocr_line' id='line_1_6' title="bbox 271 768 1861 841; baseline -0.013 -2"><span class='ocrx_word' id='word_1_33' title='bbox 271 797 403 838; x_wconf 78' lang='lat' dir='ltr'><strong>vero</strong></span> <span class='ocrx_word' id='word_1_34' title='bbox 427 798 523 838; x_wconf 87' lang='lat' dir='ltr'><strong>cur</strong></span> <span class='ocrx_word' id='word_1_35' title='bbox 546 778 825 837; x_wconf 78' lang='lat' dir='ltr'><strong>occidisti?</strong></span> <span class='ocrx_word' id='word_1_36' title='bbox 852 790 1027 830; x_wconf 87' lang='lat' dir='ltr'><strong>nonne</strong></span> <span class='ocrx_word' id='word_1_37' title='bbox 1049 774 1202 841; x_wconf 88' lang='lat' dir='ltr'><strong>plane</strong></span> <span class='ocrx_word' id='word_1_38' title='bbox 1229 772 1445 840; x_wconf 83' lang='lat' dir='ltr'><strong>injuste?</strong></span> <span class='ocrx_word' id='word_1_39' title='bbox 1470 770 1571 824; x_wconf 85' lang='lat' dir='ltr'><strong>Per</strong></span> <span class='ocrx_word' id='word_1_40' title='bbox 1588 768 1861 823; x_wconf 87' lang='lat' dir='ltr'><strong>Christum</strong></span> 
     </span>
    </p>
   </div>
   <div class='ocr_carea' id='block_1_7' title="bbox 269 860 1860 949">
    <p class='ocr_par' dir='ltr' id='par_1_7' title="bbox 269 860 1860 949">
     <span class='ocr_line' id='line_1_7' title="bbox 269 860 1860 949; baseline -0.015 -16"><span class='ocrx_word' id='word_1_41' title='bbox 269 892 402 949; x_wconf 74' lang='lat' dir='ltr'><strong>ergo</strong></span> <span class='ocrx_word' id='word_1_42' title='bbox 430 884 574 930; x_wconf 80' lang='lat' dir='ltr'><strong>totus</strong></span> <span class='ocrx_word' id='word_1_43' title='bbox 594 871 823 927; x_wconf 89' lang='lat' dir='ltr'><strong>mundus</strong></span> <span class='ocrx_word' id='word_1_44' title='bbox 850 865 1225 921; x_wconf 87' lang='lat' dir='ltr'><strong>vindicabitur.</strong></span> <span class='ocrx_word' id='word_1_45' title='bbox 1256 862 1408 928; x_wconf 87' lang='lat' dir='ltr'><strong>Quod</strong></span> <span class='ocrx_word' id='word_1_46' title='bbox 1438 870 1494 915; x_wconf 91' lang='lat' dir='ltr'><strong>ut</strong></span> <span class='ocrx_word' id='word_1_47' title='bbox 1517 860 1712 913; x_wconf 90' lang='lat' dir='ltr'><strong>clarius</strong></span> <span class='ocrx_word' id='word_1_48' title='bbox 1738 873 1860 913; x_wconf 79' lang='lat' dir='ltr'><strong>eva-</strong></span> 
     </span>
    </p>
   </div>
   <div class='ocr_carea' id='block_1_8' title="bbox 271 949 1853 1033">
    <p class='ocr_par' dir='ltr' id='par_1_8' title="bbox 271 949 1853 1033">
     <span class='ocr_line' id='line_1_8' title="bbox 271 949 1853 1033; baseline -0.013 -12"><span class='ocrx_word' id='word_1_49' title='bbox 271 967 401 1030; x_wconf 84' lang='lat' dir='ltr'><strong>dat,</strong></span> <span class='ocrx_word' id='word_1_50' title='bbox 427 963 677 1033; x_wconf 68' lang='lat' dir='ltr'><strong>exemplo</strong></span> <span class='ocrx_word' id='word_1_51' title='bbox 713 970 847 1014; x_wconf 89' lang='lat' dir='ltr'><strong>utar.</strong></span> <span class='ocrx_word' id='word_1_52' title='bbox 873 955 953 1013; x_wconf 88' lang='lat' dir='ltr'><strong>Sit</strong></span> <span class='ocrx_word' id='word_1_53' title='bbox 979 956 1244 1009; x_wconf 86' lang='lat' dir='ltr'><strong>violentus</strong></span> <span class='ocrx_word' id='word_1_54' title='bbox 1272 962 1530 1023; x_wconf 78' lang='lat' dir='ltr'><strong>tyrannus</strong></span> <span class='ocrx_word' id='word_1_55' title='bbox 1557 949 1819 1016; x_wconf 76' lang='lat' dir='ltr'><strong>utIISpiam</strong></span> <span class='ocrx_word' id='word_1_56' title='bbox 1840 987 1853 1011; x_wconf 93' lang='lat'><strong>,</strong></span> 
     </span>
    </p>
   </div>
   <div class='ocr_carea' id='block_1_9' title="bbox 267 1038 1858 1125">
    <p class='ocr_par' dir='ltr' id='par_1_9' title="bbox 267 1038 1858 1125">
     <span class='ocr_line' id='line_1_9' title="bbox 267 1038 1858 1125; baseline -0.014 -14"><span class='ocrx_word' id='word_1_57' title='bbox 267 1060 361 1125; x_wconf 85' lang='lat' dir='ltr'><strong>qui</strong></span> <span class='ocrx_word' id='word_1_58' title='bbox 400 1057 454 1111; x_wconf 90' lang='lat' dir='ltr'><strong>in</strong></span> <span class='ocrx_word' id='word_1_59' title='bbox 482 1069 675 1110; x_wconf 86' lang='lat' dir='ltr'><strong>manus</strong></span> <span class='ocrx_word' id='word_1_60' title='bbox 700 1066 822 1106; x_wconf 88' lang='lat' dir='ltr'><strong>suas</strong></span> <span class='ocrx_word' id='word_1_61' title='bbox 860 1048 1154 1103; x_wconf 69' lang='lat' dir='ltr'><strong>incidentes</strong></span> <span class='ocrx_word' id='word_1_62' title='bbox 1190 1057 1379 1099; x_wconf 86' lang='lat' dir='ltr'><strong>omnes</strong></span> <span class='ocrx_word' id='word_1_63' title='bbox 1416 1038 1712 1095; x_wconf 81' lang='lat' dir='ltr'><strong>innumeris</strong></span> <span class='ocrx_word' id='word_1_64' title='bbox 1737 1038 1858 1091; x_wconf 84' lang='lat' dir='ltr'><strong>sfii-</strong></span> 
     </span>
    </p>
   </div>
   <div class='ocr_carea' id='block_1_10' title="bbox 268 1130 1853 1207">
    <p class='ocr_par' dir='ltr' id='par_1_10' title="bbox 268 1130 1853 1207">
     <span class='ocr_line' id='line_1_10' title="bbox 268 1130 1853 1207; baseline -0.015 -3"><span class='ocrx_word' id='word_1_65' title='bbox 268 1151 378 1204; x_wconf 88' lang='lat' dir='ltr'><strong>ciat</strong></span> <span class='ocrx_word' id='word_1_66' title='bbox 406 1147 582 1203; x_wconf 87' lang='lat' dir='ltr'><strong>malis.</strong></span> <span class='ocrx_word' id='word_1_67' title='bbox 615 1144 714 1198; x_wconf 84' lang='lat' dir='ltr'><strong>llic</strong></span> <span class='ocrx_word' id='word_1_68' title='bbox 738 1143 779 1196; x_wconf 92' lang='lat' dir='ltr'><strong>si</strong></span> <span class='ocrx_word' id='word_1_69' title='bbox 820 1155 940 1194; x_wconf 91' lang='lat' dir='ltr'><strong>cum</strong></span> <span class='ocrx_word' id='word_1_70' title='bbox 970 1152 1095 1207; x_wconf 76' lang='lat' dir='ltr'><strong>rege</strong></span> <span class='ocrx_word' id='word_1_71' title='bbox 1130 1135 1216 1189; x_wconf 86' lang='lat' dir='ltr'><strong>vel</strong></span> <span class='ocrx_word' id='word_1_72' title='bbox 1246 1150 1367 1188; x_wconf 89' lang='lat' dir='ltr'><strong>eum</strong></span> <span class='ocrx_word' id='word_1_73' title='bbox 1399 1132 1510 1185; x_wconf 88' lang='lat' dir='ltr'><strong>tilio</strong></span> <span class='ocrx_word' id='word_1_74' title='bbox 1552 1130 1691 1198; x_wconf 79' lang='lat' dir='ltr'><strong>regis</strong></span> <span class='ocrx_word' id='word_1_75' title='bbox 1727 1144 1853 1181; x_wconf 84' lang='lat' dir='ltr'><strong>cou~</strong></span> 
     </span>
    </p>
   </div>
   <div class='ocr_carea' id='block_1_11' title="bbox 267 1221 1859 1312">
    <p class='ocr_par' dir='ltr' id='par_1_11' title="bbox 267 1221 1859 1312">
     <span class='ocr_line' id='line_1_11' title="bbox 267 1221 1859 1312; baseline -0.013 -19"><span class='ocrx_word' id='word_1_76' title='bbox 267 1252 486 1312; x_wconf 70' lang='lat' dir='ltr'><strong>gressus</strong></span> <span class='ocrx_word' id='word_1_77' title='bbox 505 1279 520 1302; x_wconf 91' lang='lat'><strong>,</strong></span> <span class='ocrx_word' id='word_1_78' title='bbox 553 1235 763 1290; x_wconf 90' lang='lat' dir='ltr'><strong>occidat</strong></span> <span class='ocrx_word' id='word_1_79' title='bbox 789 1232 935 1286; x_wconf 91' lang='lat' dir='ltr'><strong>illum</strong></span> <span class='ocrx_word' id='word_1_80' title='bbox 969 1230 1161 1298; x_wconf 87' lang='lat' dir='ltr'><strong>injuste</strong></span> <span class='ocrx_word' id='word_1_81' title='bbox 1180 1264 1196 1294; x_wconf 88' lang='lat'><strong>,</strong></span> <span class='ocrx_word' id='word_1_82' title='bbox 1224 1227 1340 1294; x_wconf 86' lang='lat' dir='ltr'><strong>ejus</strong></span> <span class='ocrx_word' id='word_1_83' title='bbox 1361 1239 1507 1278; x_wconf 88' lang='lat' dir='ltr'><strong>mors</strong></span> <span class='ocrx_word' id='word_1_84' title='bbox 1536 1224 1695 1277; x_wconf 88' lang='lat' dir='ltr'><strong>etiam</strong></span> <span class='ocrx_word' id='word_1_85' title='bbox 1727 1221 1859 1273; x_wconf 88' lang='lat' dir='ltr'><strong>alios</strong></span> 
     </span>
    </p>
   </div>
   <div class='ocr_carea' id='block_1_12' title="bbox 270 1312 1854 1398">
    <p class='ocr_par' dir='ltr' id='par_1_12' title="bbox 270 1312 1854 1398">
     <span class='ocr_line' id='line_1_12' title="bbox 270 1312 1854 1398; baseline -0.014 -14"><span class='ocrx_word' id='word_1_86' title='bbox 270 1328 459 1385; x_wconf 89' lang='lat' dir='ltr'><strong>ulcisci</strong></span> <span class='ocrx_word' id='word_1_87' title='bbox 498 1327 716 1398; x_wconf 81' lang='lat' dir='ltr'><strong>poterit.</strong></span> <span class='ocrx_word' id='word_1_88' title='bbox 762 1322 845 1378; x_wconf 90' lang='lat' dir='ltr'><strong>Sit</strong></span> <span class='ocrx_word' id='word_1_89' title='bbox 873 1321 1064 1391; x_wconf 79' lang='lat' dir='ltr'><strong>aliquis</strong></span> <span class='ocrx_word' id='word_1_90' title='bbox 1098 1320 1187 1388; x_wconf 86' lang='lat' dir='ltr'><strong>qui</strong></span> <span class='ocrx_word' id='word_1_91' title='bbox 1217 1333 1246 1370; x_wconf 89' lang='lat' dir='ltr'><strong>a</strong></span> <span class='ocrx_word' id='word_1_92' title='bbox 1271 1314 1601 1371; x_wconf 82' lang='lat' dir='ltr'><strong>debitoribus</strong></span> <span class='ocrx_word' id='word_1_93' title='bbox 1644 1312 1854 1381; x_wconf 76' lang='lat' dir='ltr'><strong>exigat,</strong></span> 
     </span>
    </p>
   </div>
   <div class='ocr_carea' id='block_1_13' title="bbox 266 1404 1854 1482">
    <p class='ocr_par' dir='ltr' id='par_1_13' title="bbox 266 1404 1854 1482">
     <span class='ocr_line' id='line_1_13' title="bbox 266 1404 1854 1482; baseline -0.012 -8"><span class='ocrx_word' id='word_1_94' title='bbox 266 1422 517 1477; x_wconf 78' lang='lat' dir='ltr'><strong>verberet</strong></span> <span class='ocrx_word' id='word_1_95' title='bbox 536 1460 551 1482; x_wconf 86' lang='lat'><strong>,</strong></span> <span class='ocrx_word' id='word_1_96' title='bbox 584 1419 636 1472; x_wconf 90' lang='lat' dir='ltr'><strong>in</strong></span> <span class='ocrx_word' id='word_1_97' title='bbox 663 1428 934 1471; x_wconf 88' lang='lat' dir='ltr'><strong>carcerem</strong></span> <span class='ocrx_word' id='word_1_98' title='bbox 957 1411 1237 1479; x_wconf 81' lang='lat' dir='ltr'><strong>conjiciat;</strong></span> <span class='ocrx_word' id='word_1_99' title='bbox 1262 1407 1455 1461; x_wconf 84' lang='lat' dir='ltr'><strong>deinde</strong></span> <span class='ocrx_word' id='word_1_100' title='bbox 1494 1404 1680 1458; x_wconf 89' lang='lat' dir='ltr'><strong>eadem</strong></span> <span class='ocrx_word' id='word_1_101' title='bbox 1701 1418 1854 1455; x_wconf 84' lang='lat' dir='ltr'><strong>arro-</strong></span> 
     </span>
    </p>
   </div>
   <div class='ocr_carea' id='block_1_14' title="bbox 264 1496 1854 1585">
    <p class='ocr_par' dir='ltr' id='par_1_14' title="bbox 264 1496 1854 1585">
     <span class='ocr_line' id='line_1_14' title="bbox 264 1496 1854 1585; baseline -0.012 -18"><span class='ocrx_word' id='word_1_102' title='bbox 264 1514 446 1585; x_wconf 71' lang='lat' dir='ltr'><strong>gantia</strong></span> <span class='ocrx_word' id='word_1_103' title='bbox 477 1511 605 1565; x_wconf 89' lang='lat' dir='ltr'><strong>nihil</strong></span> <span class='ocrx_word' id='word_1_104' title='bbox 636 1510 918 1564; x_wconf 87' lang='lat' dir='ltr'><strong>debentem</strong></span> <span class='ocrx_word' id='word_1_105' title='bbox 961 1503 1180 1574; x_wconf 85' lang='lat' dir='ltr'><strong>perinde</strong></span> <span class='ocrx_word' id='word_1_106' title='bbox 1209 1513 1383 1570; x_wconf 75' lang='lat' dir='ltr'><strong>cogat.</strong></span> <span class='ocrx_word' id='word_1_107' title='bbox 1418 1499 1613 1553; x_wconf 85' lang='lat' dir='ltr'><strong>Eorum</strong></span> <span class='ocrx_word' id='word_1_108' title='bbox 1655 1513 1773 1566; x_wconf 84' lang='lat' dir='ltr'><strong>qu:e</strong></span> <span class='ocrx_word' id='word_1_109' title='bbox 1803 1496 1854 1549; x_wconf 92' lang='lat' dir='ltr'><strong>in</strong></span> 
     </span>
    </p>
   </div>
   <div class='ocr_carea' id='block_1_15' title="bbox 264 1591 1854 1673">
    <p class='ocr_par' dir='ltr' id='par_1_15' title="bbox 264 1591 1854 1673">
     <span class='ocr_line' id='line_1_15' title="bbox 264 1591 1854 1673; baseline -0.01 -14"><span class='ocrx_word' id='word_1_110' title='bbox 264 1608 403 1660; x_wconf 88' lang='lat' dir='ltr'><strong>alios</strong></span> <span class='ocrx_word' id='word_1_111' title='bbox 429 1604 696 1673; x_wconf 77' lang='lat' dir='ltr'><strong>commisit</strong></span> <span class='ocrx_word' id='word_1_112' title='bbox 720 1612 843 1655; x_wconf 90' lang='lat' dir='ltr'><strong>tunc</strong></span> <span class='ocrx_word' id='word_1_113' title='bbox 870 1610 1058 1669; x_wconf 68' lang='lat' dir='ltr'><strong>poenas</strong></span> <span class='ocrx_word' id='word_1_114' title='bbox 1082 1595 1230 1649; x_wconf 81' lang='lat' dir='ltr'><strong>dabit</strong></span> <span class='ocrx_word' id='word_1_115' title='bbox 1262 1614 1277 1649; x_wconf 91' lang='lat'><strong>:</strong></span> <span class='ocrx_word' id='word_1_116' title='bbox 1309 1593 1399 1648; x_wconf 91' lang='lat' dir='ltr'><strong>ille</strong></span> <span class='ocrx_word' id='word_1_117' title='bbox 1422 1606 1651 1661; x_wconf 83' lang='lat' dir='ltr'><strong>namque</strong></span> <span class='ocrx_word' id='word_1_118' title='bbox 1682 1591 1854 1660; x_wconf 89' lang='lat' dir='ltr'><strong>ipsum</strong></span> 
     </span>
    </p>
   </div>
   <div class='ocr_carea' id='block_1_16' title="bbox 262 1701 498 1757">
    <p class='ocr_par' dir='ltr' id='par_1_16' title="bbox 262 1701 498 1757">
     <span class='ocr_line' id='line_1_16' title="bbox 262 1701 498 1757; baseline 0.008 -2"><span class='ocrx_word' id='word_1_119' title='bbox 262 1701 498 1757; x_wconf 82' lang='lat' dir='ltr'><strong>occidet.</strong></span> 
     </span>
    </p>
   </div>
   <div class='ocr_carea' id='block_1_17' title="bbox 339 1776 1855 1851">
    <p class='ocr_par' dir='ltr' id='par_1_17' title="bbox 339 1776 1855 1851">
     <span class='ocr_line' id='line_1_17' title="bbox 339 1776 1855 1851; baseline -0.015 0"><span class='ocrx_word' id='word_1_120' title='bbox 339 1795 396 1851; x_wconf 75' lang='grc' dir='ltr'><strong>ὃ.</strong></span> <span class='ocrx_word' id='word_1_121' title='bbox 425 1791 514 1846; x_wconf 88' lang='lat' dir='ltr'><strong>Sic</strong></span> <span class='ocrx_word' id='word_1_122' title='bbox 544 1799 597 1844; x_wconf 90' lang='lat' dir='ltr'><strong>et</strong></span> <span class='ocrx_word' id='word_1_123' title='bbox 640 1788 693 1843; x_wconf 89' lang='lat' dir='ltr'><strong>in</strong></span> <span class='ocrx_word' id='word_1_124' title='bbox 743 1786 880 1841; x_wconf 80' lang='lat' dir='ltr'><strong>Filio</strong></span> <span class='ocrx_word' id='word_1_125' title='bbox 922 1784 1118 1840; x_wconf 89' lang='lat' dir='ltr'><strong>factum</strong></span> <span class='ocrx_word' id='word_1_126' title='bbox 1161 1790 1265 1837; x_wconf 88' lang='lat' dir='ltr'><strong>est.</strong></span> <span class='ocrx_word' id='word_1_127' title='bbox 1314 1780 1511 1834; x_wconf 85' lang='lat' dir='ltr'><strong>Eorum</strong></span> <span class='ocrx_word' id='word_1_128' title='bbox 1559 1776 1701 1832; x_wconf 89' lang='lat' dir='ltr'><strong>enim</strong></span> <span class='ocrx_word' id='word_1_129' title='bbox 1737 1791 1855 1845; x_wconf 74' lang='lat' dir='ltr'><strong>qua:</strong></span> 
     </span>
    </p>
   </div>
   <div class='ocr_carea' id='block_1_18' title="bbox 260 1867 1853 1942">
    <p class='ocr_par' dir='ltr' id='par_1_18' title="bbox 260 1867 1853 1942">
     <span class='ocr_line' id='line_1_18' title="bbox 260 1867 1853 1942; baseline -0.011 -5"><span class='ocrx_word' id='word_1_130' title='bbox 260 1892 453 1937; x_wconf 78' lang='lat' dir='ltr'><strong>contra</strong></span> <span class='ocrx_word' id='word_1_131' title='bbox 482 1895 575 1934; x_wconf 83' lang='lat' dir='ltr'><strong>vos</strong></span> <span class='ocrx_word' id='word_1_132' title='bbox 602 1878 787 1933; x_wconf 81' lang='lat' dir='ltr'><strong>fecerit</strong></span> <span class='ocrx_word' id='word_1_133' title='bbox 814 1876 1078 1939; x_wconf 88' lang='lat' dir='ltr'><strong>diabolus,</strong></span> <span class='ocrx_word' id='word_1_134' title='bbox 1108 1888 1203 1942; x_wconf 88' lang='lat' dir='ltr'><strong>per</strong></span> <span class='ocrx_word' id='word_1_135' title='bbox 1248 1887 1311 1927; x_wconf 90' lang='lat' dir='ltr'><strong>ea</strong></span> <span class='ocrx_word' id='word_1_136' title='bbox 1342 1886 1460 1940; x_wconf 69' lang='lat' dir='ltr'><strong>quae</strong></span> <span class='ocrx_word' id='word_1_137' title='bbox 1488 1878 1674 1924; x_wconf 89' lang='lat' dir='ltr'><strong>contra</strong></span> <span class='ocrx_word' id='word_1_138' title='bbox 1703 1867 1853 1922; x_wconf 88' lang='lat' dir='ltr'><strong>Chri-</strong></span> 
     </span>
    </p>
   </div>
   <div class='ocr_carea' id='block_1_19' title="bbox 261 1958 1853 2035">
    <p class='ocr_par' dir='ltr' id='par_1_19' title="bbox 261 1958 1853 2035">
     <span class='ocr_line' id='line_1_19' title="bbox 261 1958 1853 2035; baseline -0.009 -8"><span class='ocrx_word' id='word_1_139' title='bbox 261 1985 407 2027; x_wconf 86' lang='lat' dir='ltr'><strong>stum</strong></span> <span class='ocrx_word' id='word_1_140' title='bbox 435 1986 596 2026; x_wconf 87' lang='lat' dir='ltr'><strong>ausus</strong></span> <span class='ocrx_word' id='word_1_141' title='bbox 637 1969 754 2032; x_wconf 92' lang='lat' dir='ltr'><strong>fuit,</strong></span> <span class='ocrx_word' id='word_1_142' title='bbox 785 1967 931 2021; x_wconf 83' lang='lat' dir='ltr'><strong>dabit</strong></span> <span class='ocrx_word' id='word_1_143' title='bbox 958 1980 1163 2035; x_wconf 62' lang='lat' dir='ltr'><strong>pinnas.</strong></span> <span class='ocrx_word' id='word_1_144' title='bbox 1194 1962 1344 2028; x_wconf 85' lang='lat' dir='ltr'><strong>Quod</strong></span> <span class='ocrx_word' id='word_1_145' title='bbox 1373 1971 1552 2016; x_wconf 89' lang='lat' dir='ltr'><strong>autem</strong></span> <span class='ocrx_word' id='word_1_146' title='bbox 1583 1959 1635 2013; x_wconf 90' lang='lat' dir='ltr'><strong>id</strong></span> <span class='ocrx_word' id='word_1_147' title='bbox 1664 1958 1853 2013; x_wconf 91' lang='lat' dir='ltr'><strong>subin-</strong></span> 
     </span>
    </p>
   </div>
   <div class='ocr_carea' id='block_1_20' title="bbox 259 2050 1856 2125">
    <p class='ocr_par' dir='ltr' id='par_1_20' title="bbox 259 2050 1856 2125">
     <span class='ocr_line' id='line_1_20' title="bbox 259 2050 1856 2125; baseline -0.01 -8"><span class='ocrx_word' id='word_1_148' title='bbox 259 2064 491 2125; x_wconf 88' lang='lat' dir='ltr'><strong>dieetur,</strong></span> <span class='ocrx_word' id='word_1_149' title='bbox 523 2060 645 2114; x_wconf 87' lang='lat' dir='ltr'><strong>audi</strong></span> <span class='ocrx_word' id='word_1_150' title='bbox 676 2076 690 2113; x_wconf 87' lang='lat'><strong>:</strong></span> <span class='ocrx_word' id='word_1_151' title='bbox 724 2056 876 2112; x_wconf 83' lang='lat' dir='ltr'><strong>Nunc</strong></span> <span class='ocrx_word' id='word_1_152' title='bbox 903 2057 1132 2125; x_wconf 74' lang='lat' dir='ltr'><strong>princeps</strong></span> <span class='ocrx_word' id='word_1_153' title='bbox 1154 2053 1307 2122; x_wconf 85' lang='lat' dir='ltr'><strong>hujus</strong></span> <span class='ocrx_word' id='word_1_154' title='bbox 1333 2052 1508 2124; x_wconf 73' lang='lat' dir='ltr'><strong>mundi</strong></span> <span class='ocrx_word' id='word_1_155' title='bbox 1527 2051 1754 2120; x_wconf 83' lang='lat' dir='ltr'><strong>ejicietur</strong></span> <span class='ocrx_word' id='word_1_156' title='bbox 1774 2050 1856 2102; x_wconf 81' lang='lat' dir='ltr'><strong>iu-</strong></span> 
     </span>
    </p>
   </div>
   <div class='ocr_carea' id='block_1_21' title="bbox 260 2144 1849 2223">
    <p class='ocr_par' dir='ltr' id='par_1_21' title="bbox 260 2144 1849 2223">
     <span class='ocr_line' id='line_1_21' title="bbox 260 2144 1849 2223; baseline -0.007 -17"><span class='ocrx_word' id='word_1_157' title='bbox 260 2154 368 2222; x_wconf 60' lang='grc' dir='ltr'><strong>ἵνα,</strong></span> <span class='ocrx_word' id='word_1_158' title='bbox 401 2169 496 2223; x_wconf 90' lang='lat' dir='ltr'><strong>per</strong></span> <span class='ocrx_word' id='word_1_159' title='bbox 516 2160 743 2207; x_wconf 88' lang='lat' dir='ltr'><strong>mortem</strong></span> <span class='ocrx_word' id='word_1_160' title='bbox 771 2164 964 2204; x_wconf 86' lang='lat' dir='ltr'><strong>meam.</strong></span> <span class='ocrx_word' id='word_1_161' title='bbox 997 2146 1086 2203; x_wconf 74' lang='grc'><strong>52.</strong></span> <span class='ocrx_word' id='word_1_162' title='bbox 1116 2144 1182 2199; x_wconf 84' lang='lat' dir='ltr'><strong>Et</strong></span> <span class='ocrx_word' id='word_1_163' title='bbox 1204 2162 1293 2215; x_wconf 86' lang='lat' dir='ltr'><strong>ego</strong></span> <span class='ocrx_word' id='word_1_164' title='bbox 1320 2144 1364 2198; x_wconf 89' lang='lat' dir='ltr'><strong>si</strong></span> <span class='ocrx_word' id='word_1_165' title='bbox 1392 2145 1643 2198; x_wconf 73' lang='lat' dir='ltr'><strong>exaltatus</strong></span> <span class='ocrx_word' id='word_1_166' title='bbox 1668 2146 1812 2213; x_wconf 79' lang='lat' dir='ltr'><strong>fuero</strong></span> <span class='ocrx_word' id='word_1_167' title='bbox 1833 2184 1849 2209; x_wconf 93' lang='lat'><strong>,</strong></span> 
     </span>
    </p>
   </div>
   <div class='ocr_carea' id='block_1_22' title="bbox 259 2233 1850 2309">
    <p class='ocr_par' dir='ltr' id='par_1_22' title="bbox 259 2233 1850 2309">
     <span class='ocr_line' id='line_1_22' title="bbox 259 2233 1850 2309; baseline -0.008 -10"><span class='ocrx_word' id='word_1_168' title='bbox 259 2261 437 2299; x_wconf 83' lang='lat' dir='ltr'><strong>onmes</strong></span> <span class='ocrx_word' id='word_1_169' title='bbox 467 2242 667 2297; x_wconf 83' lang='lat' dir='ltr'><strong>traham</strong></span> <span class='ocrx_word' id='word_1_170' title='bbox 710 2242 778 2295; x_wconf 85' lang='lat' dir='ltr'><strong>ad</strong></span> <span class='ocrx_word' id='word_1_171' title='bbox 814 2240 1091 2309; x_wconf 83' lang='lat' dir='ltr'><strong>meipsum;</strong></span> <span class='ocrx_word' id='word_1_172' title='bbox 1122 2239 1221 2290; x_wconf 89' lang='lat' dir='ltr'><strong>hoc</strong></span> <span class='ocrx_word' id='word_1_173' title='bbox 1246 2246 1363 2301; x_wconf 83' lang='lat' dir='ltr'><strong>est,</strong></span> <span class='ocrx_word' id='word_1_174' title='bbox 1404 2236 1564 2289; x_wconf 89' lang='lat' dir='ltr'><strong>etiam</strong></span> <span class='ocrx_word' id='word_1_175' title='bbox 1602 2233 1850 2303; x_wconf 76' lang='lat' dir='ltr'><strong>gentiles.</strong></span> 
     </span>
    </p>
   </div>
   <div class='ocr_carea' id='block_1_23' title="bbox 262 2324 1854 2405">
    <p class='ocr_par' dir='ltr' id='par_1_23' title="bbox 262 2324 1854 2405">
     <span class='ocr_line' id='line_1_23' title="bbox 262 2324 1854 2405; baseline -0.009 -13"><span class='ocrx_word' id='word_1_176' title='bbox 262 2337 332 2392; x_wconf 81' lang='lat' dir='ltr'><strong>Et</strong></span> <span class='ocrx_word' id='word_1_177' title='bbox 352 2351 419 2391; x_wconf 92' lang='lat' dir='ltr'><strong>ne</strong></span> <span class='ocrx_word' id='word_1_178' title='bbox 440 2336 559 2405; x_wconf 83' lang='lat' dir='ltr'><strong>quis</strong></span> <span class='ocrx_word' id='word_1_179' title='bbox 580 2334 805 2394; x_wconf 88' lang='lat' dir='ltr'><strong>diceret.</strong></span> <span class='ocrx_word' id='word_1_180' title='bbox 824 2324 1104 2398; x_wconf 83' lang='lat' dir='ltr'><strong>Quomodo</strong></span> <span class='ocrx_word' id='word_1_181' title='bbox 1123 2326 1367 2398; x_wconf 85' lang='lat' dir='ltr'><strong>ejicietur</strong></span> <span class='ocrx_word' id='word_1_182' title='bbox 1393 2325 1550 2389; x_wconf 85' lang='lat' dir='ltr'><strong>infra,</strong></span> <span class='ocrx_word' id='word_1_183' title='bbox 1566 2325 1610 2377; x_wconf 90' lang='lat' dir='ltr'><strong>si</strong></span> <span class='ocrx_word' id='word_1_184' title='bbox 1638 2333 1690 2379; x_wconf 88' lang='lat' dir='ltr'><strong>te</strong></span> <span class='ocrx_word' id='word_1_185' title='bbox 1711 2324 1854 2378; x_wconf 83' lang='lat' dir='ltr'><strong>vice-</strong></span> 
     </span>
    </p>
   </div>
   <div class='ocr_carea' id='block_1_24' title="bbox 261 2413 1850 2491">
    <p class='ocr_par' dir='ltr' id='par_1_24' title="bbox 261 2413 1850 2491">
     <span class='ocr_line' id='line_1_24' title="bbox 261 2413 1850 2491; baseline -0.011 -9"><span class='ocrx_word' id='word_1_186' title='bbox 261 2428 372 2482; x_wconf 74' lang='lat' dir='ltr'><strong>rit?</strong></span> <span class='ocrx_word' id='word_1_187' title='bbox 410 2425 526 2481; x_wconf 80' lang='lat' dir='ltr'><strong>Non</strong></span> <span class='ocrx_word' id='word_1_188' title='bbox 555 2425 772 2486; x_wconf 84' lang='lat' dir='ltr'><strong>vincet,</strong></span> <span class='ocrx_word' id='word_1_189' title='bbox 803 2420 991 2491; x_wconf 87' lang='lat' dir='ltr'><strong>inquit.</strong></span> <span class='ocrx_word' id='word_1_190' title='bbox 1032 2416 1311 2481; x_wconf 79' lang='lat' dir='ltr'><strong>Quomodo</strong></span> <span class='ocrx_word' id='word_1_191' title='bbox 1348 2414 1491 2470; x_wconf 89' lang='lat' dir='ltr'><strong>enim</strong></span> <span class='ocrx_word' id='word_1_192' title='bbox 1528 2413 1706 2468; x_wconf 83' lang='lat' dir='ltr'><strong>vincet</strong></span> <span class='ocrx_word' id='word_1_193' title='bbox 1729 2426 1850 2468; x_wconf 92' lang='lat' dir='ltr'><strong>eum</strong></span> 
     </span>
    </p>
   </div>
   <div class='ocr_carea' id='block_1_25' title="bbox 258 2505 1848 2588">
    <p class='ocr_par' dir='ltr' id='par_1_25' title="bbox 258 2505 1848 2588">
     <span class='ocr_line' id='line_1_25' title="bbox 258 2505 1848 2588; baseline -0.007 -16"><span class='ocrx_word' id='word_1_194' title='bbox 258 2519 355 2588; x_wconf 88' lang='lat' dir='ltr'><strong>qui</strong></span> <span class='ocrx_word' id='word_1_195' title='bbox 382 2517 519 2572; x_wconf 86' lang='lat' dir='ltr'><strong>alios</strong></span> <span class='ocrx_word' id='word_1_196' title='bbox 548 2515 756 2570; x_wconf 86' lang='lat' dir='ltr'><strong>trahit&#39;t</strong></span> <span class='ocrx_word' id='word_1_197' title='bbox 782 2513 887 2567; x_wconf 81' lang='lat' dir='ltr'><strong>Nec</strong></span> <span class='ocrx_word' id='word_1_198' title='bbox 914 2512 1149 2582; x_wconf 89' lang='lat' dir='ltr'><strong>loquitur</strong></span> <span class='ocrx_word' id='word_1_199' title='bbox 1181 2509 1250 2564; x_wconf 91' lang='lat' dir='ltr'><strong>de</strong></span> <span class='ocrx_word' id='word_1_200' title='bbox 1295 2507 1723 2571; x_wconf 88' lang='lat' dir='ltr'><strong>resurrectione;</strong></span> <span class='ocrx_word' id='word_1_201' title='bbox 1756 2505 1848 2561; x_wconf 90' lang='lat' dir='ltr'><strong>sed</strong></span> 
     </span>
    </p>
   </div>
   <div class='ocr_carea' id='block_1_26' title="bbox 261 2596 1851 2679">
    <p class='ocr_par' dir='ltr' id='par_1_26' title="bbox 261 2596 1851 2679">
     <span class='ocr_line' id='line_1_26' title="bbox 261 2596 1851 2679; baseline -0.009 -15"><span class='ocrx_word' id='word_1_202' title='bbox 261 2608 410 2679; x_wconf 85' lang='lat' dir='ltr'><strong>quod</strong></span> <span class='ocrx_word' id='word_1_203' title='bbox 451 2606 841 2661; x_wconf 87' lang='lat' dir='ltr'><strong>resurrectione</strong></span> <span class='ocrx_word' id='word_1_204' title='bbox 881 2603 1053 2671; x_wconf 84' lang='lat' dir='ltr'><strong>majus</strong></span> <span class='ocrx_word' id='word_1_205' title='bbox 1080 2610 1191 2667; x_wconf 88' lang='lat' dir='ltr'><strong>est,</strong></span> <span class='ocrx_word' id='word_1_206' title='bbox 1221 2599 1408 2653; x_wconf 81' lang='lat' dir='ltr'><strong>Omnes</strong></span> <span class='ocrx_word' id='word_1_207' title='bbox 1433 2598 1632 2651; x_wconf 80' lang='lat' dir='ltr'><strong>traham</strong></span> <span class='ocrx_word' id='word_1_208' title='bbox 1655 2596 1723 2654; x_wconf 83' lang='lat' dir='ltr'><strong>ad</strong></span> <span class='ocrx_word' id='word_1_209' title='bbox 1750 2613 1851 2651; x_wconf 85' lang='lat' dir='ltr'><strong>nte—</strong></span> 
     </span>
    </p>
   </div>
   <div class='ocr_carea' id='block_1_27' title="bbox 258 2691 1852 2787">
    <p class='ocr_par' dir='ltr' id='par_1_27' title="bbox 258 2691 1852 2787">
     <span class='ocr_line' id='line_1_27' title="bbox 258 2691 1852 2787; baseline -0.006 -34"><span class='ocrx_word' id='word_1_210' title='bbox 258 2700 451 2770; x_wconf 81' lang='lat' dir='ltr'><strong>ipsum.</strong></span> <span class='ocrx_word' id='word_1_211' title='bbox 465 2697 596 2752; x_wconf 83' lang='lat' dir='ltr'><strong>Nam</strong></span> <span class='ocrx_word' id='word_1_212' title='bbox 613 2698 656 2751; x_wconf 90' lang='lat' dir='ltr'><strong>si</strong></span> <span class='ocrx_word' id='word_1_213' title='bbox 662 2696 915 2787; x_wconf 56' lang='lat' dir='ltr'><strong>1dixisset,</strong></span> <span class='ocrx_word' id='word_1_214' title='bbox 933 2694 1246 2763; x_wconf 75' lang='lat' dir='ltr'><strong>Resurgam,</strong></span> <span class='ocrx_word' id='word_1_215' title='bbox 1262 2692 1496 2746; x_wconf 90' lang='lat' dir='ltr'><strong>nondum</strong></span> <span class='ocrx_word' id='word_1_216' title='bbox 1520 2691 1692 2762; x_wconf 85' lang='lat' dir='ltr'><strong>palam</strong></span> <span class='ocrx_word' id='word_1_217' title='bbox 1709 2700 1852 2745; x_wconf 83' lang='lat' dir='ltr'><strong>esset</strong></span> 
     </span>
    </p>
   </div>
   <div class='ocr_carea' id='block_1_28' title="bbox 260 2781 1847 2858">
    <p class='ocr_par' dir='ltr' id='par_1_28' title="bbox 260 2781 1847 2858">
     <span class='ocr_line' id='line_1_28' title="bbox 260 2781 1847 2858; baseline -0.006 -14"><span class='ocrx_word' id='word_1_218' title='bbox 260 2790 411 2858; x_wconf 82' lang='lat' dir='ltr'><strong>Ipsos</strong></span> <span class='ocrx_word' id='word_1_219' title='bbox 454 2803 574 2843; x_wconf 84' lang='lat' dir='ltr'><strong>esse</strong></span> <span class='ocrx_word' id='word_1_220' title='bbox 616 2781 959 2842; x_wconf 88' lang='lat' dir='ltr'><strong>credituros:</strong></span> <span class='ocrx_word' id='word_1_221' title='bbox 992 2799 1112 2840; x_wconf 91' lang='lat' dir='ltr'><strong>cum</strong></span> <span class='ocrx_word' id='word_1_222' title='bbox 1154 2794 1333 2838; x_wconf 89' lang='lat' dir='ltr'><strong>autem</strong></span> <span class='ocrx_word' id='word_1_223' title='bbox 1380 2782 1544 2849; x_wconf 88' lang='lat' dir='ltr'><strong>dicit,</strong></span> <span class='ocrx_word' id='word_1_224' title='bbox 1577 2781 1847 2845; x_wconf 89' lang='lat' dir='ltr'><strong>Credent,</strong></span> 
     </span>
    </p>
   </div>
   <div class='ocr_carea' id='block_1_29' title="bbox 259 2860 1848 2951">
    <p class='ocr_par' dir='ltr' id='par_1_29' title="bbox 259 2860 1848 2951">
     <span class='ocr_line' id='line_1_29' title="bbox 259 2860 1848 2951; baseline -0.007 -14"><span class='ocrx_word' id='word_1_225' title='bbox 259 2892 549 2951; x_wconf 88' lang='lat' dir='ltr'><strong>utrumque</strong></span> <span class='ocrx_word' id='word_1_226' title='bbox 572 2880 830 2943; x_wconf 82' lang='lat' dir='ltr'><strong>declarat,</strong></span> <span class='ocrx_word' id='word_1_227' title='bbox 853 2886 908 2931; x_wconf 88' lang='lat' dir='ltr'><strong>et</strong></span> <span class='ocrx_word' id='word_1_228' title='bbox 934 2884 1361 2931; x_wconf 88' lang='lat' dir='ltr'><strong>resurrecturum</strong></span> <span class='ocrx_word' id='word_1_229' title='bbox 1379 2860 1762 2929; x_wconf 21' lang='lat' dir='ltr'><strong>scx‘coniirmat.</strong></span> <span class='ocrx_word' id='word_1_230' title='bbox 1791 2872 1848 2926; x_wconf 87' lang='lat' dir='ltr'><strong>Si</strong></span> 
     </span>
    </p>
   </div>
   <div class='ocr_carea' id='block_1_30' title="bbox 257 2966 1851 3034">
    <p class='ocr_par' dir='ltr' id='par_1_30' title="bbox 257 2966 1851 3034">
     <span class='ocr_line' id='line_1_30' title="bbox 257 2966 1851 3034; baseline -0.005 -8"><span class='ocrx_word' id='word_1_231' title='bbox 257 2972 404 3026; x_wconf 86' lang='lat' dir='ltr'><strong>enim</strong></span> <span class='ocrx_word' id='word_1_232' title='bbox 435 2979 678 3024; x_wconf 91' lang='lat' dir='ltr'><strong>mortuus</strong></span> <span class='ocrx_word' id='word_1_233' title='bbox 703 2969 1007 3031; x_wconf 77' lang='lat' dir='ltr'><strong>mansisset,</strong></span> <span class='ocrx_word' id='word_1_234' title='bbox 1034 2976 1088 3021; x_wconf 91' lang='lat' dir='ltr'><strong>et</strong></span> <span class='ocrx_word' id='word_1_235' title='bbox 1119 2966 1280 3019; x_wconf 91' lang='lat' dir='ltr'><strong>homo</strong></span> <span class='ocrx_word' id='word_1_236' title='bbox 1308 2980 1471 3034; x_wconf 87' lang='lat' dir='ltr'><strong>purus</strong></span> <span class='ocrx_word' id='word_1_237' title='bbox 1498 2974 1661 3029; x_wconf 89' lang='lat' dir='ltr'><strong>esset,</strong></span> <span class='ocrx_word' id='word_1_238' title='bbox 1692 2978 1851 3018; x_wconf 90' lang='lat' dir='ltr'><strong>nemo</strong></span> 
     </span>
    </p>
   </div>
   <div class='ocr_carea' id='block_1_31' title="bbox 258 3054 1851 3123">
    <p class='ocr_par' dir='ltr' id='par_1_31' title="bbox 258 3054 1851 3123">
     <span class='ocr_line' id='line_1_31' title="bbox 258 3054 1851 3123; baseline -0.006 -8"><span class='ocrx_word' id='word_1_239' title='bbox 258 3061 599 3120; x_wconf 75' lang='lat' dir='ltr'><strong>credidisset.</strong></span> <span class='ocrx_word' id='word_1_240' title='bbox 628 3058 816 3113; x_wconf 86' lang='lat' dir='ltr'><strong>Omnes</strong></span> <span class='ocrx_word' id='word_1_241' title='bbox 839 3058 1039 3111; x_wconf 81' lang='lat' dir='ltr'><strong>trahant</strong></span> <span class='ocrx_word' id='word_1_242' title='bbox 1064 3056 1132 3109; x_wconf 81' lang='lat' dir='ltr'><strong>ad</strong></span> <span class='ocrx_word' id='word_1_243' title='bbox 1148 3057 1413 3123; x_wconf 87' lang='lat' dir='ltr'><strong>meipsum.</strong></span> <span class='ocrx_word' id='word_1_244' title='bbox 1441 3054 1547 3109; x_wconf 90' lang='lat' dir='ltr'><strong>Cur</strong></span> <span class='ocrx_word' id='word_1_245' title='bbox 1572 3069 1699 3122; x_wconf 75' lang='lat' dir='ltr'><strong>ergo</strong></span> <span class='ocrx_word' id='word_1_246' title='bbox 1724 3054 1851 3107; x_wconf 85' lang='lat' dir='ltr'><strong>dicit</strong></span> 
     </span>
    </p>
   </div>
   <div class='ocr_carea' id='block_1_32' title="bbox 259 3145 1847 3213">
    <p class='ocr_par' dir='ltr' id='par_1_32' title="bbox 259 3145 1847 3213">
     <span class='ocr_line' id='line_1_32' title="bbox 259 3145 1847 3213; baseline -0.005 -7"><span class='ocrx_word' id='word_1_247' title='bbox 259 3152 475 3206; x_wconf 80' lang='lat' dir='ltr'><strong>Patrem</strong></span> <span class='ocrx_word' id='word_1_248' title='bbox 509 3148 761 3203; x_wconf 82' lang='lat' dir='ltr'><strong>trahere?</strong></span> <span class='ocrx_word' id='word_1_249' title='bbox 791 3146 921 3213; x_wconf 87' lang='lat' dir='ltr'><strong>Quia</strong></span> <span class='ocrx_word' id='word_1_250' title='bbox 954 3146 1196 3201; x_wconf 82' lang='lat' dir='ltr'><strong>trahente</strong></span> <span class='ocrx_word' id='word_1_251' title='bbox 1219 3146 1373 3211; x_wconf 83' lang='lat' dir='ltr'><strong>Filio,</strong></span> <span class='ocrx_word' id='word_1_252' title='bbox 1407 3146 1568 3200; x_wconf 88' lang='lat' dir='ltr'><strong>trahit</strong></span> <span class='ocrx_word' id='word_1_253' title='bbox 1597 3156 1650 3199; x_wconf 93' lang='lat' dir='ltr'><strong>et</strong></span> <span class='ocrx_word' id='word_1_254' title='bbox 1673 3145 1847 3199; x_wconf 86' lang='lat' dir='ltr'><strong>Pater.</strong></span> 
     </span>
    </p>
   </div>
   <div class='ocr_carea' id='block_1_33' title="bbox 258 3237 1851 3311">
    <p class='ocr_par' dir='ltr' id='par_1_33' title="bbox 258 3237 1851 3311">
     <span class='ocr_line' id='line_1_33' title="bbox 258 3237 1851 3311; baseline -0.006 -12"><span class='ocrx_word' id='word_1_255' title='bbox 258 3245 493 3299; x_wconf 75' lang='lat' dir='ltr'><strong>Traham</strong></span> <span class='ocrx_word' id='word_1_256' title='bbox 514 3283 531 3307; x_wconf 94' lang='lat'><strong>,</strong></span> <span class='ocrx_word' id='word_1_257' title='bbox 556 3241 727 3311; x_wconf 88' lang='lat' dir='ltr'><strong>inquit</strong></span> <span class='ocrx_word' id='word_1_258' title='bbox 751 3282 766 3307; x_wconf 95' lang='lat'><strong>,</strong></span> <span class='ocrx_word' id='word_1_259' title='bbox 799 3249 982 3309; x_wconf 81' lang='lat' dir='ltr'><strong>utpote</strong></span> <span class='ocrx_word' id='word_1_260' title='bbox 1005 3254 1034 3293; x_wconf 86' lang='lat' dir='ltr'><strong>a</strong></span> <span class='ocrx_word' id='word_1_261' title='bbox 1068 3250 1293 3309; x_wconf 83' lang='lat' dir='ltr'><strong>tyranno</strong></span> <span class='ocrx_word' id='word_1_262' title='bbox 1318 3237 1565 3292; x_wconf 84' lang='lat' dir='ltr'><strong>detentus</strong></span> <span class='ocrx_word' id='word_1_263' title='bbox 1583 3278 1599 3302; x_wconf 97' lang='lat'><strong>,</strong></span> <span class='ocrx_word' id='word_1_264' title='bbox 1627 3237 1714 3307; x_wconf 90' lang='lat' dir='ltr'><strong>qui</strong></span> <span class='ocrx_word' id='word_1_265' title='bbox 1744 3252 1851 3290; x_wconf 90' lang='lat' dir='ltr'><strong>non</strong></span> 
     </span>
    </p>
   </div>
   <div class='ocr_carea' id='block_1_34' title="bbox 257 3329 1851 3407">
    <p class='ocr_par' dir='ltr' id='par_1_34' title="bbox 257 3329 1851 3407">
     <span class='ocr_line' id='line_1_34' title="bbox 257 3329 1851 3407; baseline -0.001 -22"><span class='ocrx_word' id='word_1_266' title='bbox 257 3336 471 3407; x_wconf 82' lang='lat' dir='ltr'><strong>possint</strong></span> <span class='ocrx_word' id='word_1_267' title='bbox 497 3349 591 3404; x_wconf 92' lang='lat' dir='ltr'><strong>per</strong></span> <span class='ocrx_word' id='word_1_268' title='bbox 615 3348 673 3388; x_wconf 85' lang='lat' dir='ltr'><strong>se</strong></span> <span class='ocrx_word' id='word_1_269' title='bbox 692 3333 967 3395; x_wconf 79' lang='lat' dir='ltr'><strong>accedere,</strong></span> <span class='ocrx_word' id='word_1_270' title='bbox 991 3340 1045 3385; x_wconf 91' lang='lat' dir='ltr'><strong>et</strong></span> <span class='ocrx_word' id='word_1_271' title='bbox 1059 3330 1173 3399; x_wconf 89' lang='lat' dir='ltr'><strong>ejus</strong></span> <span class='ocrx_word' id='word_1_272' title='bbox 1184 3329 1489 3384; x_wconf 83' lang='lat' dir='ltr'><strong>obsistentis</strong></span> <span class='ocrx_word' id='word_1_273' title='bbox 1510 3346 1695 3385; x_wconf 87' lang='lat' dir='ltr'><strong>manus</strong></span> <span class='ocrx_word' id='word_1_274' title='bbox 1714 3329 1851 3383; x_wconf 84' lang='lat' dir='ltr'><strong>eifu-</strong></span> 
     </span>
    </p>
   </div>
   <div class='ocr_carea' id='block_1_35' title="bbox 3457 394 3563 449">
    <p class='ocr_par' dir='ltr' id='par_1_35' title="bbox 3457 394 3563 449">
     <span class='ocr_line' id='line_1_35' title="bbox 3457 394 3563 449; baseline 0 0"><span class='ocrx_word' id='word_1_275' title='bbox 3457 394 3563 449; x_wconf 69' lang='grc' dir='ltr'><strong>δτι</strong></span> 
     </span>
    </p>
   </div>
   <div class='ocr_carea' id='block_1_36' title="bbox 1964 498 3565 576">
    <p class='ocr_par' dir='ltr' id='par_1_36' title="bbox 1964 498 3565 576">
     <span class='ocr_line' id='line_1_36' title="bbox 1964 498 3565 576; baseline 0.005 -24"><span class='ocrx_word' id='word_1_276' title='bbox 1964 499 2256 570; x_wconf 73' lang='lat' dir='ltr'><strong>gere.Alibi</strong></span> <span class='ocrx_word' id='word_1_277' title='bbox 2269 509 2445 555; x_wconf 80' lang='lat' dir='ltr'><strong>autem</strong></span> <span class='ocrx_word' id='word_1_278' title='bbox 2468 501 2595 555; x_wconf 90' lang='lat' dir='ltr'><strong>illud</strong></span> <span class='ocrx_word' id='word_1_279' title='bbox 2611 501 2849 570; x_wconf 86' lang='lat' dir='ltr'><strong>rapinam</strong></span> <span class='ocrx_word' id='word_1_280' title='bbox 2868 498 3215 558; x_wconf 75' lang='lat' dir='ltr'><strong>vocat.Nemo</strong></span> <span class='ocrx_word' id='word_1_281' title='bbox 3232 516 3391 575; x_wconf 81' lang='lat' dir='ltr'><strong>potest</strong></span> <span class='ocrx_word' id='word_1_282' title='bbox 3401 510 3565 576; x_wconf 82' lang='lat' dir='ltr'><strong>spolia</strong></span> 
     </span>
    </p>
   </div>
   <div class='ocr_carea' id='block_1_37' title="bbox 1968 592 3566 664">
    <p class='ocr_par' dir='ltr' id='par_1_37' title="bbox 1968 592 3566 664">
     <span class='ocr_line' id='line_1_37' title="bbox 1968 592 3566 664; baseline 0.003 -19"><span class='ocrx_word' id='word_1_283' title='bbox 1968 594 2113 653; x_wconf 80' lang='lat' dir='ltr'><strong>fortis</strong></span> <span class='ocrx_word' id='word_1_284' title='bbox 2134 608 2329 661; x_wconf 84' lang='lat' dir='ltr'><strong>rapere,</strong></span> <span class='ocrx_word' id='word_1_285' title='bbox 2356 593 2456 646; x_wconf 84' lang='lat' dir='ltr'><strong>nisi</strong></span> <span class='ocrx_word' id='word_1_286' title='bbox 2476 592 2617 660; x_wconf 85' lang='lat' dir='ltr'><strong>prius</strong></span> <span class='ocrx_word' id='word_1_287' title='bbox 2643 596 2825 661; x_wconf 79' lang='lat' dir='ltr'><strong>fortem</strong></span> <span class='ocrx_word' id='word_1_288' title='bbox 2864 592 3071 663; x_wconf 88' lang='lat' dir='ltr'><strong>alliget,</strong></span> <span class='ocrx_word' id='word_1_289' title='bbox 3099 602 3143 647; x_wconf 90' lang='lat' dir='ltr'><strong>et</strong></span> <span class='ocrx_word' id='word_1_290' title='bbox 3170 604 3288 648; x_wconf 71' lang='lat' dir='ltr'><strong>hinc</strong></span> <span class='ocrx_word' id='word_1_291' title='bbox 3316 612 3437 649; x_wconf 80' lang='lat' dir='ltr'><strong>vasa</strong></span> <span class='ocrx_word' id='word_1_292' title='bbox 3456 598 3566 664; x_wconf 78' lang='lat' dir='ltr'><strong>eius</strong></span> 
     </span>
    </p>
   </div>
   <div class='ocr_carea' id='block_1_38' title="bbox 1966 682 3563 757">
    <p class='ocr_par' dir='ltr' id='par_1_38' title="bbox 1966 682 3563 757">
     <span class='ocr_line' id='line_1_38' title="bbox 1966 682 3563 757; baseline 0.003 -19"><span class='ocrx_word' id='word_1_293' title='bbox 1966 685 2132 753; x_wconf 86' lang='lat' dir='ltr'><strong>rapiat</strong></span> <span class='ocrx_word' id='word_1_294' title='bbox 2160 684 2370 755; x_wconf 81' lang='lat' dir='ltr'><strong>(Matth.</strong></span> <span class='ocrx_word' id='word_1_295' title='bbox 2408 684 2493 737; x_wconf 74' lang='lat'><strong>12.</strong></span> <span class='ocrx_word' id='word_1_296' title='bbox 2528 682 2639 756; x_wconf 72' lang='lat'><strong>‘39).</strong></span> <span class='ocrx_word' id='word_1_297' title='bbox 2677 684 2770 739; x_wconf 82' lang='lat' dir='ltr'><strong>His</strong></span> <span class='ocrx_word' id='word_1_298' title='bbox 2792 687 2909 749; x_wconf 86' lang='lat' dir='ltr'><strong>ejus</strong></span> <span class='ocrx_word' id='word_1_299' title='bbox 2939 686 3243 740; x_wconf 84' lang='lat' dir='ltr'><strong>violentiam</strong></span> <span class='ocrx_word' id='word_1_300' title='bbox 3279 687 3563 757; x_wconf 80' lang='lat' dir='ltr'><strong>signitlcut.</strong></span> 
     </span>
    </p>
   </div>
   <div class='ocr_carea' id='block_1_39' title="bbox 1964 774 3562 846">
    <p class='ocr_par' dir='ltr' id='par_1_39' title="bbox 1964 774 3562 846">
     <span class='ocr_line' id='line_1_39' title="bbox 1964 774 3562 846; baseline 0.006 -21"><span class='ocrx_word' id='word_1_301' title='bbox 1964 774 2114 843; x_wconf 86' lang='lat' dir='ltr'><strong>Quod</strong></span> <span class='ocrx_word' id='word_1_302' title='bbox 2152 791 2281 844; x_wconf 77' lang='lat' dir='ltr'><strong>ergo</strong></span> <span class='ocrx_word' id='word_1_303' title='bbox 2326 775 2429 829; x_wconf 91' lang='lat' dir='ltr'><strong>illic</strong></span> <span class='ocrx_word' id='word_1_304' title='bbox 2468 776 2745 844; x_wconf 82' lang='lat' dir='ltr'><strong>rapinam,</strong></span> <span class='ocrx_word' id='word_1_305' title='bbox 2776 774 2863 829; x_wconf 92' lang='lat' dir='ltr'><strong>hic</strong></span> <span class='ocrx_word' id='word_1_306' title='bbox 2908 776 3224 830; x_wconf 83' lang='lat' dir='ltr'><strong>traetionem</strong></span> <span class='ocrx_word' id='word_1_307' title='bbox 3255 780 3562 846; x_wconf 77' lang='lat' dir='ltr'><strong>appellavit.</strong></span> 
     </span>
    </p>
   </div>
   <div class='ocr_carea' id='block_1_40' title="bbox 1965 855 3561 936">
    <p class='ocr_par' dir='ltr' id='par_1_40' title="bbox 1965 855 3561 936">
     <span class='ocr_line' id='line_1_40' title="bbox 1965 855 3561 936; baseline 0.001 -16"><span class='ocrx_word' id='word_1_308' title='bbox 1965 866 2091 922; x_wconf 62' lang='lat' dir='ltr'><strong>Haec</strong></span> <span class='ocrx_word' id='word_1_309' title='bbox 2118 881 2239 921; x_wconf 86' lang='lat' dir='ltr'><strong>cum</strong></span> <span class='ocrx_word' id='word_1_310' title='bbox 2268 867 2531 930; x_wconf 81' lang='lat' dir='ltr'><strong>sciamus,</strong></span> <span class='ocrx_word' id='word_1_311' title='bbox 2573 866 2900 931; x_wconf 76' lang='lat' dir='ltr'><strong>excitemur,</strong></span> <span class='ocrx_word' id='word_1_312' title='bbox 2949 866 3312 936; x_wconf 72' lang='lat' dir='ltr'><strong>glorificetuus</strong></span> <span class='ocrx_word' id='word_1_313' title='bbox 3360 855 3561 933; x_wconf 73' lang='lat' dir='ltr'><strong>Deum,</strong></span> 
     </span>
    </p>
   </div>
   <div class='ocr_carea' id='block_1_41' title="bbox 1966 958 3561 1031">
    <p class='ocr_par' dir='ltr' id='par_1_41' title="bbox 1966 958 3561 1031">
     <span class='ocr_line' id='line_1_41' title="bbox 1966 958 3561 1031; baseline 0.002 -19"><span class='ocrx_word' id='word_1_314' title='bbox 1966 975 2071 1012; x_wconf 91' lang='lat' dir='ltr'><strong>non</strong></span> <span class='ocrx_word' id='word_1_315' title='bbox 2106 958 2199 1026; x_wconf 89' lang='lat' dir='ltr'><strong>per</strong></span> <span class='ocrx_word' id='word_1_316' title='bbox 2224 959 2381 1013; x_wconf 81' lang='lat' dir='ltr'><strong>ﬁdem</strong></span> <span class='ocrx_word' id='word_1_317' title='bbox 2413 968 2639 1021; x_wconf 82' lang='lat' dir='ltr'><strong>tantum,</strong></span> <span class='ocrx_word' id='word_1_318' title='bbox 2667 958 2759 1013; x_wconf 88' lang='lat' dir='ltr'><strong>sed</strong></span> <span class='ocrx_word' id='word_1_319' title='bbox 2785 958 2945 1011; x_wconf 88' lang='lat' dir='ltr'><strong>etiam</strong></span> <span class='ocrx_word' id='word_1_320' title='bbox 2978 974 3073 1027; x_wconf 91' lang='lat' dir='ltr'><strong>per</strong></span> <span class='ocrx_word' id='word_1_321' title='bbox 3102 960 3262 1013; x_wconf 87' lang='lat' dir='ltr'><strong>vitam</strong></span> <span class='ocrx_word' id='word_1_322' title='bbox 3282 962 3561 1031; x_wconf 86' lang='lat' dir='ltr'><strong>;-alioquiu</strong></span> 
     </span>
    </p>
   </div>
   <div class='ocr_carea' id='block_1_42' title="bbox 1966 1051 3561 1121">
    <p class='ocr_par' dir='ltr' id='par_1_42' title="bbox 1966 1051 3561 1121">
     <span class='ocr_line' id='line_1_42' title="bbox 1966 1051 3561 1121; baseline 0.003 -17"><span class='ocrx_word' id='word_1_323' title='bbox 1966 1068 2071 1106; x_wconf 88' lang='lat' dir='ltr'><strong>non</strong></span> <span class='ocrx_word' id='word_1_324' title='bbox 2103 1054 2270 1121; x_wconf 80' lang='lat' dir='ltr'><strong>gloria</strong></span> <span class='ocrx_word' id='word_1_325' title='bbox 2295 1093 2310 1114; x_wconf 88' lang='lat'><strong>.</strong></span> <span class='ocrx_word' id='word_1_326' title='bbox 2343 1052 2437 1107; x_wconf 89' lang='lat' dir='ltr'><strong>sed</strong></span> <span class='ocrx_word' id='word_1_327' title='bbox 2477 1052 2806 1119; x_wconf 76' lang='lat' dir='ltr'><strong>blaSphomia</strong></span> <span class='ocrx_word' id='word_1_328' title='bbox 2848 1053 2897 1105; x_wconf 92' lang='lat' dir='ltr'><strong>in</strong></span> <span class='ocrx_word' id='word_1_329' title='bbox 2944 1051 3108 1105; x_wconf 88' lang='lat' dir='ltr'><strong>Demn</strong></span> <span class='ocrx_word' id='word_1_330' title='bbox 3140 1064 3303 1106; x_wconf 81' lang='lat' dir='ltr'><strong>esset.</strong></span> <span class='ocrx_word' id='word_1_331' title='bbox 3336 1052 3451 1107; x_wconf 83' lang='lat' dir='ltr'><strong>Non</strong></span> <span class='ocrx_word' id='word_1_332' title='bbox 3492 1055 3561 1108; x_wconf 78' lang='lat' dir='ltr'><strong>ita</strong></span> 
     </span>
    </p>
   </div>
   <div class='ocr_carea' id='block_1_43' title="bbox 1963 1142 3563 1210">
    <p class='ocr_par' dir='ltr' id='par_1_43' title="bbox 1963 1142 3563 1210">
     <span class='ocr_line' id='line_1_43' title="bbox 1963 1142 3563 1210; baseline 0.001 -13"><span class='ocrx_word' id='word_1_333' title='bbox 1963 1142 2365 1210; x_wconf 86' lang='lat' dir='ltr'><strong>blasphematur</strong></span> <span class='ocrx_word' id='word_1_334' title='bbox 2392 1143 2530 1198; x_wconf 88' lang='lat' dir='ltr'><strong>Deus</strong></span> <span class='ocrx_word' id='word_1_335' title='bbox 2559 1142 2625 1195; x_wconf 88' lang='lat' dir='ltr'><strong>ab</strong></span> <span class='ocrx_word' id='word_1_336' title='bbox 2654 1142 2986 1196; x_wconf 59' lang='lat' dir='ltr'><strong>exsecrando</strong></span> <span class='ocrx_word' id='word_1_337' title='bbox 3015 1144 3227 1209; x_wconf 77' lang='lat' dir='ltr'><strong>gentili,</strong></span> <span class='ocrx_word' id='word_1_338' title='bbox 3264 1154 3319 1197; x_wconf 90' lang='lat' dir='ltr'><strong>ut</strong></span> <span class='ocrx_word' id='word_1_339' title='bbox 3349 1160 3377 1197; x_wconf 93' lang='lat' dir='ltr'><strong>a</strong></span> <span class='ocrx_word' id='word_1_340' title='bbox 3409 1143 3563 1198; x_wconf 84' lang='lat' dir='ltr'><strong>Chri-</strong></span> 
     </span>
    </p>
   </div>
   <div class='ocr_carea' id='block_1_44' title="bbox 1962 1234 3563 1304">
    <p class='ocr_par' dir='ltr' id='par_1_44' title="bbox 1962 1234 3563 1304">
     <span class='ocr_line' id='line_1_44' title="bbox 1962 1234 3563 1304; baseline 0.001 -15"><span class='ocrx_word' id='word_1_341' title='bbox 1962 1236 2140 1289; x_wconf 84' lang='lat' dir='ltr'><strong>stiano</strong></span> <span class='ocrx_word' id='word_1_342' title='bbox 2167 1246 2438 1304; x_wconf 85' lang='lat' dir='ltr'><strong>corrupto.</strong></span> <span class='ocrx_word' id='word_1_343' title='bbox 2472 1234 2675 1289; x_wconf 83' lang='lat' dir='ltr'><strong>Idcirco</strong></span> <span class='ocrx_word' id='word_1_344' title='bbox 2697 1236 2897 1301; x_wconf 82' lang='lat' dir='ltr'><strong>omnia,</strong></span> <span class='ocrx_word' id='word_1_345' title='bbox 2922 1236 3168 1301; x_wconf 86' lang='lat' dir='ltr'><strong>obsecro,</strong></span> <span class='ocrx_word' id='word_1_346' title='bbox 3196 1235 3473 1303; x_wconf 87' lang='lat' dir='ltr'><strong>faciamus,</strong></span> <span class='ocrx_word' id='word_1_347' title='bbox 3508 1248 3563 1291; x_wconf 89' lang='lat' dir='ltr'><strong>ut</strong></span> 
     </span>
    </p>
   </div>
   <div class='ocr_carea' id='block_1_45' title="bbox 1964 1325 3561 1396">
    <p class='ocr_par' dir='ltr' id='par_1_45' title="bbox 1964 1325 3561 1396">
     <span class='ocr_line' id='line_1_45' title="bbox 1964 1325 3561 1396; baseline 0.002 -16"><span class='ocrx_word' id='word_1_348' title='bbox 1964 1327 2105 1381; x_wconf 87' lang='lat' dir='ltr'><strong>Deus</strong></span> <span class='ocrx_word' id='word_1_349' title='bbox 2150 1328 2317 1396; x_wconf 80' lang='lat' dir='ltr'><strong>gloria</strong></span> <span class='ocrx_word' id='word_1_350' title='bbox 2361 1327 2646 1380; x_wconf 85' lang='lat' dir='ltr'><strong>afllciatur.</strong></span> <span class='ocrx_word' id='word_1_351' title='bbox 2679 1325 2811 1379; x_wconf 86' lang='lat' dir='ltr'><strong>Nam</strong></span> <span class='ocrx_word' id='word_1_352' title='bbox 2843 1326 2936 1390; x_wconf 87' lang='lat' dir='ltr'><strong>ait,</strong></span> <span class='ocrx_word' id='word_1_353' title='bbox 2985 1325 3075 1380; x_wconf 72' lang='grc' dir='ltr'><strong>νω</strong></span> <span class='ocrx_word' id='word_1_354' title='bbox 3113 1342 3269 1381; x_wconf 84' lang='lat' dir='ltr'><strong>servo</strong></span> <span class='ocrx_word' id='word_1_355' title='bbox 3315 1329 3429 1392; x_wconf 93' lang='lat' dir='ltr'><strong>illi,</strong></span> <span class='ocrx_word' id='word_1_356' title='bbox 3464 1344 3561 1396; x_wconf 87' lang='lat' dir='ltr'><strong>per</strong></span> 
     </span>
    </p>
   </div>
   <div class='ocr_carea' id='block_1_46' title="bbox 1961 1419 3558 1489">
    <p class='ocr_par' dir='ltr' id='par_1_46' title="bbox 1961 1419 3558 1489">
     <span class='ocr_line' id='line_1_46' title="bbox 1961 1419 3558 1489; baseline 0.002 -16"><span class='ocrx_word' id='word_1_357' title='bbox 1961 1435 2119 1489; x_wconf 88' lang='lat' dir='ltr'><strong>quem</strong></span> <span class='ocrx_word' id='word_1_358' title='bbox 2156 1436 2351 1474; x_wconf 91' lang='lat' dir='ltr'><strong>nomen</strong></span> <span class='ocrx_word' id='word_1_359' title='bbox 2404 1419 2492 1472; x_wconf 88' lang='lat' dir='ltr'><strong>Dei</strong></span> <span class='ocrx_word' id='word_1_360' title='bbox 2535 1419 2935 1487; x_wconf 83' lang='lat' dir='ltr'><strong>blasphematur</strong></span> <span class='ocrx_word' id='word_1_361' title='bbox 2969 1420 3215 1489; x_wconf 85' lang='lat' dir='ltr'><strong>(quando</strong></span> <span class='ocrx_word' id='word_1_362' title='bbox 3251 1431 3428 1474; x_wconf 83' lang='lat' dir='ltr'><strong>autem</strong></span> <span class='ocrx_word' id='word_1_363' title='bbox 3467 1421 3558 1475; x_wconf 72' lang='lat' dir='ltr'><strong>Vae</strong></span> 
     </span>
    </p>
   </div>
   <div class='ocr_carea' id='block_1_47' title="bbox 1960 1511 3548 1582">
    <p class='ocr_par' dir='ltr' id='par_1_47' title="bbox 1960 1511 3548 1582">
     <span class='ocr_line' id='line_1_47' title="bbox 1960 1511 3548 1582; baseline 0 -16"><span class='ocrx_word' id='word_1_364' title='bbox 1960 1511 2179 1577; x_wconf 89' lang='lat' dir='ltr'><strong>dicitur,</strong></span> <span class='ocrx_word' id='word_1_365' title='bbox 2204 1513 2377 1564; x_wconf 88' lang='lat' dir='ltr'><strong>omnis</strong></span> <span class='ocrx_word' id='word_1_366' title='bbox 2408 1512 2675 1565; x_wconf 87' lang='lat' dir='ltr'><strong>cruciatus</strong></span> <span class='ocrx_word' id='word_1_367' title='bbox 2697 1511 2939 1578; x_wconf 87' lang='lat' dir='ltr'><strong>sequitur</strong></span> <span class='ocrx_word' id='word_1_368' title='bbox 2966 1522 3125 1580; x_wconf 89' lang='lat' dir='ltr'><strong>atque</strong></span> <span class='ocrx_word' id='word_1_369' title='bbox 3156 1511 3497 1582; x_wconf 87' lang='lat' dir='ltr'><strong>supplicium)</strong></span> <span class='ocrx_word' id='word_1_370' title='bbox 3536 1530 3548 1566; x_wconf 94' lang='lat'>:</span> 
     </span>
    </p>
   </div>
   <div class='ocr_carea' id='block_1_48' title="bbox 1960 1603 3561 1671">
    <p class='ocr_par' dir='ltr' id='par_1_48' title="bbox 1960 1603 3561 1671">
     <span class='ocr_line' id='line_1_48' title="bbox 1960 1603 3561 1671; baseline -0.001 -13"><span class='ocrx_word' id='word_1_371' title='bbox 1960 1604 2149 1658; x_wconf 86' lang='lat' dir='ltr'><strong>beatus</strong></span> <span class='ocrx_word' id='word_1_372' title='bbox 2175 1615 2352 1657; x_wconf 88' lang='lat' dir='ltr'><strong>autem</strong></span> <span class='ocrx_word' id='word_1_373' title='bbox 2373 1604 2462 1657; x_wconf 90' lang='lat' dir='ltr'><strong>ille</strong></span> <span class='ocrx_word' id='word_1_374' title='bbox 2492 1610 2594 1664; x_wconf 76' lang='lat' dir='ltr'><strong>est,</strong></span> <span class='ocrx_word' id='word_1_375' title='bbox 2634 1617 2725 1668; x_wconf 90' lang='lat' dir='ltr'><strong>per</strong></span> <span class='ocrx_word' id='word_1_376' title='bbox 2751 1617 2911 1671; x_wconf 86' lang='lat' dir='ltr'><strong>quem</strong></span> <span class='ocrx_word' id='word_1_377' title='bbox 2943 1618 3136 1655; x_wconf 88' lang='lat' dir='ltr'><strong>nomen</strong></span> <span class='ocrx_word' id='word_1_378' title='bbox 3182 1603 3301 1671; x_wconf 87' lang='lat' dir='ltr'><strong>ejus</strong></span> <span class='ocrx_word' id='word_1_379' title='bbox 3329 1603 3561 1656; x_wconf 85' lang='lat' dir='ltr'><strong>honora-</strong></span> 
     </span>
    </p>
   </div>
   <div class='ocr_carea' id='block_1_49' title="bbox 1963 1692 3558 1763">
    <p class='ocr_par' dir='ltr' id='par_1_49' title="bbox 1963 1692 3558 1763">
     <span class='ocr_line' id='line_1_49' title="bbox 1963 1692 3558 1763; baseline -0.001 -16"><span class='ocrx_word' id='word_1_380' title='bbox 1963 1704 2068 1748; x_wconf 92' lang='lat' dir='ltr'><strong>tur.</strong></span> <span class='ocrx_word' id='word_1_381' title='bbox 2096 1693 2174 1747; x_wconf 85' lang='lat' dir='ltr'><strong>Ne</strong></span> <span class='ocrx_word' id='word_1_382' title='bbox 2196 1694 2372 1763; x_wconf 86' lang='lat' dir='ltr'><strong>itaque</strong></span> <span class='ocrx_word' id='word_1_383' title='bbox 2393 1694 2559 1747; x_wconf 89' lang='lat' dir='ltr'><strong>simus</strong></span> <span class='ocrx_word' id='word_1_384' title='bbox 2580 1692 2730 1761; x_wconf 86' lang='lat' dir='ltr'><strong>quasi</strong></span> <span class='ocrx_word' id='word_1_385' title='bbox 2754 1693 2806 1745; x_wconf 89' lang='lat' dir='ltr'><strong>in</strong></span> <span class='ocrx_word' id='word_1_386' title='bbox 2829 1692 3084 1755; x_wconf 89' lang='lat' dir='ltr'><strong>tenebris,</strong></span> <span class='ocrx_word' id='word_1_387' title='bbox 3111 1693 3202 1746; x_wconf 91' lang='lat' dir='ltr'><strong>sed</strong></span> <span class='ocrx_word' id='word_1_388' title='bbox 3231 1692 3407 1746; x_wconf 88' lang='lat' dir='ltr'><strong>omnia</strong></span> <span class='ocrx_word' id='word_1_389' title='bbox 3438 1708 3558 1762; x_wconf 83' lang='lat' dir='ltr'><strong>pec-</strong></span> 
     </span>
    </p>
   </div>
   <div class='ocr_carea' id='block_1_50' title="bbox 1959 1783 3554 1853">
    <p class='ocr_par' dir='ltr' id='par_1_50' title="bbox 1959 1783 3554 1853">
     <span class='ocr_line' id='line_1_50' title="bbox 1959 1783 3554 1853; baseline -0.001 -14"><span class='ocrx_word' id='word_1_390' title='bbox 1959 1796 2075 1839; x_wconf 85' lang='lat' dir='ltr'><strong>cata</strong></span> <span class='ocrx_word' id='word_1_391' title='bbox 2102 1786 2362 1853; x_wconf 77' lang='lat' dir='ltr'><strong>fugiamus</strong></span> <span class='ocrx_word' id='word_1_392' title='bbox 2387 1825 2401 1850; x_wconf 89' lang='lat'><strong>,</strong></span> <span class='ocrx_word' id='word_1_393' title='bbox 2436 1785 2664 1839; x_wconf 78' lang='lat' dir='ltr'><strong>maxime</strong></span> <span class='ocrx_word' id='word_1_394' title='bbox 2692 1792 2868 1837; x_wconf 86' lang='lat' dir='ltr'><strong>autem</strong></span> <span class='ocrx_word' id='word_1_395' title='bbox 2901 1783 2987 1836; x_wconf 88' lang='lat' dir='ltr'><strong>illa</strong></span> <span class='ocrx_word' id='word_1_396' title='bbox 3029 1799 3149 1853; x_wconf 76' lang='lat' dir='ltr'><strong>qua:</strong></span> <span class='ocrx_word' id='word_1_397' title='bbox 3196 1786 3247 1837; x_wconf 91' lang='lat' dir='ltr'><strong>iu</strong></span> <span class='ocrx_word' id='word_1_398' title='bbox 3289 1784 3554 1851; x_wconf 80' lang='lat' dir='ltr'><strong>publicam</strong></span> 
     </span>
    </p>
   </div>
   <div class='ocr_carea' id='block_1_51' title="bbox 1961 1872 3557 1945">
    <p class='ocr_par' dir='ltr' id='par_1_51' title="bbox 1961 1872 3557 1945">
     <span class='ocr_line' id='line_1_51' title="bbox 1961 1872 3557 1945; baseline 0 -15"><span class='ocrx_word' id='word_1_399' title='bbox 1961 1876 2249 1945; x_wconf 68' lang='lat' dir='ltr'><strong>perniciem</strong></span> <span class='ocrx_word' id='word_1_400' title='bbox 2304 1884 2617 1929; x_wconf 89' lang='lat' dir='ltr'><strong>transeunt:</strong></span> <span class='ocrx_word' id='word_1_401' title='bbox 2650 1875 2701 1927; x_wconf 89' lang='lat' dir='ltr'><strong>in</strong></span> <span class='ocrx_word' id='word_1_402' title='bbox 2746 1874 2829 1927; x_wconf 91' lang='lat' dir='ltr'><strong>his</strong></span> <span class='ocrx_word' id='word_1_403' title='bbox 2877 1872 3019 1927; x_wconf 87' lang='lat' dir='ltr'><strong>enim</strong></span> <span class='ocrx_word' id='word_1_404' title='bbox 3070 1876 3366 1943; x_wconf 72' lang='lat' dir='ltr'><strong>prmsertim</strong></span> <span class='ocrx_word' id='word_1_405' title='bbox 3416 1875 3557 1930; x_wconf 85' lang='lat' dir='ltr'><strong>Deus</strong></span> 
     </span>
    </p>
   </div>
   <div class='ocr_carea' id='block_1_52' title="bbox 1962 1965 3553 2036">
    <p class='ocr_par' dir='ltr' id='par_1_52' title="bbox 1962 1965 3553 2036">
     <span class='ocr_line' id='line_1_52' title="bbox 1962 1965 3553 2036; baseline -0.001 -15"><span class='ocrx_word' id='word_1_406' title='bbox 1962 1966 2381 2036; x_wconf 81' lang='lat' dir='ltr'><strong>blasphematur.</strong></span> <span class='ocrx_word' id='word_1_407' title='bbox 2416 1966 2584 2033; x_wconf 84' lang='lat' dir='ltr'><strong>Quam</strong></span> <span class='ocrx_word' id='word_1_408' title='bbox 2616 1965 2758 2019; x_wconf 92' lang='lat' dir='ltr'><strong>enim</strong></span> <span class='ocrx_word' id='word_1_409' title='bbox 2786 1966 2996 2019; x_wconf 84' lang='lat' dir='ltr'><strong>veniam</strong></span> <span class='ocrx_word' id='word_1_410' title='bbox 3052 1980 3477 2035; x_wconf 67' lang='lat' dir='ltr'><strong>consoquemur,</strong></span> <span class='ocrx_word' id='word_1_411' title='bbox 3510 1968 3553 2020; x_wconf 85' lang='lat' dir='ltr'><strong>si</strong></span> 
     </span>
    </p>
   </div>
   <div class='ocr_carea' id='block_1_53' title="bbox 1958 2058 3557 2129">
    <p class='ocr_par' dir='ltr' id='par_1_53' title="bbox 1958 2058 3557 2129">
     <span class='ocr_line' id='line_1_53' title="bbox 1958 2058 3557 2129; baseline -0.001 -15"><span class='ocrx_word' id='word_1_412' title='bbox 1958 2061 2077 2114; x_wconf 89' lang='lat' dir='ltr'><strong>aliis</strong></span> <span class='ocrx_word' id='word_1_413' title='bbox 2097 2061 2227 2114; x_wconf 87' lang='lat' dir='ltr'><strong>dare</strong></span> <span class='ocrx_word' id='word_1_414' title='bbox 2251 2058 2408 2128; x_wconf 87' lang='lat' dir='ltr'><strong>jussi,</strong></span> <span class='ocrx_word' id='word_1_415' title='bbox 2439 2059 2613 2112; x_wconf 86' lang='lat' dir='ltr'><strong>aliena</strong></span> <span class='ocrx_word' id='word_1_416' title='bbox 2640 2058 2952 2127; x_wconf 74' lang='lat' dir='ltr'><strong>rapiamus?</strong></span> <span class='ocrx_word' id='word_1_417' title='bbox 2981 2074 3101 2123; x_wconf 80' lang='lat' dir='ltr'><strong>qua:</strong></span> <span class='ocrx_word' id='word_1_418' title='bbox 3130 2058 3283 2113; x_wconf 89' lang='lat' dir='ltr'><strong>nobis</strong></span> <span class='ocrx_word' id='word_1_419' title='bbox 3310 2058 3412 2111; x_wconf 90' lang='lat' dir='ltr'><strong>erit</strong></span> <span class='ocrx_word' id='word_1_420' title='bbox 3432 2073 3557 2129; x_wconf 84' lang='lat' dir='ltr'><strong>spes</strong></span> 
     </span>
    </p>
   </div>
   <div class='ocr_carea' id='block_1_54' title="bbox 1958 2149 3552 2218">
    <p class='ocr_par' dir='ltr' id='par_1_54' title="bbox 1958 2149 3552 2218">
     <span class='ocr_line' id='line_1_54' title="bbox 1958 2149 3552 2218; baseline -0.002 -12"><span class='ocrx_word' id='word_1_421' title='bbox 1958 2151 2146 2206; x_wconf 77' lang='lat' dir='ltr'><strong>salutis</strong></span> <span class='ocrx_word' id='word_1_422' title='bbox 2173 2152 2196 2203; x_wconf 79' lang='lat' dir='ltr'><strong>&#39;i</strong></span> <span class='ocrx_word' id='word_1_423' title='bbox 2222 2149 2277 2207; x_wconf 87' lang='lat' dir='ltr'><strong>Si</strong></span> <span class='ocrx_word' id='word_1_424' title='bbox 2304 2150 2631 2205; x_wconf 88' lang='lat' dir='ltr'><strong>esurientem</strong></span> <span class='ocrx_word' id='word_1_425' title='bbox 2658 2164 2766 2202; x_wconf 91' lang='lat' dir='ltr'><strong>non</strong></span> <span class='ocrx_word' id='word_1_426' title='bbox 2794 2149 2929 2215; x_wconf 86' lang='lat' dir='ltr'><strong>alas,</strong></span> <span class='ocrx_word' id='word_1_427' title='bbox 2955 2150 3213 2218; x_wconf 90' lang='lat' dir='ltr'><strong>punieris;</strong></span> <span class='ocrx_word' id='word_1_428' title='bbox 3236 2150 3281 2203; x_wconf 87' lang='lat' dir='ltr'><strong>si</strong></span> <span class='ocrx_word' id='word_1_429' title='bbox 3313 2149 3552 2203; x_wconf 89' lang='lat' dir='ltr'><strong>indutum</strong></span> 
     </span>
    </p>
   </div>
   <div class='ocr_carea' id='block_1_55' title="bbox 1959 2240 3557 2312">
    <p class='ocr_par' dir='ltr' id='par_1_55' title="bbox 1959 2240 3557 2312">
     <span class='ocr_line' id='line_1_55' title="bbox 1959 2240 3557 2312; baseline 0 -15"><span class='ocrx_word' id='word_1_430' title='bbox 1959 2260 2123 2299; x_wconf 79' lang='lat' dir='ltr'><strong>exuas</strong></span> <span class='ocrx_word' id='word_1_431' title='bbox 2149 2284 2164 2310; x_wconf 95' lang='lat'><strong>,</strong></span> <span class='ocrx_word' id='word_1_432' title='bbox 2211 2256 2370 2312; x_wconf 90' lang='lat' dir='ltr'><strong>quam</strong></span> <span class='ocrx_word' id='word_1_433' title='bbox 2402 2242 2750 2311; x_wconf 89' lang='lat' dir='ltr'><strong>consequeris</strong></span> <span class='ocrx_word' id='word_1_434' title='bbox 2790 2240 3041 2296; x_wconf 72' lang='lat' dir='ltr'><strong>veniam?</strong></span> <span class='ocrx_word' id='word_1_435' title='bbox 3085 2241 3208 2296; x_wconf 70' lang='grc' dir='ltr'><strong>11ωο</strong></span> <span class='ocrx_word' id='word_1_436' title='bbox 3252 2241 3557 2311; x_wconf 80' lang='lat' dir='ltr'><strong>frequenter</strong></span> 
     </span>
    </p>
   </div>
   <div class='ocr_carea' id='block_1_56' title="bbox 1957 2332 3551 2403">
    <p class='ocr_par' dir='ltr' id='par_1_56' title="bbox 1957 2332 3551 2403">
     <span class='ocr_line' id='line_1_56' title="bbox 1957 2332 3551 2403; baseline -0.003 -12"><span class='ocrx_word' id='word_1_437' title='bbox 1957 2337 2136 2391; x_wconf 87' lang='lat' dir='ltr'><strong>dicere</strong></span> <span class='ocrx_word' id='word_1_438' title='bbox 2158 2351 2262 2389; x_wconf 93' lang='lat' dir='ltr'><strong>non</strong></span> <span class='ocrx_word' id='word_1_439' title='bbox 2288 2333 2638 2390; x_wconf 84' lang='lat' dir='ltr'><strong>cessabimus.</strong></span> <span class='ocrx_word' id='word_1_440' title='bbox 2672 2332 2835 2388; x_wconf 86' lang='lat' dir='ltr'><strong>Forte</strong></span> <span class='ocrx_word' id='word_1_441' title='bbox 2862 2334 2950 2403; x_wconf 90' lang='lat' dir='ltr'><strong>qui</strong></span> <span class='ocrx_word' id='word_1_442' title='bbox 2984 2332 3144 2388; x_wconf 90' lang='lat' dir='ltr'><strong>hodie</strong></span> <span class='ocrx_word' id='word_1_443' title='bbox 3171 2350 3277 2389; x_wconf 91' lang='lat' dir='ltr'><strong>non</strong></span> <span class='ocrx_word' id='word_1_444' title='bbox 3306 2334 3551 2400; x_wconf 88' lang='lat' dir='ltr'><strong>audiunt,</strong></span> 
     </span>
    </p>
   </div>
   <div class='ocr_carea' id='block_1_57' title="bbox 1957 2424 3555 2495">
    <p class='ocr_par' dir='ltr' id='par_1_57' title="bbox 1957 2424 3555 2495">
     <span class='ocr_line' id='line_1_57' title="bbox 1957 2424 3555 2495; baseline -0.001 -15"><span class='ocrx_word' id='word_1_445' title='bbox 1957 2442 2076 2482; x_wconf 78' lang='lat' dir='ltr'><strong>cras</strong></span> <span class='ocrx_word' id='word_1_446' title='bbox 2124 2426 2387 2481; x_wconf 85' lang='lat' dir='ltr'><strong>audient:</strong></span> <span class='ocrx_word' id='word_1_447' title='bbox 2442 2426 2529 2493; x_wconf 91' lang='lat' dir='ltr'><strong>qui</strong></span> <span class='ocrx_word' id='word_1_448' title='bbox 2582 2440 2703 2485; x_wconf 86' lang='lat' dir='ltr'><strong>eras</strong></span> <span class='ocrx_word' id='word_1_449' title='bbox 2753 2440 2858 2478; x_wconf 90' lang='lat' dir='ltr'><strong>non</strong></span> <span class='ocrx_word' id='word_1_450' title='bbox 2914 2424 3193 2481; x_wconf 85' lang='lat' dir='ltr'><strong>attendent</strong></span> <span class='ocrx_word' id='word_1_451' title='bbox 3223 2466 3239 2490; x_wconf 96' lang='lat'><strong>,</strong></span> <span class='ocrx_word' id='word_1_452' title='bbox 3301 2426 3555 2495; x_wconf 89' lang='lat' dir='ltr'><strong>postridie</strong></span> 
     </span>
    </p>
   </div>
   <div class='ocr_carea' id='block_1_58' title="bbox 1957 2515 3550 2587">
    <p class='ocr_par' dir='ltr' id='par_1_58' title="bbox 1957 2515 3550 2587">
     <span class='ocr_line' id='line_1_58' title="bbox 1957 2515 3550 2587; baseline -0.001 -16"><span class='ocrx_word' id='word_1_453' title='bbox 1957 2520 2196 2574; x_wconf 87' lang='lat' dir='ltr'><strong>audient.</strong></span> <span class='ocrx_word' id='word_1_454' title='bbox 2248 2518 2399 2585; x_wconf 87' lang='lat' dir='ltr'><strong>Quod</strong></span> <span class='ocrx_word' id='word_1_455' title='bbox 2427 2518 2473 2570; x_wconf 91' lang='lat' dir='ltr'><strong>si</strong></span> <span class='ocrx_word' id='word_1_456' title='bbox 2504 2518 2594 2587; x_wconf 92' lang='lat' dir='ltr'><strong>qui</strong></span> <span class='ocrx_word' id='word_1_457' title='bbox 2650 2515 2975 2587; x_wconf 77' lang='lat' dir='ltr'><strong>immorigeri</strong></span> <span class='ocrx_word' id='word_1_458' title='bbox 3022 2517 3172 2583; x_wconf 86' lang='lat' dir='ltr'><strong>sint,</strong></span> <span class='ocrx_word' id='word_1_459' title='bbox 3214 2531 3312 2570; x_wconf 88' lang='lat' dir='ltr'><strong>nos</strong></span> <span class='ocrx_word' id='word_1_460' title='bbox 3361 2518 3550 2572; x_wconf 88' lang='lat' dir='ltr'><strong>saltem</strong></span> 
     </span>
    </p>
   </div>
   <div class='ocr_carea' id='block_1_59' title="bbox 1959 2605 3557 2679">
    <p class='ocr_par' dir='ltr' id='par_1_59' title="bbox 1959 2605 3557 2679">
     <span class='ocr_line' id='line_1_59' title="bbox 1959 2605 3557 2679; baseline -0.002 -14"><span class='ocrx_word' id='word_1_461' title='bbox 1959 2612 2161 2666; x_wconf 80' lang='lat' dir='ltr'><strong>innoxii</strong></span> <span class='ocrx_word' id='word_1_462' title='bbox 2182 2610 2440 2679; x_wconf 88' lang='lat' dir='ltr'><strong>judicium</strong></span> <span class='ocrx_word' id='word_1_463' title='bbox 2464 2624 2568 2662; x_wconf 90' lang='lat' dir='ltr'><strong>non</strong></span> <span class='ocrx_word' id='word_1_464' title='bbox 2592 2605 2911 2667; x_wconf 89' lang='lat' dir='ltr'><strong>subibimus.</strong></span> <span class='ocrx_word' id='word_1_465' title='bbox 2950 2608 3039 2675; x_wconf 90' lang='lat' dir='ltr'><strong>qui</strong></span> <span class='ocrx_word' id='word_1_466' title='bbox 3057 2622 3175 2677; x_wconf 68' lang='lat' dir='ltr'><strong>quae</strong></span> <span class='ocrx_word' id='word_1_467' title='bbox 3192 2617 3373 2662; x_wconf 90' lang='lat' dir='ltr'><strong>nostra</strong></span> <span class='ocrx_word' id='word_1_468' title='bbox 3402 2618 3557 2662; x_wconf 89' lang='lat' dir='ltr'><strong>erant</strong></span> 
     </span>
    </p>
   </div>
   <div class='ocr_carea' id='block_1_60' title="bbox 1959 2699 3551 2773">
    <p class='ocr_par' dir='ltr' id='par_1_60' title="bbox 1959 2699 3551 2773">
     <span class='ocr_line' id='line_1_60' title="bbox 1959 2699 3551 2773; baseline -0.004 -14"><span class='ocrx_word' id='word_1_469' title='bbox 1959 2704 2375 2773; x_wconf 89' lang='lat' dir='ltr'><strong>impleverimus.</strong></span> <span class='ocrx_word' id='word_1_470' title='bbox 2395 2699 2610 2760; x_wconf 76' lang='lat' dir='ltr'><strong>Utinam</strong></span> <span class='ocrx_word' id='word_1_471' title='bbox 2638 2714 2735 2754; x_wconf 91' lang='lat' dir='ltr'><strong>nec</strong></span> <span class='ocrx_word' id='word_1_472' title='bbox 2763 2716 2860 2755; x_wconf 88' lang='lat' dir='ltr'><strong>nos</strong></span> <span class='ocrx_word' id='word_1_473' title='bbox 2884 2700 2951 2754; x_wconf 88' lang='lat' dir='ltr'><strong>de</strong></span> <span class='ocrx_word' id='word_1_474' title='bbox 2966 2699 3123 2754; x_wconf 88' lang='lat' dir='ltr'><strong>dictis</strong></span> <span class='ocrx_word' id='word_1_475' title='bbox 3152 2700 3551 2767; x_wconf 86' lang='lat' dir='ltr'><strong>erubescamus,</strong></span> 
     </span>
    </p>
   </div>
   <div class='ocr_carea' id='block_1_61' title="bbox 1958 2791 3552 2865">
    <p class='ocr_par' dir='ltr' id='par_1_61' title="bbox 1958 2791 3552 2865">
     <span class='ocr_line' id='line_1_61' title="bbox 1958 2791 3552 2865; baseline -0.004 -12"><span class='ocrx_word' id='word_1_476' title='bbox 1958 2812 2057 2853; x_wconf 87' lang='lat' dir='ltr'><strong>nec</strong></span> <span class='ocrx_word' id='word_1_477' title='bbox 2101 2810 2196 2849; x_wconf 88' lang='lat' dir='ltr'><strong>vos</strong></span> <span class='ocrx_word' id='word_1_478' title='bbox 2242 2796 2447 2865; x_wconf 90' lang='lat' dir='ltr'><strong>pudore</strong></span> <span class='ocrx_word' id='word_1_479' title='bbox 2492 2791 2797 2846; x_wconf 86' lang='lat' dir='ltr'><strong>afliciamini</strong></span> <span class='ocrx_word' id='word_1_480' title='bbox 2821 2830 2837 2855; x_wconf 93' lang='lat'><strong>,</strong></span> <span class='ocrx_word' id='word_1_481' title='bbox 2870 2792 2965 2846; x_wconf 86' lang='lat' dir='ltr'><strong>sed</strong></span> <span class='ocrx_word' id='word_1_482' title='bbox 2995 2806 3183 2847; x_wconf 85' lang='lat' dir='ltr'><strong>omnes</strong></span> <span class='ocrx_word' id='word_1_483' title='bbox 3208 2808 3329 2847; x_wconf 88' lang='lat' dir='ltr'><strong>eum</strong></span> <span class='ocrx_word' id='word_1_484' title='bbox 3363 2792 3552 2847; x_wconf 80' lang='lat' dir='ltr'><strong>fiducia</strong></span> 
     </span>
    </p>
   </div>
   <div class='ocr_carea' id='block_1_62' title="bbox 1958 2882 3552 2957">
    <p class='ocr_par' dir='ltr' id='par_1_62' title="bbox 1958 2882 3552 2957">
     <span class='ocr_line' id='line_1_62' title="bbox 1958 2882 3552 2957; baseline -0.003 -14"><span class='ocrx_word' id='word_1_485' title='bbox 1958 2899 2102 2945; x_wconf 83' lang='lat' dir='ltr'><strong>stare</strong></span> <span class='ocrx_word' id='word_1_486' title='bbox 2129 2889 2393 2957; x_wconf 82' lang='lat' dir='ltr'><strong>possimus</strong></span> <span class='ocrx_word' id='word_1_487' title='bbox 2420 2896 2545 2938; x_wconf 88' lang='lat' dir='ltr'><strong>ante</strong></span> <span class='ocrx_word' id='word_1_488' title='bbox 2575 2882 2805 2936; x_wconf 88' lang='lat' dir='ltr'><strong>tribunal</strong></span> <span class='ocrx_word' id='word_1_489' title='bbox 2836 2884 3055 2949; x_wconf 88' lang='lat' dir='ltr'><strong>Christi,</strong></span> <span class='ocrx_word' id='word_1_490' title='bbox 3091 2894 3149 2938; x_wconf 92' lang='lat' dir='ltr'><strong>ut</strong></span> <span class='ocrx_word' id='word_1_491' title='bbox 3170 2894 3225 2940; x_wconf 90' lang='lat' dir='ltr'><strong>et</strong></span> <span class='ocrx_word' id='word_1_492' title='bbox 3250 2900 3349 2939; x_wconf 88' lang='lat' dir='ltr'><strong>nos</strong></span> <span class='ocrx_word' id='word_1_493' title='bbox 3379 2884 3552 2953; x_wconf 79' lang='lat' dir='ltr'><strong>possi-</strong></span> 
     </span>
    </p>
   </div>
   <div class='ocr_carea' id='block_1_63' title="bbox 1958 2976 3551 3049">
    <p class='ocr_par' dir='ltr' id='par_1_63' title="bbox 1958 2976 3551 3049">
     <span class='ocr_line' id='line_1_63' title="bbox 1958 2976 3551 3049; baseline -0.006 -11"><span class='ocrx_word' id='word_1_494' title='bbox 1958 2998 2078 3038; x_wconf 87' lang='lat' dir='ltr'><strong>mus</strong></span> <span class='ocrx_word' id='word_1_495' title='bbox 2131 2984 2182 3038; x_wconf 91' lang='lat' dir='ltr'><strong>in</strong></span> <span class='ocrx_word' id='word_1_496' title='bbox 2227 2981 2390 3036; x_wconf 76' lang='lat' dir='ltr'><strong>vobis</strong></span> <span class='ocrx_word' id='word_1_497' title='bbox 2428 2976 2666 3049; x_wconf 76' lang='lat' dir='ltr'><strong>gloriari,</strong></span> <span class='ocrx_word' id='word_1_498' title='bbox 2700 2977 2873 3046; x_wconf 88' lang='lat' dir='ltr'><strong>deque</strong></span> <span class='ocrx_word' id='word_1_499' title='bbox 2898 2977 3052 3031; x_wconf 83' lang='lat' dir='ltr'><strong>malis</strong></span> <span class='ocrx_word' id='word_1_500' title='bbox 3092 2977 3290 3031; x_wconf 87' lang='lat' dir='ltr'><strong>nostris</strong></span> <span class='ocrx_word' id='word_1_501' title='bbox 3318 2976 3551 3046; x_wconf 81' lang='lat' dir='ltr'><strong>aliquam</strong></span> 
     </span>
    </p>
   </div>
   <div class='ocr_carea' id='block_1_64' title="bbox 1958 3067 3551 3144">
    <p class='ocr_par' dir='ltr' id='par_1_64' title="bbox 1958 3067 3551 3144">
     <span class='ocr_line' id='line_1_64' title="bbox 1958 3067 3551 3144; baseline -0.005 -16"><span class='ocrx_word' id='word_1_502' title='bbox 1958 3075 2378 3129; x_wconf 87' lang='lat' dir='ltr'><strong>consolationem</strong></span> <span class='ocrx_word' id='word_1_503' title='bbox 2400 3073 2666 3144; x_wconf 69' lang='lat' dir='ltr'><strong>act-ipere;</strong></span> <span class='ocrx_word' id='word_1_504' title='bbox 2682 3080 2913 3128; x_wconf 76' lang='lat' dir='ltr'><strong>vestram</strong></span> <span class='ocrx_word' id='word_1_505' title='bbox 2938 3083 3129 3136; x_wconf 88' lang='lat' dir='ltr'><strong>nempe</strong></span> <span class='ocrx_word' id='word_1_506' title='bbox 3160 3067 3551 3136; x_wconf 84' lang='lat' dir='ltr'><strong>probationem,</strong></span> 
     </span>
    </p>
   </div>
   <div class='ocr_carea' id='block_1_65' title="bbox 1959 3158 3547 3229">
    <p class='ocr_par' dir='ltr' id='par_1_65' title="bbox 1959 3158 3547 3229">
     <span class='ocr_line' id='line_1_65' title="bbox 1959 3158 3547 3229; baseline -0.006 -9"><span class='ocrx_word' id='word_1_507' title='bbox 1959 3167 2011 3220; x_wconf 92' lang='lat' dir='ltr'><strong>in</strong></span> <span class='ocrx_word' id='word_1_508' title='bbox 2051 3164 2264 3221; x_wconf 85' lang='lat' dir='ltr'><strong>Christo</strong></span> <span class='ocrx_word' id='word_1_509' title='bbox 2278 3165 2403 3220; x_wconf 83' lang='lat' dir='ltr'><strong>Jesu</strong></span> <span class='ocrx_word' id='word_1_510' title='bbox 2434 3166 2659 3219; x_wconf 90' lang='lat' dir='ltr'><strong>Domino</strong></span> <span class='ocrx_word' id='word_1_511' title='bbox 2688 3172 2895 3228; x_wconf 91' lang='lat' dir='ltr'><strong>nostro,</strong></span> <span class='ocrx_word' id='word_1_512' title='bbox 2926 3160 3139 3229; x_wconf 89' lang='lat' dir='ltr'><strong>quicum</strong></span> <span class='ocrx_word' id='word_1_513' title='bbox 3164 3159 3303 3213; x_wconf 86' lang='lat' dir='ltr'><strong>Patri</strong></span> <span class='ocrx_word' id='word_1_514' title='bbox 3326 3158 3494 3228; x_wconf 75' lang='lat' dir='ltr'><strong>gloria</strong></span> <span class='ocrx_word' id='word_1_515' title='bbox 3530 3198 3547 3224; x_wconf 92' lang='lat'><strong>,</strong></span> 
     </span>
    </p>
   </div>
   <div class='ocr_carea' id='block_1_66' title="bbox 1957 3251 3234 3324">
    <p class='ocr_par' dir='ltr' id='par_1_66' title="bbox 1957 3251 3234 3324">
     <span class='ocr_line' id='line_1_66' title="bbox 1957 3251 3234 3324; baseline -0.008 -12"><span class='ocrx_word' id='word_1_516' title='bbox 1957 3256 2221 3324; x_wconf 84' lang='lat' dir='ltr'><strong>simulque</strong></span> <span class='ocrx_word' id='word_1_517' title='bbox 2248 3255 2467 3324; x_wconf 88' lang='lat' dir='ltr'><strong>Spiritui</strong></span> <span class='ocrx_word' id='word_1_518' title='bbox 2493 3264 2679 3308; x_wconf 89' lang='lat' dir='ltr'><strong>sancto</strong></span> <span class='ocrx_word' id='word_1_519' title='bbox 2707 3255 2762 3307; x_wconf 89' lang='lat' dir='ltr'><strong>in</strong></span> <span class='ocrx_word' id='word_1_520' title='bbox 2792 3251 3009 3307; x_wconf 71' lang='lat' dir='ltr'><strong>saecula.</strong></span> <span class='ocrx_word' id='word_1_521' title='bbox 3041 3252 3234 3305; x_wconf 87' lang='lat' dir='ltr'><strong>Amen.</strong></span> 
     </span>
    </p>
   </div>
   <div class='ocr_carea' id='block_1_67' title="bbox 1554 3565 2224 3628">
    <p class='ocr_par' dir='ltr' id='par_1_67' title="bbox 1554 3565 2224 3628">
     <span class='ocr_line' id='line_1_67' title="bbox 1554 3565 2224 3628; baseline 0 -3"><span class='ocrx_word' id='word_1_522' title='bbox 1554 3565 1902 3628; x_wconf 80' lang='lat' dir='ltr'><strong>HOMILIA</strong></span> <span class='ocrx_word' id='word_1_523' title='bbox 1943 3566 2224 3627; x_wconf 81' lang='lat' dir='ltr'>LXVIII.</span> 
     </span>
    </p>
   </div>
   <div class='ocr_carea' id='block_1_68' title="bbox 255 3703 3530 3778">
    <p class='ocr_par' dir='ltr' id='par_1_68' title="bbox 255 3703 3530 3778">
     <span class='ocr_line' id='line_1_68' title="bbox 255 3703 3530 3778; baseline -0.001 -16"><span class='ocrx_word' id='word_1_524' title='bbox 255 3706 389 3762; x_wconf 63' lang='lat' dir='ltr'><strong>Car.</strong></span> <span class='ocrx_word' id='word_1_525' title='bbox 423 3705 511 3760; x_wconf 74' lang='grc' dir='ltr'><strong>η.</strong></span> <span class='ocrx_word' id='word_1_526' title='bbox 542 3721 597 3758; x_wconf 84' lang='lat' dir='ltr'><strong>v.</strong></span> <span class='ocrx_word' id='word_1_527' title='bbox 632 3706 721 3759; x_wconf 68' lang='grc'><strong>54.</strong></span> <span class='ocrx_word' id='word_1_528' title='bbox 761 3704 1039 3774; x_wconf 78' lang='lat' dir='ltr'><strong>Respondit</strong></span> <span class='ocrx_word' id='word_1_529' title='bbox 1065 3706 1109 3758; x_wconf 81' lang='lat' dir='ltr'><strong>ei</strong></span> <span class='ocrx_word' id='word_1_530' title='bbox 1130 3704 1276 3757; x_wconf 85' lang='lat' dir='ltr'><strong>turba</strong></span> <span class='ocrx_word' id='word_1_531' title='bbox 1299 3721 1317 3758; x_wconf 91' lang='lat'><strong><em>:</em></strong></span> <span class='ocrx_word' id='word_1_532' title='bbox 1346 3703 1458 3759; x_wconf 83' lang='lat' dir='ltr'><strong>Nos</strong></span> <span class='ocrx_word' id='word_1_533' title='bbox 1482 3706 1766 3761; x_wconf 83' lang='lat' dir='ltr'><strong>audivimus</strong></span> <span class='ocrx_word' id='word_1_534' title='bbox 1792 3723 1855 3761; x_wconf 77' lang='lat' dir='ltr'><strong>ea:</strong></span> <span class='ocrx_word' id='word_1_535' title='bbox 1950 3708 2233 3778; x_wconf 78' lang='lat' dir='ltr'><strong>significat.</strong></span> <span class='ocrx_word' id='word_1_536' title='bbox 2266 3707 2462 3762; x_wconf 83' lang='lat' dir='ltr'><strong>Verum</strong></span> <span class='ocrx_word' id='word_1_537' title='bbox 2494 3706 2548 3762; x_wconf 86' lang='lat' dir='ltr'><strong>hi</strong></span> <span class='ocrx_word' id='word_1_538' title='bbox 2578 3715 2856 3777; x_wconf 88' lang='lat' dir='ltr'><strong>sperantes</strong></span> <span class='ocrx_word' id='word_1_539' title='bbox 2904 3721 2963 3762; x_wconf 86' lang='lat' dir='ltr'><strong>se</strong></span> <span class='ocrx_word' id='word_1_540' title='bbox 2994 3706 3069 3761; x_wconf 92' lang='lat' dir='ltr'><strong>illi</strong></span> <span class='ocrx_word' id='word_1_541' title='bbox 3102 3706 3376 3761; x_wconf 86' lang='lat' dir='ltr'><strong>silentium</strong></span> <span class='ocrx_word' id='word_1_542' title='bbox 3425 3706 3530 3759; x_wconf 85' lang='lat' dir='ltr'><strong>im-</strong></span> 
     </span>
    </p>
   </div>
   <div class='ocr_carea' id='block_1_69' title="bbox 332 3796 1855 3867">
    <p class='ocr_par' dir='ltr' id='par_1_69' title="bbox 332 3796 1855 3867">
     <span class='ocr_line' id='line_1_69' title="bbox 332 3796 1855 3867; baseline 0 -16"><span class='ocrx_word' id='word_1_543' title='bbox 332 3796 458 3867; x_wconf 85' lang='lat' dir='ltr'><strong>lege.</strong></span> <span class='ocrx_word' id='word_1_544' title='bbox 483 3798 617 3863; x_wconf 83' lang='lat' dir='ltr'><strong>quod</strong></span> <span class='ocrx_word' id='word_1_545' title='bbox 642 3796 867 3850; x_wconf 75' lang='lat' dir='ltr'><strong>Christus</strong></span> <span class='ocrx_word' id='word_1_546' title='bbox 896 3805 1060 3849; x_wconf 86' lang='lat' dir='ltr'><strong>manet</strong></span> <span class='ocrx_word' id='word_1_547' title='bbox 1084 3796 1137 3849; x_wconf 84' lang='lat' dir='ltr'><strong>In</strong></span> <span class='ocrx_word' id='word_1_548' title='bbox 1155 3804 1393 3849; x_wconf 67' lang='lat' dir='ltr'><strong>(sternunt</strong></span> <span class='ocrx_word' id='word_1_549' title='bbox 1414 3812 1434 3849; x_wconf 85' lang='lat'><strong><em>:</em></strong></span> <span class='ocrx_word' id='word_1_550' title='bbox 1456 3808 1502 3849; x_wconf 86' lang='lat' dir='ltr'><strong>et</strong></span> <span class='ocrx_word' id='word_1_551' title='bbox 1528 3798 1780 3865; x_wconf 81' lang='lat' dir='ltr'><strong>quomodo</strong></span> <span class='ocrx_word' id='word_1_552' title='bbox 1801 3806 1855 3851; x_wconf 89' lang='lat' dir='ltr'><strong>tu</strong></span> 
     </span>
    </p>
   </div>
   <div class='ocr_carea' id='block_1_70' title="bbox 330 3887 1855 3957">
    <p class='ocr_par' dir='ltr' id='par_1_70' title="bbox 330 3887 1855 3957">
     <span class='ocr_line' id='line_1_70' title="bbox 330 3887 1855 3957; baseline 0.001 -14"><span class='ocrx_word' id='word_1_553' title='bbox 330 3890 482 3956; x_wconf 80' lang='lat' dir='ltr'><strong>dicis,</strong></span> <span class='ocrx_word' id='word_1_554' title='bbox 515 3890 723 3957; x_wconf 82' lang='lat' dir='ltr'><strong>Oportet</strong></span> <span class='ocrx_word' id='word_1_555' title='bbox 747 3890 958 3943; x_wconf 73' lang='lat' dir='ltr'><strong>exaltari</strong></span> <span class='ocrx_word' id='word_1_556' title='bbox 985 3887 1179 3944; x_wconf 81' lang='lat' dir='ltr'><strong>Filium</strong></span> <span class='ocrx_word' id='word_1_557' title='bbox 1207 3890 1467 3944; x_wconf 71' lang='lat' dir='ltr'><strong>hominis?</strong></span> <span class='ocrx_word' id='word_1_558' title='bbox 1499 3889 1624 3955; x_wconf 86' lang='lat' dir='ltr'><strong>Quis</strong></span> <span class='ocrx_word' id='word_1_559' title='bbox 1648 3899 1719 3945; x_wconf 82' lang='lat' dir='ltr'><strong>est</strong></span> <span class='ocrx_word' id='word_1_560' title='bbox 1763 3892 1855 3945; x_wconf 86' lang='lat' dir='ltr'><strong>iste</strong></span> 
     </span>
    </p>
   </div>
   <div class='ocr_carea' id='block_1_71' title="bbox 334 3979 788 4033">
    <p class='ocr_par' dir='ltr' id='par_1_71' title="bbox 334 3979 788 4033">
     <span class='ocr_line' id='line_1_71' title="bbox 334 3979 788 4033; baseline 0 0"><span class='ocrx_word' id='word_1_561' title='bbox 334 3979 503 4033; x_wconf 72' lang='lat' dir='ltr'><strong>Filius</strong></span> <span class='ocrx_word' id='word_1_562' title='bbox 532 3980 788 4033; x_wconf 80' lang='lat' dir='ltr'><strong>hominis?</strong></span> 
     </span>
    </p>
   </div>
   <div class='ocr_carea' id='block_1_72' title="bbox 332 4069 1851 4144">
    <p class='ocr_par' dir='ltr' id='par_1_72' title="bbox 332 4069 1851 4144">
     <span class='ocr_line' id='line_1_72' title="bbox 332 4069 1851 4144; baseline 0.002 -17"><span class='ocrx_word' id='word_1_563' title='bbox 332 4073 390 4127; x_wconf 74' lang='lat' dir='ltr'><strong>I.</strong></span> <span class='ocrx_word' id='word_1_564' title='bbox 432 4071 575 4127; x_wconf 71' lang='lat' dir='ltr'><strong>Mors</strong></span> <span class='ocrx_word' id='word_1_565' title='bbox 620 4070 807 4127; x_wconf 83' lang='lat' dir='ltr'><strong>Chriin</strong></span> <span class='ocrx_word' id='word_1_566' title='bbox 856 4089 955 4127; x_wconf 87' lang='lat' dir='ltr'><strong>non</strong></span> <span class='ocrx_word' id='word_1_567' title='bbox 1004 4069 1166 4144; x_wconf 79' lang='lat' dir='ltr'><strong>obfuit</strong></span> <span class='ocrx_word' id='word_1_568' title='bbox 1209 4074 1477 4143; x_wconf 82' lang='lat' dir='ltr'><strong>quominus</strong></span> <span class='ocrx_word' id='word_1_569' title='bbox 1532 4085 1753 4129; x_wconf 67' lang='lat' dir='ltr'><strong>instrueret</strong></span> <span class='ocrx_word' id='word_1_570' title='bbox 1799 4075 1851 4130; x_wconf 88' lang='lat' dir='ltr'><strong>in</strong></span> 
     </span>
    </p>
   </div>
   <div class='ocr_carea' id='block_1_73' title="bbox 256 4163 1848 4235">
    <p class='ocr_par' dir='ltr' id='par_1_73' title="bbox 256 4163 1848 4235">
     <span class='ocr_line' id='line_1_73' title="bbox 256 4163 1848 4235; baseline 0.002 -17"><span class='ocrx_word' id='word_1_571' title='bbox 256 4175 526 4218; x_wconf 62' lang='lat' dir='ltr'><strong>uernum.</strong></span> <span class='ocrx_word' id='word_1_572' title='bbox 554 4193 625 4204; x_wconf 95' lang='lat'><strong><em>—</em></strong></span> <span class='ocrx_word' id='word_1_573' title='bbox 647 4163 811 4217; x_wconf 87' lang='lat' dir='ltr'><strong>Error</strong></span> <span class='ocrx_word' id='word_1_574' title='bbox 834 4164 1167 4233; x_wconf 89' lang='lat' dir='ltr'><strong>deprehensu</strong></span> <span class='ocrx_word' id='word_1_575' title='bbox 1199 4165 1367 4219; x_wconf 79' lang='lat' dir='ltr'><strong>facilis</strong></span> <span class='ocrx_word' id='word_1_576' title='bbox 1393 4175 1447 4219; x_wconf 92' lang='lat' dir='ltr'><strong>et</strong></span> <span class='ocrx_word' id='word_1_577' title='bbox 1474 4165 1717 4221; x_wconf 85' lang='lat' dir='ltr'><strong>inllrmus</strong></span> <span class='ocrx_word' id='word_1_578' title='bbox 1744 4176 1848 4235; x_wconf 85' lang='lat' dir='ltr'><strong>est,</strong></span> 
     </span>
    </p>
   </div>
   <div class='ocr_carea' id='block_1_74' title="bbox 256 4254 1851 4328">
    <p class='ocr_par' dir='ltr' id='par_1_74' title="bbox 256 4254 1851 4328">
     <span class='ocr_line' id='line_1_74' title="bbox 256 4254 1851 4328; baseline 0.004 -21"><span class='ocrx_word' id='word_1_579' title='bbox 256 4254 472 4308; x_wconf 89' lang='lat' dir='ltr'><strong>etiamsi</strong></span> <span class='ocrx_word' id='word_1_580' title='bbox 495 4255 735 4309; x_wconf 84' lang='lat' dir='ltr'><strong>exterius</strong></span> <span class='ocrx_word' id='word_1_581' title='bbox 758 4255 901 4307; x_wconf 89' lang='lat' dir='ltr'><strong>mille</strong></span> <span class='ocrx_word' id='word_1_582' title='bbox 922 4256 1239 4325; x_wconf 72' lang='lat' dir='ltr'><strong>depingatur</strong></span> <span class='ocrx_word' id='word_1_583' title='bbox 1262 4257 1547 4312; x_wconf 88' lang='lat' dir='ltr'><strong>coloribus.</strong></span> <span class='ocrx_word' id='word_1_584' title='bbox 1576 4258 1644 4312; x_wconf 85' lang='lat' dir='ltr'><strong>Et</strong></span> <span class='ocrx_word' id='word_1_585' title='bbox 1666 4275 1851 4328; x_wconf 79' lang='lat' dir='ltr'><strong>quem-</strong></span> 
     </span>
    </p>
   </div>
   <div class='ocr_carea' id='block_1_75' title="bbox 257 4342 1848 4417">
    <p class='ocr_par' dir='ltr' id='par_1_75' title="bbox 257 4342 1848 4417">
     <span class='ocr_line' id='line_1_75' title="bbox 257 4342 1848 4417; baseline 0.004 -20"><span class='ocrx_word' id='word_1_586' title='bbox 257 4342 547 4397; x_wconf 83' lang='lat' dir='ltr'><strong>admodum</strong></span> <span class='ocrx_word' id='word_1_587' title='bbox 575 4344 648 4407; x_wconf 88' lang='lat' dir='ltr'><strong>ii,</strong></span> <span class='ocrx_word' id='word_1_588' title='bbox 679 4344 766 4413; x_wconf 92' lang='lat' dir='ltr'><strong>qui</strong></span> <span class='ocrx_word' id='word_1_589' title='bbox 812 4345 978 4398; x_wconf 75' lang='lat' dir='ltr'><strong>ruinm</strong></span> <span class='ocrx_word' id='word_1_590' title='bbox 1009 4347 1276 4413; x_wconf 76' lang='lat' dir='ltr'><strong>proximos</strong></span> <span class='ocrx_word' id='word_1_591' title='bbox 1309 4349 1536 4415; x_wconf 87' lang='lat' dir='ltr'><strong>parietes</strong></span> <span class='ocrx_word' id='word_1_592' title='bbox 1564 4349 1848 4417; x_wconf 89' lang='lat' dir='ltr'><strong>oblinunt,</strong></span> 
     </span>
    </p>
   </div>
   <div class='ocr_carea' id='block_1_76' title="bbox 259 4435 1847 4508">
    <p class='ocr_par' dir='ltr' id='par_1_76' title="bbox 259 4435 1847 4508">
     <span class='ocr_line' id='line_1_76' title="bbox 259 4435 1847 4508; baseline 0.005 -21"><span class='ocrx_word' id='word_1_593' title='bbox 259 4448 370 4489; x_wconf 86' lang='lat' dir='ltr'><strong>non</strong></span> <span class='ocrx_word' id='word_1_594' title='bbox 407 4435 527 4488; x_wconf 84' lang='lat' dir='ltr'><strong>illos</strong></span> <span class='ocrx_word' id='word_1_595' title='bbox 556 4442 730 4488; x_wconf 86' lang='lat' dir='ltr'><strong>tamen</strong></span> <span class='ocrx_word' id='word_1_596' title='bbox 764 4436 925 4491; x_wconf 87' lang='lat' dir='ltr'><strong>illitos</strong></span> <span class='ocrx_word' id='word_1_597' title='bbox 968 4438 1181 4491; x_wconf 83' lang='lat' dir='ltr'><strong>firmant</strong></span> <span class='ocrx_word' id='word_1_598' title='bbox 1212 4455 1225 4491; x_wconf 92' lang='lat'><strong>:</strong></span> <span class='ocrx_word' id='word_1_599' title='bbox 1258 4440 1335 4492; x_wconf 90' lang='lat' dir='ltr'><strong>sic</strong></span> <span class='ocrx_word' id='word_1_600' title='bbox 1364 4439 1453 4507; x_wconf 91' lang='lat' dir='ltr'><strong>qui</strong></span> <span class='ocrx_word' id='word_1_601' title='bbox 1482 4441 1847 4508; x_wconf 89' lang='lat' dir='ltr'><strong>mentiuntur,</strong></span> 
     </span>
    </p>
   </div>
   <div class='ocr_carea' id='block_1_77' title="bbox 258 4523 1844 4596">
    <p class='ocr_par' dir='ltr' id='par_1_77' title="bbox 258 4523 1844 4596">
     <span class='ocr_line' id='line_1_77' title="bbox 258 4523 1844 4596; baseline 0.006 -20"><span class='ocrx_word' id='word_1_602' title='bbox 258 4523 421 4577; x_wconf 78' lang='lat' dir='ltr'><strong>facile</strong></span> <span class='ocrx_word' id='word_1_603' title='bbox 450 4523 834 4578; x_wconf 82' lang='lat' dir='ltr'><strong>confutantur:</strong></span> <span class='ocrx_word' id='word_1_604' title='bbox 880 4525 933 4578; x_wconf 90' lang='lat' dir='ltr'><strong>id</strong></span> <span class='ocrx_word' id='word_1_605' title='bbox 980 4526 1118 4595; x_wconf 88' lang='lat' dir='ltr'><strong>quod</strong></span> <span class='ocrx_word' id='word_1_606' title='bbox 1168 4526 1253 4581; x_wconf 88' lang='lat' dir='ltr'><strong>hic</strong></span> <span class='ocrx_word' id='word_1_607' title='bbox 1300 4530 1437 4596; x_wconf 88' lang='lat' dir='ltr'><strong>passi</strong></span> <span class='ocrx_word' id='word_1_608' title='bbox 1490 4539 1616 4583; x_wconf 91' lang='lat' dir='ltr'><strong>sunt</strong></span> <span class='ocrx_word' id='word_1_609' title='bbox 1653 4529 1844 4586; x_wconf 67' lang='lat' dir='ltr'><strong>Judaei.</strong></span> 
     </span>
    </p>
   </div>
   <div class='ocr_carea' id='block_1_78' title="bbox 257 4612 1850 4692">
    <p class='ocr_par' dir='ltr' id='par_1_78' title="bbox 257 4612 1850 4692">
     <span class='ocr_line' id='line_1_78' title="bbox 257 4612 1850 4692; baseline 0.005 -25"><span class='ocrx_word' id='word_1_610' title='bbox 257 4612 396 4667; x_wconf 82' lang='lat' dir='ltr'><strong>Nam</strong></span> <span class='ocrx_word' id='word_1_611' title='bbox 442 4613 659 4667; x_wconf 87' lang='lat' dir='ltr'><strong>Christo</strong></span> <span class='ocrx_word' id='word_1_612' title='bbox 688 4616 815 4682; x_wconf 84' lang='lat' dir='ltr'><strong>ipsis</strong></span> <span class='ocrx_word' id='word_1_613' title='bbox 854 4615 1097 4682; x_wconf 86' lang='lat' dir='ltr'><strong>dicente,</strong></span> <span class='ocrx_word' id='word_1_614' title='bbox 1139 4618 1266 4673; x_wconf 77' lang='lat' dir='ltr'><strong>Cum</strong></span> <span class='ocrx_word' id='word_1_615' title='bbox 1309 4616 1559 4674; x_wconf 70' lang='lat' dir='ltr'><strong>exaltatus</strong></span> <span class='ocrx_word' id='word_1_616' title='bbox 1604 4624 1749 4692; x_wconf 81' lang='lat' dir='ltr'><strong>fuero</strong></span> <span class='ocrx_word' id='word_1_617' title='bbox 1773 4664 1786 4686; x_wconf 94' lang='lat'><strong>,</strong></span> <span class='ocrx_word' id='word_1_618' title='bbox 1817 4640 1850 4675; x_wconf 92' lang='lat' dir='ltr'><strong>a</strong></span> 
     </span>
    </p>
   </div>
   <div class='ocr_carea' id='block_1_79' title="bbox 256 4706 1847 4778">
    <p class='ocr_par' dir='ltr' id='par_1_79' title="bbox 256 4706 1847 4778">
     <span class='ocr_line' id='line_1_79' title="bbox 256 4706 1847 4778; baseline 0.008 -23"><span class='ocrx_word' id='word_1_619' title='bbox 256 4713 397 4756; x_wconf 85' lang='lat' dir='ltr'><strong>terra</strong></span> <span class='ocrx_word' id='word_1_620' title='bbox 425 4720 595 4759; x_wconf 81' lang='lat' dir='ltr'><strong>omnes</strong></span> <span class='ocrx_word' id='word_1_621' title='bbox 636 4706 835 4759; x_wconf 80' lang='lat' dir='ltr'><strong>trahant</strong></span> <span class='ocrx_word' id='word_1_622' title='bbox 860 4707 928 4759; x_wconf 88' lang='lat' dir='ltr'><strong>ad</strong></span> <span class='ocrx_word' id='word_1_623' title='bbox 968 4710 1243 4778; x_wconf 85' lang='lat' dir='ltr'><strong>meipsum;</strong></span> <span class='ocrx_word' id='word_1_624' title='bbox 1286 4710 1397 4764; x_wconf 85' lang='lat' dir='ltr'><strong>Nos</strong></span> <span class='ocrx_word' id='word_1_625' title='bbox 1430 4713 1733 4777; x_wconf 85' lang='lat' dir='ltr'><strong>audivimus,</strong></span> <span class='ocrx_word' id='word_1_626' title='bbox 1764 4715 1847 4768; x_wconf 84' lang='lat' dir='ltr'><strong>iu-</strong></span> 
     </span>
    </p>
   </div>
   <div class='ocr_carea' id='block_1_80' title="bbox 256 4797 1849 4872">
    <p class='ocr_par' dir='ltr' id='par_1_80' title="bbox 256 4797 1849 4872">
     <span class='ocr_line' id='line_1_80' title="bbox 256 4797 1849 4872; baseline 0.006 -22"><span class='ocrx_word' id='word_1_627' title='bbox 256 4798 483 4866; x_wconf 89' lang='lat' dir='ltr'><strong>quiunt,</strong></span> <span class='ocrx_word' id='word_1_628' title='bbox 513 4814 545 4850; x_wconf 88' lang='lat' dir='ltr'><strong>a</strong></span> <span class='ocrx_word' id='word_1_629' title='bbox 572 4797 678 4868; x_wconf 79' lang='lat' dir='ltr'><strong>lege</strong></span> <span class='ocrx_word' id='word_1_630' title='bbox 701 4840 716 4863; x_wconf 96' lang='lat'><strong>,</strong></span> <span class='ocrx_word' id='word_1_631' title='bbox 744 4800 863 4869; x_wconf 86' lang='lat' dir='ltr'><strong>quia</strong></span> <span class='ocrx_word' id='word_1_632' title='bbox 893 4799 1123 4855; x_wconf 85' lang='lat' dir='ltr'><strong>Christus</strong></span> <span class='ocrx_word' id='word_1_633' title='bbox 1146 4812 1309 4855; x_wconf 88' lang='lat' dir='ltr'><strong>manet</strong></span> <span class='ocrx_word' id='word_1_634' title='bbox 1331 4804 1383 4856; x_wconf 91' lang='lat' dir='ltr'><strong>in</strong></span> <span class='ocrx_word' id='word_1_635' title='bbox 1410 4814 1677 4859; x_wconf 77' lang='lat' dir='ltr'><strong>teternum.</strong></span> <span class='ocrx_word' id='word_1_636' title='bbox 1710 4807 1849 4872; x_wconf 88' lang='lat' dir='ltr'><strong>Quo-</strong></span> 
     </span>
    </p>
   </div>
   <div class='ocr_carea' id='block_1_81' title="bbox 258 4888 1848 4965">
    <p class='ocr_par' dir='ltr' id='par_1_81' title="bbox 258 4888 1848 4965">
     <span class='ocr_line' id='line_1_81' title="bbox 258 4888 1848 4965; baseline 0.009 -26"><span class='ocrx_word' id='word_1_637' title='bbox 258 4888 417 4940; x_wconf 71' lang='lat' dir='ltr'><strong>modo</strong></span> <span class='ocrx_word' id='word_1_638' title='bbox 443 4897 497 4941; x_wconf 74' lang='lat' dir='ltr'><strong>tu</strong></span> <span class='ocrx_word' id='word_1_639' title='bbox 520 4888 644 4941; x_wconf 82' lang='lat' dir='ltr'><strong>dicis</strong></span> <span class='ocrx_word' id='word_1_640' title='bbox 664 4930 680 4953; x_wconf 97' lang='lat'><strong>,</strong></span> <span class='ocrx_word' id='word_1_641' title='bbox 715 4888 923 4959; x_wconf 82' lang='lat' dir='ltr'><strong>Oportet</strong></span> <span class='ocrx_word' id='word_1_642' title='bbox 956 4892 1172 4945; x_wconf 70' lang='lat' dir='ltr'><strong>exaltari</strong></span> <span class='ocrx_word' id='word_1_643' title='bbox 1215 4892 1413 4947; x_wconf 82' lang='lat' dir='ltr'><strong>Filium</strong></span> <span class='ocrx_word' id='word_1_644' title='bbox 1443 4896 1698 4951; x_wconf 76' lang='lat' dir='ltr'><strong>hominis?</strong></span> <span class='ocrx_word' id='word_1_645' title='bbox 1722 4898 1848 4965; x_wconf 82' lang='lat' dir='ltr'><strong>Quis</strong></span> 
     </span>
    </p>
   </div>
   <div class='ocr_carea' id='block_1_82' title="bbox 256 4976 1846 5051">
    <p class='ocr_par' dir='ltr' id='par_1_82' title="bbox 256 4976 1846 5051">
     <span class='ocr_line' id='line_1_82' title="bbox 256 4976 1846 5051; baseline 0.009 -23"><span class='ocrx_word' id='word_1_646' title='bbox 256 4987 336 5029; x_wconf 86' lang='lat' dir='ltr'><strong>est</strong></span> <span class='ocrx_word' id='word_1_647' title='bbox 368 4976 458 5031; x_wconf 84' lang='lat' dir='ltr'><strong>iste</strong></span> <span class='ocrx_word' id='word_1_648' title='bbox 487 4976 658 5032; x_wconf 81' lang='lat' dir='ltr'><strong>Filius</strong></span> <span class='ocrx_word' id='word_1_649' title='bbox 688 4979 905 5033; x_wconf 83' lang='lat' dir='ltr'><strong>hominis</strong></span> <span class='ocrx_word' id='word_1_650' title='bbox 929 4982 955 5033; x_wconf 63' lang='grc' dir='ltr'><em>ἵ</em></span> <span class='ocrx_word' id='word_1_651' title='bbox 1000 4981 1207 5036; x_wconf 83' lang='lat' dir='ltr'><strong>Norant</strong></span> <span class='ocrx_word' id='word_1_652' title='bbox 1237 4985 1394 5051; x_wconf 81' lang='lat' dir='ltr'><strong>igitur</strong></span> <span class='ocrx_word' id='word_1_653' title='bbox 1424 4985 1696 5041; x_wconf 83' lang='lat' dir='ltr'><strong>Christum</strong></span> <span class='ocrx_word' id='word_1_654' title='bbox 1727 5004 1846 5045; x_wconf 87' lang='lat' dir='ltr'><strong>esse</strong></span> 
     </span>
    </p>
   </div>
   <div class='ocr_carea' id='block_1_83' title="bbox 258 5066 1848 5150">
    <p class='ocr_par' dir='ltr' id='par_1_83' title="bbox 258 5066 1848 5150">
     <span class='ocr_line' id='line_1_83' title="bbox 258 5066 1848 5150; baseline 0.011 -32"><span class='ocrx_word' id='word_1_655' title='bbox 258 5066 663 5133; x_wconf 81' lang='lat' dir='ltr'><strong>immortalem,</strong></span> <span class='ocrx_word' id='word_1_656' title='bbox 704 5083 757 5123; x_wconf 90' lang='lat' dir='ltr'><strong>et</strong></span> <span class='ocrx_word' id='word_1_657' title='bbox 796 5072 958 5124; x_wconf 88' lang='lat' dir='ltr'><strong>vitam</strong></span> <span class='ocrx_word' id='word_1_658' title='bbox 1005 5072 1202 5128; x_wconf 89' lang='lat' dir='ltr'><strong>habere</strong></span> <span class='ocrx_word' id='word_1_659' title='bbox 1247 5076 1362 5129; x_wconf 91' lang='lat' dir='ltr'><strong>sine</strong></span> <span class='ocrx_word' id='word_1_660' title='bbox 1410 5078 1655 5134; x_wconf 90' lang='lat' dir='ltr'><strong>termino.</strong></span> <span class='ocrx_word' id='word_1_661' title='bbox 1706 5078 1848 5150; x_wconf 76' lang='lat' dir='ltr'><strong>Ergo</strong></span> 
     </span>
    </p>
   </div>
   <div class='ocr_carea' id='block_1_84' title="bbox 257 5155 1849 5239">
    <p class='ocr_par' dir='ltr' id='par_1_84' title="bbox 257 5155 1849 5239">
     <span class='ocr_line' id='line_1_84' title="bbox 257 5155 1849 5239; baseline 0.012 -33"><span class='ocrx_word' id='word_1_662' title='bbox 257 5155 391 5224; x_wconf 90' lang='lat' dir='ltr'><strong>quid</strong></span> <span class='ocrx_word' id='word_1_663' title='bbox 433 5158 637 5213; x_wconf 87' lang='lat' dir='ltr'><strong>diceret</strong></span> <span class='ocrx_word' id='word_1_664' title='bbox 668 5160 1051 5231; x_wconf 81' lang='lat' dir='ltr'><strong>intelligebant.</strong></span> <span class='ocrx_word' id='word_1_665' title='bbox 1085 5164 1297 5219; x_wconf 84' lang='lat' dir='ltr'><strong>Etenim</strong></span> <span class='ocrx_word' id='word_1_666' title='bbox 1330 5167 1381 5220; x_wconf 91' lang='lat' dir='ltr'><strong>in</strong></span> <span class='ocrx_word' id='word_1_667' title='bbox 1407 5166 1699 5236; x_wconf 88' lang='lat' dir='ltr'><strong>Scripturis</strong></span> <span class='ocrx_word' id='word_1_668' title='bbox 1729 5186 1849 5239; x_wconf 84' lang='lat' dir='ltr'><strong>pas-</strong></span> 
     </span>
    </p>
   </div>
   <div class='ocr_carea' id='block_1_85' title="bbox 258 5246 1846 5316">
    <p class='ocr_par' dir='ltr' id='par_1_85' title="bbox 258 5246 1846 5316">
     <span class='ocr_line' id='line_1_85' title="bbox 258 5246 1846 5316; baseline 0.01 -18"><span class='ocrx_word' id='word_1_669' title='bbox 258 5246 369 5299; x_wconf 86' lang='lat' dir='ltr'><strong>sim</strong></span> <span class='ocrx_word' id='word_1_670' title='bbox 391 5256 445 5300; x_wconf 95' lang='lat' dir='ltr'><strong>et</strong></span> <span class='ocrx_word' id='word_1_671' title='bbox 487 5250 664 5316; x_wconf 87' lang='lat' dir='ltr'><strong>passio</strong></span> <span class='ocrx_word' id='word_1_672' title='bbox 706 5259 758 5305; x_wconf 90' lang='lat' dir='ltr'><strong>et</strong></span> <span class='ocrx_word' id='word_1_673' title='bbox 810 5254 1133 5309; x_wconf 88' lang='lat' dir='ltr'><strong>resurrectio</strong></span> <span class='ocrx_word' id='word_1_674' title='bbox 1180 5267 1486 5312; x_wconf 87' lang='lat' dir='ltr'><strong>occurrunt.</strong></span> <span class='ocrx_word' id='word_1_675' title='bbox 1520 5259 1650 5313; x_wconf 85' lang='lat' dir='ltr'><strong>Nam</strong></span> <span class='ocrx_word' id='word_1_676' title='bbox 1685 5259 1846 5314; x_wconf 88' lang='lat' dir='ltr'><strong>Isaias</strong></span> 
     </span>
    </p>
   </div>
   <div class='ocr_carea' id='block_1_86' title="bbox 261 5335 1846 5405">
    <p class='ocr_par' dir='ltr' id='par_1_86' title="bbox 261 5335 1846 5405">
     <span class='ocr_line' id='line_1_86' title="bbox 261 5335 1846 5405; baseline 0.011 -18"><span class='ocrx_word' id='word_1_677' title='bbox 261 5335 384 5389; x_wconf 60' lang='lat' dir='ltr'><strong>hac</strong></span> <span class='ocrx_word' id='word_1_678' title='bbox 407 5336 562 5405; x_wconf 84' lang='lat' dir='ltr'><strong>simul</strong></span> <span class='ocrx_word' id='word_1_679' title='bbox 590 5341 776 5405; x_wconf 88' lang='lat' dir='ltr'><strong>ponit:</strong></span> <span class='ocrx_word' id='word_1_680' title='bbox 804 5340 1082 5405; x_wconf 86' lang='lat' dir='ltr'><strong>Tamquam</strong></span> <span class='ocrx_word' id='word_1_681' title='bbox 1110 5346 1213 5397; x_wconf 85' lang='lat' dir='ltr'><strong>ovis</strong></span> <span class='ocrx_word' id='word_1_682' title='bbox 1244 5346 1310 5398; x_wconf 89' lang='lat' dir='ltr'><strong>ad</strong></span> <span class='ocrx_word' id='word_1_683' title='bbox 1338 5349 1637 5401; x_wconf 81' lang='lat' dir='ltr'><strong>occisionem</strong></span> <span class='ocrx_word' id='word_1_684' title='bbox 1665 5351 1846 5404; x_wconf 81' lang='lat' dir='ltr'><strong>ductus</strong></span> 
     </span>
    </p>
   </div>
   <div class='ocr_carea' id='block_1_87' title="bbox 259 5424 1846 5504">
    <p class='ocr_par' dir='ltr' id='par_1_87' title="bbox 259 5424 1846 5504">
     <span class='ocr_line' id='line_1_87' title="bbox 259 5424 1846 5504; baseline 0.012 -28"><span class='ocrx_word' id='word_1_685' title='bbox 259 5435 337 5477; x_wconf 84' lang='lat' dir='ltr'><strong>est</strong></span> <span class='ocrx_word' id='word_1_686' title='bbox 365 5424 516 5492; x_wconf 86' lang='lat' dir='ltr'><strong>(Isai.</strong></span> <span class='ocrx_word' id='word_1_687' title='bbox 542 5430 635 5482; x_wconf 79' lang='lat'><strong>5&#39;5.</strong></span> <span class='ocrx_word' id='word_1_688' title='bbox 666 5429 723 5495; x_wconf 79' lang='lat'><strong>7)</strong></span> <span class='ocrx_word' id='word_1_689' title='bbox 747 5472 759 5493; x_wconf 89' lang='lat'><strong>,</strong></span> <span class='ocrx_word' id='word_1_690' title='bbox 788 5442 841 5483; x_wconf 85' lang='lat' dir='ltr'><strong>et</strong></span> <span class='ocrx_word' id='word_1_691' title='bbox 867 5448 984 5499; x_wconf 65' lang='lat' dir='ltr'><strong>quae</strong></span> <span class='ocrx_word' id='word_1_692' title='bbox 1014 5445 1308 5504; x_wconf 91' lang='lat' dir='ltr'><strong>sequuntur</strong></span> <span class='ocrx_word' id='word_1_693' title='bbox 1338 5439 1534 5493; x_wconf 86' lang='lat' dir='ltr'><strong>omnia.</strong></span> <span class='ocrx_word' id='word_1_694' title='bbox 1571 5439 1637 5492; x_wconf 85' lang='lat' dir='ltr'><strong>Et</strong></span> <span class='ocrx_word' id='word_1_695' title='bbox 1684 5441 1846 5495; x_wconf 88' lang='lat' dir='ltr'><strong>David</strong></span> 
     </span>
    </p>
   </div>
   <div class='ocr_carea' id='block_1_88' title="bbox 262 5517 1842 5597">
    <p class='ocr_par' dir='ltr' id='par_1_88' title="bbox 262 5517 1842 5597">
     <span class='ocr_line' id='line_1_88' title="bbox 262 5517 1842 5597; baseline 0.011 -30"><span class='ocrx_word' id='word_1_696' title='bbox 262 5517 316 5568; x_wconf 91' lang='lat' dir='ltr'><strong>in</strong></span> <span class='ocrx_word' id='word_1_697' title='bbox 352 5518 586 5572; x_wconf 85' lang='lat' dir='ltr'><strong>secundo</strong></span> <span class='ocrx_word' id='word_1_698' title='bbox 618 5519 849 5585; x_wconf 81' lang='lat' dir='ltr'><strong>Pssimo,</strong></span> <span class='ocrx_word' id='word_1_699' title='bbox 876 5532 929 5575; x_wconf 90' lang='lat' dir='ltr'><strong>et</strong></span> <span class='ocrx_word' id='word_1_700' title='bbox 956 5522 1081 5578; x_wconf 87' lang='lat' dir='ltr'><strong>alibi</strong></span> <span class='ocrx_word' id='word_1_701' title='bbox 1104 5539 1247 5593; x_wconf 66' lang='lat' dir='ltr'><strong>saepe</strong></span> <span class='ocrx_word' id='word_1_702' title='bbox 1276 5526 1391 5581; x_wconf 76' lang='lat' dir='ltr'><strong>hmc</strong></span> <span class='ocrx_word' id='word_1_703' title='bbox 1418 5529 1577 5582; x_wconf 91' lang='lat' dir='ltr'><strong>ambo</strong></span> <span class='ocrx_word' id='word_1_704' title='bbox 1605 5532 1842 5597; x_wconf 88' lang='lat' dir='ltr'><strong>copulat.</strong></span> 
     </span>
    </p>
   </div>
   <div class='ocr_carea' id='block_1_89' title="bbox 263 5605 1843 5687">
    <p class='ocr_par' dir='ltr' id='par_1_89' title="bbox 263 5605 1843 5687">
     <span class='ocr_line' id='line_1_89' title="bbox 263 5605 1843 5687; baseline 0.009 -28"><span class='ocrx_word' id='word_1_705' title='bbox 263 5605 569 5661; x_wconf 82' lang='lat' dir='ltr'><strong>Patriareha</strong></span> <span class='ocrx_word' id='word_1_706' title='bbox 592 5624 804 5680; x_wconf 87' lang='lat' dir='ltr'><strong>quoque</strong></span> <span class='ocrx_word' id='word_1_707' title='bbox 823 5628 943 5665; x_wconf 90' lang='lat' dir='ltr'><strong>cum</strong></span> <span class='ocrx_word' id='word_1_708' title='bbox 967 5613 1116 5673; x_wconf 88' lang='lat' dir='ltr'><strong>dicit.</strong></span> <span class='ocrx_word' id='word_1_709' title='bbox 1140 5614 1384 5671; x_wconf 80' lang='lat' dir='ltr'><strong>Occidens</strong></span> <span class='ocrx_word' id='word_1_710' title='bbox 1404 5619 1637 5671; x_wconf 83' lang='lat' dir='ltr'><strong>dormivit</strong></span> <span class='ocrx_word' id='word_1_711' title='bbox 1664 5631 1719 5672; x_wconf 90' lang='lat' dir='ltr'><strong>ut</strong></span> <span class='ocrx_word' id='word_1_712' title='bbox 1740 5620 1843 5687; x_wconf 89' lang='lat' dir='ltr'><strong>leo,</strong></span> 
     </span>
    </p>
   </div>
   <div class='ocr_carea' id='block_1_90' title="bbox 258 5696 1845 5775">
    <p class='ocr_par' dir='ltr' id='par_1_90' title="bbox 258 5696 1845 5775">
     <span class='ocr_line' id='line_1_90' title="bbox 258 5696 1845 5775; baseline 0.009 -26"><span class='ocrx_word' id='word_1_713' title='bbox 258 5696 606 5767; x_wconf 80' lang='lat' dir='ltr'><strong>addiditque,</strong></span> <span class='ocrx_word' id='word_1_714' title='bbox 642 5698 707 5752; x_wconf 82' lang='lat' dir='ltr'><strong>Et</strong></span> <span class='ocrx_word' id='word_1_715' title='bbox 750 5710 805 5753; x_wconf 87' lang='lat' dir='ltr'><strong>ut</strong></span> <span class='ocrx_word' id='word_1_716' title='bbox 845 5700 1043 5755; x_wconf 85' lang='lat' dir='ltr'><strong>catulus</strong></span> <span class='ocrx_word' id='word_1_717' title='bbox 1084 5704 1263 5771; x_wconf 86' lang='lat' dir='ltr'><strong>leonis,</strong></span> <span class='ocrx_word' id='word_1_718' title='bbox 1294 5708 1407 5775; x_wconf 83' lang='lat' dir='ltr'><strong>quis</strong></span> <span class='ocrx_word' id='word_1_719' title='bbox 1445 5709 1703 5762; x_wconf 87' lang='lat' dir='ltr'><strong>suscitabit</strong></span> <span class='ocrx_word' id='word_1_720' title='bbox 1732 5727 1845 5764; x_wconf 85' lang='lat' dir='ltr'><strong>eum</strong></span> 
     </span>
    </p>
   </div>
   <div class='ocr_carea' id='block_1_91' title="bbox 257 5782 1841 5864">
    <p class='ocr_par' dir='ltr' id='par_1_91' title="bbox 257 5782 1841 5864">
     <span class='ocr_line' id='line_1_91' title="bbox 257 5782 1841 5864; baseline 0.011 -26"><span class='ocrx_word' id='word_1_721' title='bbox 257 5782 410 5854; x_wconf 72' lang='lat' dir='ltr'><strong>(lien.</strong></span> <span class='ocrx_word' id='word_1_722' title='bbox 451 5787 544 5843; x_wconf 71' lang='lat'><strong>49.</strong></span> <span class='ocrx_word' id='word_1_723' title='bbox 577 5787 669 5859; x_wconf 81' lang='lat'><strong>9)?</strong></span> <span class='ocrx_word' id='word_1_724' title='bbox 695 5790 958 5862; x_wconf 87' lang='lat' dir='ltr'><strong>simulque</strong></span> <span class='ocrx_word' id='word_1_725' title='bbox 987 5794 1287 5864; x_wconf 86' lang='lat' dir='ltr'><strong>passionem</strong></span> <span class='ocrx_word' id='word_1_726' title='bbox 1314 5806 1366 5853; x_wconf 91' lang='lat' dir='ltr'><strong>et</strong></span> <span class='ocrx_word' id='word_1_727' title='bbox 1401 5802 1841 5857; x_wconf 87' lang='lat' dir='ltr'><strong>resurrectionem</strong></span> 
     </span>
    </p>
   </div>
   <div class='ocr_carea' id='block_1_92' title="bbox 1962 3795 3550 3869">
    <p class='ocr_par' dir='ltr' id='par_1_92' title="bbox 1962 3795 3550 3869">
     <span class='ocr_line' id='line_1_92' title="bbox 1962 3795 3550 3869; baseline -0.003 -15"><span class='ocrx_word' id='word_1_728' title='bbox 1962 3800 2232 3869; x_wconf 85' lang='lat' dir='ltr'><strong>posituros</strong></span> <span class='ocrx_word' id='word_1_729' title='bbox 2261 3814 2324 3855; x_wconf 87' lang='lat' dir='ltr'><strong>ac</strong></span> <span class='ocrx_word' id='word_1_730' title='bbox 2370 3800 2839 3854; x_wconf 87' lang='lat' dir='ltr'><strong>demonstraturos</strong></span> <span class='ocrx_word' id='word_1_731' title='bbox 2891 3798 3065 3869; x_wconf 86' lang='lat' dir='ltr'><strong>ipsum</strong></span> <span class='ocrx_word' id='word_1_732' title='bbox 3115 3814 3220 3852; x_wconf 89' lang='lat' dir='ltr'><strong>non</strong></span> <span class='ocrx_word' id='word_1_733' title='bbox 3252 3812 3372 3851; x_wconf 87' lang='lat' dir='ltr'><strong>esse</strong></span> <span class='ocrx_word' id='word_1_734' title='bbox 3396 3795 3550 3850; x_wconf 87' lang='lat' dir='ltr'><strong>Chri-</strong></span> 
     </span>
    </p>
   </div>
   <div class='ocr_carea' id='block_1_93' title="bbox 1958 3888 3549 3955">
    <p class='ocr_par' dir='ltr' id='par_1_93' title="bbox 1958 3888 3549 3955">
     <span class='ocr_line' id='line_1_93' title="bbox 1958 3888 3549 3955; baseline -0.003 -11"><span class='ocrx_word' id='word_1_735' title='bbox 1958 3900 2121 3955; x_wconf 90' lang='lat' dir='ltr'><strong>stum,</strong></span> <span class='ocrx_word' id='word_1_736' title='bbox 2149 3890 2273 3945; x_wconf 89' lang='lat' dir='ltr'><strong>hinc</strong></span> <span class='ocrx_word' id='word_1_737' title='bbox 2292 3890 2562 3944; x_wconf 87' lang='lat' dir='ltr'><strong>Christum</strong></span> <span class='ocrx_word' id='word_1_738' title='bbox 2590 3890 2642 3943; x_wconf 94' lang='lat' dir='ltr'><strong>in</strong></span> <span class='ocrx_word' id='word_1_739' title='bbox 2670 3899 2929 3944; x_wconf 80' lang='lat' dir='ltr'><strong>:eternum</strong></span> <span class='ocrx_word' id='word_1_740' title='bbox 2962 3904 3179 3943; x_wconf 85' lang='lat' dir='ltr'><strong>manere</strong></span> <span class='ocrx_word' id='word_1_741' title='bbox 3204 3888 3549 3942; x_wconf 88' lang='lat' dir='ltr'><strong>couliteutur.</strong></span> 
     </span>
    </p>
   </div>
   <div class='ocr_carea' id='block_1_94' title="bbox 1963 3976 3548 4051">
    <p class='ocr_par' dir='ltr' id='par_1_94' title="bbox 1963 3976 3548 4051">
     <span class='ocr_line' id='line_1_94' title="bbox 1963 3976 3548 4051; baseline -0.003 -17"><span class='ocrx_word' id='word_1_742' title='bbox 1963 3982 2026 4034; x_wconf 85' lang='lat' dir='ltr'><strong>Et</strong></span> <span class='ocrx_word' id='word_1_743' title='bbox 2052 3980 2173 4035; x_wconf 83' lang='lat' dir='ltr'><strong>vide</strong></span> <span class='ocrx_word' id='word_1_744' title='bbox 2200 3996 2358 4051; x_wconf 80' lang='lat' dir='ltr'><strong>quam</strong></span> <span class='ocrx_word' id='word_1_745' title='bbox 2390 3981 2639 4049; x_wconf 75' lang='lat' dir='ltr'><strong>maligne.</strong></span> <span class='ocrx_word' id='word_1_746' title='bbox 2671 3979 2786 4034; x_wconf 83' lang='lat' dir='ltr'><strong>Non</strong></span> <span class='ocrx_word' id='word_1_747' title='bbox 2815 3979 3066 4034; x_wconf 79' lang='lat' dir='ltr'><strong>dixerunt</strong></span> <span class='ocrx_word' id='word_1_748' title='bbox 3095 3979 3237 4033; x_wconf 89' lang='lat' dir='ltr'><strong>enim</strong></span> <span class='ocrx_word' id='word_1_749' title='bbox 3260 4019 3276 4043; x_wconf 94' lang='lat'><strong>,</strong></span> <span class='ocrx_word' id='word_1_750' title='bbox 3302 3976 3411 4032; x_wconf 80' lang='lat' dir='ltr'><strong>Nos</strong></span> <span class='ocrx_word' id='word_1_751' title='bbox 3450 3992 3548 4030; x_wconf 85' lang='lat' dir='ltr'><strong>au-</strong></span> 
     </span>
    </p>
   </div>
   <div class='ocr_carea' id='block_1_95' title="bbox 1958 4068 3549 4140">
    <p class='ocr_par' dir='ltr' id='par_1_95' title="bbox 1958 4068 3549 4140">
     <span class='ocr_line' id='line_1_95' title="bbox 1958 4068 3549 4140; baseline -0.003 -16"><span class='ocrx_word' id='word_1_752' title='bbox 1958 4072 2187 4125; x_wconf 85' lang='lat' dir='ltr'><strong>divimus</strong></span> <span class='ocrx_word' id='word_1_753' title='bbox 2211 4072 2351 4140; x_wconf 86' lang='lat' dir='ltr'><strong>quod</strong></span> <span class='ocrx_word' id='word_1_754' title='bbox 2377 4072 2625 4127; x_wconf 83' lang='lat' dir='ltr'><strong>Christus</strong></span> <span class='ocrx_word' id='word_1_755' title='bbox 2647 4088 2752 4127; x_wconf 85' lang='lat' dir='ltr'><strong>non</strong></span> <span class='ocrx_word' id='word_1_756' title='bbox 2778 4086 3054 4140; x_wconf 89' lang='lat' dir='ltr'><strong>passurus,</strong></span> <span class='ocrx_word' id='word_1_757' title='bbox 3084 4086 3191 4123; x_wconf 87' lang='lat' dir='ltr'><strong>non</strong></span> <span class='ocrx_word' id='word_1_758' title='bbox 3228 4068 3549 4137; x_wconf 75' lang='lat' dir='ltr'><strong>cruciﬁgen-</strong></span> 
     </span>
    </p>
   </div>
   <div class='ocr_carea' id='block_1_96' title="bbox 1956 4162 3550 4230">
    <p class='ocr_par' dir='ltr' id='par_1_96' title="bbox 1956 4162 3550 4230">
     <span class='ocr_line' id='line_1_96' title="bbox 1956 4162 3550 4230; baseline -0.002 -15"><span class='ocrx_word' id='word_1_759' title='bbox 1956 4162 2058 4217; x_wconf 87' lang='lat' dir='ltr'><strong>dus</strong></span> <span class='ocrx_word' id='word_1_760' title='bbox 2082 4163 2182 4227; x_wconf 79' lang='lat' dir='ltr'><strong>sit,</strong></span> <span class='ocrx_word' id='word_1_761' title='bbox 2231 4163 2324 4217; x_wconf 88' lang='lat' dir='ltr'><strong>sed</strong></span> <span class='ocrx_word' id='word_1_762' title='bbox 2346 4206 2359 4225; x_wconf 91' lang='lat'><strong>,</strong></span> <span class='ocrx_word' id='word_1_763' title='bbox 2396 4162 2547 4227; x_wconf 84' lang='lat' dir='ltr'><strong>Quod</strong></span> <span class='ocrx_word' id='word_1_764' title='bbox 2589 4172 2754 4216; x_wconf 84' lang='lat' dir='ltr'><strong>manet</strong></span> <span class='ocrx_word' id='word_1_765' title='bbox 2798 4162 2851 4216; x_wconf 89' lang='lat' dir='ltr'><strong>in</strong></span> <span class='ocrx_word' id='word_1_766' title='bbox 2876 4172 3139 4216; x_wconf 69' lang='lat' dir='ltr'><strong>retentum.</strong></span> <span class='ocrx_word' id='word_1_767' title='bbox 3190 4162 3345 4230; x_wconf 81' lang='lat' dir='ltr'><strong>Atqui</strong></span> <span class='ocrx_word' id='word_1_768' title='bbox 3376 4175 3550 4227; x_wconf 87' lang='lat' dir='ltr'><strong>neque</strong></span> 
     </span>
    </p>
   </div>
   <div class='ocr_carea' id='block_1_97' title="bbox 1958 4254 3552 4322">
    <p class='ocr_par' dir='ltr' id='par_1_97' title="bbox 1958 4254 3552 4322">
     <span class='ocr_line' id='line_1_97' title="bbox 1958 4254 3552 4322; baseline -0.005 -13"><span class='ocrx_word' id='word_1_769' title='bbox 1958 4254 2060 4309; x_wconf 91' lang='lat' dir='ltr'><strong>hoc</strong></span> <span class='ocrx_word' id='word_1_770' title='bbox 2087 4254 2283 4309; x_wconf 87' lang='lat' dir='ltr'><strong>dictum</strong></span> <span class='ocrx_word' id='word_1_771' title='bbox 2310 4256 2635 4309; x_wconf 88' lang='lat' dir='ltr'><strong>contrarium</strong></span> <span class='ocrx_word' id='word_1_772' title='bbox 2666 4264 2800 4309; x_wconf 86' lang='lat' dir='ltr'><strong>erat.</strong></span> <span class='ocrx_word' id='word_1_773' title='bbox 2845 4254 3029 4308; x_wconf 85' lang='lat' dir='ltr'><strong>Passio</strong></span> <span class='ocrx_word' id='word_1_774' title='bbox 3062 4269 3290 4322; x_wconf 87' lang='lat' dir='ltr'><strong>namque</strong></span> <span class='ocrx_word' id='word_1_775' title='bbox 3323 4254 3552 4305; x_wconf 77' lang='lat' dir='ltr'><strong>immor.</strong></span> 
     </span>
    </p>
   </div>
   <div class='ocr_carea' id='block_1_98' title="bbox 1960 4343 3550 4415">
    <p class='ocr_par' dir='ltr' id='par_1_98' title="bbox 1960 4343 3550 4415">
     <span class='ocr_line' id='line_1_98' title="bbox 1960 4343 3550 4415; baseline -0.003 -15"><span class='ocrx_word' id='word_1_776' title='bbox 1960 4347 2177 4400; x_wconf 85' lang='lat' dir='ltr'><strong>talitatis</strong></span> <span class='ocrx_word' id='word_1_777' title='bbox 2227 4360 2331 4399; x_wconf 90' lang='lat' dir='ltr'><strong>non</strong></span> <span class='ocrx_word' id='word_1_778' title='bbox 2382 4344 2481 4399; x_wconf 87' lang='lat' dir='ltr'><strong>fuit</strong></span> <span class='ocrx_word' id='word_1_779' title='bbox 2528 4346 2986 4415; x_wconf 88' lang='lat' dir='ltr'><strong>impedimentum.</strong></span> <span class='ocrx_word' id='word_1_780' title='bbox 3037 4344 3170 4398; x_wconf 86' lang='lat' dir='ltr'><strong>Hinc</strong></span> <span class='ocrx_word' id='word_1_781' title='bbox 3212 4344 3393 4396; x_wconf 88' lang='lat' dir='ltr'><strong>videre</strong></span> <span class='ocrx_word' id='word_1_782' title='bbox 3424 4343 3550 4396; x_wconf 90' lang='lat' dir='ltr'><strong>licet</strong></span> 
     </span>
    </p>
   </div>
   <div class='ocr_carea' id='block_1_99' title="bbox 1958 4436 3545 4506">
    <p class='ocr_par' dir='ltr' id='par_1_99' title="bbox 1958 4436 3545 4506">
     <span class='ocr_line' id='line_1_99' title="bbox 1958 4436 3545 4506; baseline -0.004 -14"><span class='ocrx_word' id='word_1_783' title='bbox 1958 4439 2121 4492; x_wconf 87' lang='lat' dir='ltr'><strong>multa</strong></span> <span class='ocrx_word' id='word_1_784' title='bbox 2153 4454 2246 4493; x_wconf 89' lang='lat' dir='ltr'><strong>eos</strong></span> <span class='ocrx_word' id='word_1_785' title='bbox 2272 4438 2492 4493; x_wconf 86' lang='lat' dir='ltr'><strong>seivisse</strong></span> <span class='ocrx_word' id='word_1_786' title='bbox 2521 4454 2638 4506; x_wconf 73' lang='lat' dir='ltr'><strong>qua:</strong></span> <span class='ocrx_word' id='word_1_787' title='bbox 2682 4442 2733 4491; x_wconf 91' lang='lat' dir='ltr'><strong>in</strong></span> <span class='ocrx_word' id='word_1_788' title='bbox 2775 4437 2994 4492; x_wconf 90' lang='lat' dir='ltr'><strong>dubium</strong></span> <span class='ocrx_word' id='word_1_789' title='bbox 3029 4436 3206 4491; x_wconf 67' lang='lat' dir='ltr'><strong>vncari</strong></span> <span class='ocrx_word' id='word_1_790' title='bbox 3262 4446 3545 4505; x_wconf 73' lang='grc' dir='ltr'>ροιετοιιι,</span> 
     </span>
    </p>
   </div>
   <div class='ocr_carea' id='block_1_100' title="bbox 1956 4526 3548 4600">
    <p class='ocr_par' dir='ltr' id='par_1_100' title="bbox 1956 4526 3548 4600">
     <span class='ocr_line' id='line_1_100' title="bbox 1956 4526 3548 4600; baseline -0.001 -17"><span class='ocrx_word' id='word_1_791' title='bbox 1956 4540 2115 4599; x_wconf 87' lang='lat' dir='ltr'><strong>atque</strong></span> <span class='ocrx_word' id='word_1_792' title='bbox 2144 4543 2336 4600; x_wconf 91' lang='lat' dir='ltr'><strong>sponte</strong></span> <span class='ocrx_word' id='word_1_793' title='bbox 2364 4545 2457 4583; x_wconf 88' lang='lat' dir='ltr'><strong>sua</strong></span> <span class='ocrx_word' id='word_1_794' title='bbox 2489 4531 2806 4600; x_wconf 78' lang='lat' dir='ltr'><strong>malignatos</strong></span> <span class='ocrx_word' id='word_1_795' title='bbox 2832 4545 2972 4584; x_wconf 86' lang='lat' dir='ltr'><strong>esse.</strong></span> <span class='ocrx_word' id='word_1_796' title='bbox 2997 4529 3131 4596; x_wconf 89' lang='lat' dir='ltr'><strong>Quia</strong></span> <span class='ocrx_word' id='word_1_797' title='bbox 3154 4529 3297 4582; x_wconf 90' lang='lat' dir='ltr'><strong>enim</strong></span> <span class='ocrx_word' id='word_1_798' title='bbox 3330 4538 3454 4581; x_wconf 90' lang='lat' dir='ltr'><strong>ante</strong></span> <span class='ocrx_word' id='word_1_799' title='bbox 3478 4526 3548 4581; x_wconf 86' lang='lat' dir='ltr'><strong>dc</strong></span> 
     </span>
    </p>
   </div>
   <div class='ocr_carea' id='block_1_101' title="bbox 1955 4619 3545 4684">
    <p class='ocr_par' dir='ltr' id='par_1_101' title="bbox 1955 4619 3545 4684">
     <span class='ocr_line' id='line_1_101' title="bbox 1955 4619 3545 4684; baseline -0.006 -8"><span class='ocrx_word' id='word_1_800' title='bbox 1955 4633 2129 4677; x_wconf 90' lang='lat' dir='ltr'><strong>morte</strong></span> <span class='ocrx_word' id='word_1_801' title='bbox 2155 4623 2481 4677; x_wconf 84' lang='lat' dir='ltr'><strong>disseruerat</strong></span> <span class='ocrx_word' id='word_1_802' title='bbox 2504 4663 2519 4684; x_wconf 88' lang='lat'><strong>,</strong></span> <span class='ocrx_word' id='word_1_803' title='bbox 2551 4636 2671 4676; x_wconf 89' lang='lat' dir='ltr'><strong>cum</strong></span> <span class='ocrx_word' id='word_1_804' title='bbox 2720 4621 2807 4675; x_wconf 89' lang='lat' dir='ltr'><strong>hic</strong></span> <span class='ocrx_word' id='word_1_805' title='bbox 2848 4621 3095 4675; x_wconf 90' lang='lat' dir='ltr'><strong>audirent</strong></span> <span class='ocrx_word' id='word_1_806' title='bbox 3124 4619 3273 4672; x_wconf 92' lang='lat' dir='ltr'><strong>illum</strong></span> <span class='ocrx_word' id='word_1_807' title='bbox 3299 4620 3545 4671; x_wconf 78' lang='lat' dir='ltr'><strong>exaltan-</strong></span> 
     </span>
    </p>
   </div>
   <div class='ocr_carea' id='block_1_102' title="bbox 1954 4708 3549 4779">
    <p class='ocr_par' dir='ltr' id='par_1_102' title="bbox 1954 4708 3549 4779">
     <span class='ocr_line' id='line_1_102' title="bbox 1954 4708 3549 4779; baseline -0.003 -12"><span class='ocrx_word' id='word_1_808' title='bbox 1954 4712 2079 4767; x_wconf 91' lang='lat' dir='ltr'><strong>dum</strong></span> <span class='ocrx_word' id='word_1_809' title='bbox 2107 4727 2257 4774; x_wconf 85' lang='lat' dir='ltr'><strong>esse,</strong></span> <span class='ocrx_word' id='word_1_810' title='bbox 2306 4715 2407 4765; x_wconf 90' lang='lat' dir='ltr'><strong>hoc</strong></span> <span class='ocrx_word' id='word_1_811' title='bbox 2445 4712 2696 4779; x_wconf 84' lang='lat' dir='ltr'><strong>suspicati</strong></span> <span class='ocrx_word' id='word_1_812' title='bbox 2740 4722 2886 4767; x_wconf 89' lang='lat' dir='ltr'><strong>sunt.</strong></span> <span class='ocrx_word' id='word_1_813' title='bbox 2939 4710 3140 4765; x_wconf 90' lang='lat' dir='ltr'><strong>Deinde</strong></span> <span class='ocrx_word' id='word_1_814' title='bbox 3166 4709 3384 4773; x_wconf 84' lang='lat' dir='ltr'><strong>dicunt,</strong></span> <span class='ocrx_word' id='word_1_815' title='bbox 3420 4708 3549 4772; x_wconf 83' lang='lat' dir='ltr'><strong>Quis</strong></span> 
     </span>
    </p>
   </div>
   <div class='ocr_carea' id='block_1_103' title="bbox 1953 4801 3543 4871">
    <p class='ocr_par' dir='ltr' id='par_1_103' title="bbox 1953 4801 3543 4871">
     <span class='ocr_line' id='line_1_103' title="bbox 1953 4801 3543 4871; baseline -0.003 -12"><span class='ocrx_word' id='word_1_816' title='bbox 1953 4814 2026 4859; x_wconf 90' lang='lat' dir='ltr'><strong>est</strong></span> <span class='ocrx_word' id='word_1_817' title='bbox 2055 4805 2149 4857; x_wconf 89' lang='lat' dir='ltr'><strong>iste</strong></span> <span class='ocrx_word' id='word_1_818' title='bbox 2175 4803 2343 4857; x_wconf 79' lang='lat' dir='ltr'><strong>Filius</strong></span> <span class='ocrx_word' id='word_1_819' title='bbox 2388 4804 2653 4857; x_wconf 74' lang='lat' dir='ltr'><strong>hominis?</strong></span> <span class='ocrx_word' id='word_1_820' title='bbox 2700 4804 2767 4857; x_wconf 88' lang='lat' dir='ltr'><strong>Et</strong></span> <span class='ocrx_word' id='word_1_821' title='bbox 2814 4804 2914 4857; x_wconf 88' lang='lat' dir='ltr'><strong>hoc</strong></span> <span class='ocrx_word' id='word_1_822' title='bbox 2965 4804 3213 4871; x_wconf 78' lang='lat' dir='ltr'><strong>maligne.</strong></span> <span class='ocrx_word' id='word_1_823' title='bbox 3247 4801 3324 4855; x_wconf 84' lang='lat' dir='ltr'><strong>Ne</strong></span> <span class='ocrx_word' id='word_1_824' title='bbox 3357 4812 3508 4869; x_wconf 70' lang='lat' dir='ltr'><strong>putes</strong></span> <span class='ocrx_word' id='word_1_825' title='bbox 3530 4843 3543 4867; x_wconf 94' lang='lat'><strong>,</strong></span> 
     </span>
    </p>
   </div>
   <div class='ocr_carea' id='block_1_104' title="bbox 1954 4893 3546 4965">
    <p class='ocr_par' dir='ltr' id='par_1_104' title="bbox 1954 4893 3546 4965">
     <span class='ocr_line' id='line_1_104' title="bbox 1954 4893 3546 4965; baseline -0.002 -17"><span class='ocrx_word' id='word_1_826' title='bbox 1954 4894 2202 4965; x_wconf 89' lang='lat' dir='ltr'><strong>lnquiunt</strong></span> <span class='ocrx_word' id='word_1_827' title='bbox 2227 4934 2240 4956; x_wconf 86' lang='lat'><em>.</em></span> <span class='ocrx_word' id='word_1_828' title='bbox 2274 4908 2371 4947; x_wconf 91' lang='lat' dir='ltr'><strong>nos</strong></span> <span class='ocrx_word' id='word_1_829' title='bbox 2396 4893 2464 4947; x_wconf 92' lang='lat' dir='ltr'><strong>de</strong></span> <span class='ocrx_word' id='word_1_830' title='bbox 2497 4904 2547 4947; x_wconf 91' lang='lat' dir='ltr'><strong>te</strong></span> <span class='ocrx_word' id='word_1_831' title='bbox 2579 4898 2677 4947; x_wconf 86' lang='lat' dir='ltr'><strong>hoc</strong></span> <span class='ocrx_word' id='word_1_832' title='bbox 2717 4894 2895 4948; x_wconf 86' lang='lat' dir='ltr'><strong>dicere</strong></span> <span class='ocrx_word' id='word_1_833' title='bbox 2918 4934 2933 4955; x_wconf 89' lang='lat'><strong>,</strong></span> <span class='ocrx_word' id='word_1_834' title='bbox 2967 4908 3069 4947; x_wconf 83' lang='lat' dir='ltr'><strong>neu</strong></span> <span class='ocrx_word' id='word_1_835' title='bbox 3100 4893 3270 4955; x_wconf 89' lang='lat' dir='ltr'><strong>dicas,</strong></span> <span class='ocrx_word' id='word_1_836' title='bbox 3318 4907 3416 4947; x_wconf 88' lang='lat' dir='ltr'><strong>nos</strong></span> <span class='ocrx_word' id='word_1_837' title='bbox 3447 4893 3546 4945; x_wconf 87' lang='lat' dir='ltr'><strong>ini-</strong></span> 
     </span>
    </p>
   </div>
   <div class='ocr_carea' id='block_1_105' title="bbox 1955 4984 3547 5041">
    <p class='ocr_par' dir='ltr' id='par_1_105' title="bbox 1955 4984 3547 5041">
     <span class='ocr_line' id='line_1_105' title="bbox 1955 4984 3547 5041; baseline -0.001 -1"><span class='ocrx_word' id='word_1_838' title='bbox 1955 4988 2171 5041; x_wconf 70' lang='lat' dir='ltr'><strong>micitiae</strong></span> <span class='ocrx_word' id='word_1_839' title='bbox 2220 5001 2380 5041; x_wconf 80' lang='lat' dir='ltr'><strong>Causa</strong></span> <span class='ocrx_word' id='word_1_840' title='bbox 2414 4987 2505 5039; x_wconf 91' lang='lat' dir='ltr'><strong>tibi</strong></span> <span class='ocrx_word' id='word_1_841' title='bbox 2552 4985 2942 5040; x_wconf 77' lang='lat' dir='ltr'><strong>Contradicere.</strong></span> <span class='ocrx_word' id='word_1_842' title='bbox 2997 4986 3135 5039; x_wconf 81' lang='lat' dir='ltr'><strong>Ecce</strong></span> <span class='ocrx_word' id='word_1_843' title='bbox 3181 4984 3452 5039; x_wconf 86' lang='lat' dir='ltr'><strong>nescimus</strong></span> <span class='ocrx_word' id='word_1_844' title='bbox 3479 4984 3547 5039; x_wconf 85' lang='lat' dir='ltr'><strong>de</strong></span> 
     </span>
    </p>
   </div>
   <div class='ocr_carea' id='block_1_106' title="bbox 1953 5064 3547 5149">
    <p class='ocr_par' dir='ltr' id='par_1_106' title="bbox 1953 5064 3547 5149">
     <span class='ocr_line' id='line_1_106' title="bbox 1953 5064 3547 5149; baseline -0.004 -17"><span class='ocrx_word' id='word_1_845' title='bbox 1953 5080 2324 5149; x_wconf 82' lang='lat' dir='ltr'><strong>qquoquaris</strong></span> <span class='ocrx_word' id='word_1_846' title='bbox 2346 5120 2361 5144; x_wconf 90' lang='lat'><strong>,</strong></span> <span class='ocrx_word' id='word_1_847' title='bbox 2406 5089 2460 5133; x_wconf 88' lang='lat' dir='ltr'><strong>et</strong></span> <span class='ocrx_word' id='word_1_848' title='bbox 2488 5088 2665 5131; x_wconf 89' lang='lat' dir='ltr'><strong>tamen</strong></span> <span class='ocrx_word' id='word_1_849' title='bbox 2712 5064 2826 5131; x_wconf 56' lang='lat' dir='ltr'><strong>haec</strong></span> <span class='ocrx_word' id='word_1_850' title='bbox 2876 5076 3215 5146; x_wconf 87' lang='lat' dir='ltr'><strong>proferimus.</strong></span> <span class='ocrx_word' id='word_1_851' title='bbox 3248 5077 3386 5144; x_wconf 89' lang='lat' dir='ltr'><strong>Quid</strong></span> <span class='ocrx_word' id='word_1_852' title='bbox 3419 5092 3547 5144; x_wconf 78' lang='lat' dir='ltr'><strong>ergo</strong></span> 
     </span>
    </p>
   </div>
   <div class='ocr_carea' id='block_1_107' title="bbox 1955 5158 3547 5237">
    <p class='ocr_par' dir='ltr' id='par_1_107' title="bbox 1955 5158 3547 5237">
     <span class='ocr_line' id='line_1_107' title="bbox 1955 5158 3547 5237; baseline -0.004 -14"><span class='ocrx_word' id='word_1_853' title='bbox 1955 5168 2242 5223; x_wconf 78' lang='lat' dir='ltr'><strong>Christus?</strong></span> <span class='ocrx_word' id='word_1_854' title='bbox 2284 5168 2430 5237; x_wconf 85' lang='lat' dir='ltr'><strong>Ipsos</strong></span> <span class='ocrx_word' id='word_1_855' title='bbox 2456 5167 2694 5222; x_wconf 89' lang='lat' dir='ltr'><strong>eonfutat</strong></span> <span class='ocrx_word' id='word_1_856' title='bbox 2717 5209 2731 5231; x_wconf 89' lang='lat'><strong>,</strong></span> <span class='ocrx_word' id='word_1_857' title='bbox 2765 5165 3105 5236; x_wconf 85' lang='lat' dir='ltr'><strong>ostenditque</strong></span> <span class='ocrx_word' id='word_1_858' title='bbox 3134 5158 3434 5234; x_wconf 58' lang='lat' dir='ltr'><strong>p38~ittllelll</strong></span> <span class='ocrx_word' id='word_1_859' title='bbox 3468 5168 3547 5219; x_wconf 82' lang='lat' dir='ltr'><strong>ni-</strong></span> 
     </span>
    </p>
   </div>
   <div class='ocr_carea' id='block_1_108' title="bbox 1954 5256 3546 5328">
    <p class='ocr_par' dir='ltr' id='par_1_108' title="bbox 1954 5256 3546 5328">
     <span class='ocr_line' id='line_1_108' title="bbox 1954 5256 3546 5328; baseline -0.004 -16"><span class='ocrx_word' id='word_1_860' title='bbox 1954 5258 2029 5313; x_wconf 90' lang='lat' dir='ltr'><strong>hil</strong></span> <span class='ocrx_word' id='word_1_861' title='bbox 2051 5260 2241 5313; x_wconf 87' lang='lat' dir='ltr'><strong>obesse</strong></span> <span class='ocrx_word' id='word_1_862' title='bbox 2263 5260 2547 5328; x_wconf 89' lang='lat' dir='ltr'><strong>quominus</strong></span> <span class='ocrx_word' id='word_1_863' title='bbox 2565 5260 2677 5326; x_wconf 88' lang='lat' dir='ltr'><strong>ipse</strong></span> <span class='ocrx_word' id='word_1_864' title='bbox 2700 5267 2914 5311; x_wconf 89' lang='lat' dir='ltr'><strong>maneat</strong></span> <span class='ocrx_word' id='word_1_865' title='bbox 2935 5258 2986 5310; x_wconf 92' lang='lat' dir='ltr'><strong>in</strong></span> <span class='ocrx_word' id='word_1_866' title='bbox 3016 5270 3299 5310; x_wconf 78' lang='lat' dir='ltr'><strong>:eternum.</strong></span> <span class='ocrx_word' id='word_1_867' title='bbox 3324 5256 3414 5311; x_wconf 78' lang='grc'><strong>55.</strong></span> <span class='ocrx_word' id='word_1_868' title='bbox 3441 5257 3546 5307; x_wconf 84' lang='lat' dir='ltr'><strong>Ad-</strong></span> 
     </span>
    </p>
   </div>
   <div class='ocr_carea' id='block_1_109' title="bbox 1954 5346 3545 5419">
    <p class='ocr_par' dir='ltr' id='par_1_109' title="bbox 1954 5346 3545 5419">
     <span class='ocr_line' id='line_1_109' title="bbox 1954 5346 3545 5419; baseline -0.004 -18"><span class='ocrx_word' id='word_1_869' title='bbox 1954 5351 2075 5414; x_wconf 77' lang='lat' dir='ltr'><strong>huc,</strong></span> <span class='ocrx_word' id='word_1_870' title='bbox 2098 5349 2289 5419; x_wconf 86' lang='lat' dir='ltr'><strong>inquit,</strong></span> <span class='ocrx_word' id='word_1_871' title='bbox 2310 5350 2561 5402; x_wconf 84' lang='lat' dir='ltr'><strong>modicum</strong></span> <span class='ocrx_word' id='word_1_872' title='bbox 2578 5359 2772 5418; x_wconf 88' lang='lat' dir='ltr'><strong>tempus</strong></span> <span class='ocrx_word' id='word_1_873' title='bbox 2796 5348 2962 5401; x_wconf 88' lang='lat' dir='ltr'><strong>lumen</strong></span> <span class='ocrx_word' id='word_1_874' title='bbox 2980 5350 3033 5399; x_wconf 86' lang='lat' dir='ltr'><strong>in</strong></span> <span class='ocrx_word' id='word_1_875' title='bbox 3060 5348 3194 5400; x_wconf 85' lang='lat' dir='ltr'><strong>vobis</strong></span> <span class='ocrx_word' id='word_1_876' title='bbox 3215 5358 3286 5399; x_wconf 85' lang='lat' dir='ltr'><strong>est</strong></span> <span class='ocrx_word' id='word_1_877' title='bbox 3306 5364 3322 5409; x_wconf 87' lang='lat'><strong><em>;</em></strong></span> <span class='ocrx_word' id='word_1_878' title='bbox 3346 5346 3545 5415; x_wconf 68' lang='lat' dir='ltr'><strong>signitio</strong></span> 
     </span>
    </p>
   </div>
   <div class='ocr_carea' id='block_1_110' title="bbox 1952 5436 3543 5494">
    <p class='ocr_par' dir='ltr' id='par_1_110' title="bbox 1952 5436 3543 5494">
     <span class='ocr_line' id='line_1_110' title="bbox 1952 5436 3543 5494; baseline -0.003 -1"><span class='ocrx_word' id='word_1_879' title='bbox 1952 5454 2081 5493; x_wconf 87' lang='lat' dir='ltr'><strong>caus</strong></span> <span class='ocrx_word' id='word_1_880' title='bbox 2125 5450 2349 5493; x_wconf 87' lang='lat' dir='ltr'><strong>mortem</strong></span> <span class='ocrx_word' id='word_1_881' title='bbox 2415 5454 2565 5494; x_wconf 90' lang='lat' dir='ltr'><strong>suam</strong></span> <span class='ocrx_word' id='word_1_882' title='bbox 2612 5455 2731 5493; x_wconf 88' lang='lat' dir='ltr'><strong>esse</strong></span> <span class='ocrx_word' id='word_1_883' title='bbox 2778 5439 3206 5493; x_wconf 88' lang='lat' dir='ltr'><strong>translationem.</strong></span> <span class='ocrx_word' id='word_1_884' title='bbox 3260 5437 3391 5491; x_wconf 84' lang='lat' dir='ltr'><strong>Nam</strong></span> <span class='ocrx_word' id='word_1_885' title='bbox 3453 5436 3543 5489; x_wconf 78' lang='lat' dir='ltr'><strong>lux</strong></span> 
     </span>
    </p>
   </div>
   <div class='ocr_carea' id='block_1_111' title="bbox 1953 5526 3543 5599">
    <p class='ocr_par' dir='ltr' id='par_1_111' title="bbox 1953 5526 3543 5599">
     <span class='ocr_line' id='line_1_111' title="bbox 1953 5526 3543 5599; baseline -0.003 -15"><span class='ocrx_word' id='word_1_886' title='bbox 1953 5532 2083 5584; x_wconf 88' lang='lat' dir='ltr'><strong>solis</strong></span> <span class='ocrx_word' id='word_1_887' title='bbox 2113 5545 2215 5583; x_wconf 91' lang='lat' dir='ltr'><strong>non</strong></span> <span class='ocrx_word' id='word_1_888' title='bbox 2247 5530 2637 5599; x_wconf 76' lang='lat' dir='ltr'><strong>exstinguitur.</strong></span> <span class='ocrx_word' id='word_1_889' title='bbox 2664 5529 2757 5583; x_wconf 90' lang='lat' dir='ltr'><strong>sed</strong></span> <span class='ocrx_word' id='word_1_890' title='bbox 2786 5546 2954 5599; x_wconf 84' lang='lat' dir='ltr'><strong>parvo</strong></span> <span class='ocrx_word' id='word_1_891' title='bbox 2981 5539 3221 5597; x_wconf 89' lang='lat' dir='ltr'><strong>tempore</strong></span> <span class='ocrx_word' id='word_1_892' title='bbox 3259 5526 3543 5588; x_wconf 83' lang='lat' dir='ltr'><strong>secedens.</strong></span> 
     </span>
    </p>
   </div>
   <div class='ocr_carea' id='block_1_112' title="bbox 1953 5616 3535 5690">
    <p class='ocr_par' dir='ltr' id='par_1_112' title="bbox 1953 5616 3535 5690">
     <span class='ocr_line' id='line_1_112' title="bbox 1953 5616 3535 5690; baseline -0.004 -15"><span class='ocrx_word' id='word_1_893' title='bbox 1953 5636 2164 5676; x_wconf 86' lang='lat' dir='ltr'><strong>rursum</strong></span> <span class='ocrx_word' id='word_1_894' title='bbox 2194 5630 2436 5690; x_wconf 87' lang='lat' dir='ltr'><strong>apparet.</strong></span> <span class='ocrx_word' id='word_1_895' title='bbox 2484 5620 2752 5673; x_wconf 76' lang='lat' dir='ltr'><strong>Ambulare</strong></span> <span class='ocrx_word' id='word_1_896' title='bbox 2795 5620 2916 5673; x_wconf 86' lang='lat' dir='ltr'><strong>dum</strong></span> <span class='ocrx_word' id='word_1_897' title='bbox 2946 5621 3107 5673; x_wconf 84' lang='lat' dir='ltr'><strong>lucem</strong></span> <span class='ocrx_word' id='word_1_898' title='bbox 3142 5617 3351 5671; x_wconf 75' lang='lat' dir='ltr'><strong>habetis.</strong></span> <span class='ocrx_word' id='word_1_899' title='bbox 3382 5616 3535 5681; x_wconf 86' lang='lat' dir='ltr'><strong>Quod</strong></span> 
     </span>
    </p>
   </div>
   <div class='ocr_carea' id='block_1_113' title="bbox 1954 5710 3537 5781">
    <p class='ocr_par' dir='ltr' id='par_1_113' title="bbox 1954 5710 3537 5781">
     <span class='ocr_line' id='line_1_113' title="bbox 1954 5710 3537 5781; baseline -0.003 -16"><span class='ocrx_word' id='word_1_900' title='bbox 1954 5712 2040 5766; x_wconf 79' lang='lat' dir='ltr'><strong>hic</strong></span> <span class='ocrx_word' id='word_1_901' title='bbox 2068 5722 2276 5781; x_wconf 89' lang='lat' dir='ltr'><strong>tempus</strong></span> <span class='ocrx_word' id='word_1_902' title='bbox 2322 5710 2557 5767; x_wconf 86' lang='lat' dir='ltr'><strong>indicat?</strong></span> <span class='ocrx_word' id='word_1_903' title='bbox 2599 5727 2665 5764; x_wconf 89' lang='lat' dir='ltr'><strong>au</strong></span> <span class='ocrx_word' id='word_1_904' title='bbox 2712 5721 2877 5765; x_wconf 87' lang='lat' dir='ltr'><strong>totam</strong></span> <span class='ocrx_word' id='word_1_905' title='bbox 2911 5714 3044 5764; x_wconf 87' lang='lat' dir='ltr'><strong>hanc</strong></span> <span class='ocrx_word' id='word_1_906' title='bbox 3072 5710 3273 5762; x_wconf 77' lang='lat' dir='ltr'><strong>vitam?</strong></span> <span class='ocrx_word' id='word_1_907' title='bbox 3302 5723 3367 5760; x_wconf 88' lang='lat' dir='ltr'><strong>an</strong></span> <span class='ocrx_word' id='word_1_908' title='bbox 3399 5718 3537 5761; x_wconf 84' lang='lat' dir='ltr'><strong>tem-</strong></span> 
     </span>
    </p>
   </div>
   <div class='ocr_carea' id='block_1_114' title="bbox 1952 5800 3531 5875">
    <p class='ocr_par' dir='ltr' id='par_1_114' title="bbox 1952 5800 3531 5875">
     <span class='ocr_line' id='line_1_114' title="bbox 1952 5800 3531 5875; baseline 0.001 -21"><span class='ocrx_word' id='word_1_909' title='bbox 1952 5819 2048 5873; x_wconf 77' lang='lat' dir='ltr'><strong>pus</strong></span> <span class='ocrx_word' id='word_1_910' title='bbox 2074 5816 2197 5859; x_wconf 87' lang='lat' dir='ltr'><strong>ante</strong></span> <span class='ocrx_word' id='word_1_911' title='bbox 2224 5806 2477 5861; x_wconf 83' lang='lat' dir='ltr'><strong>crucem?</strong></span> <span class='ocrx_word' id='word_1_912' title='bbox 2502 5804 2794 5875; x_wconf 86' lang='lat' dir='ltr'><strong>Utrumque</strong></span> <span class='ocrx_word' id='word_1_913' title='bbox 2818 5803 3065 5859; x_wconf 81' lang='lat' dir='ltr'><strong>arbitror.</strong></span> <span class='ocrx_word' id='word_1_914' title='bbox 3089 5802 3171 5861; x_wconf 86' lang='lat' dir='ltr'><strong>0h</strong></span> <span class='ocrx_word' id='word_1_915' title='bbox 3210 5800 3531 5858; x_wconf 69' lang='lat' dir='ltr'><strong>inctl&#39;abilem</strong></span> 
     </span>
    </p>
   </div>
  </div>
