4164 6330
729 336 830 394 375

727 454 869 506 enim
914 450 1028 518 ejus
1075 446 1486 518 benignitatem,
1541 444 1690 498 multi
1717 445 1878 498 etiam
1923 452 2040 511 post
2081 455 2292 495 crucem

727 543 1093 598 crediderunt.
1123 539 1246 592 llmc
1276 553 1434 608 porro
1463 536 1590 590 dicit
1632 545 1688 589 ut
1724 535 1842 589 illos
1865 532 1932 586 ad
1969 531 2291 588 credendum

727 633 978 693 concitet,
1004 638 1060 682 nt
1081 629 1239 683 etiam
1255 628 1497 696 superius
1524 627 1648 681 fecit
1673 627 1742 679 ita
1763 625 1964 683 dicens.
1986 623 2164 677 Adhuc
2186 637 2294 674 mo-

729 723 898 775 dicum
930 730 1124 788 tempus
1143 719 1396 773 uobiscum
1427 734 1560 770 sum.
1596 715 1696 781 Qui
1721 713 1943 767 ambulat
1968 713 2020 766 in
2053 713 2291 774 tenebris,

727 815 880 866 nescit
898 827 994 880 quo
1018 813 1165 865 cadat
1189 809 1364 879 (Ioan.
1382 811 1434 864 7.
1459 809 1567 874 33).
1590 808 1791 874 Quanta
1816 821 1954 859 nunc
1970 805 2136 860 Juda-i
2157 806 2295 872 igno-

729 912 909 956 rantes
941 901 1135 954 ﬁcinnt
1155 942 1170 962 ,
1197 915 1259 953 ac
1287 901 1329 952 si
1361 900 1410 952 in
1443 899 1673 953 tenebris
1697 896 2064 950 ambularent!
2094 895 2291 949 Viden-

731 1001 814 1042 tur
839 989 939 1043 sibi
966 999 1106 1043 recta
1129 988 1370 1042 incedere
1393 988 1471 1039 via
1491 1027 1504 1048 ,
1527 987 1650 1039 dum
1680 986 1942 1040 contraria
1977 985 2290 1054 procedunt,

729 1079 1001 1132 sabbatum
1029 1089 1322 1141 servantes,
1343 1088 1388 1130 ct
1413 1079 1576 1145 legem
1594 1077 1936 1146 ciborumque
1957 1076 2290 1129 observatio-

732 1183 846 1230 nes;
863 1179 912 1220 et
934 1168 1170 1220 nesciunt
1190 1169 1273 1219 ubi
1292 1167 1580 1221 ambulent.
1602 1166 1721 1220 ideo
1743 1166 1980 1220 dicebat:
2005 1166 2090 1220 36.
2107 1165 2286 1218 Ambu-

731 1258 892 1309 latein
923 1257 1137 1321 luce,ut
1175 1255 1268 1322 filii
1288 1257 1423 1310 lucis
1455 1258 1595 1320 sitis;
1630 1257 1678 1309 id
1708 1267 1808 1320 est,
1845 1257 1935 1309 lilii
1969 1256 2090 1310 mei.
2137 1257 2289 1321 Atqui

731 1350 780 1400 in
811 1348 1062 1415 principio
1103 1349 1270 1416 inquit
1313 1349 1633 1415 evangelista
1665 1364 1677 1399 :
1713 1346 1830 1401 Non
1859 1363 1921 1400 ea:
1944 1347 2288 1415 sanguinibus,

729 1454 883 1506 neque
906 1454 968 1490 ea:
989 1441 1238 1490 veluntate
1262 1439 1445 1498 carnis,
1463 1438 1547 1490 sed
1577 1454 1638 1490 ex
1656 1437 1759 1490 Deo
1789 1438 1890 1490 nati
1911 1447 2022 1490 sunt
2044 1434 2221 1504 (Joan.
2241 1437 2289 1489 l.

731 1529 855 1593 l3);
883 1529 929 1581 id
967 1541 1066 1589 est,
1087 1545 1148 1582 ex
1169 1528 1323 1582 Patre
1344 1545 1357 1580 :
1378 1529 1462 1582 hic
1479 1545 1602 1583 vero
1623 1533 1734 1594 ipse
1755 1529 1868 1581 illos
1909 1529 2123 1596 gignere
2157 1527 2289 1580 dici-

730 1629 832 1683 tur,
853 1628 903 1671 ut
922 1622 1056 1671 scias
1074 1635 1226 1671 unam
1245 1634 1361 1672 esse
1381 1620 1738 1684 operationem
1757 1618 1926 1672 Patris
1943 1628 1994 1671 et
2014 1618 2147 1670 Filii.
2169 1617 2292 1671 Haec

729 1710 960 1775 loquutus
982 1707 1150 1768 Iesus,
1175 1709 1315 1770 abiit,
1337 1718 1383 1761 et
1403 1709 1660 1762 abscondit
1682 1725 1735 1761 se
1758 1708 1819 1760 ab
1843 1709 1930 1761 eis.
1951 1708 2057 1761 Cur
2077 1709 2294 1761 absenn-

726 1799 803 1849 dit
828 1813 885 1850 se
910 1799 1084 1850 nunc?
1107 1796 1283 1865 Neque
1300 1799 1438 1851 enim
1468 1797 1668 1866 lapides
1686 1808 1868 1850 contra
1891 1812 2008 1850 cum
2035 1799 2287 1862 tulerunt,

735 1905 908 1957 neque
944 1889 1394 1959 blasphemarunt,
1426 1899 1480 1943 ut
1503 1899 1622 1943 ante
1654 1889 1905 1944 fecerant.
1938 1889 2045 1943 Cur
2073 1904 2200 1958 ergo
2232 1902 2290 1942 se

725 1980 1041 2033 abscondit?
1068 1979 1201 2033 Cum
1237 1980 1287 2032 in
1318 1980 1474 2032 corda
1510 1987 1808 2046 penetraret
1827 2019 1842 2041 ,
1872 1978 2071 2032 sciebat
2101 1992 2286 2031 eorum

723 2070 931 2124 animos
954 2070 1252 2138 exasperari
1275 2108 1290 2134 ,
1323 2069 1529 2124 etiamsi
1574 2069 1704 2122 nihil
1731 2069 2077 2138 loquerentur
2105 2088 2120 2124 :
2149 2070 2288 2124 scic-

723 2162 812 2216 bat
842 2162 1044 2216 fervere
1088 2162 1206 2216 illos
1235 2172 1287 2216 et
1311 2163 1510 2217 czedem
1537 2163 1770 2229 spirare:
1803 2177 1975 2231 neque
2004 2170 2283 2230 exspecta-

722 2254 795 2305 vit
825 2252 996 2306 donec
1021 2253 1071 2305 in
1099 2267 1234 2321 opus
1263 2251 1601 2320 procederent
1630 2291 1646 2316 ,
1679 2250 1770 2304 sed
1802 2250 2078 2304 abscondit
2109 2266 2193 2312 se,
2227 2260 2284 2303 ut

722 2344 927 2396 illorunt
968 2343 1214 2396 invidiam
1249 2342 1474 2396 sedaret.
1505 2339 1638 2396 Vide
1666 2342 1932 2409 quomodo
1964 2341 2012 2394 id
2046 2341 2281 2395 snbindi-

720 2443 803 2486 θυι
845 2435 1199 2503 evangelista,
1239 2433 1326 2501 qui
1370 2434 1544 2486 statim
1587 2433 1731 2486 addit
1768 2449 1781 2484 :
1813 2434 1901 2487 57.
1949 2432 2074 2486 Cum
2119 2445 2283 2487 autent

721 2536 858 2579 tanta
887 2526 1028 2591 signa
1059 2526 1286 2594 fecisset,
1319 2542 1417 2577 non
1444 2525 1760 2578 crediderunt
1796 2527 1846 2577 in
1873 2541 2003 2578 eum.
2038 2525 2164 2592 Qun:
2197 2526 2282 2579 illa

727 2627 867 2670 tanta
912 2616 1098 2688 signa?
1141 2617 1214 2671 Ea
1241 2633 1356 2687 quae
1398 2617 1732 2686 praetermisit
1762 2619 2102 2686 evangelista,
2133 2626 2189 2670 ιιι
2216 2633 2282 2672 ex

719 2710 1058 2777 sequentibus
1081 2709 1247 2776 palam
1275 2717 1370 2761 est.
1403 2707 1533 2762 Nam
1561 2723 1681 2760 cum
1710 2709 2035 2771 secessisset,
2057 2717 2108 2762 et
2138 2719 2284 2776 post-

729 2814 789 2849 ea
823 2811 1064 2851 reversus
1091 2806 1231 2850 esset
1250 2837 1263 2857 ,
1286 2810 1470 2851 rursus
1499 2797 1701 2864 placide
1743 2797 1862 2851 illos
1886 2798 2170 2867 alloquitur
2198 2799 2279 2853 his

719 2887 895 2940 verbis
919 2905 932 2940 :
959 2886 1058 2951 Qui
1083 2888 1240 2940 credit
1259 2887 1312 2940 in
1338 2904 1432 2951 me,
1467 2905 1565 2941 non
1596 2888 1752 2940 credit
1775 2888 1826 2940 in
1858 2904 1953 2953 me,
1976 2890 2064 2942 sed
2085 2890 2135 2942 in
2166 2906 2280 2942 eum

717 2979 802 3044 qui
827 2978 958 3030 misit
984 2994 1060 3031 me
1105 2977 1279 3049 (Ibid.
1326 2978 1410 3032 12.
1442 2979 1550 3046 44).
1583 2977 1713 3032 Vide
1738 2977 1860 3044 quid
1890 2978 2014 3032 facit
2045 2995 2058 3030 :
2090 2979 2157 3032 ab
2184 2977 2283 3031 htt-

720 3069 927 3120 milibns
972 3068 1189 3136 incipit,
1234 3077 1286 3122 et
1327 3066 1556 3136 confugit
1601 3067 1666 3120 ad
1697 3066 1944 3130 Patrem,
1986 3067 2281 3134 iterumque

718 3157 920 3211 extollit
944 3173 1262 3212 sermonem.
1310 3158 1377 3212 Et
1419 3173 1538 3210 cum
1581 3172 1672 3210 eos
1713 3156 1959 3210 ell'eratos
2003 3157 2276 3227 intelligit,

716 3248 968 3312 discedit,
995 3256 1049 3302 et
1073 3264 1256 3304 rursus
1285 3233 1583 3316 comparet,
1608 3258 1656 3300 et
1681 3249 1747 3302 ab
1773 3247 2060 3303 humilibus
2088 3250 2278 3303 iterum

717 3341 915 3408 incipit.
967 3341 1031 3393 Et
1073 3340 1284 3394 ubinam
1336 3341 1433 3393 hoc
1473 3339 1634 3393 fecit?
1679 3338 1790 3392 lmo
1826 3338 1911 3392 ubi
1964 3355 2067 3392 non
2120 3338 2278 3394 fecit?

715 3431 847 3485 Vide
872 3430 993 3500 quid
1028 3431 1175 3484 initio
1222 3431 1401 3484 dicat:
1435 3429 1578 3484 Sicut
1621 3431 1807 3496 audio,
1843 3430 2277 3499 judico;deinde

714 3523 987 3576 sublimius
1011 3563 1023 3583 ,
1058 3521 1201 3575 Sicut
1232 3522 1359 3575 enim
1389 3519 1541 3574 Pater
1565 3522 1770 3575 suscitat
1795 3533 2016 3575 mortuos
2042 3533 2086 3575 et
2110 3523 2276 3590 viviﬁ-

715 3623 811 3674 cat,
838 3613 910 3667 sic
930 3621 976 3665 et
1003 3611 1168 3665 Filius
1192 3628 1313 3681 quos
1338 3611 1441 3664 vult
1485 3613 1701 3678 oiviﬁcat
1739 3612 1757 3681 (
1787 3611 1923 3666 Ibid.
1947 3614 1997 3668 5.
2032 3614 2118 3668 50.
2145 3613 2235 3681 2|)
2257 3629 2270 3675 ;

715 3704 1010 3770 iterumque
1034 3743 1049 3767 ,
1097 3702 1203 3769 Ego
1229 3720 1327 3755 non
1362 3703 1541 3770 judico
1565 3719 1650 3756 vos
1671 3743 1683 3764 ,
1719 3703 1852 3755 alius
1878 3714 1949 3757 est
1974 3704 2058 3771 qui
2074 3703 2275 3774 judicat

714 3795 731 3854 ί
761 3791 895 3846 Ibid.
923 3793 975 3847 8.
1003 3791 1113 3862 50).
1149 3794 1478 3862 Rursumque
1513 3793 1744 3848 secedit:
1778 3804 2065 3863 posteaque
2090 3796 2140 3847 in
2171 3793 2277 3850 Ga-

715 3881 851 3936 liltea
897 3897 1206 3950 comparens
1227 3925 1239 3945 ,
1273 3881 1565 3952 Operamini
1585 3888 1607 3945 ,'
1634 3884 1831 3953 inquit,
1869 3901 1966 3937 non
2003 3884 2165 3937 cibum
2189 3885 2277 3954 qui

715 3973 841 4040 perit
868 3971 1024 4037 (Ibid.
1049 3975 1099 4026 6.
1121 3972 1234 4041 27).
1262 3972 1324 4026 Ει
1347 3989 1466 4026 cum
1490 3988 1675 4042 magna
1700 3974 1768 4029 de
1793 3987 1852 4046 se
1872 3975 2110 4041 dixisset,
2133 3974 2274 4045 quod

713 4078 776 4116 ex
805 4062 935 4115 caelo
963 4059 1295 4117 descenderit
1319 4102 1333 4122 .
1365 4063 1502 4130 quod
1538 4064 1695 4116 vitam
1725 4075 1975 4119 :eternam
2001 4065 2124 4129 det,
2153 4080 2273 4118 rur-

711 4167 827 4206 sum
863 4153 1116 4208 abscedit.
1149 4155 1210 4207 Et
1243 4154 1292 4206 in
1321 4152 1643 4226 Scenopegia
1675 4172 1881 4210 rursum
1911 4157 2162 4223 adstans,
2195 4157 2263 4211 id-

712 4241 879 4309 ipsmn
909 4244 1047 4297 t'acit.

779 4332 835 4386 2.
883 4333 957 4386 Ac
982 4341 1235 4402 perpetuo
1260 4333 1439 4388 videas
1469 4334 1615 4387 illum
1663 4334 1954 4388 doctrinam
2002 4350 2149 4389 suam
2180 4351 2274 4390 va-

712 4422 934 4476 riantem
953 4463 969 4486 ,
996 4424 1272 4490 praesentia
1295 4464 1310 4488 ,
1340 4425 1599 4491 absentia,
1627 4425 1931 4492 humilibus,
1960 4427 2274 4482 sublimibus

711 4515 905 4568 verbis.
933 4514 1082 4580 Quod
1112 4516 1270 4569 etiam
1319 4515 1404 4569 hic
1447 4517 1584 4570 fecit.
1616 4516 1740 4570 Cum
1779 4528 1943 4571 autem
1966 4527 2104 4572 tanta
2129 4521 2275 4588 signa

709 4605 920 4671 fecisset,
953 4620 1051 4657 non
1080 4605 1397 4657 crediderunt
1423 4606 1473 4656 in
1504 4621 1633 4665 enm,
1666 4607 1832 4675 inquit
1851 4646 1865 4669 ,
1893 4607 1981 4661 38.
2011 4617 2066 4660 ut
2089 4609 2271 4679 imple-

709 4707 841 4747 retur
866 4710 1026 4747 sermo
1051 4693 1206 4747 Isaice
1227 4735 1240 4756 ,
1267 4712 1408 4764 quem
1435 4695 1562 4748 dixit
1588 4711 1606 4748 :
1637 4695 1849 4751 Domine
1875 4739 1887 4756 .
1917 4700 2028 4768 quis
2057 4701 2269 4752 credidit

708 4784 904 4836 anditui
933 4793 1101 4836 nostra
1119 4784 1144 4836 ?
1170 4795 1215 4836 et
1241 4784 1495 4837 brachium
1523 4784 1726 4838 Domini
1752 4789 1831 4839 cui
1858 4790 2126 4841 revelatum
2157 4799 2227 4842 est
2246 4790 2272 4842 ?

709 4876 774 4929 Et
814 4891 1040 4940 rursum,
1070 4876 1189 4930 Non
1219 4887 1500 4947 potuerant,
1532 4879 1720 4947 inquit,
1752 4883 1967 4948 credere,
1994 4885 2114 4953 quia
2144 4886 2271 4937 dixit

712 4966 874 5019 Isaias
905 4967 1134 5020 :Anditu
1172 4967 1415 5029 audietis,
1445 4978 1492 5021 et
1533 4985 1630 5021 non
1679 4972 1983 5040 intelligetis.
2014 4975 2104 5027 at.
2146 4973 2271 5028 Haec

708 5067 873 5108 autem
899 5056 1027 5109 dixit
1052 5059 1250 5126 quando
1280 5059 1401 5109 vidit
1435 5058 1648 5127 gloriam
1687 5061 1796 5129 ejus
1814 5101 1830 5126 ,
1858 5072 1902 5112 et
1928 5063 2166 5131 loquutus
2191 5074 2265 5117 est

708 5147 769 5198 de
789 5161 866 5199 eo.
895 5145 1030 5200 Ecce
1058 5148 1246 5201 iterum
1272 5146 1390 5212 hoc,
1428 5147 1578 5213 Quia,
1611 5159 1683 5212 et,
1717 5149 1876 5214 Dixit,
1903 5167 2006 5204 non
2033 5155 2272 5208 causales

688 5245 828 5289 sunt
857 5250 1046 5300 voces,
1076 5237 1167 5290 sed
1210 5246 1452 5292 eventum
1496 5240 1872 5308 signiﬁcantes.
1904 5241 2088 5312 Neque
2127 5245 2268 5298 enim

707 5328 825 5396 quia
871 5327 921 5380 id
947 5326 1080 5380 dixit
1122 5327 1310 5390 Isaias,
1343 5327 1461 5383 ideo
1487 5347 1592 5386 non
1618 5333 1990 5400 crediderunt;
2022 5334 2114 5389 sed
2146 5339 2267 5404 quia

705 5418 956 5472 credituri
1000 5433 1102 5472 non
1133 5429 1318 5481 erant,
1347 5420 1465 5475 ideo
1494 5420 1606 5476 haec
1644 5422 1777 5477 dixit
1801 5421 1981 5478 Isaias.
2013 5425 2121 5479 Cur
2142 5442 2269 5496 ergo

709 5525 809 5562 nou
857 5509 924 5562 ita
972 5508 1202 5576 loquitur
1245 5511 1598 5577 evangelista,
1649 5513 1743 5567 sed
1788 5514 2205 5570 increduliuuem
2235 5533 2265 5572 a

709 5596 980 5665 prophetia
1003 5637 1016 5660 ,
1059 5614 1162 5651 non
1203 5599 1530 5668 prophetiam
1561 5601 1628 5656 ab
1661 5602 2026 5658 incredulitate
2047 5617 2166 5659 esse
2185 5606 2266 5660 di-

714 5689 784 5742 cit
812 5705 824 5740 :
858 5688 962 5743 imo
989 5692 1040 5744 in
1070 5690 1412 5760 sequentibus
1441 5690 1567 5747 illud
1597 5694 1976 5763 signiﬁcantius
2003 5695 2150 5767 ponit
2188 5697 2264 5753 sic

1467 330 1522 386 S.
1553 326 1828 385 JOANNlS
1865 324 2335 383 CllRYSOSTOMl
2374 324 2687 382 ARCHIEP.
2727 325 3256 383 CONSTANTINOP.

3882 330 3986 386 376

2405 439 2628 509 loquens
2653 481 2667 505 ,
2700 438 2975 510 Propterea
3021 459 3122 496 non
3163 450 3392 511 poterant
3434 443 3666 511 credere,
3688 446 3809 516 quia
3855 450 3987 500 dixit

2399 531 2612 586 Isaias!
2640 532 2734 586 Hic
2773 533 3014 603 pluribus
3038 535 3147 588 vult
3175 534 3476 603 signiﬁcare
3501 535 3790 604 Scriptura
3819 553 3979 592 vera-

2398 623 2644 689 citatem,
2675 632 2729 678 et
2757 625 2896 693 quod
2922 640 3040 694 qua:
3070 625 3156 678 illa
3197 625 3480 693 prtedixit,
3527 641 3630 680 non
3677 627 3788 679 alio
3816 643 3982 696 quam

2399 728 2506 784 quo
2529 714 2666 768 dixit
2691 713 2849 768 modo
2878 716 3177 769 evenerint.
3203 715 3281 769 Ne
3309 717 3428 784 quis
3457 717 3599 770 enim
3621 717 3846 780 diceret,
3873 717 3986 771 Cur

2399 804 2543 856 venit
2563 802 2837 856 Christus?
2863 819 2967 857 non
2996 805 3198 859 sciebat
3225 821 3328 858 non
3351 805 3646 862 credituros
3667 806 3828 860 illos?
3852 822 3981 876 pro-

2398 894 2586 963 phetas
2613 893 2847 959 inducit,
2874 896 2962 963 qni
3006 896 3106 948 hoc
3145 895 3543 964 prtesciverunt.
3570 895 3725 950 Venit
3753 908 3936 950 autem
3962 936 3979 960 ,

2398 997 2465 1037 ne
2490 983 2715 1051 aliquam
2758 983 2960 1052 peccati
2999 985 3079 1037 sui
3109 986 3507 1039 excusationem
3539 986 3822 1041 haberent.
3847 987 3982 1051 Quas

2397 1073 2535 1124 enim
2566 1071 2807 1138 praedixit
2839 1071 3092 1142 propheta
3115 1114 3131 1138 ,
3164 1084 3221 1126 ut
3243 1088 3461 1141 prorsus
3489 1073 3658 1126 futura
3689 1074 3932 1142 praedixit
3962 1090 3980 1126 :

2398 1163 2496 1216 nisi
2532 1161 2672 1216 enim
2720 1163 2937 1217 omnino
2985 1162 3155 1216 l'utura
3204 1173 3420 1228 essent,
3470 1179 3575 1218 non
3618 1164 3976 1233 praedixisset.

2397 1253 2561 1307 Erant
2586 1261 2760 1308 autem
2793 1268 3010 1322 prorsus
3035 1252 3207 1307 futura
3228 1292 3244 1317 ,
3279 1269 3400 1307 cum
3441 1254 3513 1307 illi
3542 1254 3863 1309 incurabiles
3890 1269 3979 1308 es-

2395 1353 2533 1397 sent.

2465 1432 2755 1496 Propltetite
2801 1431 2993 1485 nullam
3038 1433 3301 1502 imponunt
3341 1435 3701 1488 necessitatem.
3737 1464 3810 1474 —
3837 1433 3978 1487 Illud

2395 1534 2590 1588 autem,
2625 1522 2742 1574 Non
2764 1532 3048 1590 potuerunt,
3079 1523 3127 1576 id
3151 1535 3249 1584 est,
3270 1523 3579 1577 Noluerunt.
3603 1523 3710 1578 Nec
3735 1524 3968 1577 mireris.

2393 1615 2522 1669 Nam
2569 1614 2692 1666 alibi
2743 1629 2950 1683 quoque
2997 1615 3071 1668 ait
3118 1632 3133 1668 :
3181 1613 3281 1679 Qui
3323 1625 3483 1684 potest
3527 1631 3741 1684 capere,
3795 1618 3971 1683 capiat

2396 1704 2604 1775 (Matth.
2649 1703 2733 1758 l9.
2784 1705 2903 1771 12).
2946 1705 3035 1759 Sic
3060 1719 3202 1774 saepe
3246 1706 3382 1760 solet
3411 1715 3722 1774 potestatem
3753 1723 3849 1776 pro
3868 1722 3968 1762 vo-

2394 1799 2592 1854 luntate
2619 1812 2835 1866 ponere.
2871 1798 3168 1867 Iterumque
3192 1838 3207 1863 ,
3244 1797 3362 1852 Non
3405 1809 3565 1869 potest
3616 1801 3836 1854 mundus
3883 1817 3970 1854 nos

2393 1890 2508 1942 odio
2547 1889 2748 1952 habere;
2773 1905 2852 1943 me
2887 1899 3056 1942 autem
3081 1890 3197 1942 odio
3225 1891 3370 1943 liabet
3410 1890 3589 1958 (Joan.
3617 1892 3670 1943 7.
3705 1893 3782 1959 7).
3816 1891 3968 1958 Quod

2391 1980 2548 2034 etiam
2595 1979 2646 2032 in
2689 1980 2962 2033 communi
3010 1994 3108 2032 usu
3157 1981 3472 2035 observatur
3514 2001 3526 2036 :
3569 1991 3625 2034 ut
3672 1997 3794 2036 cum
3839 1983 3969 2035 dicit

2390 2071 2671 2141 quispiam,
2704 2085 2806 2122 non
2836 2085 3050 2138 possum
3077 2069 3223 2125 illum
3256 2074 3412 2126 talem
3448 2089 3650 2137 amare,
3679 2065 3966 2128 voluntatis

2390 2161 2776 2216 vehementiam
2828 2169 3145 2228 potestatem
3185 2177 3386 2216 vocans
3419 2181 3430 2214 :
3465 2179 3528 2218 ac
3575 2180 3826 2227 rursum,
3875 2163 3966 2218 Ille

2391 2249 2510 2301 talis
2540 2249 2650 2301 lieri
2683 2264 2785 2300 non
2819 2257 2994 2318 potest
3021 2249 3211 2304 bonus.
3237 2251 3304 2305 Et
3331 2251 3584 2322 propheta
3607 2253 3732 2321 quid
3762 2252 3875 2306 ait?
3903 2251 3964 2307 Si

2390 2341 2597 2393 mutabit
2624 2338 2867 2408 Ethiops
2887 2341 3064 2409 pellem
3087 2358 3252 2406 suam,
3283 2354 3329 2395 et
3351 2342 3540 2412 pardus
3569 2344 3794 2397 maculas
3823 2359 3968 2406 suas;

2388 2444 2433 2486 et
2462 2433 2678 2503 populus
2724 2435 2803 2488 hic
2843 2436 3024 2500 poterit
3068 2434 3190 2489 bene
3228 2437 3432 2505 facere,
3478 2435 3564 2504 qui
3605 2435 3783 2488 didicit
3830 2437 3960 2487 mala

2389 2527 2530 2594 (.ler.
2561 2527 2646 2580 13.
2677 2525 2794 2593 95).
2822 2525 2936 2580 Non
2966 2527 3088 2582 ideo
3115 2526 3230 2581 haec
3267 2526 3430 2591 dicit,
3457 2527 3600 2596 quod
3630 2542 3732 2579 non
3759 2527 3963 2594 possint

2389 2616 2462 2669 illi
2494 2615 2740 2669 virtutem
2765 2630 3055 2681 exercere;
3087 2616 3179 2670 sed
3225 2615 3365 2683 quod
3413 2615 3650 2678 nollent,
3693 2616 3815 2669 ideo
3857 2630 3961 2668 non

2389 2721 2565 2775 posse.
2597 2705 2706 2760 Hoc
2734 2714 2908 2759 autem
2940 2705 3025 2760 hic
3053 2706 3150 2758 sibi
3175 2708 3286 2759 vult
3305 2706 3650 2774 evangelista,
3673 2721 3778 2758 nnn
3806 2719 3961 2772 posse

2387 2799 2596 2852 mentiri
2629 2798 2974 2868 prophetam,
3023 2813 3193 2866 neque
3240 2807 3416 2850 tamen
3465 2797 3582 2850 ideo
3634 2796 3962 2862 impossibile

2384 2897 2502 2942 erat
2548 2887 2664 2942 illos
2695 2887 2933 2942 credere.
2984 2887 3200 2941 Poterat
3238 2888 3380 2941 enim
3429 2886 3540 2940 lieri
3583 2895 3640 2939 ut
3666 2885 3826 2940 etiam
3860 2884 3965 2937 illis

2385 2980 2721 3034 credentibus
2747 2995 2903 3033 verax
2950 2989 3090 3033 esset
3130 2978 3409 3047 propheta.
3449 2977 3629 3048 Neque
3653 2977 3799 3032 enim
3847 2977 3964 3030 haec

2384 3070 2624 3134 dixisset,
2655 3071 2698 3123 si
2729 3070 2978 3125 credituri
3013 3069 3253 3124 fuissent.
3302 3067 3441 3130 Cur,
3477 3069 3683 3138 inquies
3704 3111 3719 3131 ,
3754 3083 3858 3122 non
3886 3067 3962 3120 ita

2384 3161 2552 3215 dixit?
2573 3161 2704 3228 Quia
2729 3162 2859 3215 tales
2877 3159 3130 3230 quasdam
3162 3162 3508 3229 proprietates
3525 3159 3692 3214 habet
3721 3159 3966 3229 Scriptu-

2384 3268 2472 3315 ra,
2506 3259 2559 3305 et
2587 3251 2636 3305 id
2667 3251 2782 3320 ejus
2825 3250 3028 3317 legibus
3065 3251 3484 3305 concedendum.
3533 3249 3660 3305 Ilaec
3689 3267 3840 3318 porro
3880 3251 3964 3302 di-

2383 3342 2484 3402 xit,
2512 3357 2624 3393 cum
2653 3341 2774 3393 vidit
2801 3339 3016 3410 gloriam
3053 3342 3180 3411 ejus.
3220 3339 3425 3408 Cujus?
3456 3341 3644 3395 Patris.
3692 3339 3799 3396 Cur
3830 3357 3962 3410 ergo

2383 3429 2615 3485 Joannes
2639 3431 2707 3485 de
2736 3431 2871 3485 Filio
2902 3431 3153 3501 loquitur,
3181 3440 3234 3485 et
3261 3433 3453 3486 Paulus
3476 3433 3542 3486 de
3570 3431 3818 3501 Spiritu?
3842 3432 3962 3486 Non

2383 3529 2439 3574 ut
2466 3519 2858 3574 confundentes
2891 3520 3202 3592 bypostases
3223 3562 3237 3584 ,
3269 3522 3362 3574 sed
3396 3537 3552 3574 unam
3596 3522 3964 3590 signiﬁcantes

2381 3612 2711 3679 dignitatem.
2737 3611 2864 3665 Nam
2895 3627 3012 3677 qum
3039 3612 3207 3666 Patris
3235 3623 3356 3665 sunt
3381 3654 3396 3676 ,
3420 3612 3538 3667 Filii
3571 3622 3692 3666 sunt
3713 3654 3729 3678 ,
3762 3625 3816 3667 et
3837 3625 3965 3678 qua:

2383 3701 2498 3755 Filii
2525 3741 2540 3768 ,
2569 3702 2741 3756 Patris
2772 3703 2812 3754 ¹.
2843 3703 3000 3770 Atqui
3030 3703 3193 3756 multa
3225 3717 3322 3765 per
3345 3703 3565 3772 angelos
3595 3703 3751 3768 dixit,
3783 3713 3840 3756 et
3865 3719 3964 3757 ne-

2383 3806 2470 3845 mo
2502 3801 2674 3845 tamen
2719 3791 2830 3857 ait,
2857 3791 3007 3847 Sient
3031 3792 3164 3845 dixit
3207 3793 3456 3861 angelus;
3509 3793 3600 3846 sed
3629 3793 3791 3863 quid?
3819 3793 3967 3847 Deus

2380 3880 2531 3934 dixit.
2562 3881 2692 3948 Quae
2717 3883 2858 3936 enim
2908 3896 2936 3935 a
2987 3883 3096 3936 Deo
3140 3897 3238 3952 per
3263 3883 3481 3953 angelos
3506 3885 3642 3938 dicta
3668 3894 3827 3948 sunt,
3867 3884 3962 3939 Dei

2381 3983 2533 4036 Sunt;
2567 3987 2671 4027 non
2711 3973 2837 4027 item
2864 3989 2982 4042 qua:
3028 3973 3120 4026 Dei
3163 3983 3308 4036 sunt.
3344 3973 3652 4043 angelorum
3683 3984 3828 4029 sunt.
3865 3976 3963 4031 llic

2381 4077 2512 4116 vero
2541 4063 2616 4115 ait
2653 4062 2813 4117 verba
2853 4063 3079 4132 Spiritus
3113 4078 3254 4118 esse.
3287 4063 3350 4116 Et
3394 4065 3627 4134 loquutus
3671 4075 3745 4117 est
3787 4067 3852 4118 de
3877 4083 3959 4119 eo.

2379 4152 2513 4219 Quid
2544 4152 2792 4221 loquutus
2817 4153 2932 4207 est?
2965 4152 3081 4206 Vidi
3119 4154 3389 4207 Dominum
3415 4155 3667 4207 sedentem
3693 4172 3848 4224 super
3871 4173 3963 4208 so-

2383 4242 2504 4292 lium
2536 4243 2786 4295 excelsum
2811 4241 2958 4314 (Isai.
2989 4242 3041 4296 6.
3074 4243 3151 4312 l),
3181 4253 3283 4298 etc.
3325 4244 3560 4299 Gloriam
3599 4260 3729 4315 ergo
3761 4246 3848 4300 hic
3877 4248 3964 4301 di.-

2380 4332 2452 4385 cit
2486 4333 2738 4387 visionem
2768 4333 2931 4398 illam,
2956 4333 3176 4400 fumum,
3199 4349 3388 4388 arcana
3419 4335 3633 4390 audisse
3677 4337 3958 4407 mysteria;

2382 4422 2658 4491 Scrapltim
2690 4423 2883 4478 vidisse
2902 4464 2916 4486 ,
2947 4425 3117 4493 lulgur
3143 4439 3172 4478 a
3201 4425 3396 4478 throno
3422 4427 3676 4479 exsiliens
3697 4465 3712 4486 ,
3739 4427 3790 4478 in
3815 4427 3961 4494 quod

2378 4515 2644 4582 respicere
2684 4523 2972 4582 potestates
3019 4515 3121 4567 illae
3166 4530 3270 4567 non
3298 4515 3563 4568 valebant.
3607 4514 3674 4567 Et
3720 4517 3965 4582 loquutus

2377 4614 2450 4657 est
2479 4604 2542 4656 de
2563 4619 2640 4658 eo.
2687 4604 2822 4670 Quid
2869 4605 3117 4674 loquutus
3162 4605 3277 4660 est?
3306 4606 3458 4671 Quod
3504 4607 3734 4661 audierit
3769 4623 3959 4661 vocem

2376 4692 2662 4756 dicentem,
2687 4693 2847 4759 Quem
2867 4695 3078 4758 mittam,
3107 4706 3151 4748 et
3172 4697 3282 4764 quis
3312 4698 3398 4749 ibit
3416 4698 3441 4750 I
3465 4696 3527 4748 Et
3553 4697 3679 4762 dixi,
3706 4696 3839 4751 Ecce
3866 4713 3962 4767 ego

2375 4799 2509 4846 sum,
2544 4783 2686 4836 mitte
2710 4799 2809 4836 me.
2845 4782 2907 4836 Et
2934 4785 3082 4848 dixit,
3117 4784 3305 4838 Audita
3333 4787 3566 4850 audietis,
3590 4796 3636 4839 et
3668 4803 3769 4839 non
3805 4787 3963 4840 intel-

2378 4873 2568 4939 ligetis:
2588 4882 2634 4927 et
2658 4873 2878 4927 videntes
2893 4874 3135 4938 videbitis,
3159 4882 3205 4926 et
3231 4877 3477 4929 nescietis.
3506 4875 3792 4931 Exca'cacit
3818 4881 3958 4932 enim

2376 4965 2546 5017 oculos
2567 4981 2738 5018 eorum
2758 5007 2773 5030 ,
2797 4974 2841 5018 et
2867 4965 3122 5018 induravit
3161 4983 3247 5020 cor
3271 4983 3464 5027 eorum.
3497 4985 3560 5021 ne
3587 4975 3716 5039 forte
3750 4970 3956 5026 videant

2376 5055 2534 5108 oculis
2557 5096 2571 5119 ,
2601 5065 2648 5106 et
2671 5055 2820 5107 corde
2845 5055 3125 5125 intelligant
3153 5055 3308 5124 (lsai.
3339 5059 3389 5110 6.
3423 5057 3556 5113 840
3655 5059 3733 5113 En
3763 5076 3956 5116 rursus

2375 5147 2530 5197 aliaat
2556 5145 2935 5213 qutestionem.
2966 5162 3084 5213 qua:
3107 5147 3246 5199 nulla
3270 5156 3445 5202 tamen
3473 5160 3587 5210 est,
3619 5152 3662 5203 si
3694 5162 3836 5204 recte
3866 5163 3957 5205 at-

2377 5235 2673 5288 tendamus.
2722 5234 3177 5300 Quemadmodum
3224 5239 3366 5291 euim
3412 5239 3490 5292 sol
3533 5239 3737 5296 debiles
3765 5243 3960 5296 oculos

2376 5324 2648 5392 percellit,
2684 5339 2788 5376 non
2838 5339 2932 5392 per
2980 5326 3246 5392 propriam
3293 5337 3535 5380 naturam
3570 5344 3583 5380 :
3614 5329 3693 5384 sic
3739 5345 3963 5400 quoque

2372 5414 2564 5468 accidit
2592 5415 2674 5479 iis,
2703 5417 2789 5484 qui
2822 5415 2911 5469 Dei
2940 5417 3114 5470 verbis
3153 5433 3257 5472 non
3286 5418 3589 5475 attendunt.
3621 5419 3695 5474 lta
3726 5432 3780 5476 et
3809 5421 3966 5477 Plin-

2374 5506 2552 5560 raonis
2577 5521 2671 5560 cor
2701 5507 2976 5562 indurasse
2999 5508 3220 5578 dicitur,
3252 5510 3391 5581 quod
3433 5513 3630 5568 accidit
3654 5514 3758 5569 illis
3786 5518 3966 5574 etiam

2373 5643 2626 5769 aut“
2646 5644 2781 5708 legit,
2799 5649 2842 5694 ct
2866 5657 2975 5708 qua
2992 5645 3120 5708 ιιϊιίἰ,
3146 5647 3361 5712 Spiritus,
3389 5656 3441 5698 et
3456 5650 3525 5698 sic
3540 5663 3710 5702 ornnes
3732 5648 3841 5701 fere
3863 5657 3964 5703 tta-
