4164 6330
229 385 336 424 ὁδί)

233 484 436 556 οιμίοις
463 485 634 558 φησὶν
669 485 698 539 6
726 482 1134 554 εύαγγελιστὴς.
1161 483 1242 536 ὅτι
1276 485 1398 536 οὐκ
1426 480 1496 545 ἐξ
1523 477 1808 547 αἱμάτων,

233 571 380 628 οὐδὲ
426 573 495 627 ἐκ
527 571 862 638 θελήματος
892 569 1121 637 σαρκὸς
1141 606 1155 628 ,
1196 566 1335 621 ἀλλ’
1361 567 1431 620 ἐκ
1461 565 1610 618 Θεοῦ
1648 561 1816 630 ἐγεν-

231 655 550 726 νήθησαν,
587 655 870 715 τουτέστι,
909 651 1004 704 τοῦ
1045 651 1288 719 Πατρός·
1326 646 1559 701 ἐνταῦθα
1613 644 1670 698 δὲ
1717 642 1815 726 αθ·

183 752 186 753 ⁷
233 725 330 802 τὸς
383 738 599 806 λέγεται
660 736 882 797 τούτους
925 735 1139 804 γεννᾷν,
1185 733 1273 784 ἴνα
1322 731 1534 801 μάθῃς,
1583 728 1665 780 ὅτι
1721 725 1819 795 μία

235 821 491 892 ινιίργεια
530 818 745 888 [ἰατρὸς
791 817 886 871 καὶ
936 815 1089 869 Υίοῦ.
1159 813 1352 868 Ταῦτα
1404 809 1589 866 εἰπὼν
1638 809 1821 892 όῄἰητ

234 890 426 969 σοῦς,
467 902 566 956 καὶ
613 900 892 955 ἀπελθὼν
929 899 1033 952 ἀπ’
1065 894 1292 958 αὐτῶν,
1340 895 1582 962 ἐκρύϐη.
1620 891 1737 944 Νῦν
1769 890 1821 942 τί

236 986 577 1056 κρύπτεταις
609 982 744 1035 Οὐδὲ
777 981 884 1051 γὰρ
936 981 1114 1043 λίθους
1146 977 1289 1051 ἦραν
1334 977 1451 1031 κατ’
1485 974 1671 1038 αὑτοῦ,
1701 974 1820 1028 οὐδὲ

234 1069 673 1139 ιϐλασφήμησάν
719 1085 771 1119 τι
825 1065 1066 1118 τοιοῦτον
1115 1059 1227 1117 οἷον
1278 1062 1607 1133 ἔμπροσθεν.
1663 1060 1820 1130 Τίγος

233 1148 331 1206 οὖν
358 1151 547 1204 ἕνεκεν
573 1149 813 1220 ὲκρύϐης
847 1147 1209 1218 Τὰςικαρδίας
1239 1144 1559 1216 ιμϐατεύων
1589 1144 1700 1214 ᾔδει
1728 1143 1820 1196 16v

235 1235 414 1305 θυμὸν
437 1235 620 1295 αὐτοῖς
645 1233 1014 1303 ἀγριαίνοντα,
1042 1233 1090 1284 εί
1117 1232 1211 1283 καὶ
1247 1229 1415 1299 μηδὲν
1456 1229 1816 1298 ἐφθέγγοντο·

231 1320 354 1390 ᾔδει
385 1318 579 1383 ζέοντα
628 1317 722 1369 καὶ
774 1315 1038 1383 φονῶντα,
1079 1315 1173 1367 καὶ
1209 1313 1270 1364 ού
1319 1312 1643 1382 περιέμενεν
1678 1307 1820 1362 ὥστε

232 1403 316 1464 εἰς
341 1401 503 1470 ἔργον
529 1397 781 1465 ἐξελθεῖν,
810 1397 948 1450 ἀλλὰ
973 1396 1296 1465 κρύπτεται,
1327 1392 1819 1463 παραμυθούμενος

230 1484 417 1537 αὐτῶν
456 1484 546 1536 τὸν
596 1482 807 1550 φθόνον.
844 1480 986 1550 Ὅρα
1027 1479 1156 1546 γοῦν
1194 1478 1310 1540 πῶς
1338 1477 1501 1529 αὑτὸν
1540 1475 1761 1546 ᾐνίξατο
1791 1475 1821 1526 6

231 1567 654 1636 εὐαγγελιστής.
695 1564 908 1624 Εὐθέως
939 1561 1068 1629 γοῦν
1100 1563 1345 1632 ἐπήγαγε
1367 1577 1379 1591 ·
1438 1559 1708 1613 Τοσαῦτα
1752 1557 1821 1610 δὲ

231 1651 428 1704 αὐτοῦ
461 1646 680 1716 σημεῖα
733 1645 1150 1712 πεποιηκότος,
1205 1646 1315 1697 οὐκ
1371 1643 1695 1696 ἐπίστευον
1735 1643 1822 1705 εις

231 1732 447 1784 αὐτόν.
480 1732 615 1782 Ποῖα
642 1728 912 1794 τοσαῦτα;
950 1728 1087 1780 Ὅσα
1124 1725 1425 1795 παρέλιπεν
1471 1727 1499 1776 6
1531 1721 1820 1790 εὐαγγελιο

236 1816 396 1884 στής.
431 1814 541 1865 Kal
570 1815 633 1866 ὲκ
677 1810 783 1864 τῶν
815 1809 952 1880 μετὰ
993 1809 1166 1862 ταῦτα
1205 1809 1263 1861 δὲ
1295 1806 1453 1860 τοῦτο
1497 1807 1675 1876 δῆλον.
1714 1804 1823 1858 Kal

233 1898 349 1968 γὰρ
387 1897 752 1967 ὑποχωρήσας
795 1894 890 1946 καὶ
929 1893 1132 1956 ἐνδοὺς,
1177 1894 1272 1945 καὶ
1307 1889 1615 1944 επανελθὼν
1659 1889 1822 1943 πάλιν

234 1979 547 2050 ὑφειμένως
587 1977 770 2038 αὐτοῖς
809 1975 1134 2044 διαλέγεται,
1179 1975 1322 2028 οὕτω
1374 1975 1548 2041 λέγων
1571 1990 1583 2002 ·
1631 1973 1694 2024 '0
1723 1988 1821 2025 πι-

232 2063 474 2116 στεύων
501 2063 584 2126 εὶς
610 2058 733 2128 ἐμὲ,
757 2061 829 2113 οὺ
874 2059 1142 2112 πιστεύει
1171 2060 1260 2124 εις
1280 2059 1404 2126 ἐμὲ,
1428 2057 1568 2110 ἀλλ’
1605 2057 1693 2120 είς
1718 2055 1824 2107 τόν

233 2143 561 2216 πέμψαντὰ
613 2161 712 2213 με.
757 2144 900 2214 Ὅρα
944 2143 1052 2213 γὰρ
1079 2141 1132 2194 τί
1188 2145 1351 2194 ποιεῖ·
1411 2141 1668 2211 Ἀρχεται
1714 2137 1823 2192 ἀπὸ

234 2229 511 2284 ταπεινῶν
548 2229 641 2282 καὶ
696 2227 1174 2296 συνεσταλμένων,
1231 2226 1323 2279 καὶ
1370 2223 1709 2293 καταφεύγει
1742 2225 1822 2287 είς

232 2314 330 2366 16v
355 2314 599 2384 Πατέρα·
635 2306 753 2365 εἶτα
787 2300 948 2366 πάλιν
974 2309 1126 2382 [406]
1155 2310 1348 2380 ἀνάγει
1380 2310 1472 2363 τὸν
1501 2308 1676 2378 λόγον.
1711 2309 1823 2361 Kal

234 2397 369 2450 ὅταν
417 2397 502 2468 ἴδῃ
535 2395 1014 2466 ὲκθηριουμένους,
1045 2396 1339 2464 ὑποχωρεῖ,
1377 2394 1469 2446 καὶ
1526 2394 1686 2446 πάλιν
1727 2392 1825 2460 ἔφη

238 2479 482 2541 ίσταται,
507 2479 601 2532 xal
632 2480 738 2532 ἀπὸ
754 2478 1025 2531 ταπεινῶν
1051 2477 1465 2547 προοιμιάζεται
1497 2469 1676 2529 ᾗλιν.
1713 2475 1824 2527 Kal

237 2562 349 2615 ποῦ
393 2562 553 2615 τοῦτο
612 2563 870 2633 Eminus;
920 2559 1030 2612 Ποῦ
1065 2561 1171 2630 γὰρ
1211 2559 1311 2612 οὐκ
1355 2559 1643 2630 ὲποίησεν;
1679 2558 1825 2629 ὐρα

235 2645 373 2712 γοῦν
393 2647 451 2698 ὲν
492 2646 636 2714 ἀρχῇ
659 2644 711 2696 τί
741 2659 910 2714 φησι·
954 2642 1158 2708 Καθὼς
1189 2642 1406 2705 ἀκούω,
1443 2643 1654 2710 κρίνω·
1677 2637 1679 2640 ’
1704 2636 1824 2694 εἶτα

236 2729 595 2799 ὑψηλότερον,
642 2731 869 2795 Ὠσπερ
920 2728 1032 2796 γὰρ
1077 2730 1109 2780 ό
1150 2728 1350 2794 Πατὴρ
1409 2727 1622 2794 ἐγείρει
1681 2725 1824 2789 τοὺς

233 2812 496 2880 νεκροὺς
536 2812 635 2865 καὶ
661 2812 942 2876 ζωοποιεῖ,
979 2812 1130 2864 οὕτω
1160 2813 1261 2864 καὶ
1291 2813 1324 2864 ό
1373 2811 1505 2875 Υίός
1527 2809 1636 2875 οὓς
1664 2808 1823 2864 θέλει

237 2893 546 2955 ζωοποιεῖ·
611 2894 794 2955 πάλιν,
851 2893 998 2962 Ἐγὼ
1049 2896 1119 2947 οὐ
1173 2894 1354 2961 κρίνω
1411 2891 1587 2961 ὑμᾶς,
1633 2891 1824 2957 ἄλλος

234 2978 416 3030 ἐστὶν
444 2980 476 3030 ό
509 2977 747 3044 κρίνων.
808 2973 942 3028 Εἶτα
992 2977 1267 3046 ἀναχωρεῖ
1303 2975 1495 3028 πάλιν·
1534 2970 1651 3026 εἶτα
1701 2977 1822 3028 ἐπι-

240 3061 380 3122 στὰς
401 3063 467 3130 τῇ
487 3061 766 3122 Γαλιλαία,
805 3058 1170 3127 Ἐρτάζεσθε,
1217 3060 1371 3127 φησὶ,
1410 3058 1496 3127 μὴ
1529 3055 1646 3123 τὴν
1665 3059 1825 3126 ,ϐρῶ-

235 3161 348 3197 σιν
385 3141 499 3210 τὴν
527 3140 981 3210 ἀπολλυμένην.
1019 3143 1129 3194 Kal
1160 3142 1330 3194 εἰπὼν
1362 3143 1488 3213 περὶ
1525 3143 1689 3196 αὐτοῦ
1724 3161 1823 3214 με-

237 3227 403 3295 γάλα,
439 3229 521 3281 ὅτι
572 3230 637 3279 ὲκ
681 3225 776 3278 τοῦ
817 3225 1044 3296 ούρανοῦ
1105 3225 1500 3296 καταϐέϐηκεν,
1552 3228 1634 3280 ὅτι
1679 3227 1824 3297 ζωὴν

235 3309 463 3363 αἰώνιον
494 3310 697 3374 δίδωσι,
731 3309 892 3362 πάλιν
914 3311 1204 3379 ἀναχωρεῖ.
1232 3309 1342 3360 Kal
1375 3311 1441 3379 τῇ
1472 3310 1826 3380 Σκηνοπηγίᾳ

238 3392 407 3446 πάλιν
436 3393 683 3456 ἐπιστὰς,
719 3392 779 3445 16
815 3391 1131 3445 αῦτὸοτοῦτο
1164 3393 1328 3444 ποιεῖ.

315 3559 382 3629 β’.
413 3561 524 3613 Kal
547 3557 808 3627 διηνεκῶς
844 3560 942 3612 ῖδοι
974 3577 1055 3622 τις
1089 3559 1155 3613 ἂν
1176 3558 1319 3612 οὕτω
1350 3560 1694 3627 ποικίλλοντα
1727 3561 1825 3632 τὴν

237 3642 614 3708 διδασκαλίαν,
644 3643 938 3713 παρουσίᾳ,
979 3643 1238 3714 ἀπουσία,
1273 3649 1571 3708 ταπεινοῖς,
1603 3645 1826 3716 ὑψηλοῖς

238 3728 445 3795 λόγοις.
495 3729 560 3780 Ὀ
585 3728 675 3779 καὶ
695 3726 927 3780 ἐνταῦθα
959 3728 1250 3796 πεποίηκε.
1293 3728 1564 3781 Τοσαῦτα
1610 3729 1679 3780 δὲ
1723 3731 1827 3783 (αὺ-

239 3810 353 3864 τοῦ
386 3811 604 3878 σημεῖα
641 3811 1060 3876 πεποιηκότος,
1096 3813 1208 3863 οὐκ
1239 3810 1566 3866 ἐπίστευον
1596 3815 1684 3878 είς
1721 3816 1828 3867 αύ-

239 3893 375 3957 τὸν,
409 3893 593 3961 φησὶν,
649 3892 751 3944 ἵνα
813 3890 1103 3959 πληρωθῇ
1149 3896 1182 3946 ό
1234 3895 1415 3961 λόγος
1475 3895 1714 3949 Ἡσαΐου
1758 3897 1830 3950 ὂν

240 3970 377 4027 εἶπε
408 3991 421 4004 ·
452 3975 649 4041 Κύριε.
673 3974 765 4039 τίς
789 3974 1115 4028 ἐπίστευσε
1135 3973 1208 4042 τῇ
1234 3974 1386 4044 ἀκοῇ
1413 3977 1584 4046 ἡμῶν
1604 3994 1625 4043 ;
1668 3979 1766 4032 καὶ
1796 3981 1829 4033 ό

235 4056 513 4126 βραχίων
560 4058 777 4123 Κυρίου
819 4058 934 4110 τίνι
989 4059 1421 4128 ἀπεκαλύφθη;
1475 4062 1584 4114 Kal
1643 4061 1826 4127 πάλιν,

245 4142 374 4194 Οὐκ
384 4138 705 4206 ἠδύναντο,
725 4141 878 4210 φησὶ,
895 4142 1223 4205 πιστεύειν,
1243 4140 1330 4194 ὅτι
1354 4139 1524 4196 εἶπεν
1546 4145 1795 4210 Ἡσαΐας
1810 4161 1825 4175 ·

256 4222 429 4291 Ἀκοῇ
459 4225 775 4286 ἀκούσετε,
810 4226 906 4277 καὶ
932 4231 1004 4279 ού
1031 4225 1116 4294 μὴ
1143 4225 1394 4292 συνῆτε.
1433 4229 1624 4283 Ταῦτα
1651 4227 1719 4282 δὲ
1749 4225 1830 4283 εἷ-

244 4325 383 4369 πεν,
415 4308 514 4360 ὅτε
530 4307 650 4360 εῖδε
674 4307 786 4374 τὴν
816 4307 1002 4370 δόξαν
1030 4307 1214 4360 αὑτοῦ
1244 4310 1340 4362 καί
1385 4310 1653 4378 ἐλάλησε
1696 4313 1831 4380 περὶ

242 4391 458 4444 αὑτοῦ.
506 4391 637 4443 Ἰδοὺ
681 4391 844 4443 πάλιν
881 4391 962 4453 16,
1000 4390 1152 4454 "Ou,
1197 4393 1290 4446 καὶ
1330 4389 1537 4458 Εἶπεν,
1578 4397 1698 4466 οὐχὶ
1746 4400 1830 4449 αῖ-

243 4474 541 4540 τιολογίας,
591 4472 705 4525 ἀλλ’
755 4473 1051 4536 ἐκϐάσεως.
1113 4473 1246 4527 Οὐδὲ
1288 4475 1395 4548 γὰρ
1441 4478 1629 4548 ἐπειδὴ
1674 4475 1830 4533 εἶπεν

257 4558 509 4621 Ἡσαΐας,
541 4559 641 4611 οὐκ
663 4557 947 4611 ἐπίστευον
969 4574 982 4587 ·
1013 4558 1127 4610 ἀλλ’
1150 4561 1336 4630 ἐπειδὴ
1365 4560 1464 4614 οὐκ
1486 4561 1712 4632 ἔμελλον
1743 4583 1832 4616 πι-

247 4642 484 4706 στεύειν,
528 4643 617 4695 διὰ
653 4642 810 4694 τοῦτο
862 4633 1015 4695 εἶπεν
1063 4644 1306 4707 Ἡσαΐας.
1360 4645 1424 4696 Τί
1461 4642 1555 4698 οὗν
1599 4649 1697 4717 οὐχ
1733 4648 1828 4700 οῦ-

244 4743 359 4789 τως
396 4728 424 4777 6
465 4725 853 4796 εὐαγγελιστὴς
885 4725 1050 4793 λέγει,
1103 4727 1237 4780 ἀλλὰ
1278 4727 1377 4797 τὴν
1423 4730 1681 4793 ἀπιστίαν
1723 4734 1830 4786 ἀπὸ

245 4809 349 4877 τῆς
408 4810 764 4879 προφητείας,
805 4811 864 4863 οῦ
914 4813 1012 4878 τὴν
1054 4813 1388 4883 προφητείαν
1425 4815 1532 4866 ἀπὸ
1565 4815 1666 4884 τῆς
1704 4816 1883 4869 άπιέ”“

253 4891 407 4954 οτίας
463 4887 600 4945 εἷναί
648 4909 806 4961 φησι·
853 4895 944 4946 καὶ
994 4893 1219 4963 προῖὼν,
1271 4895 1626 4967 σφοδρότερον
1672 4900 1832 4952 τοῦτο

244 4974 383 5026 αὐτὸ
397 4975 629 5044 τίθησιν,
660 4976 800 5029 οῦτω
824 4977 1030 5045 λέγων·
1067 4977 1171 5032 Διά
1200 4979 1374 5033 τοῦτο
1397 4985 1507 5034 οὐκ
1534 4983 1832 5050 ἠδύναντο

244 5060 576 5121 πιστεύειν,
609 5060 697 5113 ὅτι
730 5057 898 5118 εἶπεν
935 5062 1210 5129 Ἠσαΐας;
1252 5063 1528 5118 Ἐντεῦθεν
1550 5071 1833 5140 παραστῆ-

248 5159 343 5196 σαι
376 5141 464 5194 διὰ
507 5143 714 5196 πολλῶν
773 5145 1021 5214 βούλεται
1065 5147 1124 5198 16
1174 5148 1271 5215 τῆς
1309 5149 1528 5218 Γραφῆς
1559 5151 1828 5220 ἀψευδές·

242 5227 346 5279 καὶ
372 5225 472 5304 ,ὅτι
500 5225 645 5296 άπερ
665 5230 1089 5298 προεφήτευσεν,
1122 5230 1219 5299 οὐχ
1249 5231 1450 5300 ἑτέρως
1486 5233 1669 5304 ἐξέϐη,
1712 5235 1830 5288 ἀλλ’

243 5310 323 5371 ὡς
357 5301 526 5362 εἶπεν.
563 5309 676 5361 Ἰνα
725 5309 833 5381 γὰρ
889 5313 960 5381 μή
1001 5328 1086 5373 τις
1115 5312 1272 5384 λέγῃ,
1331 5315 1437 5368 Kal
1472 5317 1615 5380 τίνος
1634 5301 1831 5372 ’ἕνεκεν

241 5387 468 5460 ἦλθενὸ
500 5393 770 5462 Χριστός;
807 5394 908 5447 ούκ
957 5396 1075 5465 ᾖδεν.
1133 5397 1216 5448 ὅτι
1264 5397 1363 5448 οὐκ
1408 5397 1632 5466 ἔμελλον
1681 5402 1831 5471 αὐτῷ

241 5475 573 5546 προσέχειν;
613 5476 707 5529 καὶ
734 5479 860 5540 τοὺς
883 5481 1165 5548 προφήτας
1195 5482 1578 5548 είσάγειτοῦτο
1598 5484 1826 5548 εἰδότας.

240 5552 421 5611 Ἦλθε
453 5559 531 5618 δὲ,
562 5560 645 5613 ῖνα
669 5559 938 5630 πρόφασιν
973 5564 1046 5632 μὴ
1092 5565 1256 5634 ἔχωσι
1283 5566 1408 5635 περ).
1434 5567 1534 5634 τῆς
1556 5569 1829 5636 ἁμαρτίας

239 5641 448 5695 αὐτῶν.
498 5645 564 5695 Ἀ
611 5645 722 5715 γὰρ
768 5647 1026 5714 προεῖπεν
1059 5648 1088 5698 ὁ
1127 5651 1434 5719 προφήτης,
1481 5652 1557 5714 ὡς
1609 5651 1828 5715 πάντως

238 5724 481 5793 ἑτόμενα
509 5730 788 5796 προεῖπεν.
827 5729 887 5780 Εἰ
930 5730 1039 5798 γὰρ
1079 5730 1152 5800 μὴ
1197 5733 1414 5794 πάντως
1451 5733 1675 5800 ἔμελλεν
1708 5735 1827 5788 ἔσε-

238 5807 392 5872 σθαι,
422 5810 520 5862 οὐκ
553 5811 620 5864 ἂν
656 5815 916 5881 προεῖπε·
958 5814 1174 5878 πάντως
1210 5815 1266 5867 δὲ
1314 5816 1537 5885 ἔμελλεν
1583 5817 1823 5882 ἔσεσθαι,

209 5904 213 5905 ⁷
237 5893 434 5962 ἐπειδὴ
467 5895 704 5958 ἀνιάτως
730 5891 873 5967 εἶχον
899 5899 1116 5952 ἐκεῖνοι.

309 5985 374 6039 ΕΞ
406 5985 457 6040 δέ
477 5991 650 6042 κεῖται
679 5988 756 6056 16,
795 5990 914 6045 Οὐκ
935 5990 1254 6059 ἠδύναντο,
1289 5993 1406 6046 ἀντῖ
1431 5993 1542 6061 τοῦ,
1564 5994 1672 6048 Οὐκ
1701 5996 1821 6068 $.91-

1223 350 1291 420 ιιι
1326 357 1641 420 JOANNEM
1679 353 1820 412 non

1955 350 2182 408 LXVIII.
2224 354 2295 408 aI.
2340 351 2549 410 LXVII.
3399 357 3505 415 376

1922 473 2033 536 λον,
2051 477 2248 528 κεῖται.
2283 475 2392 528 Kal
2429 475 2502 545 μὴ
2534 472 2840 544 θαυμάσῃς.
2863 470 2973 526 Καὶ
3009 470 3116 543 γὰρ
3137 471 3231 526 καὶ
3269 471 3503 544 ἀλλαχοῦ

1926 573 2108 628 φησιν.
2165 558 2228 610 '0
2247 555 2580 626 δυνάμενος
2606 553 2836 624 χωρεῖν,
2867 556 3144 623 χωρείτω.
3181 555 3369 621 Οὕτως
3395 552 3505 610 οἶδε

1925 641 2195 713 πολλαχοῦ
2215 641 2444 711 δύναμιν
2477 642 2576 711 τὴν
2597 638 2914 712 προαίρεσιν
2937 639 3138 707 λέγειν.
3168 643 3278 696 Kal
3308 642 3470 697 πάλιν
3487 661 3503 676 ο

1929 727 2012 778 Οὐ
2039 724 2288 778 δύναται
2306 727 2339 778 ό
2362 725 2592 798 κόσμος
2619 722 2825 792 μισεῖν
2851 724 3008 794 ὑμᾶς
3031 741 3044 754 ·
3083 724 3190 792 ἐμὲ
3223 725 3291 778 δὲ
3316 726 3505 796 μισεῖ.

1925 806 2097 860 Τοῦτο
2117 807 2174 859 δὲ
2203 807 2295 859 καὶ
2325 807 2384 858 ὲν
2408 808 2472 874 τῇ
2500 810 2650 877 κοινῇ
2683 808 2942 879 συνηθείᾳ
2973 807 3374 878 φυλαττόμενον
3409 810 3508 862 ἴδοι

1923 905 2006 952 τις
2027 890 2093 942 ἄν
2116 905 2130 918 ·
2163 889 2238 951 ὡς
2260 889 2386 941 ὅταν
2413 887 2547 958 λέγῃ
2577 906 2658 951 τις
2684 907 2698 921 ·
2739 892 2814 943 Οὐ
2845 891 3079 960 δύναμαι
3104 892 3388 958 ἀγαπῆσαι
3417 893 3510 944 τὸν

1922 973 2089 1025 δεῖνα·
2125 973 2184 1025 16
2221 972 2451 1044 σφοδρὸν
2503 972 2605 1041 τῆς
2657 972 2990 1044 βουλήσεως,
3032 973 3265 1043 δύναμιν
3310 973 3506 1041 λέγων.

1925 1055 2037 1107 Kal
2076 1055 2236 1108 πάλιν
2259 1071 2273 1084 ·
2330 1055 2404 1107 Οὐ
2436 1052 2657 1109 δύναται
2681 1057 2709 1108 6
2750 1056 2898 1109 δεῖνα
2938 1055 3193 1123 γενέσθαι
3241 1055 3498 1126 χρηστός.

1924 1138 2032 1190 Kal
2070 1138 2099 1189 6
2138 1139 2423 1208 προφήτης
2442 1136 2500 1189 δὲ
2521 1138 2572 1190 τί
2618 1155 2782 1208 φησιν
2805 1154 2819 1202 ;
2845 1140 2913 1190 El
2942 1137 3268 1202 ἀλλάξεται
3293 1137 3523 1203 Αίθίοψ.

1923 1221 1990 1273 τὸ
2024 1220 2208 1290 δέρμα
2235 1220 2441 1283 αὑτοῦ,
2471 1221 2567 1274 καὶ
2594 1221 2890 1289 πάρδαλις
2921 1223 2993 1277 τὰ
3023 1221 3386 1290 ποικίλματα
3407 1221 3514 1275 αὑ-

1924 1302 2054 1371 τῆς,
2104 1304 2202 1356 καί
2224 1307 2257 1357 ό
2286 1304 2436 1376 λαὸς
2467 1300 2638 1370 οὗτος
2666 1304 2998 1373 δυνήσεται
3028 1300 3098 1359 εὖ
3133 1302 3384 1371 ποιῆσαι
3407 1321 3514 1372 με·

1918 1392 2201 1462 μαθηκὼς
2229 1392 2404 1446 κακά.
2442 1393 2515 1446 Οὐ
2538 1394 2695 1446 τοῦτό
2719 1411 2907 1463 φησιν,
2934 1395 3015 1447 ὅτι
3045 1393 3305 1448 ἀδύνατος
3327 1393 3512 1456 αὐτοῖς

1925 1478 2079 1548 ήτῆς
2112 1478 2313 1548 ἀρετῆς
2374 1476 2640 1549 ἐργασία·
2687 1478 2800 1530 ἀλλ’
2855 1478 2938 1531 ὅτι
2977 1479 3038 1530 οὐ
3085 1477 3384 1545 βούλονται,
3425 1478 3513 1530 διὰ

1923 1559 2081 1624 τοῦτο
2129 1561 2190 1612 ού
2245 1560 2519 1614 δύνανται.
2582 1561 2692 1612 Kal
2736 1560 2764 1612 ὃ
2819 1559 2968 1627 λέγει
3012 1561 3040 1612 6
3081 1559 3510 1630 εύαγγελιστὴς,

1923 1642 2082 1694 τοῦτό
2120 1659 2304 1713 φησιν,
2353 1643 2435 1695 ὅτι
2479 1642 2736 1695 ἀδύνατον
2781 1637 2849 1712 ἦν
2887 1641 3189 1710 ψεύσασθαι
3233 1641 3382 1714 [407]
3420 1643 3513 1695 τὸν

1925 1727 2230 1798 προφήτην.
2288 1725 2362 1778 Ub
2407 1725 2513 1795 μὴν
2547 1726 2636 1778 διὰ
2681 1725 2840 1778 τοῦτο
2888 1725 3148 1778 ἀδύνατον
3204 1722 3272 1796 ἦν
3313 1727 3511 1788 αὐτοὺς

1927 1809 2236 1861 πιστεῦσαι.
2279 1810 2437 1879 Ἐνῆν
2482 1809 2614 1879 γὰρ,
2673 1809 2769 1861 καὶ
2834 1809 3244 1861 πιστευσάντων
3307 1809 3510 1874 αὐτῶν,

1925 1893 2127 1963 ἀψευδῆ
2186 1891 2383 1963 μένειν.
2437 1892 2512 1945 Ού
2567 1893 2677 1963 γὰρ
2708 1891 2774 1946 ἂν
2799 1893 2971 1946 ταῦτα
3002 1899 3285 1967 προεῖπεν,
3319 1895 3368 1948 εί
3418 1914 3513 1949 πι-

1928 1977 2138 2029 στεύειν
2160 1977 2402 2046 έμελλον.
2447 1975 2512 2028 Τί
2563 1975 2676 2041 οὖν,
2730 1978 2915 2046 φησὶν,
2967 1978 3066 2046 οὐχ
3106 1976 3283 2040 οὕτως
3311 1974 3503 2040 εἶπεν,

1928 2061 2050 2112 Ὀτι
2092 2058 2358 2130 ἰδιώματα
2402 2076 2520 2113 τινα
2551 2062 2582 2130 ἡ
2611 2061 2800 2132 Γραφὴ
2838 2059 3066 2113 τοιαῦτα
3123 2060 3255 2130 ἔχει,
3294 2061 3390 2114 καὶ
3426 2061 3508 2115 δεῖ

1924 2144 2035 2204 τοῖς
2057 2141 2242 2212 νόμοις
2274 2142 2445 2212 αὐτῆς
2478 2147 2845 2214 παραχωρεῖν.
2886 2143 3077 2198 Ταῦτα
3103 2143 3171 2196 δὲ
3202 2141 3392 2208 εἶπεν,
3415 2143 3515 2199 ὅτε

1924 2222 2047 2279 εἶδε
2067 2224 2182 2292 τὴν
2217 2223 2406 2289 δόξαν
2445 2226 2652 2280 αὑτοῦ.
2712 2227 2909 2292 Τίνοςς
2965 2227 3071 2281 Τοῦ
3108 2229 3343 2298 Πατρός.
3386 2229 3515 2291 Πῶς

1924 2304 2018 2361 οῦν
2056 2307 2083 2359 6
2103 2307 2356 2378 Ἰωάννης
2387 2311 2514 2378 περὶ
2533 2308 2625 2362 τοῦ
2655 2309 2784 2362 Υἱοῦ
2817 2310 2986 2378 λέγει,
3010 2313 3038 2364 6
3060 2310 3117 2363 δὲ
3149 2311 3362 2374 Παῦλος
3385 2312 3516 2381 περὶ

1924 2392 2020 2446 τοῦ
2074 2392 2424 2463 Πνεύματοςς
2455 2393 2567 2463 Οὐχ
2592 2393 2667 2455 ὡς
2702 2393 3117 2462 συναλείφοντες
3148 2396 3248 2458 τὰς
3278 2396 3516 2449 ὑποστά-

1927 2493 2062 2539 σεις,
2106 2477 2244 2530 ἀλλὰ
2286 2477 2414 2547 μίαν
2462 2477 2618 2540 ἀξίαν
2663 2476 2950 2547 δηλοῦντες
2992 2474 3154 2540 εἷναι,
3190 2479 3344 2548 φησί.
3404 2480 3516 2534 Kal

1925 2560 2032 2628 γὰρ
2059 2559 2129 2613 τὰ
2159 2559 2252 2612 τοῦ
2284 2557 2496 2631 [ἰατρὸς
2527 2557 2620 2612 τοῦ
2660 2559 2790 2613 Υἱοῦ
2813 2601 2826 2622 ,
2879 2561 2975 2613 καὶ
3012 2559 3082 2614 τὰ
3113 2559 3209 2614 τοῦ
3257 2561 3388 2614 Υίοῦ
3419 2560 3513 2614 τοῦ

1925 2643 2138 2710 Πατρός
2167 2643 2287 2695 ἐστι
2326 2655 2372 2694 ι.
2422 2643 2614 2696 Καίτοι
2647 2642 2815 2695 πολλὰ
2847 2643 2913 2696 δι’
2943 2642 3191 2711 ἀγγέλων
3233 2642 3375 2706 εἷπε,
3420 2644 3516 2697 καὶ

1925 2725 2102 2787 οὐδεὶς
2129 2725 2297 2794 λέγει,
2339 2727 2522 2790 καθὼς
2551 2722 2704 2779 εἶπεν
2736 2729 2764 2779 6
2813 2727 3045 2794 ἄγγελος
3066 2743 3080 2758 ·
3139 2726 3276 2780 ἀλλὰ
3324 2727 3417 2793 τί;
3457 2729 3517 2781 '0

1926 2807 2058 2871 Θεὸς
2086 2803 2257 2862 εἶπεν.
2289 2810 2371 2863 Τά
2411 2810 2509 2879 μὲν
2536 2810 2645 2881 γὰρ
2677 2810 2782 2864 ὑπὸ
2828 2809 2923 2862 τοῦ
2960 2807 3096 2863 Θεοῦ
3153 2810 3220 2864 δι’
3266 2810 3517 2878 ἀγγέλων

1928 2892 2213 2962 εἰρημένα,
2237 2892 2329 2944 τοῦ
2351 2891 2486 2945 Θεοῦ
2518 2893 2583 2946 ἂν
2621 2892 2707 2962 εἴη
2730 2911 2743 2924 -
2783 2893 2883 2946 οὐκ
2936 2893 3019 2947 ἔτι
3069 2892 3126 2945 δὲ
3168 2895 3263 2946 xal
3300 2894 3364 2945 τὰ
3419 2892 3515 2946 τοῦ

1926 2974 2083 3036 Θεοῦ,
2137 2975 2242 3028 τῶν
2285 2977 2553 3044 ἀγγέλων.
2639 2975 2903 3030 Ἐνταῦθα
2950 2976 3007 3030 δὲ
3048 2976 3143 3029 τοῦ
3198 2977 3518 3046 Πνεύματός

1929 3076 2092 3129 φησιν
2135 3055 2274 3113 εἶναι
2314 3061 2381 3113 τὰ
2413 3062 2653 3130 ῥήματα.
2692 3061 2799 3114 Kal
2828 3059 3100 3127 ἐλτίλησε
3130 3060 3264 3127 περὶ
3306 3060 3514 3114 αὐτοῦ.

1929 3142 1994 3194 Τί
2034 3140 2544 3212 ὲλάλησενςεῖδον
2595 3143 2704 3196 τὸν
2762 3143 2982 3210 Κύριον
3024 3140 3366 3210 καθήμενον
3416 3143 3517 3196 ἐπὶ

1928 3228 2147 3293 θρόνου
2171 3225 2434 3294 ὑψηλοῦ,
2462 3227 2557 3279 καὶ
2601 3225 2671 3278 τὰ
2726 3225 2872 3294 ἑξῆς.
2927 3221 3228 3290 Δόξανοῦν
3285 3225 3522 3279 ἐνταῦθα

1929 3327 2086 3378 φησι,
2117 3308 2217 3380 τὴν
2245 3309 2366 3377 ὄψιν
2394 3309 2632 3379 ἐκείνην,
2654 3309 2746 3362 τὸν
2770 3309 3001 3371 καπνὸν,
3053 3309 3116 3362 16
3143 3309 3375 3362 ἀκοῦσαι
3418 3327 3522 3378 μυ-

1931 3393 2168 3464 στηρίων
2239 3394 2590 3464 ἀπορρήτων,
2652 3392 2714 3445 τὸ
2770 3393 2898 3446 ἰδεῖν
2948 3391 3016 3446 τὰ
3083 3393 3356 3464 Σεραφὶμ,
3418 3393 3521 3464 τὴν

1930 3478 2219 3548 ἀστραπὴν
2247 3477 2344 3545 τὴν
2375 3477 2482 3528 ἀπὸ
2528 3475 2621 3529 τοῦ
2673 3475 2865 3547 θρόνου
2898 3475 3176 3543 πηδῶσαν.
3272 3475 3522 3528 ἀντιϐλέο

1929 3562 2028 3630 ψαι
2056 3560 2112 3612 al
2137 3561 2392 3628 δυνάμεις
2445 3559 2545 3611 οὐκ
2601 3555 2745 3629 εἶχον
2797 3560 3022 3612 ἐκεῖναι.
3085 3557 3197 3612 Kal
3249 3557 3521 3624 ἐλάλησε

1932 3643 2067 3710 περὶ
2120 3641 2436 3695 αὐτοῦ..Τί
2475 3641 2768 3711 ἑλάλησεν;
2805 3643 2927 3695 Ὀτι
2959 3641 3162 3711 ἢκουσε
3198 3641 3382 3710 φωνὴν
3432 3641 3522 3692 λέ-

1931 3743 2133 3793 γουσαν
2159 3742 2172 3757 ·
2224 3726 2362 3779 Τίνα
2412 3725 2774 3786 ἀποστείλω,
2830 3725 2928 3777 καὶ
2979 3724 3070 3790 τίς
3127 3725 3521 3789 πορεύσεται;

1932 3810 2041 3864 Kal
2086 3805 2288 3862 εἷπον·
2339 3808 2484 3862 Ἰδοὺ
2517 3806 2632 3877 ἐγώ
2671 3811 2833 3885 είμιη
2862 3808 3234 3862 ἀπόστειλόν
3265 3824 3361 3876 με.
3412 3805 3522 3859 Kal

1933 3890 2138 3946 εἶπεν·
2214 3889 2392 3959 Ἀκοῇ
2449 3892 2779 3955 ἀκούσετε,
2830 3891 2930 3944 καὶ
2991 3894 3063 3945 ού
3115 3891 3204 3960 μὴ
3261 3889 3518 3957 συνῆτε,

1933 3977 2395 4041 καὶβλέποντες
2420 3973 2713 4043 βλέψετε,
2738 3975 2838 4026 καὶ
2885 3976 2956 4028 οὺ
2993 3973 3078 4042 μὴ
3126 3975 3311 4040 ἴδητε.
3355 3975 3521 4028 Ἐτύ-

1934 4064 2140 4129 ερλωσε
2168 4058 2280 4128 γὰρ
2307 4056 2506 4112 αὐτῶν
2535 4057 2677 4122 τοὺς
2706 4057 3076 4126 ὀφθαλμοὺς,
3114 4059 3209 4110 καὶ
3246 4058 3523 4126 πεπωρω-

1935 4160 2042 4197 κεν
2101 4139 2300 4196 αὐτῶν
2350 4140 2466 4208 τὴν
2514 4140 2788 4209 καρδίαν,
2829 4140 2915 4208 μή
2972 4157 3119 4195 ποτε
3186 4140 3354 4194 τδωσι
3395 4140 3521 4205 τοῖς

1936 4223 2283 4293 ὀφθαλμοῖς,
2309 4223 2406 4275 καὶ
2456 4221 2529 4290 τῇ
2577 4222 2786 4289 καρδίᾳ
2816 4222 3110 4277 συνῶσιν.
3168 4223 3299 4277 ’ἰδοὺ
3357 4223 3521 4277 πάλιν

1937 4308 2124 4377 ἕτερον
2172 4305 2432 4376 ζήτημα·
2483 4305 2598 4359 ἀλλ’
2645 4306 2746 4358 οὐκ
2788 4306 2968 4366 ἐστιν,
3005 4306 3100 4358 ἐὰν
3134 4305 3310 4377 ὀρθῶς
3352 4323 3524 4377 προσ-

1936 4390 2168 4459 έχωμεν.
2222 4390 2433 4458 Ὠσπερ
2467 4388 2574 4459 γὰρ
2610 4392 2637 4442 6
2669 4390 2820 4460 ἥλιος
2851 4389 2959 4442 τῶν
3006 4390 3249 4443 ἀσθενῶν
3300 4390 3523 4460 πλήττει

1934 4474 2032 4536 τὰς
2061 4472 2213 4540 ὄψεις
2237 4473 2297 4524 οὐ
2339 4471 2490 4540 παρά
2517 4472 2616 4541 τὴν
2642 4473 2850 4525 οἰκείαν
2894 4472 3076 4541 φύσιν,
3121 4472 3264 4526 οὓτω
3297 4475 3391 4526 καὶ
3429 4475 3524 4527 ἐπὶ

1934 4555 2043 4607 τῶν
2073 4555 2147 4625 μὴ
2195 4555 2570 4625 προσεχόντων
2603 4558 2714 4618 τοῖς
2758 4557 2851 4608 τοῦ
2885 4555 3021 4609 Θεοῦ
3072 4556 3252 4625 λόγοις
3289 4559 3521 4625 γίνεται.

1935 4636 2092 4690 υῦτω
2121 4639 2215 4691 καὶ
2243 4642 2338 4691 ἐπὶ
2367 4639 2461 4691 τοῦ
2487 4640 2688 4711 Φαραὼ
2710 4640 2808 4708 τὴν
2837 4640 3068 4708 καρδίαν
3098 4641 3398 4711 σκληρῦναι
3433 4642 3523 4694 λέ·-

1935 4737 2111 4787 γεται.
2151 4720 2294 4774 οῦτω
2327 4724 2422 4776 καὶ
2446 4725 2538 4776 ἐπὶ
2563 4725 2670 4777 τῶν
2703 4723 3152 4792 φιλονεικούντων
3199 4742 3251 4777 τι
3289 4727 3402 4786 τοῖς
3429 4725 3523 4777 τοῦ

1919 4806 2071 4860 Θεοῦ
2101 4806 2280 4874 λόγοις
2314 4809 2545 4877 γίνεται.
2598 4809 2814 4878 ’ἰδίωμα
2845 4809 2902 4863 δὲ
2940 4811 3035 4861 καὶ
3068 4809 3228 4862 τοῦτο
3259 4810 3357 4880 τῆς
3384 4812 3525 4880 Γρα-

1937 4892 2064 4960 φῆςν
2104 4891 2178 4955 ὡς
2203 4901 2233 4942 ιι
2268 4894 2360 4947 καὶ
2399 4894 2478 4958 16,
2509 4893 2858 4961 Παρέδωκεν
2891 4898 2980 4960 εἰς
3027 4895 3318 4963 ἀδόκιμον
3349 4896 3491 4949 νοῦν
3518 4940 3532 4962 ,

1935 4975 2126 5035 καὶτὸ,
2174 4977 2467 5043 Ἀπένειμε
2496 4977 2620 5042 τοῖς
2646 4978 2870 5050 ἔθνεσι,
2907 4977 3179 5041 τουτέστι,
3208 4979 3529 5050 Συνεχὼρηέ

1939 5075 2051 5120 σεν,
2107 5058 2340 5127 ἀφῆκεν.
2397 5061 2530 5130 Οὐχὶ
2554 5061 2664 5129 γὰρ
2717 5062 3050 5131 ἐνεργοῦντα
3086 5062 3249 5115 αὑτὸν
3290 5063 3525 5115 ἐνταῦθα

1935 5146 2167 5214 εἰσάγει,
2198 5148 2312 5200 ἀλλ’
2347 5150 2410 5200 ὲκ
2432 5148 2529 5218 τῆς
2555 5149 2639 5201 έτέ
2651 5166 2757 5220 ρων
2785 5150 3050 5220 πονηρίας
3075 5149 3250 5202 ταῦτα
3266 5151 3527 5220 γινόμενα

1933 5235 2227 5289 δείκνυσιν.
2251 5238 2419 5290 Ὀταν
2443 5237 2552 5308 γὰρ
2583 5236 3101 5308 ὲγκαταλειφθῶμεν
3121 5240 3225 5291 ὑπὸ
3251 5240 3344 5292 τοῦ
3365 5240 3521 5301 Θεοῦ,

1936 5319 2343 5391 παραδιδόμεθα
2389 5321 2466 5390 τῷ
2495 5321 2764 5391 διαϐόλῳ·
2803 5322 2881 5390 τῷ
2926 5322 3160 5392 διαϐόλῳ
3190 5323 3244 5376 δὲ
3287 5324 3527 5393 παραδοο

1935 5403 2140 5467 θέντες,
2196 5406 2365 5476 μυρία
2423 5406 2705 5476 πάσχομεν
2745 5406 2914 5459 δεινά.
2967 5407 3154 5460 Φοϐῶν
3200 5408 3378 5460 τοίνυν
3434 5409 3526 5461 16v

1934 5491 2230 5561 ἀκροατὴν.
2287 5495 2469 5562 φησὶν,
2543 5494 2940 5564 Ἐσκλήρυνε,
3008 5496 3102 5548 καὶ
3152 5494 3521 5564 Παρέδωκεν.

1936 5559 2059 5627 Ὅτι
2087 5559 2196 5645 γὰρ
2229 5559 2390 5639 αὑτός
2418 5577 2480 5629 ού
2523 5559 2693 5646 μόνον’
2710 5559 2783 5629 ού-
2812 5564 3200 5648 παραδίδωσιν,
3237 5559 3358 5630 ελλ·
3403 5576 3525 5629 οὐδὲ

1934 5659 2424 5730 ἑγκαταλιμπάνει,
2485 5661 2582 5713 ἐὰν
2635 5661 2709 5732 μὴ
2761 5661 3138 5731 βουληθῶμεν,
3190 5661 3424 5716 ἄκουσον
3472 5659 3525 5711 τί

1994 5866 2020 5894 ⁸
2061 5865 2212 5932 εειῇι.
2248 5867 2342 5915 Καὶ
2375 5869 2434 5916 τὰ
2466 5866 2550 5917 τοῦ
2585 5868 2730 5932 Υίοῦ,
2763 5869 2849 5919 τοῦ
2881 5871 3158 5932 Πνώματὸς
3201 5874 3302 5920 ἐστι
3322 5909 3332 5922 .
3364 5878 3411 5921 el
3452 5875 3524 5922 sic

1929 5940 2105 5997 omnes:
2126 5927 2230 5976 fere
2254 5933 2589 5997 manqax‘rgpli.
2657 5932 2686 5968 δ
2717 5931 2793 5986 Ὡς
2815 5936 2954 5997 dedit
2978 5927 3126 5984 Suvil.
3149 5927 3209 5985 ει
3232 5937 3376 5997 paulo
3402 5945 3521 5985 'Jlllt’.

1931 6002 1991 6039 ex
2016 5989 2188 6039 eodem
2217 5992 2427 6041 accessit
2453 5989 2627 6052 τίθη-κατ.
2650 6002 2758 6056 ροοι
2785 5996 2955 6056 λόγοις.
2993 5999 3123 6046 Lmr.
