4164 6330
222 386 324 440 571
1222 376 1289 432 IN
1324 374 1643 433 JOANNEM
1682 373 1915 441 ilOMlL.
1958 373 2145 431 LXIX.
2186 375 2259 429 nl.
2302 376 2533 432 LXV'lll.

219 497 311 561 qui
339 494 433 549 Dei
462 493 625 548 dictis
650 500 966 563 repugnant.
994 489 1300 559 Proprietas
1320 498 1499 545 autem
1524 490 1639 543 haec
1662 488 1811 544 Scri-

224 599 395 656 ptura:
424 596 508 644 est
531 628 548 655 ,
578 596 710 642 utet
736 586 884 651 illud,
909 584 1147 640 Tradidit
1186 600 1271 639 eos
1304 585 1359 638 in
1402 583 1672 651 reprobum
1696 599 1815 636 sert-

220 695 331 731 sum
350 676 530 748 (Rom.
555 680 581 734 Ι
598 721 610 734 .
631 678 748 751 28);
778 690 827 732 et
854 677 1000 731 illud.
1022 675 1285 730 Distribuit
1310 675 1539 745 gentibus
1562 673 1735 745 (Dent.
1760 672 1815 728 4.

222 770 357 838 l9);
390 768 440 823 id
468 780 556 825 est
580 810 596 835 ,
626 769 927 831 concessit,
960 766 1183 822 dimisit.
1230 764 1346 820 Non
1374 766 1519 820 enim
1549 765 1696 817 illum
1732 764 1818 817 hic

219 871 536 930 operantem
564 859 787 925 inducit,
815 859 910 915 sed
938 876 1001 913 cx
1025 859 1251 913 aliorum
1281 858 1515 927 nequitia
1548 859 1661 911 htec
1682 856 1816 911 facta

219 967 342 1007 csse
367 952 649 1023 signiﬁcat.
668 951 801 1006 Cum
824 954 965 1007 enim
983 951 1404 1021 derelinqnimur
1433 965 1463 1004 a
1494 950 1626 1013 Deo,
1647 949 1815 1003 tradi-

220 1058 343 1096 mur
362 1043 577 1098 diabolo
598 1061 611 1104 ;
630 1042 842 1097 diabolo
860 1042 1035 1097 traditi
1055 1082 1071 1106 ,
1095 1042 1388 1096 innumeris
1417 1030 1681 1096 aflicimur
1705 1057 1819 1093 ma-

220 1133 385 1187 lis.llt
404 1132 699 1189 auditorem
724 1149 852 1204 ergo
882 1135 1101 1197 terreat,
1128 1134 1222 1198 ait,
1246 1131 1532 1197 lnduravit,
1557 1143 1631 1196 et,
1665 1133 1819 1197 tradi:

218 1226 317 1277 dit.
347 1224 478 1279 Nam
505 1226 646 1295 quOd
681 1226 768 1280 ille
798 1240 902 1278 non
932 1224 1093 1279 modo
1118 1239 1222 1279 non
1246 1225 1440 1289 tradat,
1467 1224 1562 1279 sed
1592 1238 1693 1279 nec
1719 1238 1817 1278 nos

218 1315 472 1379 deserat,
502 1316 602 1370 nisi
632 1317 884 1382 nolimus,
918 1316 1039 1370 audi
1068 1317 1192 1385 quid
1223 1317 1364 1370 dicat
1387 1316 1596 1370 :Nonne
1612 1325 1817 1385 peccata

216 1416 384 1459 vestra
411 1406 641 1459 dividunt
687 1423 768 1459 me
811 1423 844 1459 α
875 1407 1013 1459 vobis
1034 1405 1188 1479 (Isai.
1215 1405 1303 1461 59.
1334 1405 1433 1475 ‘2)?
1462 1420 1525 1461 ac
1554 1420 1766 1483 rursum
1796 1419 1811 1459 :

221 1496 326 1563 Qui
352 1498 587 1568 elongant
611 1514 664 1550 se
687 1507 806 1563 ate,
837 1498 1067 1567 peribunt
1094 1495 1265 1567 (Psal.
1293 1497 1382 1552 72.
1411 1497 1528 1567 27).
1556 1495 1695 1550 Osee
1718 1512 1816 1549 an-

219 1598 328 1643 tem
357 1588 522 1643 dicit:
553 1588 722 1642 Oblita
753 1605 807 1642 es
833 1589 959 1658 legis
997 1587 1094 1642 Dei
1117 1590 1219 1653 tui,
1243 1598 1290 1642 et
1318 1604 1409 1658 ego
1439 1588 1513 1641 tui
1541 1582 1816 1642 obliviscar

218 1680 376 1750 (Osee
403 1681 456 1735 ι.
481 1681 536 1751 6)
557 1696 571 1745 ;
596 1688 651 1734 et
679 1680 793 1749 ipse
819 1680 871 1733 in
904 1679 1207 1748 Evangeliis
1237 1694 1251 1733 :
1286 1679 1495 1746 Quoties
1524 1679 1663 1733 volui
1690 1694 1813 1732 con-

216 1787 431 1841 gregare
456 1772 590 1839 filios
616 1782 833 1835 vestros,
884 1780 932 1824 et
973 1772 1204 1825 noluistis
1232 1771 1250 1842 (
1277 1770 1404 1824 Luc.
1439 1770 1527 1825 i5.
1572 1771 1643 1825 54
1665 1772 1683 1839 )
1707 1771 1730 1824 ἲ
1759 1778 1816 1825 et

222 1864 391 1919 Isaias
434 1879 690 1919 rursum:
728 1862 889 1931 Veni,
917 1874 965 1917 et
1010 1880 1113 1918 non
1155 1872 1261 1916 erat
1307 1863 1723 1929 homowocavi,
1765 1871 1813 1916 et

214 1974 322 2011 non
346 1966 454 2011 erat
480 1957 568 2028 qui
593 1957 793 2011 audiret
818 1955 973 2027 (Isai.
1003 1956 1092 2011 50.
1124 1956 1206 2025 2).
1239 1955 1366 2010 Haec
1390 1965 1568 2010 autem
1594 1955 1724 2010 dicit
1751 1965 1814 2009 ut

214 2050 465 2105 ostendat
492 2065 588 2106 nos
614 2050 817 2118 priores
838 2050 892 2104 in
918 2064 1076 2105 causa
1100 2062 1221 2103 esse
1236 2062 1333 2103 cur
1350 2046 1807 2116 derelinquamnr,

210 2150 270 2213 et
315 2155 415 2195 cur
462 2155 763 2209 pereamus.
814 2139 959 2194 Deus
986 2139 1133 2193 enim
1175 2153 1282 2192 non
1316 2136 1477 2191 modo
1516 2150 1616 2191 nec
1642 2135 1809 2191 relin-

211 2246 406 2298 quere,
434 2244 534 2285 nec
558 2230 747 2300 punire
775 2244 873 2285 nos
903 2229 1047 2293 vult;
1076 2228 1170 2283 sed
1202 2229 1362 2282 etiam
1388 2228 1600 2298 quando
1633 2227 1804 2296 punit,

212 2336 327 2376 non
355 2322 527 2377 libens
552 2322 656 2376 hoc
688 2320 833 2384 facit.
868 2318 1006 2375 Nolo
1035 2320 1202 2382 enim,
1226 2319 1428 2390 inquit,
1454 2329 1663 2373 mortem
1689 2335 1809 2389 pec-

3416 386 3519 445 378

1920 489 2125 552 caloris,
2160 490 2249 542 sed
2294 500 2347 543 ut
2393 501 2713 545 convertatur
2751 501 2800 545 et
2836 493 2970 545 vivat
2997 493 3014 564 (
3041 493 3229 548 Ezech.
3260 497 3349 550 l8.
3380 498 3451 553 52
3480 502 3522 561 ).

1924 576 2173 632 Christus
2199 588 2376 635 autem
2403 582 2468 636 de
2489 582 2699 637 excidio
2718 582 3071 656 Jerosolymze
3098 585 3425 660 lacrymatur
3457 592 3473 622 ι
3505 603 3519 640 :

1924 668 2064 737 quod
2098 685 2195 725 nos
2224 672 2384 725 etiam
2414 688 2537 742 erga
2570 674 2774 728 amicos
2807 672 3056 730 facimus.

1994 762 2047 816 3.
2088 761 2213 829 Haec
2242 778 2363 816 cmn
2392 766 2643 830 sciamus,
2671 766 2801 821 nihil
2830 783 2937 822 non
2964 784 3183 838 agamus
3211 785 3278 824 ne
3304 786 3403 827 nos
3426 786 3519 828 se-

1925 865 2172 919 paremus
2201 868 2229 907 a
2278 855 2407 919 Deo,
2458 856 2551 910 sed
2598 856 2793 912 anima:
2822 869 3023 913 nostrae
3057 875 3202 914 cura:
3243 864 3525 933 amorique

1918 941 2162 998 fraterno
2204 960 2420 1013 operam
2452 947 2646 1003 demus
2669 988 2683 1012 ,
2732 965 2908 1018 neque
2940 959 3124 1005 nostra
3153 952 3523 1021 discerpamus

1922 1034 2160 1088 membra
2197 1035 2366 1105 (illud
2412 1038 2556 1092 enim
2607 1038 2900 1094 furentium
2932 1052 2987 1095 et
3025 1052 3209 1097 mente
3238 1054 3521 1111 captorum

1919 1137 2003 1180 est
2023 1124 2075 1196 );
2118 1128 2211 1182 sed
2243 1140 2445 1197 quanto
2474 1130 2624 1200 pejus
2648 1130 2874 1187 affectos
2904 1133 3179 1198 videmus,
3209 1144 3360 1189 tanto
3403 1152 3523 1195 ma—

1916 1213 2089 1283 jorem
2125 1216 2497 1285 impendamus
2523 1234 2731 1274 curam.
2755 1221 2890 1276 Nam
2919 1225 3120 1278 multos
3144 1240 3288 1294 stt-pe
3304 1228 3523 1296 conspi-

1920 1304 2090 1358 cimus
2142 1305 2445 1362 difticilibus
2497 1310 2989 1383 iusanabilibusque
3019 1316 3264 1384 corporis
3314 1316 3523 1371 morbis

1920 1393 2203 1459 laborare,
2238 1412 2337 1451 nec
2365 1400 2526 1453 linem
2572 1400 2796 1457 facimus
2851 1403 3159 1473 imponendi
3205 1407 3521 1476 pharmaea.

1917 1484 2055 1552 Quid
2080 1487 2331 1556 podagra,
2362 1490 2489 1557 quid
2517 1490 2764 1564 cliiragra
2798 1495 2996 1564 pejus?
3022 1513 3148 1551 num
3193 1498 3314 1553 ideo
3341 1514 3518 1553 mem-

1917 1575 2009 1629 bra
2039 1577 2400 1634 abscindimus
2422 1582 2446 1634 ?
2472 1582 2723 1649 Minime;
2764 1588 2857 1641 sed
2888 1588 3024 1643 nihil
3065 1605 3173 1645 non
3199 1590 3423 1646 facimus
3462 1599 3523 1645 ut

1918 1668 2109 1723 saltem
2164 1670 2462 1740 leniamus,
2515 1677 2559 1728 si
2591 1692 2786 1733 sanare
2817 1695 2923 1734 non
2970 1683 3258 1749 possimus.
3306 1682 3422 1739 Hoc
3466 1693 3522 1738 et

1916 1759 2057 1815 circa
2102 1760 2295 1837 fratres
2339 1774 2554 1820 nostros
2590 1766 2868 1826 faciamus.
2908 1772 2963 1827 Si
2996 1762 3277 1829 iiicuiabili
3326 1776 3521 1831 morbo

1915 1847 2179 1914 laborent,
2206 1867 2394 1909 curare
2417 1870 2843 1927 perseveremus,
2865 1862 3200 1933 aliorumque
3220 1861 3383 1921 o'nera
3403 1882 3523 1923 mu-

1917 1948 2007 1995 tuo
2039 1943 2297 1999 feramus.
2330 1945 2421 2001 Sic
2447 1948 2589 2003 enim
2618 1950 2816 2005 Christi
2842 1954 3013 2022 legem
3051 1955 3426 2025 implebimus,
3461 1968 3518 2013 et

1915 2034 2178 2101 promissa
2226 2051 2620 2107 consequemur
2667 2042 2827 2110 bona,
2875 2048 3042 2115 gratia
3092 2058 3147 2103 et
3188 2048 3521 2119 benignitate

1914 2124 2121 2205 Domini
2156 2128 2319 2181 nostri
2338 2127 2465 2183 Jesu
2482 2131 2705 2198 Christi,
2729 2136 2942 2205 quicum
2960 2137 3104 2193 Patri
3130 2124 3298 2211 εισι-ὴ
3323 2140 3515 2196 simul-

1912 2228 2017 2284 que
2038 2213 2257 2284 Spiritui
2293 2229 2501 2289 sancto,
2531 2222 2582 2277 in
2611 2225 2806 2279 saecula
2835 2228 3179 2285 smculornm.
3207 2229 3407 2287 Amen.

1910 2388 2125 2499 meélii
2148 2390 2334 2445 habent
2356 2408 2370 2445 :
2397 2394 2616 2450 Christus
2636 2403 2911 2456 Jerusalem
2929 2411 3142 2458 euertere
3162 2421 3342 2472 νανωιε
3356 2410 3519 2474 ιιιενν·

269 2597 3503 2733 ψ

202 2811 342 2867 CAP.
383 2810 472 2865 η.
527 2825 582 2865 v.
632 2806 723 2865 42.
783 2807 1138 2863 Verumtamen
1176 2822 1241 2861 ex
1289 2804 1599 2874 principibus
1655 2800 1805 2856 multi

276 2901 602 2957 crediderunt
624 2902 679 2955 in
706 2916 858 2964 eum;
884 2899 974 2953 sed
994 2909 1198 2968 propter
1222 2896 1517 2951 Pharisteos
1543 2910 1643 2948 non
1670 2910 1797 2947 con-

282 2995 580 3065 fitebantur,
612 3002 669 3046 ut
698 2993 760 3046 de
782 3008 1041 3062 synagoga
1068 3006 1170 3044 non
1191 2991 1511 3059 ejicerentur.
1539 2986 1632 3043 45.
1659 2976 1805 3040 Dile-

274 3096 461 3144 sentnt
499 3087 635 3143 enim
669 3085 888 3158 gloriam
917 3084 1178 3139 hantimtm
1206 3080 1367 3151 magis
1402 3094 1556 3149 quam
1586 3077 1803 3149 gloriam

280 3179 403 3234 Dei.

281 3272 311 3326 1
327 3310 342 3324 .
383 3268 613 3324 Avaritia
636 3266 965 3339 gravissimus
983 3263 1207 3319 morbus.
1233 3261 1534 3319 Substantia
1556 3258 1731 3315 Patris
1755 3266 1803 3314 et

205 3362 341 3419 Filii
362 3366 747 3434 ἄκαράλλακτυς,
779 3360 952 3415 eadem
977 3358 1189 3429 ipsa.—-
1203 3355 1359 3411 Pravi
1403 3366 1593 3409 omnes
1637 3352 1801 3407 animi

204 3454 433 3510 allectus
469 3453 689 3506 omnino
717 3449 952 3521 fugiendi
985 3448 1141 3503 nobis
1184 3455 1310 3502 sunt
1334 3461 1349 3509 ;
1377 3445 1473 3500 sed
1499 3446 1655 3514 longe
1684 3457 1802 3497 ma-

204 3545 290 3615 gis
317 3545 352 3598 ii
373 3544 459 3614 qui
488 3542 634 3613 plura
659 3543 868 3612 pariunt
896 3549 1112 3611 peccata
1146 3557 1161 3594 :
1198 3538 1433 3606 exempli
1462 3550 1645 3600 causa,
1672 3550 1805 3589 ava-

205 3635 355 3697 ritia,
382 3648 502 3703 qua!
528 3648 592 3687 ex
624 3647 684 3686 se
708 3632 884 3702 gravis
911 3639 993 3686 est
1019 3630 1258 3691 morbus,
1283 3627 1376 3681 sed
1408 3626 1563 3695 longe
1592 3626 1805 3695 gravior

210 3723 448 3780 efﬁcitur
467 3765 482 3789 ,
513 3724 635 3793 quia
660 3724 811 3778 radix
859 3732 913 3779 et
937 3730 1108 3776 mater
1133 3730 1215 3774 est
1246 3721 1484 3774 omnium
1516 3719 1796 3774 malorum.

210 3817 492 3887 Ejusmodi
522 3825 607 3871 est
636 3816 806 3870 inanis
830 3814 1019 3883 gloria.
1051 3812 1190 3867 Ecce
1216 3814 1265 3865 hi
1298 3812 1368 3866 ob
1387 3810 1574 3881 gloriae
1593 3810 1802 3878 cupidi-

207 3924 335 3964 nem
366 3924 398 3960 a
427 3907 531 3962 llde
554 3917 680 3962 sunt
706 3906 896 3961 avulsi.
920 3905 1052 3961 Nam
1078 3903 1252 3969 Multi,
1275 3904 1371 3967 ait,
1403 3919 1466 3957 ea:
1491 3901 1803 3973 principibus

206 3999 531 4053 crediderunt
556 3998 610 4051 in
652 4012 806 4060 eum;
851 3998 942 4065 sed
969 4004 1177 4065 propter
1208 3995 1419 4049 Judteos
1447 4010 1551 4048 non
1587 3994 1801 4061 conﬁte-

207 4090 412 4152 bantur,
442 4098 495 4141 αι
535 4088 599 4142 de
631 4103 892 4158 synagoga
921 4103 1020 4141 non
1046 4086 1367 4155 ejicerentur.
1410 4083 1464 4138 ld
1510 4083 1651 4153 quod
1697 4083 1803 4138 illis

208 4194 373 4249 supra
405 4179 619 4235 dicebat
648 4195 663 4233 :
694 4178 945 4248 quomodo
973 4179 1179 4248 potestis
1217 4177 1422 4231 credere
1444 4218 1459 4241 ,
1493 4175 1713 4246 gloriam
1739 4174 1803 4230 ab

206 4270 423 4323 inuicem
442 4270 762 4338 accipientes,
792 4278 836 4323 et
860 4269 1099 4339 gloriam,
1126 4283 1238 4338 quo:
1263 4283 1295 4319 a
1315 4266 1424 4320 solo
1450 4265 1557 4320 Deo
1584 4275 1679 4331 est,
1702 4282 1804 4320 non

206 4373 490 4433 Mutila
537 4362 715 4433 (Joan.
744 4362 799 4417 5.
830 4360 964 4431 ΜΗ
1004 4359 1121 4415 Νοη
1167 4374 1297 4429 ει·εο
1328 4360 1596 4428 principes
1625 4366 1799 4424 erant,

209 4451 307 4506 sed
340 4450 502 4515 servi,
529 4461 768 4506 extrema
800 4451 1076 4505 servitute.
1106 4448 1374 4503 Caeterum
1407 4449 1495 4504 hic
1525 4457 1705 4518 postea
1734 4449 1803 4502 ti-

209 4558 335 4596 mor
374 4542 613 4595 sublatus
652 4549 755 4595 est.
788 4540 1057 4609 Nusquam
1101 4541 1243 4595 enim
1285 4540 1385 4594 snb
1411 4539 1671 4608 apostolis
1699 4538 1803 4595 hoc

210 4632 403 4687 morbo
432 4642 616 4701 captos
646 4631 909 4687 videmus.
932 4631 1064 4686 Nam
1094 4640 1221 4687 tunc
1251 4640 1308 4686 et
1336 4631 1600 4703 principes
1621 4640 1674 4686 et
1711 4646 1801 4685 sa-

206 4724 458 4778 cerdotes
487 4722 847 4777 crediderunt.
878 4722 1057 4778 Gratia
1084 4724 1226 4778 enim
1272 4722 1505 4790 Spiritus
1542 4737 1801 4791 superve-

208 4813 367 4866 niens
408 4812 529 4866 illos
556 4828 744 4867 omnes
769 4813 1052 4868 adamante
1088 4815 1353 4867 lirmiores
1392 4814 1642 4870 reddidit.
1668 4811 1799 4867 Cum

209 4903 375 4972 igitur
401 4902 504 4957 hoc
541 4916 608 4957 ne
636 4913 760 4958 tunc
779 4903 1061 4957 crederent
1088 4904 1389 4971 impediret,
1422 4903 1543 4957 audi
1567 4902 1691 4972 quid
1720 4902 1803 4956 di-

208 5000 299 5047 cat
330 5013 346 5047 :
373 4994 463 5049 ιι.
501 4994 603 5060 Qui
617 4994 776 5047 (redit
796 4996 848 5047 in
869 5011 968 5057 me,
992 5011 1092 5050 non
1112 5000 1272 5049 credit
1299 4997 1350 5048 in
1378 5012 1476 5061 me,
1497 4996 1591 5049 sed
1612 4996 1667 5048 in
1687 5012 1800 5049 eum

208 5084 298 5153 qui
328 5085 460 5139 misit
484 5100 603 5148 me;
629 5099 694 5139 ac
718 5086 761 5139 si
804 5087 1028 5149 diceret,
1058 5086 1169 5141 Cur
1199 5087 1397 5141 timetis
1427 5086 1584 5140 inme
1610 5087 1801 5141 crede-

211 5174 317 5229 re?
340 5175 469 5229 fides
496 5192 590 5245 per
614 5191 703 5232 me
733 5178 923 5231 transit
948 5179 1001 5231 in
1034 5179 1199 5231 lteum
1220 5218 1235 5245 ,
1267 5188 1324 5231 ut
1354 5178 1514 5231 etiam
1550 5176 1800 5231 incredu-

211 5266 361 5321 litas.
381 5264 514 5321 Vide
536 5282 645 5338 quo
670 5277 824 5337 pacto
849 5282 947 5338 per
974 5271 1152 5322 omnia
1172 5268 1524 5322 substantiam
1555 5268 1799 5321 eamdem

214 5355 471 5410 declaret.
499 5355 617 5411 Non
639 5357 794 5422 dixit,
812 5356 913 5424 Qui
934 5358 1108 5412 credit
1134 5356 1285 5419 mibi,
1319 5372 1388 5411 nc
1422 5357 1542 5427 quis
1572 5357 1797 5423 diceret,

212 5445 284 5501 de
313 5447 491 5502 verbis
528 5447 647 5517 ejus
691 5458 893 5501 tantum
926 5446 1029 5502 hoc
1055 5447 1182 5513 dici,
1212 5447 1353 5518 quod
1389 5447 1457 5502 de
1496 5448 1800 5503 hominibus

212 5552 425 5607 quoque
450 5537 555 5592 dici
586 5546 815 5608 poterat.
844 5538 978 5593 Nam
1018 5539 1107 5608 qui
1138 5538 1398 5607 apostolis
1434 5539 1641 5603 credit,
1693 5554 1799 5593 non

213 5628 344 5698 ipsis
371 5632 563 5693 credit.
587 5630 682 5685 sed
705 5630 833 5685 Deo.
856 5630 1052 5686 Verum
1083 5641 1139 5684 ut
1158 5631 1335 5686 discas
1355 5631 1421 5685 de
1452 5630 1553 5684 lidc
1583 5631 1636 5684 in
1666 5631 1797 5685 sub-

213 5724 462 5776 stantiam
491 5738 645 5776 suam
680 5722 794 5776 haec
824 5724 928 5791 agi,
962 5736 1069 5776 non
1111 5722 1267 5787 dicit,
1298 5722 1399 5787 Qui
1426 5723 1598 5778 credit
1622 5722 1799 5777 verbis

216 5814 369 5880 meis,
402 5813 519 5878 sed,
556 5813 655 5874 Uni
682 5813 837 5866 credit
866 5814 917 5865 in
935 5829 1031 5866 me.
1053 5811 1114 5867 Et
1137 5828 1252 5877 cur,
1279 5813 1506 5884 inquies,
1540 5828 1797 5883 nusquam

1908 2810 2026 2866 vice
2056 2830 2209 2870 versa
2240 2816 2390 2885 dicit,
2443 2822 2542 2891 Qui
2568 2824 2742 2880 credit
2791 2827 2843 2881 in
2889 2827 3145 2897 Patrem,
3191 2846 3297 2886 non
3342 2833 3515 2889 credit

1910 2904 1962 2958 in
1993 2905 2226 2973 Patrem,
2259 2912 2353 2965 sed
2386 2913 2438 2965 in
2471 2917 2597 2969 me“!
2623 2915 2754 2981 Quia
2787 2917 3049 2975 dixissent
3105 2921 3201 2985 illi,
3242 2922 3383 2978 Ecce
3410 2938 3512 2978 nos

1908 2994 1962 3049 in
1997 2996 2211 3053 Patrem
2235 3001 2527 3071 credimus,
2558 3006 2609 3058 in
2637 3015 2687 3059 te
2728 3023 2835 3060 non
2865 3009 3159 3064 credimus.
3192 3010 3323 3066 Nam
3357 3012 3515 3068 inlir-

1907 3089 2108 3146 miores
2136 3092 2311 3147 adhuc
2341 3105 2516 3151 erant.
2567 3098 2872 3168 Discipulos
2901 3102 3045 3157 enim
3097 3104 3379 3172 altequens
3429 3107 3510 3160 sle

1907 3179 2139 3246 dicebat,
2170 3183 2384 3239 Creditis
2409 3188 2463 3239 in
2490 3184 2679 3254 Deum,
2711 3201 2759 3242 et
2785 3196 2837 3244 in
2880 3209 2959 3245 me
2995 3194 3393 3265 eredite(.loan.
3420 3196 3508 3252 η.

1902 3273 1934 3356 1
1964 3273 2004 3341 ).
2040 3272 2149 3329 Hos
2174 3284 2353 3331 autem
2384 3292 2507 3332 cum
2542 3279 2869 3337 infirmiores
2895 3284 2959 3337 ad
2990 3286 3105 3339 hare
3131 3286 3400 3342 audienda
3431 3289 3512 3343 vi-

1906 3364 2092 3430 deret,
2145 3367 2305 3422 aliter
2339 3369 2591 3424 instituit.
2644 3371 2893 3428 Ostendit
2938 3391 3069 3444 ergo
3102 3392 3209 3431 non
3243 3393 3405 3446 posse
3456 3380 3510 3435 in

1907 3453 2119 3509 Patrem
2146 3456 2369 3513 credere
2391 3474 2505 3521 cos,
2533 3462 2622 3531 qui
2655 3477 2759 3517 non
2792 3463 2844 3517 in
2871 3480 2931 3519 se
2960 3466 3203 3521 credant.
3232 3467 3297 3522 Et
3318 3485 3385 3523 ne
3412 3486 3512 3540 pu-

1908 3555 1987 3602 tes
2019 3547 2069 3602 id
2092 3550 2258 3615 pquasi
2300 3549 2367 3605 de
2397 3550 2613 3606 homine
2653 3552 2757 3608 dici
2787 3596 2803 3617 ,
2833 3556 3016 3611 subdit
3045 3574 3059 3610 :
3085 3557 3175 3613 45.
3235 3558 3339 3627 Qui
3376 3561 3512 3617 videt

1905 3656 2006 3705 me,
2023 3642 2154 3695 videt
2180 3660 2295 3696 eum
2327 3645 2413 3715 qui
2449 3646 2586 3699 misit
2611 3664 2709 3702 nte.
2733 3648 2871 3714 Quid
2898 3651 3067 3721 ergo?
3102 3668 3169 3707 an
3194 3669 3391 3723 corpus
3422 3665 3510 3712 est

1909 3731 2074 3787 Deus?
2098 3733 2332 3790 Minime.
2355 3736 2628 3793 Visionem
2646 3742 2842 3810 quippe
2877 3743 3163 3799 mentaletn
3189 3744 3276 3802 hic
3300 3747 3510 3819 signiti-

1906 3832 2032 3889 cat,
2092 3835 2146 3878 et
2191 3826 2315 3880 hinc
2360 3828 2965 3887 consubstantialitatem
3023 3834 3378 3891 demonstrat.
3445 3839 3513 3894 Et

1906 3914 2034 3983 quid
2066 3916 2165 3969 sibi
2192 3917 2307 3971 vult
2353 3919 2482 3972 illml
2504 3963 2518 3983 ,
2553 3921 2654 3988 Qui
2680 3922 2838 3976 credit
2866 3924 2918 3977 in
2940 3926 3059 3979 me?
3087 3926 3166 3979 Ac
3196 3928 3239 3981 si
3272 3928 3392 3996 quis
3422 3928 3511 3984 tli-

1906 4013 2073 4068 ceret,
2114 4006 2214 4072 Qui
2242 4024 2433 4078 aquam
2468 4009 2534 4063 de
2582 4012 2799 4067 llumine
2829 4013 3004 4079 tollit,
3036 4030 3141 4069 non
3167 4014 3235 4070 de
3264 4016 3506 4081 ﬂumine,

1906 4096 2000 4152 sed
2028 4098 2093 4152 de
2126 4100 2276 4155 fonte
2296 4103 2505 4171 accipit.
2535 4102 2646 4158 lmo
2670 4104 2933 4160 inﬁrmius
2960 4106 3065 4162 huc
3090 4109 3395 4177 exemplum
3422 4121 3509 4166 est

1906 4188 1976 4242 ad
2002 4205 2114 4243 rem
2143 4193 2493 4259 propositam.
2520 4194 2610 4250 46.
2636 4194 2747 4266 Ego
2764 4195 2859 4251 lux
2876 4198 2929 4250 in
2950 4198 3195 4252 mundum
3220 4201 3351 4254 veni.
3368 4201 3506 4257 Cum

1907 4282 2049 4337 enim
2074 4282 2233 4338 Pater
2262 4293 2316 4340 et
2336 4285 2386 4337 in
2406 4287 2573 4341 veteri
2592 4296 2647 4340 et
2677 4288 2729 4341 in
2759 4303 2892 4341 nova
2925 4288 3042 4359 lege
3072 4290 3150 4344 sic
3178 4292 3503 4362 appelletur,

1908 4385 1963 4430 et
1990 4379 2091 4431 hoc
2120 4378 2234 4446 ipse
2263 4388 2439 4433 utatur
2474 4380 2724 4445 nomine;
2756 4380 2875 4436 ideo
2902 4382 3101 4438 Paulus
3132 4383 3255 4437 hinc
3281 4384 3511 4442 edoctus

1906 4466 2251 4536 splendorem
2283 4478 2438 4523 vocat
2469 4470 2617 4523 illum
2664 4469 2683 4541 (
2708 4468 2863 4524 Hebr.
2900 4472 2953 4525 l.
2985 4471 3075 4542 5).
3111 4472 3331 4529 Multam
3360 4462 3510 4532 certe

1907 4572 2029 4611 cum
2063 4557 2218 4614 Patre
2247 4558 2558 4614 allinitatcm
2590 4561 2676 4615 hic
2703 4562 2953 4627 ostendit,
2988 4562 3096 4617 imo
3127 4564 3324 4620 nullam
3351 4565 3511 4623 diffe-

1907 4649 2132 4701 rentiam
2159 4664 2173 4701 :
2204 4665 2325 4703 nam
2369 4649 2527 4705 tidem
2576 4650 2629 4704 in
2651 4666 2732 4715 se,
2768 4668 2879 4706 non
2900 4652 2952 4706 in
2980 4668 3041 4708 se
3065 4694 3081 4717 ,
3114 4654 3210 4709 sed
3253 4656 3306 4710 in
3357 4657 3509 4713 illum

1907 4741 2135 4793 transire
2159 4739 2307 4794 dicit.
2350 4740 2547 4795 Lucem
2578 4757 2737 4811 porro
2764 4759 2824 4797 se
2868 4745 3097 4810 vocavit,
3132 4745 3277 4815 quod
3316 4747 3511 4802 aber-

1908 4845 2033 4884 rore
2069 4830 2287 4895 liberet,
2318 4842 2369 4885 et
2398 4833 2539 4901 quod
2570 4833 2877 4901 spirituales
2907 4834 3081 4889 solvat
3110 4836 3379 4893 tenebras.
3415 4840 3508 4897 47.

1907 4918 1971 4976 Si
1995 4923 2108 4992 quis
2146 4940 2226 4976 me
2262 4940 2365 4976 non
2418 4924 2669 4991 audierit,
2700 4941 2792 4997 ego
2823 4942 2923 4999 ῃοη
2947 4927 3131 4996 judico
3159 4929 3329 4983 illum.
3380 4913 3507 4987 Non

1906 5017 2038 5066 enim
2066 5014 2175 5066 veni
2198 5024 2253 5065 ut
2273 5014 2500 5084 judicem
2539 5018 2807 5079 mundum,
2845 5017 2935 5069 sed
2966 5030 3017 5071 ut
3045 5019 3323 5087 salviﬁcem
3347 5037 3504 5077 mune

1907 5104 2049 5157 dum.
2079 5103 2155 5159 Ne
2184 5115 2430 5173 putarent
2465 5107 2606 5159 enim
2632 5122 2691 5161 se
2722 5118 2940 5176 prepter
2964 5109 3331 5165 inlirmitatem
3364 5128 3500 5167 cono

1907 5204 2199 5263 temptores
2227 5196 2517 5262 dimisisse,
2560 5198 2681 5253 ideo
2702 5198 2836 5253 dixit
2865 5216 2879 5254 :
2913 5199 3033 5253 Non
3064 5203 3175 5255 veni
3200 5212 3252 5255 ut
3279 5205 3509 5275 judicent

1906 5288 2167 5341 mundum.

1975 5379 2029 5434 Ξ.
2058 5380 2262 5435 Deinde
2292 5397 2359 5437 ne
2390 5381 2516 5437 hinc
2542 5383 2820 5453 segniores
2840 5383 2989 5445 flant.
3028 5386 3171 5456 quod
3220 5387 3507 5443 didicerint

1904 5487 2026 5527 eum
2044 5473 2133 5543 qui
2152 5473 2341 5540 credit,
2362 5476 2563 5529 salvum
2586 5477 2725 5539 lieri.
2745 5486 2800 5532 et
2818 5478 2906 5547 qui
2930 5495 3035 5533 non
3053 5481 3248 5548 credit,
3271 5480 3506 5550 puniri‘,

1905 5563 2027 5618 vide
2055 5579 2213 5633 quam
2244 5564 2651 5621 formidolosum
2682 5568 2785 5622 illis
2814 5569 3043 5623 tribunal
3083 5576 3337 5636 minetur,
3374 5568 3505 5627 cum

1970 5698 1985 5729 ί
2023 5705 2192 5765 Putant
2221 5702 2403 5750 Boisius
2426 5708 2478 5751 et
2498 5701 2701 5753 Savilius
2731 5700 2997 5765 legendum
3022 5717 3136 5753 esse
3187 5717 3281 5754 non
3312 5704 3500 5764 puniri.

1904 5757 2138 5883 Sortieiit’a
2162 5758 2430 5872 Lege’ndtun
2453 5766 2567 5813 mihi
2590 5757 2810 5829 quoque"
2825 5766 3021 5815 videtur
3047 5780 3058 5815 :
3087 5767 3175 5815 sed
3200 5757 3373 5817 euntes
3396 5775 3503 5818 MSS.

1943 5836 2002 5867 ηρ
2029 5836 2049 5868 ι·
2133 5837 2157 5868 a
2198 5836 2261 5871 eu
2291 5859 2301 5871 .

1943 5836 2070 5870 ηηιιί
2098 5836 2301 5871 nubent.
