4164 6330
734 407 836 462 370

731 519 911 582 adjicit
941 531 955 570 :
985 515 1074 570 48.
1105 511 1204 580 Qui
1233 525 1309 564 me
1336 509 1542 578 spentit,
1571 516 1616 559 et
1642 521 1740 558 non
1767 502 1946 572 accipit
1976 500 2122 552 verba
2166 510 2298 556 mea,

730 613 875 664 habet
899 608 986 679 qui
1000 606 1194 675 judicet
1221 618 1353 656 eum.
1377 599 1430 654 Si
1461 607 1607 666 pater
1638 595 1902 649 neminem
1921 590 2140 659 judicat,
2163 595 2215 640 et
2243 597 2296 639 tu

732 717 837 754 non
865 699 1048 754 venisu
1077 707 1132 750 ut
1158 694 1362 763 judices
1390 687 1802 756 mundum,qnis
1837 686 1978 738 illum
2002 679 2296 752 judieahit?

730 793 907 846 Sermo
948 806 1092 857 quem
1129 789 1362 856 loquutus
1390 800 1522 846 sum,
1568 782 1674 847 ipse
1690 776 1942 847 judicabit
1971 775 2132 828 illum.
2163 772 2294 837 Quia

729 881 871 932 enim
900 877 1148 932 dicebant
1187 876 1332 928 illum
1365 889 1469 928 non
1496 889 1558 926 ex
1604 871 1714 923 Deo
1739 882 1856 920 esse
1879 906 1893 926 ,
1931 865 2008 919 sic
2051 864 2295 932 loquutus

726 979 828 1031 est,
859 969 1162 1024 utdeclaret
1191 967 1330 1037 quod
1363 976 1484 1018 tunc
1524 979 1626 1016 non
1666 968 1913 1031 poterunt
1937 958 2052 1010 hate
2077 955 2290 1018 dicere;

726 1063 842 1124 sed,
870 1060 1040 1114 Verba
1067 1075 1184 1128 qua:
1211 1074 1350 1112 nunc
1377 1057 1622 1123 loquutus
1655 1069 1769 1106 sum
1793 1093 1807 1116 ,
1855 1049 2180 1104 accusatoris
2218 1048 2298 1100 vi-

727 1167 842 1206 cem
873 1160 1048 1221 agent,
1073 1151 1158 1218 qui
1188 1150 1302 1202 illos
1329 1147 1629 1207 convincel,
1661 1154 1713 1196 et
1739 1159 1950 1196 omnem
1974 1138 2296 1194 defensionis

730 1244 942 1298 modum
988 1242 1207 1295 adimet.
1247 1240 1424 1294 Sermo
1452 1255 1594 1307 quem
1621 1237 1852 1305 loquutus
1870 1251 1999 1288 sum.
2027 1232 2155 1297 Quis
2176 1246 2294 1285 ser-

727 1335 857 1390 mo?
893 1334 981 1389 49.
1027 1331 1174 1398 Quod
1200 1349 1232 1383 tt
1257 1347 1333 1383 me
1357 1330 1466 1395 ipso
1498 1345 1594 1380 non
1622 1328 1856 1390 venerim,
1886 1326 2001 1395 quin
2041 1324 2125 1390 qui
2162 1322 2296 1375 misit

725 1443 804 1480 me
845 1425 1025 1489 Pater,
1054 1426 1138 1477 ille
1188 1424 1322 1475 dedit
1359 1422 1482 1474 mihi
1512 1420 1799 1472 mandatum
1836 1417 1956 1486 quid
1995 1415 2158 1467 dirum
2184 1457 2196 1477 ,
2246 1423 2293 1467 et

723 1518 846 1587 quid
870 1519 1046 1584 loquar
1067 1532 1086 1569 :
1112 1525 1161 1570 et
1187 1515 1288 1568 alia
1309 1512 1606 1578 huiusmodi
1639 1511 1836 1564 omnia.
1870 1509 2006 1576 Ergo
2032 1508 2142 1559 ha'c
2174 1505 2295 1560 ideo

725 1621 943 1680 propter
970 1609 1088 1661 illos
1113 1607 1249 1660 dicta
1277 1614 1419 1669 sunt,
1454 1613 1508 1657 ut
1536 1603 1731 1656 nullam
1758 1599 2008 1653 haberent
2029 1598 2296 1652 defensio-

727 1701 808 1753 nis
835 1714 1036 1752 ansam.
1070 1697 1198 1751 Nam
1225 1697 1321 1749 nisi
1347 1696 1414 1748 ita
1445 1710 1526 1745 res
1558 1707 1614 1744 se
1645 1691 1881 1752 haberet,
1910 1690 2032 1756 quid
2058 1690 2173 1758 plus
2197 1689 2287 1742 ha-

727 1791 869 1844 bebit
897 1805 1050 1856 quam
1082 1785 1278 1839 Isaias?
1310 1784 1437 1838 Nam
1462 1784 1547 1836 ille
1582 1782 1679 1834 hoc
1720 1781 1890 1848 ipsum
1919 1780 2084 1832 dicit:
2120 1778 2293 1831 Domi-

725 1897 817 1932 nus
846 1880 933 1930 dat
963 1878 1084 1928 milii
1108 1878 1330 1946 linguam
1349 1873 1661 1934 eruditionis,
1687 1881 1738 1923 ut
1764 1874 1918 1923 sciam
1955 1869 2156 1940 quando
2184 1886 2291 1921 ser-

725 1988 920 2025 monem
961 1973 1124 2024 dicere
1158 1978 1384 2036 oporteat
1415 1967 1562 2039 (Isni.
1595 1967 1680 2020 50.
1716 1964 1802 2036 4).
1827 1965 1958 2032 Quid
1992 1963 2107 2030 plus
2134 1978 2291 2030 quam

725 2061 1022 2116 Jcrcmias?
1051 2061 1178 2114 Nam
1208 2072 1258 2114 et
1288 2059 1376 2113 ille
1407 2075 1523 2111 cum
1556 2057 1890 2116 mittebatur,
1919 2065 2043 2108 tunc
2071 2054 2294 2122 inspira-

725 2156 921 2206 tionem
955 2151 1200 2205 habebat.
1234 2150 1366 2216 Quid
1389 2151 1502 2217 plus
1524 2163 1678 2217 quam
1702 2146 1982 2200 Elecbiel?
2007 2145 2099 2197 llic
2125 2145 2288 2207 enim,

723 2241 975 2297 devorato
991 2241 1240 2309 capitulo,
1266 2241 1333 2293 ita
1363 2241 1607 2307 loquutus
1635 2247 1714 2290 est
1736 2236 1944 2307 (Ezcc/t.
1965 2236 2015 2290 3.
2045 2235 2120 2305 i).
2148 2237 2292 2288 Alio-

723 2335 846 2403 quin
875 2344 1049 2387 autem
1083 2335 1114 2386 ii
1142 2334 1228 2401 qui
1255 2333 1393 2386 dicta
1420 2333 1534 2400 ejus
1561 2329 1787 2384 audituri
1807 2337 1976 2394 erant,
2001 2342 2158 2381 causa
2193 2328 2288 2395 ipsi

721 2427 1036 2493 cognitionis
1068 2426 1228 2478 fuisse
1257 2424 1633 2492 reperirentur.
1668 2419 1720 2474 Si
1764 2419 1903 2472 enim
1948 2434 2067 2471 cum
2112 2419 2287 2472 mitte-

723 2518 896 2578 batur,
918 2519 1217 2570 mandatum
1246 2516 1449 2582 accepit
1475 2513 1597 2582 quid
1620 2509 2034 2575 essetdicturus,
2065 2507 2290 2563 subinde

724 2608 869 2660 dices
909 2607 1117 2676 ipsum,
1166 2617 1445 2673 antequam
1487 2605 1784 2655 mitteretur
1808 2640 1823 2664 ,
1855 2599 1984 2652 nihil
2026 2599 2244 2652 scivisse
2274 2615 2288 2652 :

722 2698 913 2766 quibus
943 2697 1120 2750 verbis
1145 2695 1265 2764 quid
1287 2696 1450 2763 magis
1472 2695 1685 2762 impium
1711 2691 1885 2754 fuerit,
1906 2691 1946 2743 si
1966 2691 2083 2758 quis
2105 2703 2292 2757 nempe

725 2786 841 2841 hinc
886 2789 953 2841 ita
993 2788 1243 2855 accipiat,
1277 2801 1375 2839 nec
1421 2801 1632 2838 causam
1676 2784 1984 2836 humilitatis
2010 2782 2289 2836 verborum

725 2875 1274 2946 hujusmodiediscat?
1314 2875 1506 2928 Verum
1541 2873 1732 2928 Paulus
1775 2873 1915 2940 ipsos
1945 2874 2104 2926 etiam
2131 2871 2291 2926 disci-

723 2972 872 3040 pts'os
908 2970 1202 3037 intelligere
1232 2967 1377 3032 dicit,
1403 2967 1527 3031 Qua'
1551 2965 1613 3018 sit
1641 2967 1870 3017 voluntas
1900 2963 1992 3017 Dei
2025 2966 2175 3027 bona,
2205 2965 2288 3016 be-

723 3061 969 3128 neplucita
998 3069 1042 3112 ct
1071 3062 1288 3129 perfecta
1323 3059 1494 3125 (Rom.
1522 3058 1608 3110 ω.
1639 3055 1729 3124 2);
1764 3066 1815 3110 et
1860 3054 2024 3108 Filius
2065 3054 2288 3108 nescivit

724 3152 891 3207 donec
938 3151 1239 3205 mandatum
1271 3148 1512 3216 accepit?
1543 3156 1596 3202 et
1627 3164 1727 3216 qua
1787 3147 1993 3199 ratione
2031 3144 2082 3198 id
2113 3145 2290 3198 consi-

724 3255 868 3299 stere
899 3243 1092 3312 possit?
1119 3240 1304 3294 Viden‘
1343 3257 1462 3294 cum
1501 3239 1684 3292 isthmc
1711 3238 1994 3291 admodum
2025 3236 2292 3288 humiliter

727 3336 889 3403 loqui,
907 3345 961 3386 ut
980 3334 1097 3385 illos
1117 3332 1430 3396 attrahat,et
1452 3330 1612 3399 iisqui
1639 3329 1793 3382 futuri
1812 3337 1981 3392 erant,
2021 3327 2290 3381 silentium

727 3424 998 3494 imponat?
1028 3423 1150 3477 ldco
1181 3423 1335 3492 igitur
1369 3423 1591 3475 lunnana
1637 3421 1866 3488 loquitur
1895 3419 2054 3473 verba
2077 3459 2090 3481 ,
2120 3427 2177 3471 ut
2209 3419 2291 3472 vel

724 3518 801 3569 sic
830 3516 946 3568 illos
991 3529 1055 3568 eo
1082 3514 1338 3582 adigeret,
1369 3521 1422 3566 ut
1453 3513 1703 3564 vilitatem
1729 3512 2007 3564 verborum
2031 3509 2288 3578 fugerent,

724 3608 871 3674 gnari
896 3622 997 3658 non
1032 3621 1096 3660 ex
1143 3613 1351 3668 natura,
1389 3603 1481 3656 sed
1503 3618 1561 3656 ex
1599 3602 1895 3655 auditorum
1929 3600 2292 3653 imbecillitate

726 3696 839 3750 btec
868 3697 934 3748 ita
961 3695 1086 3748 dici.
1111 3694 1194 3749 50.
1226 3693 1342 3749 Scio
1375 3695 1491 3762 quia
1524 3693 1817 3745 mandatum
1846 3694 1954 3760 ejus
1982 3694 2081 3745 vita
2107 3703 2294 3745 aeterna

723 3798 817 3842 est.
848 3788 972 3851 Qua:
997 3802 1112 3856 ergo
1130 3788 1323 3854 loquor,
1346 3786 1474 3838 sicut
1496 3785 1620 3838 dixit
1647 3784 1766 3836 milii
1798 3782 1967 3848 Pater,
1994 3782 2066 3836 sic
2095 3783 2288 3850 loquor.

728 3877 912 3931 Viden'
943 3877 1220 3930 verborum
1263 3875 1654 3928 humilitatem?
1681 3873 1777 3940 Qui
1809 3875 1950 3927 enim
1981 3873 2288 3927 mandatum

725 3971 936 4038 accipit,
974 3985 1076 4022 non
1108 3969 1188 4022 sui
1217 3968 1462 4021 dominus
1500 3977 1602 4022 est.
1633 3968 1788 4036 Atqui
1818 3968 1929 4036 ipse
1955 3966 2028 4019 ait
2059 3983 2073 4018 :
2109 3966 2294 4030 Quem-

725 4063 995 4114 admodum
1019 4062 1150 4114 enim
1191 4058 1345 4112 Pater
1370 4059 1574 4112 suscitat
1599 4068 1816 4110 mortuos
1845 4067 1890 4109 et
1930 4056 2143 4123 viviﬁcat
2173 4072 2190 4108 :
2224 4056 2293 4106 ita

726 4162 770 4204 et
797 4150 962 4204 Filius
989 4166 1112 4217 quos
1142 4150 1245 4202 vult
1275 4149 1506 4216 viriﬁcat.
1541 4149 1618 4202 An
1671 4162 1798 4218 ergo
1837 4146 2121 4200 suseitandi
2162 4159 2293 4214 quos
2338 4154 2342 4157 ‘

729 4243 837 4294 vult
865 4252 1174 4310 potestatem
1209 4241 1386 4304 habet,
1420 4240 1628 4294 dicendi
1661 4238 1800 4308 quod
1828 4239 1936 4291 vult
1960 4254 2064 4291 non
2098 4237 2292 4291 habet?

729 4331 837 4386 Hoc
859 4343 1032 4385 autem
1063 4331 1170 4384 vult
1200 4331 1281 4384 his
1308 4332 1481 4384 verbis
1507 4329 1800 4396 significare
1831 4345 1842 4379 :
1875 4327 1987 4380 Non
2006 4328 2293 4381 secundmn

733 4431 970 4475 naturam
1013 4432 1112 4483 est,
1144 4431 1198 4474 ut
1229 4421 1316 4474 ille
1364 4421 1463 4472 alia
1499 4421 1774 4488 loquatur,
1803 4419 1902 4470 alia
1947 4433 2062 4486 ego.
2098 4415 2164 4469 Et
2193 4417 2296 4469 scio

728 4515 847 4582 quia
898 4512 1186 4564 mandatum
1231 4513 1336 4581 ejus
1385 4514 1484 4564 vita
1543 4522 1729 4564 wterna
1782 4521 1873 4562 est.
1930 4509 2050 4562 Illos
2119 4517 2295 4562 autem

731 4604 1037 4674 alloquitur,
1067 4603 1154 4672 qui
1185 4603 1352 4672 ipsum
1375 4603 1732 4671 deceptorem,
1755 4610 1912 4668 atque
1938 4602 1986 4654 in
2012 4599 2296 4668 perniciem

731 4697 937 4751 venisse
963 4697 1225 4750 dicebant.
1254 4694 1383 4748 Cum
1413 4706 1589 4749 autem
1618 4695 1778 4759 dicit,
1816 4693 1923 4764 Ego
1965 4711 2064 4746 non
2085 4693 2295 4764 judico,

734 4786 963 4840 ostendit
990 4801 1047 4840 se
1076 4785 1294 4840 istorum
1322 4786 1571 4855 perniciei
1615 4800 1718 4838 non
1759 4798 1876 4838 esse
1901 4799 2112 4837 causam
2139 4784 2178 4836 ¹.
2197 4783 2301 4837 Per

733 4876 850 4930 haec
869 4877 1009 4930 enim
1033 4891 1167 4945 pene
1188 4875 1515 4942 testificatur,
1534 4891 1652 4930 cum
1680 4876 2014 4929 discessurus
2032 4885 2192 4939 esset,
2208 4889 2301 4927 ne-

738 4981 842 5035 que
878 4965 1014 5019 ultra
1040 4980 1159 5018 cum
1189 4967 1268 5018 eis
1302 4975 1624 5029 versaturus,
1659 4966 1790 5033 Quia
1813 4965 1940 5019 nihil
1975 4974 2239 5029 tamquam
2270 4978 2300 5016 a

735 5056 940 5122 meipso
965 5054 1212 5123 loquutus
1230 5070 1349 5109 sum
1373 5055 1548 5120 vobis,
1579 5056 1669 5108 sed
1691 5056 1864 5109 omnia
1894 5055 2042 5124 quasi
2069 5070 2096 5106 a
2126 5054 2298 5108 Patre.

741 5144 970 5215 ideoque
1013 5146 1064 5200 in
1114 5147 1330 5199 humilia
1378 5146 1572 5205 desinit
1598 5156 1652 5199 et
1677 5162 1974 5201 sermonem
2005 5146 2298 5210 concludit,

738 5244 798 5288 ut
823 5235 1051 5300 diceret,
1097 5235 1242 5289 llanc
1274 5237 1424 5290 vobis
1455 5251 1620 5305 usque
1645 5237 1696 5289 in
1724 5236 1880 5290 finem
1914 5238 2066 5291 emisi
2097 5251 2301 5290 vocem.

736 5326 903 5394 Quam
930 5327 1154 5379 vocem?
1177 5326 1320 5382 Sicut
1351 5329 1476 5380 dixit
1504 5327 1628 5379 mihi
1655 5325 1829 5391 Pater,
1853 5327 1920 5378 sic
1942 5328 2134 5396 loquor.
2157 5326 2305 5393 Quod

738 5419 784 5472 si
818 5417 927 5473 Deo
964 5421 1260 5474 contrarius
1286 5435 1478 5482 essem,
1513 5420 1834 5474 contrarium
1861 5429 2004 5473 certe
2031 5419 2302 5484 dixissem,

742 5525 829 5565 me
858 5509 990 5566 nihil
1014 5526 1196 5566 eorum
1223 5528 1340 5582 qua:
1373 5514 1478 5568 Deo
1514 5514 1723 5582 placent
1747 5510 1925 5566 dicere
1946 5551 1959 5576 ,
2008 5519 2064 5564 ut
2086 5509 2306 5579 gloriam

808 5690 828 5722 ί
864 5687 958 5739 Alli
981 5690 1153 5752 legunt
1179 5703 1192 5739 :
1217 5699 1332 5740 Cum
1356 5698 1511 5752 mitem
1536 5689 1669 5745 dicit.
1692 5707 1713 5736 ι
1735 5700 1827 5752 non
1843 5687 2014 5746 judico
2034 5702 2082 5745 ιν,
2107 5684 2194 5734 hoc
2218 5690 2304 5744 est,

755 5760 772 5793 ι
797 5762 888 5800 non
913 5764 1017 5801 sum
1038 5749 1232 5802 illorum
1256 5751 1484 5813 perniciei
1505 5765 1665 5809 causa,
1685 5750 1768 5801 sed
1792 5749 1882 5810 ipsi
1906 5763 2048 5800 unum
2072 5755 2179 5799 sunt
2217 5765 2236 5790 ιι

1448 392 1504 450 8.
1544 388 1817 448 JOANNIS
1853 379 2316 443 CIIRYSOSTOMI
2355 377 2673 434 ARCIHEP.
2713 378 3239 435 CONSTANTINOI‘.

3888 377 3993 434 330

2413 491 2478 546 ad
2497 508 2581 547 me
2608 491 2881 548 referrem.
2914 490 3061 546 Nunc
3090 501 3265 545 autem
3307 489 3440 545 adeo
3465 491 3642 545 omnia
3679 491 3730 544 in
3775 491 3990 547 Patrem

2403 584 2559 638 retuli
2586 625 2600 648 ,
2633 595 2691 638 ut
2721 583 2849 638 nihil
2881 599 3058 638 meum
3088 584 3291 647 lotiuar.
3319 583 3430 638 Cur
3454 600 3583 653 ergo
3625 599 3733 638 non
3767 587 3988 642 creditis

2404 674 2534 728 mihi
2565 674 2758 730 dicenti
2785 716 2800 739 ,
2834 691 2920 729 me
2950 675 3257 729 mandatum
3287 677 3594 744 accepisse,
3627 685 3682 730 et
3720 678 3792 729 ita
3825 677 3990 732 vehe-

2403 777 2610 819 menter
2648 770 2915 818 amoventi
2965 766 3157 818 malam
3204 767 3344 819 illam
3394 767 3986 835 vestramopinioncm,

2400 856 2540 924 quod
2572 855 2659 909 Dei
2693 857 2790 909 sim
2822 856 3202 910 adversarius?
3239 857 3385 912 Sicut
3414 860 3555 911 enim
3586 859 3699 912 ﬁeri
3724 860 3909 926 nequit
3934 871 3987 912 ut

2402 945 2455 1004 ii.
2476 947 2564 1014 qui
2593 947 2894 999 mandatum
2919 957 3262 1015 acceperunt,
3290 949 3430 1001 aliud
3453 949 3649 1002 faciant
3665 958 3757 1002 aut
3778 949 3983 1012 dicant,

2400 1053 2556 1105 quam
2586 1051 2680 1106 pro
2711 1039 2970 1092 mittentis
2995 1039 3285 1102 Voluntate,
3331 1040 3503 1094 donec
3543 1040 3857 1095 mandatum
3882 1056 3980 1094 ac-

2399 1141 2581 1184 curate
2611 1132 2988 1198 impleverim:
3025 1133 3093 1184 ita
3139 1147 3309 1198 neque
3353 1147 3450 1201 ego
3493 1132 3633 1186 aliud
3680 1132 3860 1187 facere
3890 1142 3981 1187 aut

2400 1223 2576 1277 dicere
2607 1237 2841 1289 possum,
2872 1239 3029 1291 quam
3071 1240 3190 1293 qua:
3221 1225 3376 1278 Pater
3404 1227 3648 1279 voluerit.
3691 1226 3820 1279 Nam
3854 1227 3983 1292 Qun.-

2402 1331 2493 1383 ego
2519 1315 2672 1382 facio,
2703 1313 2791 1367 ille
2818 1316 2938 1382 facit
2959 1355 2972 1376 ,
3005 1317 3121 1384 quia
3151 1333 3343 1368 mecum
3383 1325 3454 1370 est
3481 1315 3668 1382 (Joan.
3692 1323 3746 1372 8.
3778 1317 3893 1378 29).
3925 1328 3981 1371 ct

2399 1420 2502 1456 non
2529 1404 2728 1457 dimisit
2756 1421 2839 1458 mc
2869 1407 3038 1458 solmn
3073 1407 3243 1459 Pater.
3284 1407 3465 1458 Viden'
3511 1423 3617 1474 quo
3649 1420 3802 1474 pacto
3830 1424 3979 1461 seui-

2401 1511 2493 1563 pcr
2513 1496 2742 1548 declaret
2763 1511 2821 1549 se
2849 1495 3082 1551 Genitori
3111 1498 3227 1551 sine
3258 1497 3366 1551 ullo
3393 1498 3704 1551 intertnedio
3729 1498 3974 1566 junctum

2396 1586 2702 1642 esse?Nam
2728 1601 2848 1640 cura
2871 1588 3023 1652 dixit,
3054 1590 3090 1641 Α
3113 1591 3298 1658 ma’pso
3334 1607 3432 1642 non
3459 1594 3586 1650 veni,
3617 1607 3720 1643 non
3753 1592 3851 1645 sibi
3880 1607 3976 1660 po-

2399 1687 2642 1732 tcstatem
2689 1678 2908 1743 adimit,
2956 1679 3048 1734 sed
3099 1695 3155 1735 se
3185 1696 3288 1733 non
3319 1681 3459 1734 Patri
3501 1683 3822 1735 contrarium
3851 1698 3975 1737 esse

2395 1770 2675 1839 signiﬁcat.
2714 1770 2844 1824 Nam
2877 1770 2919 1823 si
2970 1773 3209 1825 homines
3256 1773 3334 1824 sui
3365 1772 3564 1826 domini
3608 1785 3751 1835 sunt,
3806 1775 3974 1829 multo

2398 1864 2563 1931 magis
2593 1862 2775 1916 Filius.
2807 1862 2957 1929 Quod
2989 1873 3162 1917 autem
3189 1863 3291 1917 hoc
3319 1880 3500 1918 verum
3530 1867 3627 1929 sit,
3661 1866 3782 1920 audi
3832 1868 3974 1921 Pau-

2398 1953 2506 2007 lum
2531 1955 2813 2018 dicentem,
2848 1953 3138 2007 Exinanivit
3163 1956 3480 2026 semetipsum
3514 1956 3767 2026 (Philipp.
3792 1959 3845 2012 2.
3875 1961 3905 2012 7
3927 1962 3968 2027 ),

2397 2056 2442 2098 et
2474 2044 2679 2097 tradidit
2706 2063 2794 2114 pro
2820 2046 2960 2099 nobis
2991 2045 3200 2114 (Ep/tes.
3224 2046 3276 2100 5.
3305 2046 3383 2117 2).
3412 2046 3538 2112 Sed,
3565 2031 3620 2101 ut
3645 2049 3773 2112 disi,
3793 2053 3970 2119 gravis

2398 2152 2482 2190 res
2503 2148 2581 2192 cst
2609 2138 2778 2192 inanis
2803 2140 2989 2209 gloria,
3017 2142 3194 2210 gravis
3227 2143 3424 2211 utique.
3455 2141 3567 2211 Ipsa
3593 2144 3729 2197 enim
3757 2144 3807 2197 id
3838 2145 3970 2198 em:-

2396 2231 2488 2293 cit,
2535 2241 2592 2284 ut
2621 2232 2692 2284 illi
2724 2248 2827 2285 non
2857 2233 3157 2298 crederent,
3181 2245 3236 2287 et
3268 2235 3352 2286 alii
3389 2235 3526 2287 male
3572 2235 3876 2296 crederent.
3909 2246 3965 2289 et

2394 2337 2513 2389 quae
2546 2323 2633 2376 ille
2663 2323 3002 2393 benignitatis
3023 2325 3188 2393 gratia
3221 2325 3428 2380 diccbat
3456 2326 3602 2395 ipsis,
3633 2327 3697 2379 ad
3728 2327 3968 2396 impieta-

2397 2423 2500 2468 tem
2532 2424 2818 2469 verterent.

2465 2510 2518 2563 ὅ.
2563 2507 2861 2563 Exhortatio
2912 2511 3118 2564 moralis
3147 2511 3209 2564 de
3238 2512 3360 2563 luxu
3409 2512 3630 2564 vitando.
3663 2511 3772 2566 Sub
3819 2513 3968 2580 ﬁnem

2396 2600 2547 2669 hujus
2592 2599 2805 2652 Numeri
2849 2601 3162 2672 elcemosyna
3189 2602 3669 2655 commendatur.-—-
3698 2603 3843 2657 Hanc
3872 2604 3972 2657 ila-

2396 2707 2501 2754 quc
2549 2689 2714 2744 feram
2759 2693 2977 2742 omnino
3024 2689 3325 2760 fugiamus;
3374 2693 3517 2744 varia
3567 2695 3762 2760 quippe
3805 2703 3888 2748 est
3915 2704 3971 2748 ct

2395 2780 2733 2834 multiformis
2759 2821 2772 2844 ,
2806 2783 3054 2848 virusque
3101 2798 3255 2834 suum
3306 2783 3498 2852 ubique
3537 2783 3849 2837 disseminat
3873 2827 3889 2848 ,
3916 2797 3974 2839 et

2397 2870 2448 2924 in
2483 2872 2719 2939 pecuniis
2740 2913 2754 2935 ,
2785 2881 2838 2926 et
2885 2872 2937 2925 in
2970 2873 3178 2927 deliciis
3209 2914 3223 2937 ,
3253 2885 3305 2928 et
3337 2875 3386 2927 in
3415 2890 3698 2944 Corporum
3727 2878 3970 2944 pulchri-

2396 2963 2594 3016 tudine.
2622 2963 2822 3017 Idcirco
2850 2965 3044 3032 ubique
3067 2966 3436 3019 necessitatem
3463 2969 3770 3021 excedimus
3801 2985 3814 3018 :
3846 2967 3975 3022 inde

2396 3055 2620 3107 vestium
2650 3054 2803 3107 luxus
2824 3095 2838 3118 ,
2871 3069 3145 3108 servorum
3175 3071 3381 3125 greges.
3416 3055 3538 3110 Ideo
3568 3057 3760 3128 ubique
3793 3072 3976 3112 neces-

2396 3143 2524 3199 sitas
2553 3145 2911 3199 contemnitur
2933 3185 2945 3209 ,
2980 3144 3030 3198 in
3059 3144 3304 3199 domibus
3324 3186 3338 3210 ,
3369 3146 3420 3198 in
3446 3146 3703 3209 vestibus,
3735 3147 3786 3200 in
3818 3163 3975 3202 men-

2396 3252 2452 3291 sa
2480 3254 2495 3303 ;
2525 3237 2783 3307 luxusque
2810 3237 3131 3292 dominatur.
3166 3237 3255 3291 Vis
3279 3239 3446 3308 gloria
3480 3239 3579 3292 frui
3606 3239 3628 3290 ‘i
3661 3239 3978 3310 Eleemosy-

2397 3343 2518 3382 nam
2572 3344 2772 3398 eroga:
2823 3340 2947 3383 tunc
2989 3341 3040 3384 te
3088 3330 3376 3384 laudabunt
3419 3331 3623 3400 angeli;
3659 3344 3782 3385 nmc
3833 3333 3980 3386 Deus

2399 3419 2734 3488 approbabit.
2767 3419 2916 3474 Nunc
2959 3428 3136 3474 autem
3173 3421 3223 3473 in
3256 3421 3502 3475 aurificcs
3533 3431 3734 3476 unitum
3767 3433 3822 3476 et
3854 3434 3978 3478 tex-

2401 3519 2540 3563 tores
2588 3509 2865 3563 admiratio
2910 3511 3160 3575 vertitur;
3194 3519 3247 3563 tu
3299 3526 3428 3564 vero
3451 3553 3466 3577 ,
3499 3526 3532 3565 ο
3562 3513 3752 3566 mulier
3776 3555 3791 3576 ,
3823 3514 3979 3568 inco-

2397 3611 2581 3655 ronata
2607 3601 2831 3664 recedis,
2853 3610 3009 3669 teque
3026 3616 3168 3668 swpe
3197 3599 3342 3654 vides
3359 3601 3654 3654 maledictis
3671 3611 3978 3670 exceptam.

2397 3693 2451 3749 Si
2481 3707 2639 3762 porro
2684 3693 2799 3746 hmc
2849 3708 2951 3744 non
2999 3691 3206 3761 corpori
3242 3699 3330 3744 tuo
3373 3692 3807 3760 circumponeres
3833 3735 3846 3756 ,
3881 3695 3979 3746 sed

2398 3787 2451 3839 in
2483 3798 2741 3855 pauperes
2770 3783 3070 3838 cffunderes
3094 3824 3108 3848 ,
3156 3785 3350 3850 ubique
3382 3783 3596 3851 plausus
3642 3784 3897 3847 adesset,
3929 3797 3983 3839 et

2398 3878 2513 3932 laus
2552 3892 2760 3946 magna.
2811 3875 2962 3930 Tunc
3006 3876 3090 3948 illa
3145 3875 3398 3938 habebis,
3428 3891 3549 3928 eum
3597 3876 3716 3928 aliis
3769 3875 3927 3930 dabis
3963 3893 3979 3940 ;

2397 3969 2568 4024 donec
2596 3984 2722 4023 vero
2767 3968 2880 4021 sola
2912 3969 3194 4022 retinueris
3218 4007 3230 4029 ,
3268 3982 3372 4020 non
3421 3967 3604 4021 habes.
3641 3968 3793 4021 Domi
3829 3983 3985 4020 nam-

2399 4076 2501 4131 que
2529 4059 2809 4114 thesaurus
2841 4073 2945 4112 non
2987 4067 3128 4110 tutus
3173 4067 3252 4111 est
3279 4075 3294 4122 ;
3326 4068 3468 4111 tutus
3487 4073 3617 4112 vero
3647 4069 3730 4111 est
3760 4058 3815 4111 in
3847 4074 3982 4126 pau-

2400 4167 2582 4222 perum
2630 4150 2894 4204 manibus.
2949 4149 3058 4203 Cur
3099 4163 3292 4217 corpus
3342 4163 3540 4212 ornas,
3569 4147 3694 4201 dum
3741 4149 3981 4201 animant

2399 4247 2702 4314 impuritate
2746 4251 3043 4311 correptam
3086 4241 3350 4310 negligis?
3378 4255 3473 4294 cur
3500 4254 3603 4293 non
3637 4250 3840 4293 tantum
3866 4243 3985 4294 ani-

2400 4352 2500 4391 ma:
2527 4345 2776 4404 quantam
2801 4334 3010 4403 corpori
3037 4349 3216 4387 curam
3242 4333 3525 4400 impendis,
3556 4347 3676 4385 cum
3712 4332 3979 4399 majorem

2401 4427 2718 4496 Oporteret?
2747 4429 2991 4480 Attamen
3017 4434 3308 4493 Oporteret,
3341 4424 3543 4488 dilecti,
3575 4439 3757 4492 parem
3788 4427 3981 4478 saltem

2401 4518 2675 4572 adhibere.
2725 4517 2853 4580 Dic,
2886 4531 3102 4584 quaso,
3133 4515 3175 4568 si
3229 4514 3348 4584 quis
3390 4524 3440 4566 te
3484 4514 3815 4582 interrrget,
3854 4515 3983 4584 quid

2402 4610 2688 4672 malueris,
2735 4623 2800 4661 an
2851 4622 3047 4673 corpus
3099 4617 3244 4659 tuum
3287 4616 3528 4674 vegetum
3580 4606 3986 4674 formosumque

2402 4718 2522 4758 esse
2548 4717 2610 4757 ac
2638 4701 2828 4754 vilibus
2859 4700 3096 4753 indutum
3125 4697 3401 4760 vestibus;
3435 4713 3500 4750 an
3532 4698 3798 4762 mutilum,
3831 4713 3985 4752 mor-

2405 4798 2590 4849 bosum
2639 4803 2692 4846 et
2743 4809 2873 4846 auro
2920 4801 3164 4845 ornatum
3197 4808 3209 4842 :
3242 4805 3420 4843 annon
3471 4799 3688 4858 Optares
3718 4789 3896 4856 potius
3929 4789 3987 4843 in

2405 4897 2589 4939 natura
2644 4884 2882 4951 corporis
2932 4883 3148 4952 pulchra
3180 4881 3411 4952 gaudere
3468 4881 3676 4946 forma,
3708 4895 3869 4949 quam
3934 4884 3987 4934 in

2408 4977 2628 5031 vestium
2653 4975 2891 5028 ambitu?
2917 4989 2982 5026 an
3014 4974 3064 5026 in
3094 4987 3322 5042 corpore
3347 4972 3424 5025 sic
3450 4983 3662 5041 optares
3681 5010 3697 5032 ,
3724 4971 3774 5022 in
3803 4971 3991 5024 anima

2406 5066 2596 5119 secus?
2640 5079 2701 5118 ac
2728 5065 2852 5117 dum
2901 5064 3042 5117 illam
3093 5072 3336 5132 turpem,
3389 5061 3728 5126 deformem,
3775 5063 3990 5129 nigram

2408 5159 2602 5221 habes,
2637 5173 2705 5212 ex
2759 5159 2933 5212 aureis
2977 5157 3306 5211 ornamentis
3334 5166 3382 5210 te
3427 5158 3655 5210 fructum
3707 5155 3996 5223 percipere

2409 5243 2598 5321 putas?
2626 5251 2878 5317 Quasnam
2912 5250 3025 5304 hinc
3056 5250 3329 5303 amentia?
3356 5250 3610 5302 Ornatum
3639 5247 3692 5301 in
3727 5247 3992 5300 interior:

2407 5355 2556 5398 verte
2575 5383 2590 5406 ,
2619 5352 2673 5396 et
2705 5344 2980 5412 torquibus
3005 5343 3109 5396 illis
3131 5343 3360 5396 animam
3388 5340 3676 5396 circumda.
3708 5339 3842 5393 Nam
3867 5354 3993 5407 quam

2409 5440 2608 5490 circum
2634 5449 2825 5503 corpus
2855 5443 3120 5504 ponuntur
3140 5472 3154 5497 ,
3181 5447 3354 5502 neque
3383 5431 3447 5486 ad
3475 5430 3860 5493 valetudinem,
3891 5444 3999 5484 ne.

2409 5544 2512 5599 que
2549 5531 2612 5582 ad
2645 5530 2862 5583 formam
2887 5529 3076 5598 juvant.
3103 5545 3116 5581 :
3151 5542 3255 5582 non
3293 5527 3497 5595 nigrum
3524 5525 3698 5579 album
3731 5521 3997 5584 reddunt,

2412 5637 2584 5690 neque
2603 5620 2742 5689 quod
2776 5630 2926 5689 turpe
2955 5629 3037 5675 est
3058 5621 3348 5675 formosum
3376 5617 3630 5672 efﬁciunt.
3658 5614 3783 5668 Haec
3808 5623 4000 5667 autem

2411 5731 2454 5772 SI
2512 5715 2700 5771 anima:
2746 5716 3151 5785 circumponas,
3183 5713 3291 5768 cito
3321 5711 3461 5767 illam
3493 5724 3589 5780 pro
3632 5709 3778 5778 nigra
3813 5706 4001 5760 albam
