4164 6330
199 422 290 476 58!

202 536 412 599 reddes,
443 548 539 603 pro
569 532 706 600 turpi
734 541 785 584 et
811 529 1058 594 deformi,
1090 527 1361 597 pulchram
1391 534 1445 579 et
1466 524 1779 577 formosam.

205 629 314 682 Non
345 640 500 680 meus
541 623 627 678 hic
675 636 853 677 sermo
880 630 996 685 est,
1026 618 1117 673 sed
1144 618 1352 672 Domini
1400 616 1626 669 dicentis
1674 631 1686 665 :
1722 613 1781 667 Si

207 720 388 789 fuerint
428 726 635 786 peccata
667 724 824 768 vestra
865 722 916 765 ut
943 712 1198 765 coccinum
1224 749 1238 773 ,
1260 719 1316 761 ut
1356 709 1515 760 nivem
1542 705 1782 759 dealbabo

205 811 358 878 (Isai.
385 811 439 862 1.
484 809 608 876 i8);
642 818 695 863 et
720 849 734 870 ,
768 806 896 859 Date
940 805 1304 872 eleemosynam
1330 842 1342 859 .
1374 811 1418 852 et
1443 799 1611 851 omnia
1650 796 1783 850 vobis

205 901 398 952 ntunda
435 908 582 951 erant
611 897 755 963 (Luc.
789 897 874 949 ll.
903 896 1016 963 Μ).
1049 893 1103 948 Si
1134 894 1202 946 ita
1229 893 1302 944 sis
1336 889 1523 943 affecta
1551 930 1563 951 ,
1601 903 1703 941 non
1735 896 1786 941 te

206 991 423 1056 solam,
453 990 544 1044 sed
576 990 748 1043 virum
781 1000 989 1055 quoque
1037 994 1185 1038 tuum
1230 983 1519 1036 formosum
1568 979 1783 1034 reddes.

206 1080 339 1135 Nam
387 1080 432 1134 si
462 1090 512 1134 te
560 1080 737 1132 luxum
770 1079 1123 1148 deponentem
1167 1075 1395 1139 viderit,
1445 1088 1549 1125 non
1584 1072 1788 1140 magnis

208 1185 347 1241 opus
372 1172 473 1224 erit
501 1170 799 1236 sumptibus
826 1185 839 1220 :
876 1168 999 1220 hinc
1028 1175 1227 1219 autem
1263 1163 1487 1217 habendi
1522 1162 1786 1230 cupidita-

209 1268 321 1314 tem
349 1260 615 1328 deponet,
648 1268 699 1311 et
730 1257 946 1323 pronior
968 1257 1069 1309 erit
1096 1254 1160 1307 ad
1190 1255 1582 1321 eleemosynam
1606 1291 1620 1316 ,
1652 1260 1704 1303 et
1736 1260 1789 1303 tu
1836 1304 1843 1314 ,

210 1349 439 1404 ﬁdenter
480 1348 678 1418 poteris
731 1348 804 1400 illi
837 1362 897 1401 ea
937 1362 1056 1416 qua:
1105 1345 1298 1400 decent
1345 1342 1591 1398 suadere.
1641 1340 1791 1395 Nunc

208 1452 391 1494 autem
419 1480 432 1501 ,
463 1454 495 1490 ο
527 1454 619 1489 vos
656 1438 903 1491 mulieres
925 1478 938 1501 ,
970 1452 1076 1490 non
1105 1450 1284 1503 parem
1318 1434 1523 1487 habetis
1554 1439 1790 1501 potesta-

207 1538 342 1584 tem.
378 1529 495 1595 Quo
524 1544 640 1593 ore,
665 1543 763 1597 qua
792 1528 963 1581 fronte
1006 1527 1261 1596 conjuges
1302 1525 1365 1579 ad
1395 1526 1790 1593 eleemosynam

210 1622 554 1677 bortabiuniui
582 1665 594 1686 ,
628 1638 747 1676 cum
780 1622 1063 1675 maximam
1090 1633 1247 1689 Opum
1278 1627 1481 1687 partem
1510 1616 1574 1669 ad
1603 1628 1791 1682 corpo-

1214 412 1277 467 ΙΝ
1312 409 1627 467 JOANNEM
1661 406 1893 462 HOMIL.
1939 406 2101 463 LXX.
2140 407 2210 458 al.
2256 406 2437 459 LXIX.

3377 408 3485 465 383

1892 522 1967 574 ris
1987 507 2230 574 ornatum
2251 519 2564 573 iusutnatis?
2586 519 2719 572 Tum
2745 520 2942 588 poteris
2958 534 3078 575 cum
3109 519 3296 576 ﬁducia
3317 521 3485 575 virum

1889 611 1956 667 de
1987 612 2326 683 eleeniosyna
2383 611 2582 681 alloqui
2610 654 2625 678 ,
2658 627 2777 665 cum
2829 628 3051 667 aureum
3082 613 3282 667 cultum
3316 614 3486 683 depo-

1891 703 2082 757 sueris.
2120 703 2339 756 Etiamsi
2375 718 2502 757 vero
2536 702 2667 756 nihil
2706 703 2958 771 proﬁcias
2981 747 2994 766 ,
3029 705 3168 771 quod
3200 712 3345 757 tuum
3374 716 3491 759 erat

1896 802 2062 848 totum
2094 794 2324 863 implesti
2353 811 2366 847 :
2402 795 2508 847 imo
2537 794 2651 848 fieri
2681 798 2863 863 nequit
2892 805 2946 847 ut
2970 797 3115 848 illum
3147 812 3251 850 non
3279 795 3486 861 ﬂectas,

1895 900 2015 940 cum
2044 900 2144 954 per
2171 902 2258 941 res
2290 887 2430 956 ipsas
2460 888 2714 957 loqueris.
2763 888 2897 951 Quid
2926 890 3057 941 enim
3102 890 3198 942 scis
3219 930 3233 954 ,
3263 890 3446 942 mulier
3473 930 3485 947 .

1894 994 1960 1030 an
1987 979 2146 1031 virum
2172 986 2310 1030 tuum
2353 980 2545 1031 salvum
2578 979 2775 1047 factum
2804 981 2871 1033 sis
2903 980 2977 1051 (l.
3014 979 3131 1033 Cor.
3160 981 3212 1036 7.
3247 979 3329 1045 ιϐ)
3355 980 3378 1034 'l
3423 980 3491 1034 Ut

1897 1071 2037 1124 nunc
2063 1081 2119 1123 et
2160 1084 2255 1137 pro
2279 1078 2330 1121 te
2366 1079 2420 1122 et
2448 1084 2543 1139 pro
2572 1071 2663 1123 illo
2694 1071 2955 1124 rationem
2986 1070 3255 1123 redditura
3286 1085 3347 1124 es
3371 1087 3385 1122 :
3410 1070 3490 1123 sic

1898 1160 1942 1213 si
1972 1160 2150 1213 luxum
2176 1160 2479 1227 huiusmodi
2503 1160 2765 1228 deponas,
2787 1160 3052 1229 duplicem
3077 1173 3335 1216 coronam
3358 1168 3491 1212 euu-
3516 1186 3519 1189 ι

1899 1249 2173 1317 sequeris,
2205 1266 2325 1303 eum
2360 1250 2472 1303 viro
2502 1260 2757 1304 coronata
2799 1262 2853 1305 et
2897 1252 3128 1320 gloriosa
3158 1266 3254 1320 per
3286 1249 3491 1303 infinita

1901 1339 1989 1393 illa
2019 1342 2207 1395 saecula
2235 1382 2248 1407 ,
2278 1350 2332 1396 et
2356 1343 2572 1397 aeternis
2604 1343 2784 1396 fruens
2832 1343 3022 1396 bonis:
3055 1358 3174 1411 qua:
3225 1356 3324 1396 nos
3370 1356 3490 1395 om-

1902 1446 1998 1485 nes
2042 1432 2253 1501 assequi
2281 1434 2589 1503 contingat,
2619 1435 2786 1504 gratia
2817 1445 2869 1487 et
2914 1434 3243 1504 benignitate
3282 1434 3493 1489 Domini

1904 1525 2070 1577 nostri
2102 1524 2225 1578 Jesu
2257 1524 2487 1589 Christi,
2520 1526 2607 1579 cui
2640 1527 2803 1596 gloria
2837 1529 2886 1579 in
2920 1527 3116 1580 szeeula
3148 1526 3491 1581 smeuloruui.

1908 1614 2097 1667 Amen.

210 1750 3425 1775 Μ

1527 1811 1865 1873 HOMILIA
1910 1811 2108 1870 LXX.

208 1972 344 2023 Car.
404 1968 486 2021 15.
561 1981 608 2015 v.
649 1967 693 2018 l.
755 1964 879 2015 Ante
925 1962 1057 2013 diem
1125 1960 1301 2028 festum
1356 1958 1595 2019 ΡιιεεΙιίε,
1646 1954 1796 2007 Jesus

295 2062 458 2115 sciens
479 2060 595 2127 quia
622 2059 747 2109 venit
770 2056 893 2107 liora
919 2055 1048 2124 ejus,
1073 2062 1126 2105 ut
1153 2061 1371 2105 transeat
1400 2066 1463 2103 ea:
1490 2050 1581 2101 hoc
1610 2047 1799 2099 mundo

291 2152 358 2203 ad
390 2148 615 2209 Patrem,
639 2164 751 2199 cum
772 2145 1025 2198 dilexisset
1051 2158 1188 2206 suos,
1223 2141 1306 2210 qui
1344 2149 1482 2192 erant
1508 2139 1562 2190 in
1590 2137 1795 2199 niuudo,

290 2242 342 2294 in
371 2242 521 2308 ﬁnem
560 2237 734 2292 dilexit
775 2253 877 2289 eos.

296 2331 345 2384 1.
394 2327 623 2384 Christus
669 2327 807 2379 nobis
855 2322 1129 2392 exemplar.
1172 2322 1361 2390 ,lpsius
1404 2336 1526 2390 erga
1571 2319 1800 2371 inimicos

212 2421 598 2491 benignitas.—-
618 2417 905 2470 Imitatores
930 2416 1027 2466 mei
1056 2422 1226 2475 estote,
1263 2412 1431 2480 inquit
1460 2409 1674 2473 Paulus,
1705 2408 1800 2460 sic-

211 2524 272 2566 ut
302 2524 348 2566 et
383 2528 471 2583 ego
499 2510 683 2564 Christi
714 2510 804 2577 (l.
830 2507 945 2561 Cor.
980 2507 1066 2562 11.
1100 2503 1186 2575 1).
1219 2504 1340 2558 Ideo
1370 2502 1510 2557 enim
1536 2516 1597 2555 ex
1630 2513 1800 2553 massa

219 2614 409 2658 nostra
454 2616 667 2656 carnem
716 2598 958 2667 accepit,
1004 2606 1059 2649 ut
1096 2611 1191 2665 per
1242 2610 1357 2648 eam
1408 2606 1505 2647 nos
1551 2593 1800 2643 virtutem

209 2696 459 2748 doceret.
494 2690 560 2743 In
588 2689 999 2750 similitudinem,
1047 2686 1248 2754 inquit,
1278 2684 1443 2737 carnis
1484 2683 1715 2751 peccati,
1760 2692 1805 2731 et

210 2788 282 2838 de
332 2792 534 2851 peccato
565 2790 817 2849 peccatum
846 2780 899 2831 in
928 2794 1078 2831 carne
1107 2777 1364 2829 damnavit
1395 2775 1570 2843 (Rom.
1620 2774 1671 2828 8.
1709 2772 1761 2841 ὃ)
1792 2792 1801 2835 ;

213 2878 446 2945 ipseque
493 2872 735 2927 Christus
782 2874 855 2923 ait
893 2887 908 2923 :
956 2868 1141 2922 Discite
1174 2885 1204 2920 a
1234 2883 1310 2919 me
1332 2908 1344 2932 ,
1374 2869 1491 2934 quia
1520 2866 1653 2917 mitis
1695 2879 1801 2915 sum

211 2978 262 3021 et
301 2966 507 3019 humilis
543 2963 691 3017 corde
738 2960 947 3033 (Matth.
1002 2961 1090 3013 Η.
1135 2958 1249 3028 ΞΟ).
1298 2956 1422 3010 llaec
1470 2970 1572 3010 non
1630 2953 1803 3008 verbis

214 3066 432 3110 tantum
460 3096 473 3117 ,
510 3053 603 3107 sed
636 3064 687 3106 et
738 3052 894 3105 rebus
939 3050 1139 3104 docuit.
1168 3048 1300 3102 Nam
1328 3056 1381 3102 et
1409 3048 1800 3103 Samaritauum

212 3160 275 3203 et
329 3146 717 3199 dmmoniacum
771 3143 940 3211 ipsum
987 3140 1288 3202 vocabant,
1319 3146 1372 3192 et
1419 3137 1753 3203 deceptorcm
1788 3178 1800 3201 ,

214 3237 539 3308 lapidesque
569 3236 621 3288 in
653 3236 821 3302 ipsum
846 3231 1114 3300 jm-iebant
1142 3248 1153 3282 :
1186 3240 1239 3285 et
1269 3244 1411 3283 nunc
1460 3228 1671 3297 quidem
1704 3229 1805 3280 mi—

215 3331 430 3383 nistms
472 3327 735 3380 miserunt
767 3321 1015 3376 Pharismi
1044 3361 1058 3381 .
1090 3330 1147 3375 ut
1176 3321 1321 3374 illum
1353 3328 1633 3386 caperent;
1666 3330 1807 3371 nunc

212 3422 360 3473 alios
412 3419 753 3485 subjeeerunt
806 3415 1143 3472 insidiatores
1190 3431 1201 3465 :
1260 3412 1357 3480 ipsi
1407 3423 1616 3481 quoque
1664 3424 1807 3479 stupe

211 3510 584 3566 contumelias
613 3507 942 3568 inferebant,
975 3520 1094 3559 eum
1126 3513 1299 3558 tamen
1335 3503 1462 3557 nihil
1512 3504 1726 3557 adesset
1754 3501 1803 3555 in

207 3618 335 3670 quo
362 3608 682 3655 accusarent
710 3600 909 3666 ipsum,
943 3598 1036 3653 sed
1068 3596 1324 3652 beneficia
1373 3597 1674 3663 frequenter
1716 3609 1806 3649 ac-

209 3695 492 3761 ciperem.
526 3690 901 3744 Verumtamen
950 3697 1068 3757 post
1111 3688 1224 3742 haec
1268 3697 1446 3748 tanta,
1485 3702 1587 3740 non
1639 3693 1810 3741 cessat

208 3800 325 3839 cus
376 3792 433 3837 et
480 3782 658 3835 verbis
699 3790 753 3833 et
798 3780 1053 3849 operibus
1082 3779 1269 3847 juvare
1299 3794 1312 3831 :
1342 3785 1542 3833 etcum
1578 3791 1607 3829 a
1655 3790 1809 3829 servo

209 3876 461 3947 quodam
488 3874 805 3937 cmdcretur,
828 3873 901 3925 ait
928 3888 938 3922 :
974 3869 1033 3925 Si
1060 3872 1189 3923 male
1214 3871 1450 3939 loquutus
1494 3886 1601 3922 sum
1623 3909 1637 3933 ,
1670 3870 1810 3921 testi-

209 3972 460 4024 monium
485 3968 685 4036 perhibe
706 3968 765 4018 de
797 3965 967 4028 male;
999 3965 1041 4017 si
1070 3973 1238 4016 autem
1268 3964 1387 4016 bene
1411 4003 1424 4026 ,
1454 3962 1575 4028 quid
1605 3978 1679 4015 me
1710 3976 1809 4015 cte-

208 4065 306 4116 dis
342 4060 523 4133 (Joan.
556 4059 644 4113 18.
672 4056 809 4128 25)?
842 4056 1033 4109 Verum
1062 4055 1175 4110 lucc
1201 4056 1425 4108 inimicis
1455 4065 1507 4108 et
1535 4054 1810 4107 insidiato-

209 4155 385 4208 ribus
431 4150 580 4205 dixit.
617 4145 898 4201 Videamus
929 4156 1133 4210 autem,
1168 4146 1291 4214 quid
1321 4159 1458 4198 nunc
1503 4144 1659 4198 faciat
1688 4158 1809 4213 erga

206 4240 548 4310 discipulos;
573 4243 679 4291 imo
696 4253 813 4305 quu:
837 4251 975 4289 nunc
996 4234 1249 4289 exhibeat
1269 4248 1389 4303 erga
1422 4233 1805 4288 insidiatorem.

202 4334 328 4402 Qui
370 4331 515 4385 enim
545 4329 782 4383 omnium
836 4328 1063 4382 maxime
1100 4326 1222 4381 odio
1255 4325 1445 4395 dignus
1488 4334 1638 4392 erat,
1691 4324 1810 4393 quia

204 4438 354 4480 cum
390 4419 685 4489 discipulus
715 4428 767 4471 et
798 4431 994 4472 mensae
1041 4430 1262 4470 consors
1291 4423 1471 4477 esset,
1499 4430 1618 4468 eum
1650 4414 1814 4468 mira-

200 4514 348 4572 cula
383 4511 608 4565 vidissiet
631 4550 645 4575 ,
679 4518 731 4562 et
761 4517 837 4561 tot
884 4508 1130 4577 dignatus
1154 4515 1298 4559 esset
1330 4506 1642 4559 muneribus
1664 4547 1677 4569 ,
1716 4506 1813 4559 de-

202 4603 456 4660 terrima
486 4600 721 4653 omnium
750 4597 872 4651 fecit
900 4616 912 4650 :
943 4612 1045 4650 non
1076 4596 1335 4663 lapidibus
1356 4636 1371 4661 ,
1405 4613 1512 4650 non
1544 4605 1820 4651 contume-

199 4699 304 4751 liis
368 4691 635 4760 impetiit,
680 4689 772 4743 sed
806 4689 950 4742 illum
999 4688 1230 4756 prodidit
1275 4704 1287 4738 :
1342 4688 1480 4741 hunc
1526 4702 1651 4740 vero
1698 4686 1817 4740 vide

196 4799 402 4857 quam
447 4782 676 4851 benigne
717 4781 965 4849 excipiat.
1020 4778 1171 4831 Lavit
1220 4779 1336 4847 ejus
1386 4777 1583 4846 pedes,
1632 4788 1689 4831 ut
1720 4777 1820 4830 huc

195 4876 420 4935 ofﬁcio
455 4876 625 4941 ipsum
659 4871 933 4927 cohiberet
975 4886 1004 4924 τι
1034 4879 1173 4923 tanta
1209 4872 1463 4939 nequitia.
1513 4871 1668 4941 Atqui
1719 4886 1816 4940 po-

196 4974 374 5023 terat
412 4964 585 5031 ipsum
613 4963 749 5015 sicut
779 4962 933 5014 ficum
985 4961 1282 5025 arefacere,
1314 4963 1357 5014 si
1402 4961 1654 5015 voluisset
1682 5004 1694 5027 ,
1735 4962 1819 5016 vel

198 5052 550 5115 discindere
595 5051 733 5104 sicut
758 5060 935 5119 petras
961 5048 1206 5114 discidit,
1235 5058 1289 5104 et
1318 5052 1453 5104 sicut
1486 5050 1607 5104 item
1643 5053 1817 5106 velum

194 5145 427 5214 templi
474 5141 703 5196 discidit.
753 5140 945 5194 Verum
976 5141 1146 5195 noluit
1175 5143 1254 5207 vi,
1300 5142 1393 5195 sed
1426 5145 1695 5212 proposito
1726 5160 1819 5199 vo—

194 5234 465 5295 luntatis
493 5247 519 5282 a
554 5230 848 5298 proditione
870 5230 1152 5284 abducere.
1188 5230 1310 5285 Ideo
1344 5232 1467 5285 lavit
1498 5235 1611 5300 ejus
1638 5234 1815 5302 pedes.

190 5333 424 5397 Neque
472 5322 569 5375 hac
594 5322 661 5375 de
706 5337 762 5373 re
792 5322 1001 5375 embuit
1026 5321 1207 5376 infelix
1253 5331 1308 5377 et
1339 5325 1500 5378 miser
1531 5326 1637 5379 ille.
1688 5329 1821 5380 Ante

190 5423 356 5479 diem
411 5417 602 5485 festum
644 5410 858 5465 l’ascltte
886 5453 900 5475 ,
931 5413 1119 5480 inquit,
1149 5414 1308 5468 sciens
1341 5414 1491 5469 Jesus
1531 5420 1649 5485 quia
1692 5419 1820 5471 venit

191 5519 348 5569 hora
386 5507 532 5575 eius.
578 5504 689 5557 Non
725 5515 847 5558 tunc
896 5506 1123 5572 primum
1164 5509 1346 5571 scivit,
1387 5510 1481 5563 sed
1531 5524 1650 5564 cum
1698 5511 1819 5566 fecit

194 5607 252 5662 id
292 5598 472 5673 quod
507 5596 629 5650 fecit
651 5638 663 5657 ,
691 5596 797 5662 jam
831 5596 955 5649 olim
990 5598 1209 5653 sciebat.
1238 5599 1305 5655 Ut
1333 5613 1573 5655 transeat.
1617 5604 1819 5673 Magni-

193 5699 313 5753 σου
369 5688 713 5756 evangelista
759 5689 1038 5741 transitum
1068 5690 1182 5757 ejus
1210 5702 1434 5747 mortem
1468 5704 1642 5749 vocat.
1693 5696 1819 5751 Cum

190 5785 506 5841 dilexisset
544 5796 683 5839 suos,
711 5782 763 5830 in
801 5782 952 5845 ﬁnem
986 5782 1160 5835 dilexit
1186 5800 1288 5838 eos.
1324 5784 1510 5840 Videlt'
1554 5792 1819 5858 quomodo

564 5878 832 5941 PATROL.
883 5885 996 5941 Gn.
1056 5886 1211 5945 LIX.

1913 1951 2200 2007 relicturus
2251 1968 2344 2007 eos
2399 1954 2854 2009 vehementiorem
2912 1972 3149 2011 amorem
3202 1957 3498 2011 exhibeat?

1910 2042 2041 2098 Illud
2075 2046 2213 2098 enim
2233 2088 2245 2111 ,
2279 2046 2402 2099 Cum
2433 2047 2691 2101 dilexisset
2719 2065 2860 2112 suos,
2895 2050 2949 2101 in
2978 2050 3131 2116 ﬁnem
3162 2049 3340 2103 dilexit
3371 2065 3454 2102 eos
3482 2092 3495 2110 ,

1910 2135 2013 2190 hoc
2035 2138 2295 2207 significat
2328 2158 2338 2192 :
2375 2140 2503 2193 nihil
2530 2141 2872 2209 praetermisit
2902 2156 3087 2196 eorum
3110 2157 3227 2210 quin
3249 2142 3452 2196 ardenti
3475 2157 3503 2195 r

1908 2240 2175 2289 amantem
2207 2242 2421 2300 Oportet
2465 2231 2663 2288 facere.
2709 2234 2817 2287 Cur
2868 2249 2972 2287 non
3017 2248 3044 2286 a
3092 2234 3354 2303 principio
3400 2235 3501 2288 hoc

1911 2320 2035 2375 fecit
2063 2320 2084 2372 ?
2113 2321 2309 2390 Majora
2342 2324 2394 2377 in
2432 2332 2684 2379 extremo
2712 2324 2857 2389 facit,
2892 2333 2948 2378 ut
2991 2337 3176 2379 eorum
3222 2326 3498 2377 caritatem

1910 2422 2121 2484 augeat,
2151 2425 2205 2467 et
2249 2429 2497 2484 maguum
2532 2416 2683 2469 indat
2737 2416 2974 2469 animum
3006 2414 3072 2468 ad
3121 2416 3289 2469 futura
3323 2414 3502 2483 perfe-

1913 2504 2074 2558 renda
2104 2505 2263 2558 mala.
2289 2504 2427 2560 Suos
2453 2515 2631 2561 autem
2660 2506 2790 2561 dicit
2812 2506 3105 2561 secundum
3131 2506 3504 2561 familiaritatis

1911 2594 2169 2648 rationem
2197 2611 2211 2659 ;
2266 2611 2384 2648 nam
2419 2604 2471 2650 et
2501 2597 2637 2650 alios
2666 2610 2795 2652 suos
2826 2604 2982 2650 vocat
3014 2596 3310 2651 secundum
3344 2612 3500 2650 erea-

1911 2684 2106 2737 tionem
2136 2703 2149 2748 ;
2180 2694 2235 2738 ut
2264 2702 2381 2739 cum
2417 2686 2566 2752 dicit,
2604 2686 2701 2740 Sui
2732 2703 2842 2741 eum
2870 2704 2971 2740 non
2995 2695 3291 2757 receperunt
3319 2686 3498 2757 (Joan.

1914 2776 1961 2826 l.
1997 2775 2107 2843 ll).
2162 2774 2297 2840 Quid
2345 2777 2443 2830 sibi
2498 2776 2609 2829 vult
2640 2776 2789 2841 illud,
2829 2776 2928 2843 Qui
2973 2789 3118 2830 erant
3165 2777 3215 2828 in
3260 2776 3504 2829 mundo?

1911 2866 2041 2932 Quia
2070 2868 2148 2921 sui
2182 2879 2336 2923 erant
2366 2868 2523 2923 etiam
2550 2870 2763 2934 mortui,
2798 2869 3091 2933 Abraham,
3121 2867 3287 2933 lsaac,
3310 2867 3500 2932 Jacob,

1912 2958 2149 3028 ipsisque
2172 2958 2372 3014 similes
2399 2976 2412 3025 ;
2446 2960 2540 3014 sed
2573 2960 2623 3012 hi
2649 2974 2753 3013 non
2782 2961 2831 3012 iu
2863 2960 3063 3015 mundo
3090 2970 3263 3013 erant.
3315 2957 3505 3013 Viden’

1913 3063 2032 3103 eum
2061 3063 2178 3102 esse
2207 3049 2371 3103 Deum
2398 3062 2450 3102 et
2483 3051 2676 3104 veteris
2708 3059 2760 3103 et
2788 3064 2941 3103 novre
2964 3048 3139 3119 legis?
3169 3048 3306 3114 Quid
3336 3049 3503 3119 signi-

1914 3140 2037 3193 ficat
2067 3139 2213 3206 illud,
2254 3138 2315 3192 lu
2345 3140 2497 3208 ﬁnem
2524 3140 2699 3193 dilexit
2728 3140 2854 3193 eos?
2904 3139 2957 3193 id
2986 3148 3088 3206 est,
3118 3154 3299 3193 amare
3322 3154 3504 3209 perse-

1913 3230 2152 3297 veravit,
2188 3244 2250 3284 ac
2280 3230 2533 3284 ferventis
2584 3231 2784 3284 umoris
2814 3231 3024 3300 signum
3060 3231 3162 3284 hoc
3192 3244 3313 3284 esse
3353 3230 3501 3283 dicit.

1912 3319 2073 3387 Atqui
2121 3319 2261 3373 aliud
2312 3320 2433 3374 alibi
2463 3321 2711 3379 dixerat,
2744 3320 2974 3380 animam
3002 3334 3155 3375 suam
3201 3335 3260 3375 se
3306 3335 3506 3390 ponere

1915 3426 2013 3480 pro
2052 3412 2251 3466 amicis
2289 3413 2421 3467 suis.
2468 3412 2570 3469 Sed
2614 3413 2849 3468 nondum
2902 3413 3022 3467 hoc-
3050 3413 3332 3468 acciderat.
3382 3412 3508 3468 ‘Cur

1916 3511 2093 3558 autem
2122 3503 2221 3557 hoc
2245 3496 2575 3560 nuncfecit?
2604 3504 2735 3573 Quia
2762 3505 2813 3559 id
2839 3506 2995 3576 longe
3024 3505 3320 3560 mirabilius
3352 3517 3467 3561 erat
3488 3548 3502 3572 ,

1915 3594 2127 3664 quando
2159 3609 2262 3649 tam
2292 3588 2613 3665 conspicuus
2644 3596 2782 3666 apud
2817 3611 3006 3653 omnes
3029 3611 3149 3652 esse
3179 3597 3461 3653 videbatur
3488 3640 3504 3661 ,

1916 3700 2016 3740 nec
2040 3701 2252 3755 parvam
2281 3687 2704 3742 consolationem
2727 3688 3083 3742 abscessurus
3110 3688 3349 3758 reliquit.
3375 3688 3505 3754 Quia

1918 3778 2059 3829 enim
2092 3779 2144 3831 in
2174 3792 2406 3833 moerore
2440 3778 2743 3833 vehementi
2777 3778 2939 3833 futuri
2976 3786 3154 3845 erant,
3190 3795 3371 3848 parem
3407 3780 3509 3835 illis

1918 3869 2339 3924 consolationem
2374 3869 2595 3924 inducit.
2624 3870 2679 3922 Ξ.
2718 3869 2779 3922 Et
2808 3886 2949 3924 corna
2974 3874 3111 3940 facta
3137 3910 3151 3935 ,
3181 3887 3293 3924 cum
3335 3871 3512 3925 diabo-

1920 3956 1998 4011 lus
2036 3961 2150 4027 jam
2192 3960 2404 4014 misisset
2435 3961 2486 4013 in
2513 3977 2597 4013 cor
2629 4002 2643 4027 ,
2675 3969 2732 4013 ut
2762 3962 2980 4014 traderet
3019 3978 3131 4015 eum
3160 3959 3349 4015 ludas.
3398 3961 3511 4016 Hoc

1920 4048 2051 4104 dicit
2083 4051 2356 4119 perculsus
2386 4052 2712 4121 evangelista
2740 4094 2755 4117 ,
2790 4066 3014 4106 narrans
3045 4067 3315 4122 quomoao
3346 4054 3513 4124 pedes

1922 4140 2057 4208 ejus,
2088 4142 2174 4211 qui
2209 4144 2381 4211 ipsum
2408 4143 2633 4212 prodere
2655 4145 2979 4207 instituerat,
3004 4144 3217 4199 laverit.
3241 4144 3512 4215 lugentem

1925 4247 2083 4300 porro
2110 4232 2225 4303 ejus
2255 4235 2546 4301 nequitiam
2577 4235 2833 4302 ostendit,
2864 4234 3007 4305 quod
3037 4250 3135 4291 nec
3163 4251 3363 4290 mensa:
3393 4250 3514 4290 con-

1924 4325 2145 4378 sortium
2197 4325 2368 4395 ipsum
2421 4325 2763 4393 cohibuerit,
2796 4342 2915 4396 qua:
2961 4341 3047 4381 res
3096 4327 3328 4381 maxime
3375 4328 3517 4381 solet

1928 4416 2178 4469 malitiam
2231 4418 2548 4483 continere,
2582 4433 2681 4472 nec
2727 4418 2957 4472 suaserit
3001 4418 3077 4472 illi
3131 4430 3189 4473 ut
3234 4434 3404 4489 uthtc
3446 4420 3515 4474 ad

1927 4494 2170 4560 ultimum
2202 4507 2345 4561 diem
2386 4522 2515 4562 eum
2561 4507 2814 4578 Magistro
2844 4523 2902 4564 se
2933 4518 3219 4578 superante
3253 4521 3513 4566 maneret.

1924 4599 1975 4651 '5.
2012 4598 2189 4652 Sciens
2218 4607 2387 4651 autem
2409 4599 2582 4667 .lesus,
2606 4600 2724 4669 quia
2754 4601 2924 4653 omnia
2966 4600 3178 4653 tradidit
3204 4602 3249 4653 ei
3281 4600 3434 4654 Pater
3463 4603 3517 4655 in

1924 4705 2137 4753 manus,
2172 4699 2219 4743 et
2247 4692 2368 4759 quia
2408 4707 2440 4743 a
2468 4688 2577 4744 Deo
2606 4692 2788 4758 exivit,
2816 4700 2861 4745 et
2889 4692 2957 4745 ad
3004 4692 3167 4745 Deum
3206 4694 3367 4748 vadit.
3419 4693 3519 4750 Hic

1926 4779 2084 4833 etiam
2120 4779 2469 4834 mirabundus
2520 4780 2645 4835 dicit
2683 4799 2694 4831 :
2726 4780 2857 4835 Cum
2893 4791 3069 4835 tantus
3104 4793 3159 4836 et
3188 4783 3307 4837 talis
3336 4778 3515 4848 esset,

1925 4871 2069 4938 quia
2099 4871 2209 4924 Deo
2236 4871 2479 4937 exierat,
2510 4882 2563 4925 et
2608 4873 2671 4924 ad
2726 4872 2894 4926 Deum
2937 4873 3081 4933 ibat,
3131 4874 3219 4942 qui
3268 4875 3522 4928 omnibus

1927 4961 2252 5028 imperabat,
2283 4960 2384 5015 hoc
2412 4970 2585 5017 tamen
2616 4961 2757 5026 fecit,
2792 4978 2890 5017 nec
2914 4961 3231 5032 dedignatus
3270 4974 3352 5019 est
3407 4981 3520 5021 rem

1929 5052 2086 5106 talem
2123 5054 2362 5123 aggredi.
2390 5052 2526 5107 Cum
2574 5054 2858 5109 tradidisse
2890 5056 2983 5122 ait,
3012 5068 3065 5109 ut
3098 5065 3247 5125 puto,
3280 5057 3521 5112 fidelium

1925 5146 2151 5199 salutem
2179 5145 2414 5213 respicit.
2448 5144 2579 5199 Nam
2621 5160 2741 5199 cum
2770 5146 2918 5211 dicit,
2953 5147 3141 5200 Omnia
3181 5149 3307 5201 milii
3334 5150 3521 5202 tradita

1927 5247 2044 5290 sunt
2072 5254 2101 5290 a
2138 5237 2293 5291 Patre
2320 5254 2430 5291 meo
2479 5238 2691 5309 (Matth.
2742 5239 2828 5292 ll.
2879 5238 2996 5306 27),
3029 5242 3095 5293 de
3146 5238 3247 5293 huc
3278 5240 3519 5294 tradendi

1925 5345 2121 5399 genere
2153 5330 2406 5398 loquitur,
2439 5342 2496 5384 ut
2537 5339 2589 5385 et
2632 5330 2760 5384 alibi
2793 5331 2867 5383 ait
2900 5348 2912 5382 z
2963 5329 3062 5383 Tui
3090 5340 3236 5385 erant
3264 5373 3278 5398 ,
3306 5343 3353 5387 et
3396 5332 3521 5384 milii

1925 5439 2009 5476 eos
2038 5423 2215 5477 dedisti
2246 5423 2422 5495 (Joan.
2457 5424 2543 5477 l7.
2574 5422 2663 5494 6);
2696 5433 2749 5477 et
2778 5439 3015 5489 rursum,
3049 5422 3218 5477 Nemo
3246 5435 3405 5495 potest
3433 5439 3518 5478 ue-

1926 5515 2034 5567 nire
2062 5514 2130 5566 ad
2160 5531 2237 5568 me
2262 5557 2274 5575 ,
2305 5515 2405 5567 nisi
2438 5513 2594 5567 Pater
2621 5517 2831 5569 traxerit
2881 5534 3033 5581 eum;
3061 5527 3148 5583 et,
3183 5516 3301 5571 Nisi
3343 5518 3517 5569 datum

1926 5607 1988 5658 sit
2020 5605 2063 5659 ei
2092 5608 2154 5659 de
2192 5608 2315 5659 creto
2357 5604 2520 5675 (Ibid.
2551 5606 2603 5661 6.
2638 5609 2725 5671 tib;
2760 5621 2805 5660 et
2834 5610 2886 5665 ὅ.
2920 5607 3034 5679 27).
3080 5608 3177 5664 Vel
3222 5610 3322 5663 hoc
3347 5608 3474 5662 dicit
3498 5647 3513 5669 ,

1928 5701 2007 5753 vel
2041 5715 2099 5754 se
2122 5700 2249 5752 nihil
2280 5715 2345 5754 ex
2383 5701 2484 5753 hoc
2512 5701 2860 5757 minuendum
2892 5716 3034 5768 esse,
3064 5704 3152 5772 qui
3180 5718 3208 5756 a
3238 5702 3345 5756 Deo
3366 5700 3517 5756 cxieo

1926 5792 2035 5856 rit,
2065 5792 2131 5845 ad
2165 5791 2333 5846 Deum
2367 5790 2522 5845 vadat
2559 5803 2612 5847 et
2641 5793 2819 5847 omnia
2865 5793 3158 5849 contineat.
3208 5792 3343 5847 Cum
3384 5804 3512 5843 vero

3106 5894 3184 5954 24
