4164 6330
624 391 627 416 2
737 368 842 425 385

750 479 882 535 illud
911 478 1116 534 tradere
1152 476 1336 544 audis,
1369 475 1501 532 nihil
1527 477 1814 533 humanum
1853 476 2176 548 suspiceris:
2203 474 2301 529 ho-

739 584 924 625 norem
951 570 1090 623 enim
1113 567 1255 622 Patri
1282 565 1548 623 redditum
1575 577 1630 624 et
1648 567 1992 623 concordiam
2019 563 2296 636 significat.

735 660 885 715 Sicut
913 659 1053 714 enim
1085 659 1242 714 Pater
1296 658 1396 728 ipsi
1443 657 1601 715 tradit
1632 700 1648 724 ,
1680 659 1757 713 sic
1797 658 1911 726 ipse
1935 655 2114 721 Patri;
2154 655 2301 726 quod

733 752 969 807 declarat
1008 751 1207 807 Paulus
1231 751 1446 818 dicens,
1478 751 1604 806 Cum
1646 749 1908 804 tradiderit
1943 765 2154 819 regnum
2191 746 2301 802 Deo

729 853 779 899 et
809 844 952 897 Patri
994 844 1067 914 (1.
1098 842 1218 898 Cor.
1253 843 1339 897 15.
1367 840 1482 914 21).
1514 841 1611 897 ilic
1635 848 1814 894 autem
1839 839 2134 894 humaniori
2153 852 2301 894 more

729 933 966 1002 loquitur
989 974 1004 999 ,
1037 931 1353 988 ineffabilem
1393 945 1515 1002 erga
1556 931 1676 985 illos
1700 929 1960 985 exhibens
1982 929 2256 984 caritatem
2280 970 2297 995 ,

730 1035 958 1091 quorum
983 1035 1165 1076 curam
1193 1029 1252 1076 ut
1277 1034 1493 1076 suorum
1518 1019 1770 1090 gerebat,
1802 1018 2002 1074 docens
2043 1018 2165 1073 illos
2194 1016 2298 1074 hu-

730 1113 1009 1169 militatem
1058 1120 1282 1167 matrem
1332 1112 1630 1178 bonorum,
1686 1126 1845 1183 quam
1893 1119 1949 1167 et
1995 1110 2202 1166 initium
2245 1117 2301 1165 et

726 1205 896 1259 finem
943 1204 1156 1259 virtutis
1193 1217 1315 1259 esse
1345 1203 1490 1259 dicit.
1535 1203 1645 1259 Nec
1675 1213 1876 1260 temere
1901 1203 2043 1283 jacet
2076 1201 2224 1268 illud,
2253 1202 2299 1257 Α

735 1294 838 1348 Deo
864 1296 1043 1360 exivit,
1069 1304 1114 1349 et
1143 1294 1212 1348 ad
1237 1294 1397 1348 Deum
1425 1296 1599 1359 vadit;
1625 1295 1721 1350 sed
1749 1305 1805 1349 ut
1830 1295 2096 1350 discamus
2123 1293 2295 1363 ipsum

730 1384 887 1454 digna
937 1383 1126 1439 fecisse
1148 1383 1266 1454 ejus
1294 1384 1386 1454 qui
1417 1384 1560 1439 illinc
1587 1385 1804 1440 esiisset
1827 1391 1883 1439 et
1923 1383 2048 1438 illuc
2076 1382 2293 1449 ivisset,

724 1490 1050 1546 omnemque
1075 1474 1264 1529 fastum
1292 1475 1706 1531 conculcavisse.
1733 1476 1786 1530 4.
1816 1475 1883 1529 Et
1907 1489 2022 1528 cum
2046 1473 2295 1528 surrexis-

732 1577 804 1619 set
830 1582 860 1617 a
885 1581 1024 1619 caena
1043 1606 1057 1632 ,
1089 1565 1265 1633 positis
1290 1564 1522 1619 uestibus.

783 1656 847 1710 '3.
896 1655 1022 1708 Vide
1047 1652 1314 1723 quomodo
1354 1668 1457 1707 non
1493 1653 1715 1708 lavando
1741 1655 1952 1718 solum,
1991 1653 2085 1708 sed
2115 1662 2168 1708 et
2192 1654 2298 1709 alio

725 1759 934 1814 quoque
961 1743 1118 1799 modo
1148 1743 1500 1818 humilitatem
1528 1743 1794 1799 exhibeat.
1824 1742 1937 1798 Non
1961 1741 2104 1798 enim
2145 1752 2295 1797 ante-

725 1850 882 1904 quam
902 1835 1257 1897 recumberet.
1278 1834 1372 1890 sed
1388 1844 1665 1905 postquam
1691 1849 1876 1889 omnes
1904 1833 2295 1899 recubuissent,

727 1935 852 1980 tunc
893 1926 1148 1980 surrexit.
1175 1923 1379 1980 Deinde
1407 1939 1511 1978 non
1540 1924 1710 1978 solum
1737 1922 1877 1977 lavat
1905 1964 1920 1990 ,
1967 1923 2059 1977 sed
2113 1923 2294 1992 positis

725 2015 980 2069 vestib'ts.
1008 2014 1189 2083 Neque
1234 2014 1316 2069 his
1352 2023 1629 2069 contentus
1653 2055 1666 2080 ,
1709 2014 1875 2068 linteo
1913 2027 1970 2068 se
1999 2013 2292 2082 praecinxit.

725 2105 904 2175 Neque
934 2105 984 2160 id
1024 2107 1154 2161 satis
1179 2103 1390 2172 habuit,
1425 2103 1515 2158 sed
1546 2106 1656 2173 ipse
1683 2103 1876 2173 pelvim
1909 2103 2166 2173 implevit,
2196 2118 2290 2157 ne-

729 2210 825 2264 que
863 2194 1013 2250 atteri
1059 2195 1377 2263 implendam
1407 2194 1660 2260 tradidit,
1692 2194 1786 2248 sed
1813 2193 1929 2249 htec
1979 2194 2158 2249 omnia
2180 2194 2293 2262 ipse

720 2284 846 2338 facit
878 2301 890 2335 :
927 2283 1012 2338 his
1050 2284 1295 2338 omnibus
1324 2284 1609 2339 ostendens
1646 2283 1760 2339 hrec
1799 2299 1903 2338 non
1937 2284 2294 2354 perfunctorie

724 2375 879 2429 nobis
904 2389 1025 2430 esse
1067 2373 1302 2430 facienda
1332 2416 1346 2440 ,
1381 2390 1499 2428 cum
1537 2384 1680 2430 recte
1722 2374 1940 2431 iacimus
1969 2416 1982 2440 ,
2036 2375 2128 2430 sed
2173 2390 2292 2430 eum

722 2465 866 2519 omni
895 2465 1161 2536 diligentia
1191 2475 1244 2520 et
1272 2466 1563 2523 alacritate.
1603 2465 1825 2521 Videtur
1869 2481 2029 2537 porro
2071 2466 2199 2521 mihi
2229 2468 2294 2522 il-

722 2557 830 2612 lum
863 2557 1149 2627 proditoris
1179 2559 1406 2627 primum
1432 2559 1623 2613 lavisse
1650 2559 1840 2628 pedes,
1877 2559 2016 2631 quod
2046 2559 2242 2614 dixerit
2280 2601 2293 2624 ι

723 2647 773 2701 5.
809 2646 966 2715 Ccepit
1007 2649 1175 2702 lavare
1200 2650 1350 2717 pedes
1378 2649 1743 2722 discipulorum
1768 2665 1786 2704 :
1814 2657 1868 2705 et
1904 2649 2208 2715 addiderit,
2240 2649 2293 2706 6.

733 2736 876 2790 Venit
906 2737 975 2789 ad
996 2736 1254 2793 Simonem
1279 2738 1505 2804 Petrum,
1540 2741 1624 2810 qui
1652 2741 1772 2793 dicit
1793 2741 1837 2792 ei
1860 2758 1877 2795 :
1903 2739 1982 2794 Tu
2015 2741 2137 2794 mihi
2160 2741 2294 2796 lavas

724 2827 872 2895 pedes
892 2826 918 2880 7
942 2825 1036 2882 His
1075 2829 1338 2892 manibus,
1371 2830 1557 2896 inquit,
1593 2829 1783 2898 quibus
1807 2829 1989 2886 oculos
2015 2831 2289 2901 aperuisti,

722 2918 967 2985 leprosos
995 2917 1260 2973 mandasti
1284 2958 1298 2986 ,
1331 2928 1566 2975 mortuos
1610 2921 1876 2976 suscitasti
1897 2921 1922 2971 ?
1952 2920 2073 2977 llaec
2100 2922 2294 2991 quippe

719 3021 967 3075 magnam
994 3005 1191 3062 habent
1231 3007 1524 3077 emphasim
1551 3025 1563 3062 :
1592 3022 1756 3076 quare
1785 3021 1888 3062 non
1910 3007 2012 3062 alio
2037 3022 2170 3080 opus
2200 3009 2295 3064 ha-

729 3095 845 3148 buit
863 3135 878 3159 ,
906 3109 1063 3164 quam
1091 3096 1179 3150 illa
1209 3110 1358 3163 voce,
1391 3095 1468 3150 Tu
1489 3137 1503 3164 ,
1536 3111 1654 3167 quae
1681 3111 1777 3168 per
1802 3112 1861 3152 se
1888 3106 2054 3153 totum
2090 3098 2293 3168 signiti-

716 3193 829 3241 cat.
879 3185 1009 3243 Jure
1049 3197 1224 3242 autem
1273 3201 1522 3256 qmeras:
1563 3187 1670 3244 Cur
1718 3188 1896 3244 nullus
1941 3189 2079 3245 alius
2123 3191 2294 3260 ipsum

725 3276 977 3342 cohibuit,
1013 3277 1111 3331 nisi
1152 3276 1341 3332 Petrus
1364 3318 1380 3344 ,
1411 3276 1550 3347 quod
1596 3292 1700 3332 non
1733 3279 1877 3347 parvi
1902 3282 2098 3334 amoris
2138 3293 2294 3335 reve-

723 3370 1016 3440 rentiaeque
1039 3368 1248 3440 signum
1275 3367 1418 3423 fuit?
1449 3368 1561 3436 Qua
1591 3383 1718 3440 ergo
1745 3369 1812 3424 de
1840 3384 1998 3425 causa
2025 3369 2051 3423 τ
2077 3369 2296 3426 Videtur

725 3458 857 3514 mihi
905 3459 1078 3529 primo
1127 3458 1416 3529 proditoris
1469 3458 1632 3531 pedes
1677 3460 1947 3527 abluisse;
1994 3460 2189 3517 deinde
2226 3461 2292 3516 ad

722 3551 942 3608 Petrum
969 3551 1179 3607 venisse
1200 3592 1216 3617 ,
1244 3551 1482 3622 aliosque
1502 3552 1754 3622 deinceps
1783 3553 2080 3609 admonitos
2107 3552 2290 3610 fuisse.

723 3642 876 3710 Quod
906 3643 1046 3699 enim
1075 3641 1236 3697 alium
1280 3642 1578 3713 quempiam
1628 3654 1751 3699 attte
1782 3644 1927 3698 illum
1949 3643 2139 3700 laverit
2161 3684 2175 3708 ,
2201 3659 2294 3715 pa-

718 3732 828 3786 lam
855 3739 938 3787 est
964 3747 1030 3788 ex
1057 3731 1143 3787 bis
1186 3731 1364 3786 verbis
1386 3770 1404 3798 ,
1433 3733 1562 3784 Cum
1590 3743 1765 3794 autem
1794 3735 1936 3788 venit
1962 3733 2028 3788 ad
2054 3734 2290 3789 Petrum.

719 3819 829 3877 Sed
859 3836 965 3877 non
1009 3829 1092 3877 est
1128 3820 1417 3876 vehemens
1461 3831 1740 3876 accusator
1769 3823 2110 3893 evangelista.
2162 3822 2293 3878 illud

715 3913 898 3978 enim,
949 3910 1107 3982 Carpit
1135 3953 1150 3979 ,
1195 3909 1297 3965 hoc
1333 3910 1650 3965 subindicat.
1697 3911 1913 3965 Etiamsi
1947 3925 2077 3968 vero
2107 3911 2294 3966 Petrus

728 4005 930 4070 primus
957 4012 1098 4058 esset
1119 4042 1133 4065 ,
1176 4001 1573 4057 verisimile-est
1606 4000 1949 4071 proditorem,
1975 4011 2157 4071 utpote
2195 4017 2290 4072 pe-

715 4093 1002 4154 tulantem,
1025 4101 1149 4147 ante
1172 4092 1512 4162 coryphaeum
1539 4092 1870 4146 accubuisse.
1898 4093 2125 4147 Aliunde
2147 4107 2293 4147 nam-

722 4200 826 4253 que
860 4185 975 4252 ejus
1015 4183 1300 4254 petulantia
1338 4178 1746 4252 dignoscebatur
1769 4224 1784 4249 ,
1833 4182 2045 4253 quando
2081 4183 2291 4238 intinxit

720 4291 843 4329 cum
881 4275 1146 4346 Magistro,
1178 4283 1228 4330 et
1259 4276 1471 4344 quando
1499 4273 1851 4342 reprehensus
1892 4289 1995 4328 non
2036 4289 2291 4343 compun-

725 4373 841 4420 ctus
874 4374 972 4419 est.
1023 4364 1210 4418 Petrus
1237 4373 1411 4417 autem
1449 4363 1556 4432 jam
1583 4363 1748 4417 semel
1778 4374 1929 4417 antea
1958 4364 2254 4432 increpatus
2278 4405 2293 4428 ,

729 4455 817 4522 qui
851 4452 938 4506 illa
969 4467 1033 4507 ex
1059 4451 1257 4506 amoris
1287 4450 1618 4506 vehementia
1648 4449 1889 4518 dixerat,
1923 4451 1993 4505 ita
2019 4467 2292 4522 repressus

727 4551 831 4607 est,
864 4550 918 4595 ut
944 4542 1132 4596 anxius
1169 4550 1221 4594 et
1248 4550 1477 4595 tremens
1519 4540 1688 4594 altero
1722 4556 1854 4609 opus
1881 4532 2099 4596 haberet
2121 4541 2186 4596 ad
2214 4543 2294 4596 in-

720 4629 1095 4699 terrogandum
1121 4645 1137 4696 ;
1167 4628 1255 4683 hic
1295 4643 1419 4684 vero
1452 4643 1595 4699 saepe
1634 4630 1990 4698 reprehensus
2019 4644 2085 4684 ne
2128 4632 2295 4685 sensit

723 4720 957 4790 quidem.
985 4719 1117 4774 Cum
1145 4734 1272 4788 ergo
1312 4719 1544 4774 venisset
1585 4717 1649 4774 ad
1682 4719 1894 4774 Petrum
1917 4759 1934 4785 ,
1966 4719 2100 4774 Dicit
2119 4721 2163 4774 ei
2193 4718 2293 4773 Pe-

721 4821 828 4861 trus
852 4825 869 4862 :
902 4807 1116 4862 Domine
1139 4848 1154 4872 ,
1188 4818 1238 4861 tu
1269 4809 1391 4861 mihi
1415 4810 1555 4862 lavas
1599 4809 1744 4877 pedes
1770 4808 1795 4861 ?
1824 4808 1878 4862 7.
1908 4808 2185 4879 Respondit
2213 4809 2260 4863 ei
2274 4827 2294 4864 :

727 4897 877 4963 Quod
902 4914 989 4968 ego
1021 4899 1152 4968 facio
1182 4908 1234 4950 tu
1264 4897 1422 4952 nescis
1445 4898 1592 4950 modo
1613 4937 1626 4961 ,
1651 4898 1770 4951 scies
1801 4907 1964 4952 autem
1994 4909 2166 4967 postea
2191 4914 2209 4953 :
2241 4899 2291 4953 id

723 4999 825 5054 est,
850 4999 1102 5059 quantum
1151 4989 1275 5042 hinc
1301 4987 1433 5042 lucri
1459 5028 1473 5054 ,
1503 4997 1750 5056 quantam
1797 4988 2052 5043 doctrina:
2091 4989 2290 5043 utilita-

723 5091 854 5142 tem,
885 5089 939 5133 et
961 5089 1211 5149 quantam
1237 5078 1338 5133 hoc
1364 5078 1432 5132 ad
1461 5078 1804 5132 humilitatem
1828 5095 1925 5134 nos
1951 5079 2146 5135 ducere
2167 5096 2292 5150 pos-

703 5171 814 5224 sit.
859 5170 994 5236 Quid
1033 5183 1160 5239 ergo
1188 5171 1375 5225 Petrus
1402 5169 1425 5222 ?
1450 5168 1638 5223 Adhuc
1687 5169 1900 5226 cohibet
1937 5179 1991 5226 et
2033 5169 2199 5226 dicit:
2238 5172 2290 5228 8.

723 5257 845 5312 Non
861 5259 1055 5312 ‘lavabis
1085 5259 1205 5312 mihi
1224 5259 1371 5329 pedes
1391 5259 1444 5312 in
1472 5270 1732 5313 reternum.
1754 5260 1887 5327 Quid
1914 5260 2062 5327 facis,
2088 5262 2295 5317 ‘Petre?

720 5362 826 5404 smn
865 5347 1162 5404 recordaris
1202 5363 1384 5403 eorum
1431 5366 1549 5419 qua:
1577 5351 1723 5418 prius
1750 5351 1884 5405 dicta
1911 5353 2076 5407 sunt?
2104 5355 2292 5408 Annon

721 5453 843 5492 cum
870 5437 1071 5503 dixisti,
1107 5436 1366 5507 PrOpitius
1394 5449 1498 5493 esto
1520 5438 1629 5501 tibi,
1663 5438 1877 5504 audisti,
1906 5439 2044 5495 Vade
2066 5449 2174 5509 post
2193 5458 2292 5508 me,

721 5527 945 5583 satana?
997 5543 1168 5598 neque
1211 5528 1479 5597 resipiscis
1501 5570 1517 5596 ,
1562 5527 1653 5582 sed
1685 5528 1857 5584 adhuc
1885 5529 2168 5585 vehemens
2195 5531 2294 5585 es?

729 5618 925 5685 Etiam,
957 5618 1127 5688 inquit
1150 5636 1163 5671 :
1189 5633 1275 5673 res
1295 5621 1432 5674 enim
1454 5635 1643 5690 magna
1675 5629 1725 5675 et
1757 5630 1978 5690 stupore
2007 5621 2156 5691 plena
2185 5623 2294 5693 agi-

729 5720 832 5765 tur.
863 5709 992 5778 Quia
1021 5711 1176 5782 igitur
1197 5710 1247 5765 id
1277 5725 1341 5766 ex
1367 5712 1416 5766 vi
1444 5714 1638 5766 amoris
1659 5711 1907 5782 faciebat,
1927 5711 2056 5768 hinc
2083 5727 2290 5786 quoque

1505 365 1567 422 S.
1609 363 1885 422 JOANNIS
1921 357 2386 419 (IIIRYSOSTOBH
2427 361 2739 418 ARCHIEP.
2779 364 3310 421 CONSTANTINOP.

3886 372 3989 427 581

2408 471 2618 546 capitur
2648 491 2677 530 a
2719 477 2953 532 Christo.
2988 477 3057 533 Ut
3099 493 3228 548 ergo
3262 487 3386 533 tunc
3426 476 3770 539 vehementer
3812 486 3984 540 int-re.

2409 568 2591 636 pavit,
2623 567 2860 636 dixitque
2880 609 2895 633 ,
2931 566 3245 621 Scandalum
3267 585 3322 622 es
3352 569 3476 623 mihi
3496 568 3709 641 (Matth.
3738 573 3807 626 16
3857 574 3984 633 i3):

2407 659 2485 712 sic
2509 668 2562 711 et
2587 657 2688 712 hoc
2713 658 2831 712 loco
2855 657 2984 712 dicit
3003 699 3018 721 ,
3061 657 3179 711 Nisi
3205 659 3372 712 luero
3401 668 3450 712 te
3475 701 3488 723 ,
3511 676 3610 713 non
3643 661 3851 716 habebis
3872 681 3986 732 per.

2407 757 2506 801 tem
2534 763 2744 801 mecum.
2775 747 2909 815 Quid
2941 762 3068 818 ergo
3097 747 3308 803 fervens
3339 749 3429 804 ille
3456 749 3758 820 ardensque
3785 754 3908 807 vir?
3933 754 3983 809 9.

2407 837 2640 902 Domine,
2658 855 2758 891 non
2785 847 2981 891 tantum
3005 823 3158 908 pedes
3178 855 3332 904 meos,
3355 840 3445 892 sed
3468 849 3515 894 et
3539 857 3722 896 manus
3742 853 3792 898 et
3814 855 3982 914 caput.

2405 927 2721 982 Recusando
2751 927 3057 993 vehemens,
3089 929 3440 985 concedendo
3469 930 3848 988 vehementior
3869 935 3985 991 efﬁ-

2403 1017 2562 1072 citur.
2601 1013 2896 1087 Utrumque
2923 1029 3099 1073 autem
3143 1034 3208 1074 ex
3243 1035 3428 1076 amore
3453 1021 3722 1091 prodibat.
3753 1023 3862 1080 Sed
3892 1042 3984 1081 cur

2404 1120 2510 1160 non
2536 1105 2671 1161 dixit
2695 1106 2849 1162 Iesus
2869 1147 2885 1174 ,
2914 1123 3016 1178 qua
3037 1107 3106 1164 de
3137 1124 3297 1164 causa
3319 1110 3370 1166 id
3407 1110 3607 1167 faceret
3636 1155 3654 1180 ,
3686 1115 3785 1170 sed
3813 1119 3982 1172 minas

2403 1195 2656 1252 addidit‘l
2679 1197 2811 1265 Quia
2847 1198 2937 1253 ille
2985 1214 3090 1254 non
3115 1199 3222 1254 alio
3263 1201 3424 1255 modo
3452 1216 3657 1258 morem
3703 1204 3979 1274 gessisset.

2403 1287 2533 1342 Nam
2561 1287 2606 1342 si
2653 1287 2897 1345 Christus
2920 1289 3178 1355 dixisset,
3207 1291 3375 1357 Sine;
3407 1291 3509 1349 hoc
3529 1294 3672 1349 enim
3695 1296 3862 1351 modo
3891 1311 3982 1352 vos

2400 1375 2606 1431 docebo
2644 1376 3030 1433 humilitatem:
3061 1380 3251 1436 millies
3293 1395 3353 1436 se
3390 1382 3644 1439 humilem
3695 1384 3816 1441 fore
3858 1402 3979 1455 pro-

2403 1469 2652 1536 misisset,
2685 1486 2750 1526 ne
2781 1471 3036 1526 Dominus
3067 1474 3168 1528 hoc
3193 1472 3411 1529 iaceret.
3444 1476 3514 1530 At
3540 1491 3682 1532 nunc
3705 1478 3832 1546 quid
3854 1479 3980 1535 dicit

2398 1557 2646 1615 Christus
2670 1561 2694 1615 l
2721 1561 2873 1629 Quod
2903 1561 3092 1618 Petrus
3115 1563 3344 1619 maxime
3373 1564 3630 1633 timebat,
3663 1583 3726 1622 ne
3759 1581 3978 1637 separa-

2400 1661 2548 1704 retur
2579 1665 2607 1703 a
2635 1650 2879 1705 Domino.
2923 1651 3013 1706 ille
3051 1653 3191 1707 enim
3223 1661 3336 1708 erat
3361 1656 3450 1724 qui
3478 1653 3785 1726 frequenter
3813 1699 3829 1723 ,
3858 1674 3964 1726 quo

2402 1740 2520 1804 iret,
2549 1741 2934 1811 interrogabat.
2964 1742 3089 1797 ideo
3113 1743 3351 1809 dicebat,
3380 1746 3614 1799 Animam
3639 1764 3800 1801 meam
3837 1751 3967 1803 dabo

2398 1847 2490 1902 pro
2513 1841 2575 1886 te.
2607 1830 2740 1886 Nam
2771 1833 2815 1887 si
2854 1847 2972 1886 cum
3011 1835 3235 1899 audivit,
3267 1835 3417 1900 Quod
3441 1852 3530 1906 ego
3550 1838 3683 1908 facio
3722 1847 3778 1892 tu
3817 1840 3975 1893 neseis

2401 1921 2572 1985 modo,
2601 1923 2729 1976 scies
2749 1933 2916 1976 autent
2941 1935 3130 1992 postea,
3164 1939 3229 1978 ne
3250 1926 3325 1978 sic
3350 1925 3560 1994 quidem
3583 1928 3807 1993 abstitit,
3841 1930 3976 1983 mul-

2401 2021 2456 2068 to
2483 2014 2655 2067 minus
2690 2014 2731 2067 si
2763 2015 3021 2069 scivisset.
3049 2013 3170 2070 Ideo
3197 2016 3328 2070 dixit
3353 2059 3366 2078 ,
3401 2017 3544 2071 Scies
3572 2028 3735 2070 autem
3758 2028 3933 2086 postea
3956 2061 3970 2084 ,

2397 2117 2594 2172 gnarus
2619 2118 2762 2170 eum,
2786 2105 2830 2159 si
2851 2105 3113 2172 scivisset,
3142 2105 3316 2161 adhuc
3342 2119 3756 2178 repugnaturum
3791 2109 3971 2164 fuisse.

2397 2192 2579 2262 Neque
2599 2193 2733 2248 dixit
2765 2194 2956 2250 Petrus
2977 2236 2992 2262 ,
3029 2195 3168 2250 Doce
3198 2211 3339 2252 nunc
3371 2212 3458 2252 me
3485 2237 3498 2262 ,
3539 2209 3595 2252 ut
3630 2200 3799 2253 sinam
3832 2215 3846 2263 ;
3881 2200 3973 2256 sed

2397 2281 2538 2350 quod
2568 2283 2724 2353 longe
2752 2284 3118 2341 vehementius
3147 2295 3282 2352 erat,
3311 2303 3378 2342 ne
3400 2289 3540 2344 scire
3569 2291 3781 2358 quidem
3811 2294 3972 2346 Susti-

2398 2373 2549 2437 nuit,
2582 2373 2676 2428 sed
2708 2373 2865 2428 instat
2899 2389 3121 2429 rursus:
3158 2374 3276 2430 Non
3300 2378 3488 2433 lavabis
3520 2380 3642 2432 mihi
3669 2383 3818 2449 pedes
3875 2382 3971 2438 Ubi

2398 2471 2576 2515 autem
2616 2464 2972 2519 comminatus
3015 2473 3136 2531 est,
3183 2467 3358 2520 statim
3404 2470 3583 2522 cessit.
3615 2469 3750 2537 Quid
3798 2485 3971 2526 autem

2400 2550 2682 2620 significat,
2729 2552 2871 2608 Scies
2900 2564 3071 2624 postea
3093 2555 3117 2608 1’
3141 2555 3478 2625 quandonam
3501 2558 3524 2610 ἲ
3551 2558 3773 2625 Quando
3801 2561 3850 2612 in
3874 2575 3973 2614 uo-

2401 2644 2543 2698 mine
2573 2657 2692 2699 meo
2717 2645 2974 2699 daemonia
3001 2646 3205 2714 ejicies,
3233 2661 3349 2700 cum
3380 2662 3465 2702 me
3489 2647 3684 2702 videris
3711 2650 3762 2703 iu
3786 2650 3974 2704 caelum

2398 2733 2614 2798 assumi,
2642 2747 2760 2788 cum
2789 2748 2817 2787 a
2842 2733 3038 2803 Spiritu
3066 2736 3315 2791 didiceris
3357 2753 3442 2792 me
3468 2752 3497 2790 a
3521 2738 3722 2792 dextris
3749 2739 3974 2805 sedere,

2399 2830 2524 2876 tunc
2569 2836 2858 2892 cognosces
2902 2824 3027 2894 quid
3077 2839 3219 2879 nunc
3282 2827 3478 2880 factum
3533 2827 3623 2881 sit.
3668 2827 3806 2895 Quid
3844 2843 3975 2900 ergo

2397 2910 2640 2968 Christus
2665 2912 2688 2965 l
2716 2913 2847 2980 Quia
2874 2913 3063 2968 Petrus
3107 2912 3354 2981 dixerat,
3395 2913 3517 2968 Non
3553 2924 3749 2969 tantum
3775 2918 3930 2988 pedes
3960 2959 3976 2981 ,

2397 3003 2486 3056 sed
2509 3012 2556 3058 et
2587 3019 2762 3057 manus
2785 3013 2831 3057 et
2856 3015 3006 3075 caput
3029 3045 3044 3070 ,
3089 3004 3175 3060 10.
3207 3005 3307 3073 Qui
3333 3007 3466 3060 totus
3489 3016 3562 3061 est
3587 3047 3601 3071 ,
3643 3008 3834 3079 inquit,
3874 3025 3979 3063 non

2398 3093 2622 3163 indiget,
2652 3095 2746 3148 nisi
2791 3105 2845 3148 ut
2875 3096 3024 3165 pedes
3053 3096 3180 3149 lavet
3204 3136 3220 3163 ,
3249 3097 3338 3151 sed
3362 3106 3436 3150 est
3474 3099 3692 3152 mundus
3722 3109 3878 3152 totus.
3917 3099 3981 3152 Et

2399 3204 2485 3244 vos
2520 3189 2697 3242 mundi
2749 3190 2864 3243 estis
2891 3190 2930 3256 ¹,
2968 3189 3053 3244 sed
3096 3205 3197 3244 non
3247 3205 3437 3244 omnes.
3487 3183 3574 3246 11.
3605 3189 3806 3245 Sciebat
3841 3193 3981 3246 enim

2398 3279 2510 3348 quis
2549 3278 2826 3332 traditurus
2852 3288 2974 3334 esset
3013 3294 3144 3334 eum.
3184 3279 3239 3335 Si
3274 3280 3455 3336 mundi
3491 3290 3656 3346 sunt,
3701 3297 3798 3337 cur
3827 3283 4012 3338 lavas"

2399 3367 2562 3437 pedes
2591 3379 2774 3422 eorum
2791 3367 2813 3420 τ
2831 3365 2900 3423 Ut
2913 3367 3678 3426 nosmodestiamdiscamus’.
3693 3369 3822 3428 Ideo
3834 3373 3981 3442 quod

2399 3460 2711 3515 vilissimum
2751 3459 3111 3514 membrorum
3166 3458 3373 3515 videtur
3392 3473 3550 3527 esse,
3599 3461 3770 3515 solum
3828 3463 3982 3516 lavit.

2399 3550 2534 3618 Quid
2557 3549 2820 3620 significat
2847 3550 3002 3614 illud,
3033 3550 3133 3616 Qui
3166 3550 3298 3606 lotus
3320 3561 3390 3606 est
3414 3551 3440 3606 .’
3464 3549 3520 3606 id
3546 3559 3658 3616 est,
3690 3555 3779 3622 qui
3812 3568 3986 3624 purus

2399 3649 2500 3697 est.
2526 3640 2661 3695 Num
2685 3640 2759 3695 illi
2789 3640 2903 3710 puri
2930 3650 3106 3707 erant,
3134 3640 3223 3710 qui
3246 3640 3479 3696 nondum
3504 3655 3532 3694 a
3563 3643 3795 3712 peccatis
3826 3643 3985 3700 liberi

2399 3739 2582 3795 erant,
2612 3744 2710 3785 nec
2733 3730 2933 3800 Spiritu
2958 3729 3190 3801 dignati,
3220 3745 3341 3785 eum
3379 3730 3553 3787 adhuc
3577 3742 3856 3801 peccatum
3882 3734 3988 3788 do-

2401 3821 2696 3874 minaretur
2722 3861 2737 3886 ,
2770 3829 2824 3879 et
2847 3820 3237 3875 maledictionis
3265 3820 3675 3892 chirographum
3697 3834 3984 3891 maneret,

2403 3908 2627 3964 necdum
2654 3908 2866 3964 victima
2910 3918 3057 3966 esset
3099 3909 3315 3965 oblata?
3339 3909 3616 3977 Quomodo
3654 3911 3817 3982 igitur
3863 3913 3990 3968 illos

2400 4013 2520 4054 esse
2547 4012 2707 4068 puros
2739 3998 2912 4054 dicit?
2941 3999 3134 4056 Verum
3176 4013 3244 4055 ne
3289 4010 3442 4070 putes
3462 4041 3478 4067 ,
3517 3999 3637 4072 quia
3665 4017 3834 4072 puros
3864 4003 3990 4058 illos

2399 4088 2560 4155 dicit,
2587 4103 2707 4144 esse
2737 4103 2954 4158 prorsus
2979 4104 3008 4143 a
3035 4090 3266 4159 peccatis
3312 4090 3507 4145 liberos
3527 4131 3543 4159 ,
3586 4090 3792 4146 addidit
3818 4110 3832 4147 :
3859 4091 3990 4147 lam

2397 4194 2483 4233 vos
2508 4180 2683 4232 mundi
2726 4179 2841 4234 estis
2861 4220 2878 4246 ,
2921 4190 3126 4250 prapter
3153 4196 3428 4234 annonem
3449 4196 3593 4249 quem
3613 4182 3854 4251 loquutus
3870 4199 3990 4238 sum

2397 4269 2533 4322 vobis
2554 4285 2573 4334 ;
2596 4267 2696 4322 hoc
2716 4277 2798 4323 est
2822 4309 2834 4330 .
2860 4268 2971 4323 Hac
2996 4277 3196 4323 tantum
3231 4270 3437 4324 ratione
3461 4269 3645 4325 mundi
3675 4272 3829 4326 estis.
3864 4271 3990 4327 .lam

2399 4359 2570 4415 lucem
2609 4358 2884 4429 accepistis
2911 4400 2928 4424 ,
2977 4359 3088 4428 jam
3117 4373 3145 4411 a
3175 4359 3396 4416 Judaico
3422 4374 3605 4416 errore
3637 4361 3792 4417 liberi
3823 4365 3986 4419 estis.

2398 4449 2528 4505 Nam
2559 4449 2813 4521 propheta
2840 4451 3006 4506 dicit:
3037 4449 3320 4519 Lasamini,
3348 4452 3525 4508 mundi
3564 4462 3741 4518 estote,
3769 4454 3988 4526 abjicite

2399 4542 2644 4596 malitiam
2679 4540 2740 4595 ab
2777 4542 3040 4596 animabus
3061 4542 3238 4596 vestris
3263 4540 3418 4614 (Isai.
3446 4543 3502 4599 1.
3527 4540 3638 4615 16).
3665 4540 3857 4613 Itaque
3895 4545 3992 4615 qui

2400 4632 2518 4685 talis
2541 4640 2641 4695 est,
2668 4632 2806 4686 lotus
2825 4639 2907 4686 est
2925 4671 2940 4697 ,
2967 4639 3021 4686 et
3044 4645 3230 4701 purus.
3255 4631 3392 4698 Quia
3421 4646 3553 4703 ergo
3574 4647 3790 4688 omnem
3821 4635 3996 4689 mali-

2402 4721 2524 4775 tiam
2571 4721 2639 4776 ab
2678 4723 2852 4776 anima
2899 4731 3254 4791 respuerant,
3281 4733 3336 4779 et
3359 4739 3490 4794 pura
3518 4732 3697 4780 mente
3724 4738 3858 4780 cum
3900 4727 3998 4780 111ιι

2401 4811 2777 4866 versabantur:
2809 4811 2929 4865 ideo
2953 4813 3638 4882 secundumpropheticum
3670 4827 3997 4869 sermonem

2400 4901 2545 4966 dicit,
2572 4901 2672 4968 Qui
2701 4902 2841 4955 lotus
2885 4910 2996 4964 est,
3027 4901 3137 4970 jam
3178 4901 3405 4956 mundus
3425 4912 3527 4957 est.
3551 4901 3670 4958 Non
3696 4902 3996 4960 lavacrum

2400 4989 2526 5044 illud
2552 5006 2645 5059 per
2690 5005 2882 5061 aquam
2911 4998 2966 5045 et
2986 4989 3266 5044 Judaicum
3292 4990 3423 5046 dicit
3448 5031 3462 5056 ,
3511 4991 3604 5047 sed
3633 4994 4001 5050 conscientim

2402 5083 2786 5150 purgationem.

2469 5175 2521 5228 5.
2562 5172 2840 5227 Vidnarstm
2887 5185 2931 5227 et
2959 5174 3269 5243 pupillorum
3297 5173 3523 5227 habenda
3547 5185 3788 5243 curaest.
3811 5206 3892 5217 —
3917 5178 3975 5232 Si

2400 5278 2516 5318 mus
2545 5279 2674 5333 ergo
2702 5272 2755 5317 et
2782 5277 2878 5317 nos
2904 5264 3085 5318 mundi
3111 5281 3125 5330 ;
3156 5264 3422 5319 discamus
3448 5265 3584 5319 bene
3613 5264 3818 5321 facere.
3852 5268 4002 5335 Quid

2398 5365 2480 5410 est
2528 5357 2664 5409 bene
2694 5355 2909 5410 facere?
2935 5354 3174 5408 Judicate
3198 5355 3414 5425 pupilto,
3441 5355 3690 5424 defendite
3727 5356 3957 5410 viduam
3986 5374 4004 5412 :

2398 5459 2442 5500 et
2466 5449 2643 5515 venite,
2673 5446 3024 5517 disceptemus,
3047 5447 3173 5500 dicit
3199 5444 3452 5500 Dominus
3478 5444 3527 5516 (1
3535 5444 3635 5498 bid.
3661 5446 3717 5499 1.
3743 5445 3846 5499 17.
3880 5447 4003 5516 18).

2462 5602 2477 5632 ¹
2501 5600 2733 5662 Postbzec
2746 5599 2946 5662 quidam
2968 5605 3074 5649 Mss.
3099 5599 3191 5648 alia
3215 5597 3410 5657 addunt,
3434 5609 3544 5662 qua:
3565 5595 3821 5659 habentur
3849 5598 4009 5660 intra,

2401 5660 2784 5726 etwnsulmhie
2804 5661 3109 5710 omittuntur.
3205 5717 3237 5726 __
3334 5716 3360 5726 γ.

2465 5725 2485 5755 ι
2518 5722 2648 5770 Alias
2681 5723 2878 5782 legitur,
2902 5728 2949 5769 ut
2974 5737 3156 5774 vos.....
3183 5721 3399 5770 discetis.
