4164 6330
244 503 379 571 τέρα
400 503 509 558 τῶν
535 505 755 575 ἀγαθῶν
780 509 878 577 τὴν
899 508 1422 578 ταπεινοφροσύνην,
1446 507 1512 576 ἦν
1538 505 1633 559 καὶ
1654 504 1828 575 ἀρχὴν

245 584 340 637 καὶ
368 585 518 650 τέλος
570 587 772 659 ἔφησεν
805 587 944 644 εἶναι
975 595 1075 663 τῆς
1103 591 1322 661 ἀρετῆς.
1378 592 1492 658 Οὐχ
1536 586 1723 650 ἁπλῶς
1772 585 1828 637 δὲ

245 667 568 735 πρόσκειται
600 683 626 711 ι
664 673 743 736 τὸ,
787 673 921 730 Ἀπὸ
958 673 1104 728 Θεοῦ
1145 672 1364 740 ἐξῆλθε
1397 670 1496 724 xal
1535 669 1686 737 πρὸς
1716 668 1825 720 τὸν

246 752 398 804 Θεὸν
421 753 666 826 ὑπάτην
687 757 800 810 ἀλλ’
833 758 918 810 ἵνα
954 758 1215 826 μάθωμεν
1245 758 1328 809 ὅτι
1359 754 1486 820 ἄξια
1528 752 1700 806 ἐποίει
1730 746 1825 802 τοῦ

243 833 455 890 ἐκεῖθεν
480 836 725 901 ἐλθόντος
750 841 843 892 κα)⁵
876 841 994 892 ἐκεῖ
1021 839 1296 903 ἀπιόντος,
1328 838 1543 891 ἅπαντα
1571 850 1824 889 καταπα-

242 914 354 968 τῶν
374 917 561 988 τῦφον.
591 920 700 975 Kal
716 920 984 989 ἀναστὰς
1003 922 1123 978 ἀπὸ
1147 921 1253 976 τοῦ
1277 920 1549 984 δείπνου,
1581 918 1678 971 καί
1703 914 1828 982 θείς

244 997 317 1050 τὰ
337 999 556 1066 ἱμάτια.

316 1078 386 1148 β’.
413 1081 553 1152 Ὅρα
580 1082 698 1146 πῶς
729 1086 789 1137 οὐ
812 1085 892 1155 τῷ
923 1085 1074 1154 νίψαι
1107 1085 1288 1156 μόνον,
1335 1085 1471 1138 ἀλλά
1497 1084 1592 1137 καὶ
1625 1081 1828 1152 ἐτέρως

242 1159 308 1214 τὸ
333 1165 590 1218 ταπεινὸν
620 1166 977 1221 ἐνδείκνυται.
1005 1168 1080 1222 Οὐ
1119 1167 1228 1242 γὰρ
1263 1167 1394 1238 πρὶν
1426 1167 1459 1237 ἢ
1498 1163 1830 1234 κατακλιθῆ-

243 1261 356 1308 ναι,
390 1246 526 1302 ἀλλά
566 1248 707 1318 μετά
733 1250 794 1303 τὺ
842 1253 1136 1305 ἀναπεσεῖν
1189 1253 1419 1316 πάντας,
1454 1250 1574 1302 τότε
1604 1247 1824 1316 ἀνέστη.

247 1327 482 1382 Ἔπειτα
510 1331 628 1384 ούδέ
662 1331 847 1396 ἀπλῶς
877 1335 1075 1397 νίπτει,
1108 1332 1247 1387 ἀλλά
1272 1333 1342 1386 τά
1368 1331 1560 1403 ιμάτια
1585 1327 1831 1383 ἀποτιθέ-

247 1425 430 1475 μενος.
457 1412 565 1465 Καὶ
591 1413 713 1466 οὐδὲ
750 1415 915 1486 μέχρι
928 1416 1134 1470 τούτων
1169 1415 1320 1486 ἔστη,
1342 1413 1478 1468 ἀλλά
1500 1413 1595 1466 καὶ
1623 1411 1829 1464 λέντιον

241 1490 560 1554 διεζώσατο.
599 1497 706 1550 Καὶ
731 1499 852 1551 οὐδὲ
883 1498 1057 1569 τούτῳ
1081 1497 1349 1569 ἠρκέσθη,
1384 1496 1520 1550 ἀλλά
1545 1497 1639 1548 καὶ
1669 1493 1830 1555 αὐτὸς

245 1573 494 1642 ὲγέμισε,
531 1579 625 1630 καὶ
651 1580 748 1649 οὐχ
779 1580 952 1651 ἐτέρῳ
982 1580 1265 1651 πληρῶσαι
1295 1581 1322 1620 δ
1347 1569 1656 1642 ἐκέλευσεν,
1691 1575 1830 1630 ἀλλά

243 1655 429 1709 πάντα
468 1659 629 1723 αὐτὸς
680 1661 970 1730 ἐργάζεται
1015 1662 1210 1726 ταῦτα,
1239 1661 1329 1716 διὰ
1375 1664 1590 1716 πάντων
1617 1659 1830 1722 δεικνὺς

241 1737 328 1788 ὅτι
360 1738 462 1790 οὐκ
516 1741 940 1812 ἀφοσιουμένους
978 1742 1061 1796 δεῖ
1099 1746 1270 1797 ποιεῖν
1307 1744 1376 1797 τά
1423 1742 1667 1805 τοιαῦτα,
1702 1742 1830 1794 ὅταν

243 1815 304 1872 εὖ
333 1821 598 1890 ποιῶμεν,
628 1823 764 1877 ἀλλά
791 1825 928 1894 μετὰ
955 1825 1136 1896 πάσης
1187 1825 1517 1898 προθυμίας.
1567 1824 1722 1894 Ἐμοὶ
1773 1823 1831 1876 δὲ

241 1900 398 1954 δοκεῖ
419 1903 512 1955 τοῦ
534 1905 791 1974 προδότου
821 1905 1038 1977 πρώτου
1073 1907 1224 1976 νίψαι
1267 1909 1394 1971 τοὺς
1432 1907 1620 1970 πόδας,
1649 1908 1712 1960 ἐκ
1736 1902 1829 1958 τοῦ

241 1987 443 2053 εἰπεῖν,
467 1988 724 2058 Ἤρξατο
747 1992 980 2045 νίπτειν
1007 1992 1150 2058 τοὺς
1170 1991 1360 2059 πόδας
1382 1990 1502 2045 τῶν
1523 1988 1825 2059 μαθητῶν.

245 2067 341 2120 καὶ
368 2070 688 2138 ἐπαγαγεῖν,
725 2073 1000 2141 Ἔρχεται
1024 2073 1172 2140 πρὸς
1194 2073 1428 2142 Σίμωνα
1466 2073 1710 2140 Πέτρον,
1730 2068 1830 2123 καῖ

242 2149 409 2219 λέγει
441 2151 600 2217 αὐτῷ
625 2154 881 2221 ἐκεῖνος·
909 2157 991 2210 Σύ
1012 2173 1132 2226 μου
1165 2156 1396 2221 νίπτεις
1424 2155 1565 2220 τοὺς
1595 2153 1827 2219 πόδας;

245 2233 383 2294 Ταῖς
411 2236 566 2304 χερσὶ
586 2235 829 2300 ταύταις,
861 2239 1044 2308 φησὶν,
1093 2232 1180 2302 αἷς
1211 2237 1524 2308 ὀφθαλμοὺς
1562 2235 1825 2306 ἀνέῳξας,

245 2316 341 2367 καὶ
366 2315 601 2384 λεπροὺς
629 2318 924 2391 ἐκάθηρας,
954 2322 1046 2374 καὶ
1068 2323 1293 2391 νεκροὺς
1319 2320 1655 2390 ἀνέστησαςς
1694 2319 1830 2372 Πολ-

245 2399 343 2469 λὴν
365 2399 474 2470 γάρ
499 2400 733 2469 ἔμφασιν
760 2403 853 2454 καὶ
881 2403 1042 2454 τοῦτο
1064 2404 1177 2473 ἔχει
1198 2419 1209 2430 ·
1241 2403 1430 2473 διόπερ
1459 2403 1580 2456 οὐδὲ
1609 2401 1830 2471 ἐδέησεν

243 2480 400 2551 αύτῷ
432 2499 485 2534 τι
519 2482 676 2535 πλέον
704 2484 899 2549 εἰπεῖν,
928 2485 960 2554 ἢ
995 2485 1052 2537 τὸ
1077 2487 1181 2539 Σύ.
1224 2486 1332 2538 Kal
1382 2487 1491 2556 γὰρ
1516 2484 1636 2538 καθ’
1667 2484 1829 2537 ἐαυτὺ

246 2564 438 2617 ίκανὸν
475 2561 541 2634 ἦν
593 2565 654 2618 τδ
702 2568 810 2620 πᾶν
845 2566 1200 2633 ἐνδείξασθαι.
1234 2569 1497 2638 Ζητήσειε
1537 2566 1580 2620 δ’
1632 2567 1698 2621 ἄν
1743 2583 1829 2630 τις

244 2648 494 2714 εἰκότως,
520 2648 636 2712 πῶς
658 2649 831 2712 οὐδεὶς
854 2649 1017 2702 αὐτὸν
1045 2650 1153 2701 τῶν
1180 2649 1354 2703 ἀλλων
1379 2649 1671 2715 ἐκώλυσεν,
1694 2648 1830 2703 ἀλλά

246 2731 455 2830 Eli-290';
487 2729 665 2830 μόνρς,
690 2729 856 2830 μί
881 2732 1016 2830 ὅπερ
1042 2733 1102 2830 ού
1129 2733 1327 2830 μικροῦ
1363 2733 1587 2830 φίλτρου
1616 2733 1828 2830 καὶάί-

243 2811 371 2878 δοῦς
407 2807 497 2882 ἦν.
529 2813 625 2876 Τίς
659 2807 750 2866 οὖν
789 2815 936 2867 ἐστιν
966 2816 1000 2885 ἡ
1029 2815 1213 2879 αἰτίας
1260 2815 1414 2884 Ἐμοὶ
1446 2815 1593 2868 δοκεῖ
1639 2813 1832 2885 πρότε-

245 2910 341 2963 ρον
367 2893 457 2946 τὸν
490 2895 752 2965 προδότην
768 2895 938 2965 νίψαι,
962 2891 1082 2949 εῑτα
1110 2897 1245 2960 πρὸς
1273 2898 1364 2950 τὸν
1397 2897 1600 2968 Πέτρον
1631 2896 1827 2959 ἐλθεῖν,

244 2975 501 3039 καὶτοὺς
547 2975 739 3040 ἀλλους
789 2978 884 3030 ἀπ’
913 2979 1123 3032 ἐκείνου
1171 2989 1192 3018 ο
1225 2979 1578 3048 παιδευθῆναι
1622 2977 1826 3031 λοιπόν.

248 3057 374 3109 Ὅτι
410 3056 509 3125 μὲν
559 3052 653 3110 οὖν
683 3057 840 3112 ἄλλον
870 3060 990 3113 τινά
1020 3062 1124 3132 πρὸ
1174 3060 1340 3114 αὑτοῦ
1371 3061 1542 3129 ἐνιψε,
1588 3060 1742 3130 δῆλον
1766 3063 1825 3113 ἐκ

244 3139 343 3192 τοῦ
373 3141 568 3196 εἰπεῖν.
599 3141 730 3195 Ὅτε
761 3142 815 3194 δὲ
848 3139 979 3213 ἦλθε
1009 3144 1145 3212 πρὸς
1161 3145 1383 3215 Πέτρον.
1418 3144 1556 3197 Ἀλλ’
1584 3146 1684 3197 ούκ
1717 3143 1830 3197 ἐστι

248 3225 481 3294 σφοδρὸς
500 3227 803 3297 κατήγορος
822 3229 1274 3298 όεύαγγελιστής·
1305 3229 1367 3280 τὸ
1394 3227 1523 3298 γὰρ,
1548 3228 1826 3294 Ἤρξατο,

245 3307 408 3361 τοῦτό
440 3309 586 3358 ἐστιν
605 3310 1000 3380 αἰνιττομένου.
1034 3312 1094 3363 El
1117 3311 1173 3363 δὲ
1205 3313 1297 3363 καὶ
1323 3311 1352 3361 ὁ
1383 3310 1586 3380 Πέτρος
1614 3309 1830 3379 πρῶτος

244 3389 339 3464 ἦν,
368 3393 481 3446 ἀλλ’
509 3395 654 3456 εἰκὸς
679 3394 768 3447 τὸν
794 3395 1058 3465 προδότην
1083 3394 1272 3464 ἰταμὸν
1299 3394 1444 3459 ὄντα,
1480 3396 1574 3446 καὶ
1609 3394 1714 3462 πρὸ
1737 3393 1829 3446 τοῦ

247 3478 550 3548 κορυφαίου
591 3477 1002 3547 κατακλιθῆναι.
1046 3478 1156 3530 Kal
1201 3477 1308 3548 γὰρ
1340 3479 1434 3531 καὶ
1467 3476 1733 3547 ἑτέρωθεν
1769 3477 1831 3530 τὸ

251 3561 449 3630 ἰταμὸν
473 3559 638 3614 αὑτοῦ
669 3560 964 3626 δείκνυται,
986 3561 1114 3614 ὅταν
1155 3559 1336 3632 βάπτῃ
1375 3560 1512 3630 μετά
1548 3559 1642 3612 τοῦ
1677 3559 1828 3613 Διδα-

250 3642 477 3708 σκάλου,
534 3643 627 3694 καὶ
682 3644 810 3696 ὅταν
865 3642 1221 3712 ἐλεγχόμενος
1280 3642 1353 3713 μὴ
1403 3641 1827 3712 κατανύσσηται.

262 3723 405 3776 Ἀλλ’
438 3724 591 3792 όμέν
621 3724 823 3796 Πέτρος
851 3724 997 3790 am:
1023 3723 1366 3794 ἐπιτιμηθεὶς
1401 3725 1460 3775 ἐν
1491 3727 1601 3786 τοῖς
1629 3723 1833 3792 ἐμπρο-

251 3805 402 3868 σθεν,
437 3806 529 3857 καὶ
554 3805 725 3858 ταῦτα
755 3805 863 3857 ἀπὸ
891 3805 1273 3876 φιλοστοργίας
1297 3806 1365 3858 τά
1392 3807 1608 3877 ῥήματα
1639 3807 1831 3870 εἰπὼν,

249 3888 395 3942 οὕτω
425 3889 743 3957 συνεστάλη,
775 3887 850 3950 ὡς
876 3889 968 3940 καὶ
995 3888 1242 3954 ἀγωνιῶν
1272 3889 1364 3942 καὶ
1400 3889 1616 3959 τρέμων
1643 3888 1831 3960 ἐτέρου

249 3971 508 4043 δεηθῆναι
541 3971 676 4042 πρὸς
703 3971 802 4041 τὴν
831 3969 1095 4042 ἐρώτησιν
1117 3987 1128 4000 ·
1161 3965 1314 4033 οὗτος
1332 3971 1388 4024 δέ
1413 3971 1654 4042 συνεχῶς
1680 3972 1833 4039 ἐλεγ-

252 4055 483 4125 χόμενος
503 4053 602 4107 οὐκ
638 4053 920 4125 ᾐσθάνετο.
955 4054 1085 4106 Ὅτε
1116 4052 1246 4120 γοῦν
1267 4049 1399 4123 ἦλθε
1431 4055 1568 4124 πρὸς
1605 4053 1696 4106 τὸν
1731 4055 1832 4109 Πέ-

251 4153 403 4207 τρον,
435 4136 604 4203 Λέγει
634 4136 795 4202 αὑτῷ
825 4135 1082 4201 ἐκεῖνος·
1115 4137 1310 4205 Κύριε,
1341 4139 1422 4191 σύ
1456 4155 1575 4207 μου
1602 4138 1833 4204 νίπτεις

252 4221 396 4287 τοὺς
415 4220 605 4287 πόδας
625 4233 642 4285 ;
661 4221 824 4289 Λέγει
851 4220 1000 4290 αὐτῷ
1021 4239 1034 4252 ·
1055 4222 1115 4273 Ὃ
1137 4219 1251 4289 ἐγὼ
1271 4221 1418 4275 ποιῶ
1439 4221 1521 4276 σὺ
1540 4225 1650 4275 οὐκ
1667 4218 1833 4287 οἶδας

251 4304 405 4371 ἄρτι,
440 4301 642 4372 γνώσῃ
671 4301 738 4355 δὲ
761 4302 912 4371 μετὰ
949 4301 1134 4355 ταῦτα
1157 4318 1171 4332 ·
1218 4303 1501 4370 τουτέστι,
1536 4304 1596 4356 τὸ
1644 4303 1832 4374 κέρδος

250 4385 377 4439 ὅσον
398 4383 461 4436 τὸ
493 4385 557 4438 ἐκ
583 4384 792 4447 τούτου,
814 4383 911 4455 τὴν
935 4383 1204 4452 ὠφέλειαν
1228 4385 1326 4452 τῆς
1354 4385 1720 4449 διδασκαλίας,
1739 4387 1832 4439 καὶ

250 4467 372 4530 πῶς
392 4466 574 4521 ίκανδν
594 4468 672 4530 είς
694 4469 874 4520 πᾶσαν
892 4467 1119 4536 ἀγαγεῖν
1144 4467 1643 4538 ταπεινοφροσύνην
1663 4469 1830 4538 ἡμᾶς.

249 4550 319 4603 Τί
341 4545 439 4603 οὖν
465 4552 493 4603 6
525 4550 727 4618 Πέτρος
749 4568 762 4616 ;
799 4550 918 4604 Ἔτι
941 4550 1159 4614 κωλύει,
1185 4550 1278 4604 καὶ
1305 4549 1452 4618 λέγει
1471 4567 1485 4580 ·
1519 4553 1602 4604 Οὐ
1618 4550 1706 4619 μὴ
1740 4553 1831 4604 νί-

247 4635 378 4701 ψῃς
409 4632 548 4700 τοὺς
577 4633 767 4698 πόδας
796 4651 915 4702 μου
956 4637 1044 4700 εις
1072 4634 1179 4687 τὸν
1218 4633 1424 4687 αἰῶνα.
1470 4632 1536 4687 Τί
1567 4636 1757 4702 ποιεῖς,
1787 4631 1833 4689 ὦ

249 4713 428 4785 Πέτρε
454 4733 469 4781 ;
495 4715 555 4768 οὗ
590 4715 864 4786 μέμνησαι
914 4714 1024 4769 τῶν
1067 4716 1349 4788 προτέρων
1397 4717 1697 4787 ῥημάτωνς
1731 4719 1831 4770 οὐκ

248 4795 433 4862 εἴπας,
463 4798 671 4863 Ἵλεώς
689 4813 807 4863 σοι,
827 4799 919 4853 καὶ
943 4800 1201 4870 ῆκουσας,
1227 4799 1444 4868 Ὕπαγε
1472 4800 1665 4854 ὀπίσω
1687 4818 1828 4869 μου,

247 4881 518 4939 σατανᾶ·
559 4882 652 4937 καὶ
678 4884 797 4937 οὐδὲ
829 4883 972 4937 οὕτω
1000 4881 1328 4956 σωφρονίζῃ,
1352 4883 1464 4935 ἀλλ’
1497 4884 1574 4936 ἔτι
1603 4884 1832 4956 σφοδρὸς

247 4964 337 5031 εἷς
367 4965 494 5032 Ναὶ,
525 4965 690 5036 φησί·
724 4966 858 5019 πολὺ
877 4967 984 5037 γάρ
1001 4966 1061 5019 τό
1090 4967 1373 5034 γινόμενον
1400 4966 1490 5018 καὶ
1515 4966 1831 5036 ἐκπλήξεως

246 5049 442 5119 γέμον.
495 5048 649 5101 Ἐπεὶ
680 5043 775 5101 οὖν
810 5049 918 5101 ἀπὸ
951 5047 1152 5115 πολλῆς
1184 5047 1405 5118 ἀγάπης
1436 5047 1596 5101 τοῦτο
1628 5048 1830 5118 ἐπρατ-

244 5150 343 5185 τεν
367 5133 615 5204 ἐκεῖνος,
673 5132 780 5184 ἀπὺ
808 5133 905 5201 τῆς
930 5131 1100 5201 αὐτῆς
1142 5131 1302 5184 αὐτὸν
1341 5131 1618 5202 χειροῦται
1670 5132 1829 5186 πάλιν

245 5216 346 5266 καὶ
366 5216 395 5266 6
419 5214 670 5281 Χριστὸς,
706 5214 893 5285 ὥσπερ
923 5210 1016 5268 οὖν
1044 5215 1140 5267 καὶ
1165 5215 1283 5267 ἐκεῖ
1312 5215 1557 5286 σφοδρῶς
1575 5217 1825 5286 ἐπιτιμή-

247 5312 350 5357 σας
377 5295 470 5348 καὶ
490 5295 677 5359 εἰπὼν,
704 5296 1056 5351 Σκάνδαλόν
1076 5315 1176 5366 μοι
1191 5293 1275 5352 εἷ·
1308 5298 1450 5350 οὕτω
1479 5300 1572 5351 καὶ
1594 5299 1818 5353 ἐνταῦθα

244 5379 440 5446 λέγων,
484 5378 618 5432 Ἐὰν
656 5380 741 5448 μὴ
783 5382 942 5449 νίψω
991 5397 1086 5446 σε,
1140 5385 1251 5436 οὐκ
1279 5382 1439 5451 ἔχεις
1481 5383 1662 5453 μέρος
1697 5385 1824 5453 μετ’

242 5460 414 5530 ἐμοῦ.
443 5461 508 5512 Τί
538 5458 629 5515 οὖν
655 5465 682 5513 6
715 5462 914 5532 θερμὸς
941 5465 1037 5516 καὶ
1064 5464 1324 5536 διακαής;
1356 5467 1550 5533 Κύριε,
1572 5467 1656 5535 μὴ
1687 5468 1827 5534 τοὺς

245 5543 438 5608 πόδας
457 5561 575 5611 μου
593 5545 802 5611 μόνον,
837 5546 998 5599 ἀλλὰ
1041 5548 1140 5599 καὶ
1189 5548 1298 5614 τὰς
1327 5549 1530 5617 χεῖρας
1560 5550 1660 5602 καὶ
1713 5550 1828 5617 τὴν

244 5626 539 5694 κεφαλήν.
569 5627 680 5679 Καὶ
705 5629 762 5680 ἐν
791 5630 856 5698 τῇ
886 5630 1212 5700 παραιτήσει
1261 5632 1518 5703 σφοδρὸς,
1553 5633 1645 5685 καὶ
1669 5634 1726 5686 ἐν
1761 5637 1824 5704 τῇ

245 5710 590 5779 συγχωρήσει
615 5709 965 5779 σφοδρότερος
993 5712 1227 5779 γίνεται·
1258 5714 1492 5785 ἑκάτερα
1513 5715 1570 5767 δέ
1602 5715 1660 5779 ἐξ
1689 5717 1825 5784 ἀγά-

243 5808 375 5857 πης.
401 5791 554 5843 Διατί
583 5789 693 5862 γὰρ
731 5793 829 5845 ούκ
863 5789 1006 5857 εἷπε,
1039 5796 1181 5858 τίνος
1211 5796 1397 5850 ἕνεκεν
1427 5799 1600 5851 ἐποίει
1630 5799 1788 5851 τοῦτο
1807 5817 1818 5829 ·

306 5875 335 5946 °.
361 5871 595 5946 Νοηηυηὲ
619 5875 802 5946 ἀρετέἱε-
822 5875 879 5946 Ἰῖί
901 5877 984 5946 οὖν
1003 5877 1296 5946 πρρστςειῖαι-
1321 5880 1473 5946 Ρευιο
1491 5889 1601 5941 post
1632 5881 1825 5946 quidam

241 5934 434 6044 ἐπάγει,
454 5934 699 5983 τουτέστιν
721 5934 827 5990 ἄξιοι
849 5937 1012 5986 ἐποίει.
1043 5934 1051 5940 ’
1079 5938 1106 5975 ι’
1135 5941 1231 5991 Alii
1254 5934 1506 6003 ἐμπλῆσαί
1580 5947 1601 5972 θ
1631 5934 1726 5992 Alii
1747 5944 1826 5990 ὑπ’

269 6011 444 6044 κεινου.

1276 395 1340 449 IN
1382 390 1704 449 JOANNEM
1736 386 1972 444 ιιυιιιι..
2013 387 2176 444 LXX.
2204 392 2274 445 ai.
2314 390 2496 445 LXIX.

3409 385 3518 443 εει

1935 501 2052 554 ἀλλ’
2082 501 2311 574 ἀπειλὴν
2359 501 2668 564 ἐνέθεικενς
2727 501 2847 554 Ὅτι
2897 501 3105 562 ἐκεῖνος
3151 496 3250 568 μὲν
3299 494 3402 551 οὐκ
3451 498 3518 553 ἂν

1933 585 2184 655 ἐπείσθη.
2214 586 2274 638 El
2302 585 2412 655 γάρ
2435 579 2605 648 εἶπεν,
2635 585 2855 646 Ἕασον,
2887 582 2976 636 διά
2999 583 3106 651 γάρ
3125 579 3318 633 τούτου
3350 580 3523 634 πείθω

1936 669 2080 737 ὑμᾶς
2123 669 2597 738 ταπεινοφρονεῖν,
2635 666 2902 736 ὑπέσχετο
2929 664 2996 718 ἂν
3034 666 3298 736 μυριάκις
3339 664 3518 724 τοῦτο,

1937 750 2075 822 ὑπὲρ
2107 750 2203 804 τοῦ
2235 751 2310 820 μὴ
2337 751 2426 802 τὸν
2455 750 2735 819 Δεσπότην
2764 747 2920 801 τοῦτο
2952 749 3199 817 ποιῆσαι.
3243 745 3358 800 Νῦν
3381 746 3438 798 δὲ
3470 747 3523 798 τί

1933 850 2134 903 φησιν;
2188 836 2253 888 ’0
2297 834 2534 904 μάλιστα
2582 832 2838 886 ἐδεδοίκει
2866 831 2959 885 καὶ
2978 832 3199 902 ἔτρεμε,
3228 830 3288 882 τὺ
3315 830 3525 898 διασχι-

1935 919 2127 986 σθῆναι
2155 917 2340 971 αὐτοῦ.
2367 917 2544 981 Αὐτὸς
2571 915 2682 986 γάρ
2709 916 2858 969 ἐστιν
2901 915 2931 968 6
2985 914 3224 984 συνεχῶς
3257 914 3478 985 ἐρωτῶν
3503 952 3521 980 ,

1928 999 2056 1054 Ποῦ
2080 999 2367 1070 ὑπάγεις;
2400 1001 2601 1071 Διόπερ
2629 1000 2723 1053 καὶ
2750 998 2932 1067 ἔλεγεν
2950 1039 2964 1064 ,
2992 999 3073 1052 ὅτι
3117 997 3227 1051 Kal
3253 998 3367 1065 τὴν
3401 1000 3522 1066 πέρυ-

1930 1082 2073 1166 ᾰῂν,
2118 1085 2253 1166 ima"
2275 1122 2290 1146 ,
2327 1082 2550 1166 δώσῳε
2573 1083 2730 1166 ὑπὲρ
2756 1081 2991 1166 σοῦκεί
3011 1080 3124 1166 γάρ
3155 1078 3414 1166 ἀκούσας,
3439 1081 3522 1166 ὅτι

1933 1157 2056 1220 δὺκ
2087 1161 2255 1232 οἶδας
2276 1166 2308 1219 ὃ
2336 1165 2483 1218 ποιῶ
2501 1163 2636 1234 ἐγὼ,
2661 1163 2867 1232 γνώσῃ
2900 1162 2969 1215 δὲ
2986 1162 3140 1231 μετὰ
3168 1162 3376 1225 ταῦτα,
3404 1161 3524 1214 οὐδὲ

1929 1247 2104 1313 οὕτως
2156 1247 2368 1319 ἀπέστη
2394 1290 2409 1313 ,
2449 1246 2632 1316 πολλῷ
2668 1245 2886 1316 μᾶλλον,
2940 1247 2988 1298 εἰ
3037 1244 3230 1316 ἔμαθε.
3262 1244 3362 1299 Διά
3412 1244 3524 1315 γὰρ

1930 1330 2090 1384 τοῦτο
2115 1327 2238 1384 εἶπε
2261 1371 2277 1395 ,
2304 1330 2524 1398 Γνώσῃ
2555 1329 2626 1382 δὲ
2656 1328 2808 1398 μετά
2849 1326 3038 1381 ταῦτα
3058 1366 3074 1391 ,
3103 1325 3290 1392 εἰδὼς,
3319 1327 3402 1380 ὄτι
3427 1325 3524 1379 ἐὰν

1931 1413 2028 1467 νῦν
2070 1413 2240 1486 μάθῃ.
2276 1413 2646 1467 ἀντικείσεται
2679 1410 2782 1465 ἐτι.
2842 1411 2950 1463 Kal
2983 1411 3083 1463 οὐκ
3115 1405 3268 1475 εἷπε,
3305 1408 3526 1474 Δίδαξον

1929 1492 2024 1550 οὖν
2079 1514 2184 1567 με,
2220 1497 2309 1551 ῐνα
2341 1496 2499 1564 ἀφῶ·
2557 1495 2674 1549 ἀλλ’
2705 1494 2733 1547 6
2782 1492 2962 1564 πολλῷ
3019 1491 3377 1564 σφοδρότερον
3415 1489 3522 1562 ἦν,

1930 1579 2052 1634 ούδέ
2080 1579 2275 1649 μαθεῖν
2296 1580 2556 1649 ⁴Ιίνέσχετο
2579 1618 2594 1644 ,
2627 1577 2740 1630 ἀλλ’
2772 1576 3048 1630 ἐνίσταται
3083 1573 3265 1636 πάλιν,
3297 1573 3476 1641 λέγων
3505 1588 3522 1602 ο

1926 1663 2009 1716 Οὐ
2041 1660 2128 1732 μὴ
2177 1661 2365 1729 νίψῃς
2402 1677 2521 1730 μου
2581 1659 2725 1724 τοὺς
2781 1658 2993 1724 πόδας.
3040 1655 3523 1725 Ἐπειδὴδέἠπεί-

1929 1745 2094 1814 λησεν
2124 1783 2139 1808 ,
2198 1743 2402 1806 εὐθέως
2469 1741 2702 1812 ἐχάλασε
2753 1740 2847 1793 τὸν
2905 1739 3079 1792 τόνον.
3134 1737 3202 1790 Τί
3257 1737 3410 1808 [416]
3467 1736 3524 1790 δέ

1933 1830 2082 1888 ἐστι,
2132 1826 2352 1893 Γνώση
2406 1823 2558 1894 μετά
2608 1823 2830 1886 ταῦτα;
2878 1820 3032 1874 Μετά
3081 1818 3297 1892 ταῦτα,
3351 1821 3522 1884 πότε;

1934 1907 2102 1960 Ὅταν
2141 1905 2219 1977 τῷ
2269 1905 2390 1976 ἐμῷ
2434 1906 2660 1975 ὀνόματι
2693 1903 2947 1975 δαιμόνια
2992 1903 3267 1976 ἐκϐάλῃς,
3320 1902 3521 1973 φησίν·

1930 1990 2058 2043 ὅταν
2088 1989 2204 2062 ἴδῃς
2233 1990 2312 2051 είς
2343 1988 2471 2051 τοὺς
2498 1988 2761 2059 οὐρανοὺς
2785 1985 3305 2056 ἀναλαμϐανόμενον
3325 2000 3338 2013 ·
3393 1984 3525 2037 ὅταν

1932 2071 2084 2143 παρά
2128 2070 2220 2123 τοῦ
2269 2070 2584 2141 Πνεύματος
2623 2069 2837 2140 μάθῃς,
2878 2069 2961 2121 ότι
3017 2070 3081 2120 ἐκ
3126 2065 3318 2131 δεξιῶν
3353 2064 3526 2135 κάθη-

1934 2173 2032 2224 μαι
2056 2165 2079 2193 ο
2103 2197 2116 2221 ,
2142 2155 2264 2207 τότε
2292 2156 2411 2224 εῖσῃ
2439 2154 2500 2208 τὸ
2528 2155 2622 2207 νῦν
2648 2155 2951 2224 γινόμενον.
2975 2153 3041 2206 Τί
3068 2146 3162 2205 οὖν
3188 2154 3218 2204 ό
3253 2150 3522 2221 Χριστόςς

1944 2237 2160 2308 Ἐπειδὴ
2183 2236 2334 2291 εἶπεν
2361 2240 2390 2291 6
2410 2237 2636 2308 Πέτρος,
2661 2236 2757 2304 Μὴ
2785 2236 2925 2301 τοὺς
2951 2235 3142 2300 πόδας
3164 2251 3284 2304 μου
3304 2234 3523 2302 μόνον,

1929 2322 2089 2376 ἀλλὰ
2120 2322 2348 2386 καὶτὰς
2381 2319 2585 2388 χεῖρας
2609 2320 2708 2372 καὶ
2744 2318 2860 2386 τὴν
2890 2317 3189 2386 κεφαλὴν,
3228 2317 3282 2368 '0
3313 2319 3527 2370 λελου-

1926 2404 2132 2474 μένος,
2179 2403 2367 2474 φησὶν,
2400 2404 2473 2456 οὐ
2525 2403 2734 2471 χρείαν
2769 2402 2893 2470 ἔχει
2935 2405 2986 2454 ει
3016 2399 3103 2470 μὴ
3146 2398 3292 2465 τοὺς
3330 2398 3526 2461 πόδας

1931 2488 2225 2556 νίψασθαι
2268 2486 2483 2554 μόνον,
2527 2486 2666 2539 ἀλλ’
2709 2485 2843 2539 ἐστι
2893 2484 3154 2552 καθαρὸς
3200 2483 3365 2547 ὅλος.
3414 2481 3525 2535 Kal

1931 2569 2096 2638 ὑμεῖς
2130 2570 2378 2636 καθαροί
2414 2569 2574 2633 ἐστε,
2602 2568 2742 2621 ἀλλ’
2769 2567 2906 2636 οὐχὶ
2941 2566 3182 2631 πάντες.
3213 2563 3380 2634 ’ῌδει
3413 2562 3525 2632 γὰρ

1930 2653 2039 2705 τὸν
2067 2650 2470 2719 παραδιδόντα
2498 2651 2704 2704 αὐτόν.
2732 2651 2843 2702 Kal
2868 2651 2916 2702 εί
2955 2646 3186 2718 καθαροί
3220 2649 3346 2711 είσι,
3377 2645 3525 2707 τίνος

1930 2735 2116 2788 ἕνεκεν
2153 2735 2363 2796 νίπτεις
2386 2734 2512 2797 τοὺς
2543 2734 2740 2799 πόδας;
2767 2733 2932 2786 ’Ὠστε
2966 2733 3113 2804 ἡμᾶς
3145 2730 3163 2768 ΐ
3207 2728 3524 2800 μετριάζειν

1933 2816 2147 2888 μαθεῖν.
2177 2816 2275 2868 Διά
2308 2816 2467 2870 τοῦτο
2507 2818 2608 2869 οὐκ
2640 2818 2724 2886 ἐφ’
2759 2817 2948 2888 ἕτερον
2982 2815 3147 2886 μέρος
3190 2809 3375 2884 ἦλθεν,
3406 2810 3524 2863 ἀλλ’

1928 2899 1958 2952 6
1989 2901 2096 2954 τῶν
2130 2899 2306 2955 ἀλλων
2347 2901 2672 2972 ἀτιμότερον
2705 2896 2844 2953 εἶναι
2876 2900 3040 2952 δοκεῖ.
3071 2897 3136 2951 Τί
3165 2897 3222 2950 δέ
3262 2898 3432 2959 ἐστιν,
3469 2895 3524 2948 '0

1928 2982 2326 3051 λελουμένος;
2356 2983 2500 3036 Ἀντὶ
2523 2984 2641 3044 τοῦ,
2678 2983 2736 3035 ⁸0
2780 2982 3041 3052 καθαρός.
3085 2977 3213 3049 Ἆρ’
3250 2974 3343 3032 οὖν
3367 2979 3524 3032 αὐτοὶ

1931 3065 2162 3137 καθαροὶ
2182 3061 2324 3135 ἦσαν
2341 3081 2354 3130 ;
2373 3065 2427 3118 οἵ
2439 3083 2502 3133 γε
2532 3065 2744 3119 οὐδέπω
2768 3067 2791 3105 ⁸
2815 3065 2922 3117 τῶν
2944 3064 3359 3135 ἁμαρτημάτων
3382 3057 3524 3131 ἦσαν

1930 3148 2361 3218 ἀπηλλαγμένοι,
2405 3148 2524 3202 οὐδὲ
2572 3149 2890 3216 Πνεύματος
2927 3148 3244 3216 ἠξιωμένοι,
3277 3146 3372 3198 ἀτε
3420 3144 3523 3212 τῆς

1932 3231 2206 3302 ἁμαρτίας
2229 3231 2308 3284 ἐτι
2338 3230 2671 3300 κρατούσης,
2701 3233 2798 3300 τῆς
2827 3232 3074 3298 κατάρας
3103 3229 3198 3282 τοῦ
3230 3229 3525 3298 χειρογρά-

1933 3331 2034 3384 φου
2084 3314 2357 3384 μένοντος,
2403 3313 2498 3366 τοῦ
2537 3314 2736 3382 ἱερείου
2771 3311 2984 3364 οὐδέπω
3032 3310 3522 3382 προσενεχθέντοςς

1932 3397 2051 3459 πῶς
2085 3392 2178 3450 οὖν
2218 3396 2417 3458 αὐτοὺς
2461 3395 2731 3465 καθαροὺς
2770 3391 2911 3447 εἶναι
2946 3393 3126 3460 λέγει;
3162 3393 3300 3444 ’Δλλ’
3327 3391 3414 3444 ἴνα
3449 3391 3525 3460 μὴ

1931 3479 2020 3534 διά
2036 3478 2214 3533 ταῦτα
2237 3477 2465 3550 νομίσῃς
2491 3480 2687 3540 αὐτοὺς
2713 3476 2986 3548 καθαροὺς
3012 3477 3087 3539 ὡς
3110 3475 3526 3546 ἁμαρτημάτων

1931 3563 2418 3633 ἀπηλλαγμένους,
2480 3564 2757 3631 ἐπήγαγεν
2783 3578 2797 3591 ο
2845 3561 2989 3628 Ἤδη
3045 3559 3212 3627 ὑμεῖς
3276 3557 3527 3625 καθαροί

1931 3647 2072 3699 ἐστε
2109 3645 2208 3698 διὰ
2247 3645 2352 3698 τὸν
2389 3647 2576 3714 ,λόγον
2606 3645 2679 3698 ὃν
2714 3643 2994 3708 ἐλάλησα
3035 3640 3205 3710 ὐμῖνο
3239 3639 3522 3702 τουτέστι,

1933 3727 2117 3798 Ταύτῃ
2138 3726 2279 3790 τέως
2296 3728 2418 3780 ἐστέ
2449 3727 2698 3798 καθαροί.
2729 3726 2868 3797 ’Ἤδη
2899 3724 2958 3778 τὸ
2985 3722 3103 3791 φῶς
3124 3721 3399 3787 ἐδέξασθε,
3421 3722 3524 3791 ῆδη

1934 3811 2032 3880 τῆς
2072 3809 2279 3879 πλάνης
2324 3809 2675 3879 ἀπηλλάγητε
2707 3808 2807 3878 τῆς
2843 3806 3157 3876 Ἰουδαϊκῆς.
3194 3806 3304 3859 Καὶ
3338 3805 3449 3875 γάρ
3497 3808 3526 3858 6

1934 3896 2219 3964 προφήτης
2265 3892 2428 3961 φησί’
2460 3895 2799 3954 Λούσασθε,
2835 3890 3080 3958 καθαροὶ
3113 3891 3374 3960 γίνεσθε,
3411 3891 3525 3959 ἀφ-

1932 3976 2098 4030 έλετε
2127 3977 2233 4042 τὰς
2260 3975 2554 4043 πονηρίας
2583 3972 2702 4028 ἀπὸ
2736 3972 2854 4027 τῶν
2891 3973 3111 4043 ψυχῶν
3135 3971 3322 4042 ὑμῶν.
3356 3973 3525 4026 ’Ὥστε

1932 4060 1963 4111 6
1992 4057 2230 4120 τοιοῦτος
2266 4057 2515 4110 λέλουται
2545 4057 2640 4110 καὶ
2669 4056 2910 4126 καθαρός
2939 4057 3075 4110 ἐστι.
3111 4056 3263 4109 Ἐπεὶ
3289 4051 3383 4108 οὖν
3419 4057 3525 4109 πᾶ-

1936 4157 2034 4194 σαν
2074 4139 2340 4210 πονηρίαν
2386 4139 2616 4212 ἔρριψαν
2663 4139 2771 4192 ἀπὸ
2820 4139 2919 4209 τῆς
2951 4139 3131 4210 ψυχῆς
3161 4141 3392 4204 ἐκεῖνοι,
3426 4139 3524 4190 καὶ

1937 4221 2074 4294 μετά
2108 4222 2436 4292 εἰλικρινοῦς
2473 4221 2714 4285 διανοίας
2746 4221 2986 4291 συνῆσαν
3034 4220 3204 4290 αὐτῷ,
3244 4222 3333 4275 διά
3363 4219 3524 4273 τοῦτό

1933 4321 2067 4375 φησι
2105 4304 2245 4359 κατά
2273 4305 2363 4358 τὸν
2396 4304 2734 4376 προφητικὸν
2766 4302 2946 4372 λόγον,
2983 4304 3042 4358 '0
3072 4304 3395 4374 λελουμένος
3421 4304 3522 4374 ῆδη

1933 4386 2170 4458 καθαρός
2199 4389 2332 4441 ἐστι.
2371 4389 2479 4441 Kal
2511 4387 2621 4456 γάρ
2653 4389 2770 4440 ἐκεῖ
2802 4385 3025 4458 λουτρὸν
3054 4388 3114 4440 ού
3150 4386 3210 4440 τὸ
3241 4387 3308 4440 δι’
3331 4385 3524 4450 ὓδατος

1933 4469 2079 4538 λέγει
2101 4471 2163 4522 τὸ
2198 4470 2507 4535 Ἰουδαῖκδν,
2533 4469 2668 4523 ἀλλά
2692 4470 2783 4525 τὸν
2811 4471 2911 4540 τῆς
2943 4469 3304 4540 συνειδήσεως
3327 4469 3353 4510 ιι
3385 4470 3523 4524 καθ-

1933 4551 2130 4623 αρμόν.

2002 4635 2076 4702 γ’.
2100 4631 2393 4705 Γενώμεθα
2421 4636 2600 4690 τοίνυν
2630 4638 2725 4691 καὶ
2759 4640 2916 4709 ἡμεῖς
2949 4637 3177 4708 καθαροί
3205 4658 3214 4669 ·
3258 4635 3522 4708 μάθωμεν

1933 4716 2098 4772 καλὸν
2125 4721 2321 4773 ποιεῖν.
2349 4720 2414 4772 Τί
2441 4719 2494 4772 δέ
2527 4724 2643 4774 ἐστι
2676 4722 2736 4774 τὸ
2758 4723 2922 4775 καλόν
2944 4738 2958 4786 ;
2989 4724 3232 4790 Κρίνετε
3258 4721 3520 4790 ὀρφανῷ,

1932 4799 2032 4853 καῖ
2063 4800 2418 4856 δικαιώσατε
2447 4802 2671 4870 χήραν-
2703 4805 2802 4858 καί
2840 4804 3033 4865 δεῦτε,
3070 4804 3166 4858 καὶ
3195 4802 3524 4874 διαλεχθῶ-

1927 4898 2063 4949 μεν,
2113 4884 2275 4951 λέγει
2332 4885 2566 4952 Κύριος.
2617 4886 2790 4949 Πολὺς
2835 4881 2989 4951 οὗτος
3030 4890 3059 4940 ό
3104 4887 3258 4954 λόγος
3296 4887 3354 4940 ἐν
3401 4888 3526 4949 ταῖς

1932 4963 2176 5034 Γραφαῖς
2226 4968 2335 5019 τῶν
2375 4969 2560 5038 χηρῶν
2605 4971 2700 5022 καὶ
2745 4969 2854 5022 τῶν
2901 4968 3154 5040 ὀρφανῶν
3178 4984 3192 4998 ⁸
3227 4968 3344 5022 ἀλλ’
3391 4970 3524 5039 ἡμῖν

1931 5047 2106 5110 οὐδεὶς
2144 5049 2334 5102 τούτου
2373 5051 2549 5118 λόγος.
2584 5052 2776 5106 Καίτοι
2820 5051 2885 5119 γέ
2930 5053 3183 5122 ἐννόησον
3231 5051 3420 5121 ἡλίκον
3458 5051 3522 5106 τὺ

1932 5129 2187 5184 ἔπαθλον.
2229 5133 2365 5186 Ἐὰν
2408 5130 2543 5196 ὦσι,
2580 5135 2765 5205 φησὶν,
2801 5138 2861 5188 al
2911 5135 3188 5204 ἁμαρτίαι
3231 5134 3400 5204 ὑμῶν
3440 5137 3522 5202 ὡς

1931 5215 2270 5280 φοινικοῦν,
2304 5218 2384 5282 ὡς
2431 5218 2607 5284 χιόνα
2651 5216 2959 5272 λευκανῶ·
2998 5217 3108 5271 ἐὰν
3138 5217 3206 5270 δὲ
3250 5213 3402 5271 ὦσιν
3441 5220 3522 5284 ὡς

1930 5299 2233 5364 κόκκινον,
2268 5301 2349 5367 ὠς
2387 5301 2552 5369 ἔριον
2594 5301 2892 5356 λευκανῶ.
2931 5302 3042 5354 Καὶ
3090 5301 3200 5372 γάρ
3235 5302 3519 5370 ἀπροστάο

1929 5396 2115 5436 τευτον
2146 5386 2179 5455 ἡ
2213 5387 2388 5456 χήρα·
2421 5385 2512 5439 διά
2547 5386 2706 5439 τοῦτο
2736 5386 2939 5456 πολλὴν
2970 5384 3110 5455 ὑπὲρ
3145 5384 3317 5454 αὐτῆς
3349 5386 3520 5436 ποιεῖ-

1992 5554 2019 5595 ἆ
2044 5555 2141 5604 Alii
2160 5555 2323 5612 δώσω,
2354 5553 2437 5600 alii
2462 5552 2702 5599 ἐπιδώσω.
2775 5563 2797 5589 θ
2822 5550 2952 5599 Edili
2976 5550 3195 5607 κάθηται,
3226 5564 3340 5598 mss.
3386 5563 3517 5611 pene

1928 5629 2103 5667 omnes
2126 5617 2351 5674 κάθημαι,
2377 5626 2491 5674 ηυδε
2528 5612 2947 5674 νοτερειίιεεῑὶο.
2985 5612 3045 5659 El.
3075 5614 3223 5672 paulo
3257 5619 3371 5674 aulo
3393 5613 3515 5674 editi

1926 5680 2050 5740 παρὰ
2074 5675 2159 5724 τοῦ
2186 5670 2406 5740 Πατρόςῖ
2423 5673 3064 5740 Μειιιιιςρΐίρῐίγυτροωηςξε
3079 5670 3233 5735 “παρὰ
3256 5670 3341 5719 τοῦ
3366 5673 3516 5740 Πνεὺη

1929 5733 2093 5800 ματος,
2120 5744 2173 5800 ει
2217 5733 2319 5800 nasi:
2356 5741 2443 5800 esi
2486 5748 2597 5783 vera
2637 5733 2800 5783 lectio.
2834 5733 3195 5800 Ubi_adyerias’_
3233 5746 3376 5781 voces
3417 5735 3517 5781 Πα-

1927 5794 2035 5861 τρός
2057 5807 2106 5846 et
2132 5798 2404 5861 Πνεύματος
2433 5798 2482 5844 in
2514 5808 2626 5843 mss.
2656 5809 2789 5856 smpe
2825 5794 3076 5861 coniungi,
3111 5795 3228 5855 quia
3256 5801 3514 5854 utramque

1927 5855 2099 5908 vbcem
2122 5863 2193 5906 sic
2231 5858 2449 5905 ell‘eruul
2480 5872 2566 5918 πρς
2591 5864 2643 5904 ει
2662 5855 2770 5915 τως,
2798 5863 2975 5918 estque
2996 5855 3163 5918 initerrp
3189 5863 3240 5918 ει
3263 5873 3288 5901 ν
3322 5869 3371 5902 m
3397 5869 3512 5904 mss.

1927 5873 2099 5908 vocem
2122 5872 2193 5906 suc
2231 5872 2449 5905 euerum
2480 5872 2566 5918 πρς
2591 5872 2643 5904 eL
2662 5873 2770 5915 τινς,
2798 5872 2975 5918 εειψιε
2996 5872 3127 5905 ιιειει-
3189 5872 3240 5903 ει
3263 5873 3288 5901 ν
3322 5872 3371 5902 ιιι
3397 5872 3511 5904 mss.

1927 5920 2147 5981 quandam
2171 5918 2458 5966 similitudo.
2534 5926 2541 5950 '
2565 5919 2663 5981 Alii
2686 5919 2812 5966 ὥστε
2832 5921 2970 5979 ὑμᾶς.
3039 5917 3063 5957 ε
3086 5872 3335 5976 Αιίίἱῆσαν,
3356 5918 3511 5966 καίτοι

1929 5979 2133 6030 οὐδέπω.
2204 5986 2229 6016 ιι
2256 5981 2352 6029 Alii
2381 5979 2699 6037 δημιουργίας.
