4164 6330
323 360 352 382 ,ι

268 403 372 460 385

274 517 602 584 Frequenter
642 511 693 564 in
732 507 1003 577 Scriptum
1046 501 1318 556 viduarum
1349 507 1402 552 et
1435 495 1754 566 pupillorum
1799 491 1855 545 lit

274 608 506 662 mentio:
540 613 593 656 at
628 599 780 656 nobis
811 599 1018 652 illorum
1068 592 1208 646 nulla
1259 590 1394 644 ratio
1426 597 1526 642 est.
1570 585 1727 654 Atqui
1761 599 1853 636 co-

273 701 374 769 gita
432 703 629 765 quanta
675 693 743 749 sit
781 689 1010 759 reposita
1055 700 1279 740 merces.
1311 681 1372 737 Si
1402 679 1629 776 fuerint,
1668 676 1856 776 inquit,

272 768 476 854 peccata
507 796 666 841 vestra
707 786 834 838 sicut
863 781 1130 852 puniceum
1163 817 1176 838 ,
1211 785 1263 827 ut
1290 774 1450 826 nivem
1493 768 1774 830 deulbubo,‘
1813 768 1855 820 si

274 891 323 931 ut
355 879 617 932 coccinum
645 919 658 942 ,
700 886 753 929 ut
783 878 950 928 lauant
983 868 1224 923 dealbabo
1255 865 1408 935 (lsai.
1442 865 1494 916 l.
1527 860 1636 934 18).
1666 859 1857 913 Delen—

272 972 395 1025 δότε
429 983 655 1037 namque
681 975 825 1022 caret
852 963 1004 1018 vidua
1034 978 1046 1026 ;
1073 960 1193 1015 ideo
1217 972 1461 1026 magnam
1503 955 1646 1008 illius
1674 967 1855 1006 curam

273 1063 451 1119 habet.
485 1061 652 1116 Vidua
699 1059 840 1114 enim
886 1071 1006 1111 cum
1048 1053 1218 1122 possit
1257 1047 1518 1106 secundas
1561 1045 1710 1098 adire
1756 1059 1854 1097 uu-

272 1156 408 1225 ptias
438 1196 454 1220 ,
495 1154 565 1208 ob
609 1153 698 1207 Dei
748 1151 990 1204 timorem
1032 1143 1301 1200 viduitatis
1343 1152 1608 1195 a‘rumnas
1641 1136 1853 1190 tolerat.

269 1249 482 1302 Matium
527 1259 655 1314 ergo
681 1244 807 1313 ipsis
834 1241 1169 1312 porrigamus
1212 1249 1401 1290 omnes
1431 1239 1487 1286 et
1516 1230 1611 1284 viri
1643 1237 1697 1283 et
1740 1244 1858 1282 mu-

270 1341 454 1401 lieres,
485 1353 552 1392 ne
578 1335 790 1406 quando
820 1332 1089 1387 viduitatis
1121 1325 1394 1382 molestias
1418 1323 1724 1378 subeamus.
1761 1317 1854 1372 Sin

268 1430 558 1484 subeamus
584 1469 596 1490 ,
630 1440 873 1496 magnam
920 1422 1073 1476 nobis
1117 1415 1466 1487 experiunda:
1517 1409 1856 1481 benignitatis

266 1535 454 1575 ansam
488 1517 807 1588 parabimus.
838 1513 953 1568 Non
981 1527 1141 1583 parva
1191 1510 1269 1562 vis
1299 1509 1655 1577 laeryntarum
1684 1501 1855 1556 vidua:

1277 387 1340 441 lt‘i
1379 381 1690 440 JOANNEM
1732 378 1965 433 llU.\l|L.
2008 376 2195 432 LXXI.
2237 376 2308 430 al.
2353 372 2518 430 LXX.

3461 375 3574 432 586.

1966 499 2090 556 est,
2122 489 2214 544 sed
2265 498 2441 559 potest
2492 487 2579 542 illa
2621 487 2702 543 vel
2755 487 2925 557 ipsum
2959 493 3148 543 ett-tum
3198 491 3433 560 aperire.
3489 492 3565 548 Ne

1967 597 2094 652 ergo
2142 581 2246 635 illis
2291 581 2646 646 insultemus,
2699 596 2796 636 nec
2836 580 3196 636 calamitatem
3227 598 3520 653 augeamus
3549 627 3564 650 ,

1966 677 2058 732 sed
2091 677 2235 730 onmi
2264 675 2422 730 modo
2451 675 2685 730 feramus
2714 691 2892 745 Opem.
2923 676 2975 730 Si
3001 678 3068 729 ita
3102 677 3357 732 faciamus
3379 720 3393 743 ,
3429 679 3567 735 inul-

1967 779 2073 822 tam
2100 770 2254 823 nobis
2289 770 2635 824 seetn'itatem
2669 769 3102 838 comparabimus
3129 781 3182 825 ct
3221 772 3272 825 in
3308 773 3408 827 hoc
3461 789 3565 827 5:1!-

1963 861 2086 914 culo
2116 869 2169 914 et
2197 862 2248 914 in
2296 862 2490 915 futuro.
2523 861 2637 916 Non
2669 865 2810 916 enim
2841 862 2926 916 hic
2971 873 3173 917 tantum
3201 906 3214 929 ,
3243 864 3337 918 sed
3368 875 3424 919 et
3457 866 3565 920 illic

1966 952 2118 1006 nobis
2139 968 2295 1022 opem
2339 951 2551 1019 ferent,
2596 951 2720 1007 dum
2756 955 3039 1009 maximam
3088 967 3426 1025 peccatorum
3468 974 3561 1012 no.

1964 1052 2196 1096 strorum
2230 1053 2437 1111 partem
2479 1043 2550 1099 ob
2594 1043 2856 1099 beneficia
2889 1046 3017 1114 ipsis
3061 1048 3299 1116 pra-stita
3344 1048 3564 1102 abscin-

1964 1133 2120 1196 dent,
2154 1143 2207 1189 et
2233 1134 2284 1188 id
2312 1135 2466 1190 nobis
2497 1136 2860 1192 conciliabant
2884 1180 2898 1203 ,
2935 1146 2990 1191 ut
3024 1139 3292 1207 possimus
3319 1149 3444 1193 ante
3473 1139 3564 1192 tri-

1964 1227 2126 1283 bunal
2152 1227 2351 1282 Christi
2400 1228 2613 1285 adstare
2643 1246 2763 1286 cum
2797 1230 2986 1284 ﬁducia
3014 1249 3027 1297 ;
3063 1233 3202 1301 quod
3236 1249 3334 1288 nos
3373 1251 3563 1289 omnes;

1963 1319 2174 1387 assequi
2214 1320 2510 1389 contingat,
2544 1322 2712 1391 gratia
2746 1331 2798 1376 et
2837 1321 3170 1393 benignitate
3212 1325 3420 1379 Domini
3461 1344 3559 1379 uo-

1964 1409 2058 1462 stri
2090 1408 2216 1463 Jesu
2253 1408 2474 1476 Christi,
2519 1412 2602 1466 cui
2653 1412 2821 1483 gloria
2868 1415 2918 1468 in
2975 1417 3166 1471 szccula
3218 1419 3558 1475 saeculortun.

1965 1499 2157 1554 Amen.

1611 1680 1956 1743 HOMILIA
2003 1679 2228 1741 LXXI.

266 1852 396 1909 Car.
449 1853 530 1906 l5.
579 1865 630 1902 ν.
677 1847 762 1902 12.
807 1844 874 1898 Et
916 1843 1107 1912 accepit
1156 1841 1442 1894 vestimenta
1470 1851 1600 1894 sua,
1656 1839 1702 1883 et
1742 1843 1854 1892 cum

339 1943 644 2006 recubuisset
666 1941 845 1993 iterum
864 1977 878 2002 ,
908 1935 1038 1988 dixit
1060 1933 1130 1988 eis
1162 1951 1173 1986 :
1202 1930 1359 1986 Scitis
1381 1929 1500 1998 quid
1527 1924 1729 1994 fecerim
1767 1937 1853 1974 vo-

338 2037 414 2088 bis
436 2036 460 2088 ?
485 2043 587 2088 etc.

341 2127 395 2182 1.
443 2124 564 2178 Post
613 2125 810 2192 lapsum
873 2131 1136 2190 resurgere
1189 2113 1540 2185 difﬁcillimum
1583 2119 1672 2165 est.
1702 2108 1856 2187 Judte

266 2216 570 2289 pervicacia.
599 2244 667 2253 —
698 2211 1060 2268 Pcrniciosutn
1087 2215 1170 2262 est
1195 2247 1210 2272 ,
1246 2204 1422 2260 dilecti
1447 2244 1464 2270 ,
1493 2201 1852 2272 perniciosum

268 2310 495 2377 utique,
531 2307 583 2358 in
614 2302 935 2374 profundum
983 2300 1245 2353 malorum
1298 2295 1553 2350 incidere.
1602 2291 1677 2345 Ex
1732 2289 1855 2344 hinc

265 2399 412 2453 enim
445 2395 664 2450 difﬁcile
692 2391 1022 2447 convertitur
1051 2390 1283 2442 animus.
1320 2385 1549 2454 Ideoque
1577 2382 1706 2437 nihil
1749 2395 1853 2434 non

265 2488 534 2557 agcrtdum
561 2493 680 2546 est,
719 2492 778 2537 ut
821 2497 887 2535 ne
927 2497 957 2534 a
988 2478 1248 2549 principio
1300 2477 1592 2544 capiamur.
1627 2472 1855 2526 Facilius

265 2578 466 2648 quippe
494 2586 576 2631 est
623 2590 730 2628 non
778 2573 1008 2636 cadere,
1040 2585 1198 2640 quam
1256 2568 1459 2636 lapsum
1513 2564 1848 2632 resipiscere.

270 2665 402 2722 Vide.
431 2681 578 2734 ergo.
610 2662 822 2734 quando
844 2661 1009 2715 semel
1041 2661 1219 2729 lapsus
1247 2656 1528 2720 estJudas,
1556 2664 1686 2723 quot
1707 2653 1855 2708 obla-

264 2760 338 2814 tis
367 2757 467 2813 sibi
518 2756 727 2808 auxiliis
753 2795 768 2818 ,
816 2771 918 2806 non
953 2763 1131 2805 tamen
1172 2758 1434 2817 resurgat.
1473 2749 1611 2801 Dixit
1655 2747 1812 2800 Jt-sus
1837 2786 1851 2809 ,

269 2852 419 2909 Unus
445 2858 659 2905 vestrum
683 2847 912 2900 diabolus
933 2855 1045 2908 est;
1076 2844 1230 2909 dixit,
1264 2841 1384 2896 Non
1416 2858 1585 2894 omnes
1607 2840 1854 2900 crrduut;

265 2945 434 3006 dixit,
484 2942 601 2995 Non
651 2941 714 2992 de
767 2937 996 2991 omnibus
1050 2937 1203 2997 dico;
1246 2943 1339 2997 et,
1391 2931 1512 2986 Scio
1559 2948 1682 2998 quos
1730 2929 1856 2996 elegi

265 3037 450 3105 (Joan.
484 3037 535 3090 6.
571 3036 657 3088 7|.
695 3031 775 3087 15.
811 3039 854 3081 et
900 3031 984 3082 l3.
1019 3027 1120 3096 18)
1148 3044 1160 3080 :
1188 3035 1241 3080 et
1275 3025 1402 3078 nihil
1438 3025 1627 3077 horum
1663 3022 1850 3076 sensit.

266 3127 553 3196 Postquam
580 3138 748 3177 autem
781 3121 901 3175 lavit
930 3118 1096 3189 pedes,
1124 3127 1168 3170 et
1198 3117 1386 3184 accepit
1416 3115 1707 3168 vestimenta
1735 3129 1851 3175 sua,

263 3235 382 3272 cum
431 3213 750 3277 recubuisset,
807 3213 916 3264 ait:
950 3209 1102 3264 Scitis
1146 3207 1267 3275 quid
1306 3206 1506 3273 fecerint
1553 3203 1706 3256 vobis.
1739 3202 1855 3255 Non

266 3309 409 3362 ultra
445 3307 654 3360 Petrum
685 3304 855 3357 solum
884 3342 898 3366 ,
933 3300 1023 3354 sed
1058 3314 1247 3354 otunes
1285 3297 1593 3365 alloquitur.
1627 3295 1710 3348 l5.
1757 3292 1856 3346 Vos

264 3402 458 3455 vocatis
499 3415 574 3451 me
619 3396 925 3466 Magistrum
952 3405 997 3447 et
1024 3391 1305 3445 Dominum
1329 3391 1343 3420 ¹
1369 3407 1382 3454 ;
1413 3399 1459 3442 et
1503 3388 1624 3440 bene
1647 3387 1813 3440 dicitis
1837 3403 1854 3450 ;

263 3509 380 3547 sum
420 3490 621 3544 etenim.
659 3485 760 3540 Vos
784 3486 970 3540 vocatis
1011 3501 1088 3538 me
1143 3484 1356 3538 illorum
1397 3480 1657 3549 judicium
1702 3493 1855 3533 acce-

267 3594 419 3654 ptum
448 3582 630 3637 habet.
662 3578 863 3634 Deinde
895 3595 960 3632 ne
989 3578 1052 3632 ad
1086 3576 1294 3647 illorum
1322 3577 1544 3645 gratiam
1573 3574 1687 3628 hzec
1715 3573 1854 3628 dicta

265 3690 389 3732 esse
431 3673 710 3729 videantur
733 3714 746 3736 ,
781 3669 956 3725 subdit
983 3711 996 3734 ,
1028 3670 1156 3723 Sum
1193 3669 1395 3720 etenim.
1425 3667 1556 3720 Cum
1593 3681 1720 3735 ergo
1743 3680 1855 3719 ser-

265 3780 483 3821 monem
524 3777 708 3816 eorum
748 3760 974 3823 inducit,
1000 3761 1110 3828 jam
1138 3773 1398 3813 onerosus
1427 3773 1530 3811 non
1563 3768 1677 3822 est;
1713 3757 1854 3826 quod

266 3858 421 3912 illum
448 3854 768 3916 conﬁrmet,
808 3853 935 3921 nulli
985 3852 1274 3920 suspicioni
1314 3850 1603 3904 obnoxium
1657 3848 1852 3904 reddit.

266 3947 403 4005 Sum
432 3947 611 4001 etenim
636 3987 649 4008 ,
677 3943 866 4014 inquit.
903 3943 1089 3996 Viden‘
1117 3957 1222 4011 quo
1249 3953 1420 4011 pacto,
1451 3940 1664 4011 quando
1689 3941 1855 3995 disci-

268 4029 427 4107 pblos
466 4036 791 4104 alloquitur,
836 4033 903 4088 de
947 4047 1005 4086 se
1031 4034 1263 4100 apertius
1303 4031 1569 4101 loquatur.
1619 4030 1687 4086 Ut
1729 4046 1858 4100 ergo

247 4129 442 4184 salicit:
479 4126 652 4181 Nolite
703 4142 882 4180 vocare
928 4123 1226 4194 magistrum
1257 4141 1408 4192 super
1449 4134 1635 4176 terram
1678 4139 1696 4177 :
1728 4141 1858 4177 unus

267 4221 404 4273 enim
443 4227 719 4287 prcceptor
763 4225 922 4269 vester
961 4224 1031 4268 est
1062 4215 1274 4286 (Matth.
1307 4214 1394 4269 25.
1428 4214 1479 4268 8.
1515 4215 1570 4283 9)
1598 4232 1611 4279 ;
1647 4216 1712 4269 ita
1741 4217 1812 4269 ait
1841 4257 1855 4282 ,

269 4310 342 4365 Et
367 4309 526 4364 nolite
562 4324 740 4362 vocare
790 4316 986 4376 patrem
1028 4323 1178 4377 super
1218 4315 1422 4361 terram.
1459 4306 1590 4360 Illud
1636 4317 1812 4360 autem
1842 4348 1855 4370 ,

270 4415 413 4455 unus
443 4408 495 4454 et
517 4414 671 4464 unus,
705 4412 809 4452 non
837 4397 904 4452 de
927 4396 1082 4451 Patre
1111 4407 1313 4451 tantum
1337 4397 1550 4462 dicitur,
1579 4398 1674 4453 sed
1698 4397 1858 4452 etiam

267 4492 342 4547 de
368 4492 483 4563 ipso
509 4489 681 4553 Filio;
722 4490 802 4543 sin
851 4488 919 4544 de
955 4504 1013 4543 se
1062 4504 1165 4543 non
1215 4489 1521 4557 loqueretur
1546 4529 1560 4553 ,
1590 4489 1860 4558 quomodo

267 4585 517 4648 dixisset,
553 4581 620 4637 Ut
648 4581 740 4651 ﬁlii
770 4582 896 4635 lucis
930 4581 1039 4634 sitis
1061 4580 1241 4650 (Joau.
1273 4581 1355 4633 12.
1389 4580 1520 4649 56)?
1549 4584 1624 4635 Ac
1651 4597 1857 4649 rursus,

269 4679 319 4733 si
353 4676 663 4744 magistrum
696 4673 867 4727 solum
891 4673 1102 4728 Patrem
1133 4672 1356 4738 diceret,
1376 4675 1646 4742 quomodo
1681 4674 1759 4727 sic
1781 4674 1861 4729 lo-

268 4776 552 4839 queretur,
581 4765 712 4822 Sunt
732 4765 909 4818 ctenim
930 4769 954 4818 1’
988 4774 1040 4819 et
1061 4805 1074 4828 ,
1103 4762 1248 4819 Unus
1273 4773 1344 4818 est
1382 4775 1662 4834 praeceptor
1683 4775 1856 4830 vester,

268 4857 551 4915 Christus?

349 4947 732 5016 Discipulorum
773 4947 921 5015 pedes
965 4946 1085 4999 lavit
1115 4945 1343 5001 Christus
1384 4956 1437 5000 ut
1477 4965 1567 5002 nos
1613 4949 1863 5002 [inutilita-

274 5051 379 5095 tem
396 5038 780 5094 doceret—14.
803 5037 864 5090 Si
879 5053 1016 5106 ergo,
1045 5036 1235 5105 inquit,
1257 5053 1350 5107 ego
1383 5036 1647 5092 Dontiuus'
1673 5051 1721 5093 et
1749 5041 1861 5094 Ma-

275 5130 434 5200 gister
483 5129 582 5183 lavi
627 5128 779 5198 pedes
822 5138 1008 5181 vestros
1030 5167 1044 5192 ,
1077 5136 1121 5180 et
1170 5144 1253 5180 vos
1282 5128 1465 5183 debetis
1497 5131 1624 5183 alter
1653 5129 1865 5186 alterius

278 5223 454 5276 luvare
480 5220 647 5288 pedes.
684 5219 770 5273 l5.
802 5216 1108 5286 Exemplum
1134 5219 1251 5271 dedi
1272 5221 1428 5284 vobis,
1463 5230 1516 5273 ut
1544 5223 1866 5290 quemadmo-

275 5313 404 5367 dum
432 5326 523 5382 ego
566 5310 661 5380 feci
703 5309 857 5373 vobis,
903 5310 974 5360 ita
1020 5319 1065 5363 et
1109 5324 1192 5362 vos
1220 5312 1440 5380 faciatis.
1470 5314 1626 5382 Atqui
1659 5328 1762 5367 non
1789 5324 1869 5369 est

267 5395 540 5472 'idipsum.
569 5401 659 5455 liie
686 5416 914 5470 namque
935 5401 1183 5470 Magister
1206 5412 1286 5456 est
1316 5414 1366 5458 et
1400 5405 1671 5469 Dominus,
1696 5417 1749 5461 et
1777 5424 1870 5461 vos

280 5505 472 5550 mutuo
515 5495 781 5548 conservi.
811 5493 947 5559 Quid
977 5509 1104 5563 ergo
1144 5495 1244 5549 sibi
1276 5497 1382 5550 vult
1412 5497 1540 5552 illud
1565 5541 1578 5563 ,
1616 5499 1696 5552 Ita
1718 5501 1742 5552 ?
1767 5501 1870 5556 Eo-

279 5586 407 5642 dem
437 5585 634 5640 studio.
666 5584 789 5639 ldeo
819 5600 883 5640 ex
913 5585 1206 5654 majoribus
1236 5587 1395 5642 rebus
1421 5591 1664 5660 exempla
1688 5593 1866 5658 sumit,

349 5723 364 5752 ⁸
393 5717 490 5769 Alii
517 5725 570 5783 et
594 5715 756 5783 atorel.
786 5718 974 5783 legunt,
1002 5720 1280 5783 Magistrum
1298 5728 1341 5770 et
1360 5721 1621 5776 (,‘Iu'istum.

346 5786 368 5815 '
401 5780 568 5833 Morel.
599 5779 741 5842 legit,
765 5779 996 5839 Christus,
1025 5779 1126 5846 pro,
1162 5784 1400 5833 nominas.
1475 5819 1484 5826 ς

1963 1833 2020 1876 ut
2046 1825 2235 1879 saltem
2259 1828 2434 1882 minus
2460 1829 2738 1888 faciamus.
2764 1833 2894 1889 Nam
2920 1837 3154 1908 magistri
3181 1840 3358 1908 pueris
3381 1841 3563 1898 literas

1963 1916 2351 1984 pulcherrimas
2379 1922 2637 1991 scribunt,
2673 1935 2748 1991 ut,
2777 1927 2902 1982 licet
2932 1929 3317 1999 imperfectius,
3346 1932 3562 1989 imiten-

1964 2015 2069 2060 tur.
2120 2007 2217 2063 Ubi
2270 2025 2411 2066 nunc
2455 2022 2582 2067 sunt
2626 2017 2714 2086 qui
2749 2031 3040 2073 conservos
3089 2023 3240 2075 nihili
3279 2024 3562 2092 pendunt?

1965 2096 2050 2149 ubi
2085 2098 2174 2167 qui
2206 2098 2439 2157 honores
2465 2108 2766 2174 expetunt?
2797 2108 3093 2166 Proditoris
3124 2113 3291 2182 pedes
3315 2112 3562 2171 Christus

1963 2188 2109 2253 lavit,
2158 2191 2406 2262 sacrilegi
2457 2203 2510 2248 et
2557 2195 2709 2263 furis,
2761 2199 3033 2270 etiamque
3079 2203 3397 2272 proditionis
3430 2215 3561 2260 tern-

1961 2293 2091 2348 pore
2111 2319 2125 2345 ,
2155 2288 2208 2334 et
2238 2295 2358 2335 cum
2389 2284 2532 2339 nulla
2579 2287 2965 2356 resipisccntiae
2994 2305 3118 2360 spes
3146 2303 3291 2349 esset
3313 2336 3327 2357 ,
3360 2311 3561 2352 mensa:

1962 2383 2265 2426 Consortem
2310 2374 2528 2442 effecit;
2572 2387 2626 2432 et
2671 2389 2723 2434 tu
2769 2381 2934 2436 altum
2967 2385 3148 2454 sapis,
3194 2395 3247 2441 et
3274 2389 3558 2458 supercilia

1962 2463 2218 2517 extollis?
2263 2465 2432 2522 Pedes
2487 2477 2669 2525 mutuo
2717 2473 2996 2538 lavemus,
3047 2476 3238 2547 inquit,
3288 2481 3558 2551 etiamque

1963 2567 2261 2610 servorum.
2299 2558 2364 2612 Et
2402 2561 2528 2630 quid
2561 2579 2835 2632 magnum,
2877 2566 2920 2620 si
2969 2583 3248 2623 servorum
3300 2574 3557 2642 quoque?

1965 2644 2062 2700 llic
2086 2649 2226 2701 enim
2261 2649 2397 2703 liber
2427 2663 2479 2705 et
2504 2669 2693 2708 servus
2715 2656 2933 2712 nomine
2967 2666 3122 2712 tenus
3146 2659 3415 2727 dill‘erunt,
3451 2663 3560 2717 illic

1963 2751 2089 2790 vero
2112 2739 2189 2793 rei
2213 2742 2457 2795 veritate.
2487 2743 2618 2796 Nam
2649 2745 2738 2800 ille
2767 2757 2950 2801 natura
2981 2749 3236 2806 Dominus
3263 2761 3364 2817 est,
3389 2761 3441 2806 et
3464 2769 3561 2809 nos

1962 2828 2142 2892 servi;
2178 2845 2352 2899 neque
2382 2841 2556 2887 tamen
2588 2833 2639 2888 id
2681 2835 2857 2892 facere
2895 2852 3041 2893 nunc
3081 2842 3370 2896 recusavit.
3409 2842 3560 2897 Nunc

1963 2931 2090 2974 vero
2135 2919 2351 2986 mirum,
2403 2922 2449 2975 si
2497 2938 2603 2977 non
2649 2924 2834 2981 liberis
2877 2936 2935 2980 ut
2978 2930 3147 2984 servis
3192 2939 3246 2985 et
3279 2941 3335 2986 ut
3366 2934 3560 3001 emptis

1962 3011 2242 3080 mancipiis
2283 3021 2514 3068 utamur.
2551 3016 2754 3086 Ecquid
2788 3027 2912 3075 tunc
2937 3019 3179 3077 dicemus
3202 3064 3216 3091 ,
3247 3039 3368 3078 eum
3399 3036 3558 3080 tanta:

1962 3104 2233 3171 patientia:
2281 3115 2335 3158 et
2379 3093 2762 3189 moderationis
2805 3114 3051 3182 exempla
3097 3116 3415 3186 habeamus,
3460 3135 3560 3175 nec

1965 3193 2256 3260 imitemur,
2290 3197 2397 3250 imo
2424 3213 2487 3251 ex
2516 3198 2779 3254 diametro
2809 3204 3040 3271 oppositi
3085 3215 3140 3259 et
3177 3205 3299 3260 elati
3333 3217 3555 3272 stemus,

1965 3310 2139 3364 neque
2182 3295 2422 3351 debitum
2452 3298 2783 3354 reddamus?
2823 3299 2934 3355 Nos
2965 3302 3162 3372 quippe
3202 3314 3388 3359 mutuo
3413 3306 3558 3360 debi-

1966 3394 2109 3440 tores
2130 3388 2406 3443 constituit
2434 3390 2593 3454 Deus,
2624 3392 2738 3461 ipse
2765 3394 2911 3462 prius
2933 3410 3177 3460 exorsus,
3206 3406 3257 3450 et
3284 3397 3335 3450 in
3366 3399 3557 3452 minori

1966 3486 2114 3544 parte
2143 3477 2436 3534 debitores.
2472 3478 2590 3549 ipse
2619 3476 2852 3554 namque
2883 3485 3142 3540 Dominus
3174 3497 3325 3553 erat;
3368 3498 3418 3542 et
3462 3505 3561 3544 nos

1963 3583 2092 3623 vero
2131 3571 2173 3624 si
2225 3571 2274 3624 id
2316 3571 2593 3639 faciamus,
2627 3592 2750 3645 erga
2783 3592 3076 3634 conservos
3118 3579 3363 3636 facimus.
3409 3585 3561 3650 Quod

1964 3662 2134 3730 ipsum
2159 3663 2512 3718 subindicavit
2534 3681 2656 3721 cum
2688 3667 2891 3723 diceret
2911 3710 2925 3734 ,
2961 3670 3022 3724 Si
3050 3689 3166 3742 ergo
3193 3683 3283 3742 ego
3311 3671 3564 3743 Dominus

1963 3763 2008 3806 et
2042 3753 2324 3823 Magister;
2351 3771 2411 3810 ac
2441 3772 2684 3824 rursum,
2719 3759 2806 3813 Ita
2836 3770 2881 3814 et
2908 3777 3012 3816 vos.
3040 3761 3390 3834 Consequens
3419 3766 3561 3820 enim

1964 3854 2079 3898 erat
2108 3847 2307 3911 dicere,
2337 3847 2548 3914 Quanto
2577 3850 2746 3919 magis
2774 3865 2868 3905 vos
2891 3853 3077 3907 servi?
3105 3869 3289 3909 verum
3320 3856 3447 3909 illud
3473 3873 3564 3910 au-

1966 3938 2196 3993 ditorum
2237 3940 2581 3996 conscientia:
2623 3943 2862 4012 reliquit.
2911 3943 3020 3998 Cur
3055 3955 3234 4000 autem
3279 3946 3381 4001 hoc
3426 3964 3565 4003 nunc

1967 4029 2126 4084 fecit?
2158 4028 2427 4085 llonoretn
2452 4035 2828 4102 consequuturi
2854 4046 3027 4102 erant,
3051 4035 3142 4091 alii
3167 4038 3447 4101 majorem.
3476 4039 3565 4093 alii

1966 4123 2248 4178 minorem.

2036 4212 2092 4265 2.
2123 4212 2198 4267 Ne
2225 4213 2385 4282 igitur
2413 4230 2532 4269 sese
2568 4215 2826 4270 adversus
2855 4218 2989 4272 alios
3019 4220 3343 4274 extollerent
3368 4264 3380 4286 ,
3415 4223 3559 4277 dice-

1969 4314 2190 4373 rentquc
2220 4315 2275 4358 ut
2296 4314 2475 4369 antea,
2513 4307 2638 4373 Quis
2667 4310 2830 4379 major
2857 4311 2970 4364 est?
2995 4326 3167 4380 neque
3194 4313 3283 4366 alii
3313 4313 3571 4370 adversus

1968 4398 2100 4450 alios
2131 4398 2564 4466 indignarentur,
2604 4415 2817 4455 omnem
2845 4401 2912 4456 ab
2942 4403 3073 4472 ipsis
3117 4407 3251 4460 tollit
3280 4408 3572 4463 elationem

1968 4488 2151 4543 dicens
2184 4507 2194 4543 :
2228 4490 2729 4562 Quantumcumque
2753 4509 2978 4564 magnus
2998 4496 3092 4559 sis,
3123 4514 3228 4551 non
3257 4500 3420 4554 debes
3443 4516 3568 4568 erga

1971 4582 2184 4637 fratrem
2238 4584 2402 4638 altum
2449 4600 2655 4651 sapere.
2709 4587 2891 4658 Neque
2939 4590 3071 4644 dixit
3117 4593 3168 4646 id
3214 4595 3356 4663 quod
3398 4596 3568 4665 majus

1971 4686 2086 4733 erat
2114 4694 2127 4729 :
2162 4678 2218 4732 Si
2247 4694 2345 4748 ego
2373 4680 2660 4747 proditoris
2689 4682 2853 4751 pedes
2880 4685 3007 4750 lavi,
3043 4687 3167 4754 quid
3201 4704 3449 4757 maguum
3480 4733 3491 4752 ,
3524 4692 3566 4743 si

1972 4784 2066 4822 vos
2095 4769 2361 4825 sociorum
2395 4772 2560 4839 pedes
2599 4773 2825 4828 lavetis?
2854 4777 2946 4830 sed
2990 4794 3108 4831 cmn
3145 4780 3244 4834 hoc
3270 4784 3444 4849 reipsa
3477 4801 3570 4836 ev-

1973 4861 2232 4916 hibuisset
2255 4903 2268 4928 ,
2305 4864 2354 4918 id
2387 4875 2745 4934 Spectatorum
2772 4867 2974 4935 judicio
3000 4871 3235 4940 reliquit.
3270 4873 3392 4928 ldeo
3422 4874 3566 4931 dice-

1974 4953 2079 5015 bat,
2109 4956 2206 5019 Qui
2228 4956 2396 5024 fecerit
2418 4968 2460 5010 et
2480 4957 2726 5025 docuerit,
2746 4959 2825 5011 hic
2847 4977 3060 5031 magnus
3081 4965 3338 5018 vocabitur
3355 4965 3570 5035 (Matth.

1974 5047 2026 5101 5.
2081 5046 2189 5117 l9).
2236 5046 2348 5101 lloc
2390 5049 2531 5102 enim
2581 5065 2704 5104 vere
2745 5051 2942 5106 docere
2978 5065 3094 5121 est,
3128 5071 3250 5108 cum
3286 5072 3380 5124 per
3410 5073 3571 5126 opera

1973 5137 2214 5192 docetur.
2253 5139 2422 5205 Quem
2454 5140 2597 5194 enim
2643 5140 2835 5196 fastum
2871 5143 2973 5198 hoc
3019 5162 3124 5199 non
3179 5148 3367 5201 tollat?
3411 5166 3570 5218 quam

1977 5247 2080 5285 non
2128 5233 2483 5300 arrogantiam
2527 5241 2578 5286 et
2623 5237 2924 5303 superbiam
2956 5237 3258 5305 deprimat?
3286 5240 3388 5307 Qur
3426 5243 3572 5297 sedet

1976 5337 2136 5391 Super
2162 5322 2449 5377 Cherubim
2478 5365 2489 5384 .
2518 5325 2804 5393 proditoris
2837 5328 2999 5395 pedes
3030 5329 3153 5383 lavit
3177 5348 3189 5395 ;
3223 5342 3275 5385 tu
3304 5349 3426 5387 vero
3451 5374 3464 5396 ,
3499 5337 3570 5387 mi

1979 5412 2175 5478 homo,
2207 5416 2296 5484 qui
2329 5415 2484 5478 cinis,
2518 5426 2656 5471 terra
2690 5427 2742 5472 et
2773 5421 2947 5489 pulvis
2975 5435 3034 5475 es
3056 5462 3069 5485 ,
3102 5423 3330 5491 teipsmn
3359 5426 3571 5479 extollis

1977 5515 2032 5560 et
2077 5506 2239 5559 altum
2289 5508 2471 5576 sapis?
2519 5524 2684 5578 ecqua
2715 5512 2958 5578 gehenna
3001 5513 3193 5583 dignus
3226 5532 3331 5570 non
3374 5516 3573 5572 lucris?

1979 5600 2130 5665 Quod
2157 5599 2201 5652 si
2227 5599 2362 5653 altos
2388 5614 2578 5656 sensus
2607 5603 2805 5671 capias,
2823 5620 2921 5673 ego
2943 5605 3033 5659 tibi
3060 5610 3370 5663 monstrabo
3394 5610 3564 5672 viam;

1980 5689 2105 5758 quid
2146 5690 2288 5744 enim
2331 5692 2400 5744 sit
2444 5691 2678 5762 ignoras.
2721 5694 2819 5760 Qui
2853 5696 3010 5751 rebus
3041 5698 3399 5768 praesentibus
3423 5703 3572 5769 quasi

1983 5781 2186 5853 magnis
2217 5782 2380 5838 haeret
2405 5826 2418 5850 ,
2470 5784 2554 5840 hic
2595 5785 2712 5863 vilis
2744 5795 2798 5841 ct
2826 5787 3019 5856 abjecti
3048 5799 3130 5844 est
3160 5787 3341 5844 animi.
3393 5789 3577 5862 itaque
