4164 6330
697 499 802 539 nun
849 494 925 540 est
973 481 1236 540 humilitas
1279 484 1394 562 sine
1437 484 1795 556 magnitudine
1842 483 2039 549 animi;
2089 494 2261 552 neque

694 575 852 630 aliam
887 572 1044 631 habet
1080 590 1291 631 causam
1331 575 1578 646 superbia
1625 576 1723 629 nisi
1759 573 2261 644 pusillanimitatem.

693 667 1144 735 Quemadmodum
1165 669 1306 724 enim
1332 669 1536 740 pueruli
1558 669 1744 723 vilibus
1767 665 1992 730 inhiant,
2016 664 2259 735 sphtris,

695 760 913 826 trochis,
942 761 1090 824 talis,
1116 775 1301 830 magna
1318 776 1454 816 vero
1481 775 1551 815 ue
1577 759 1896 829 cogitatione
1925 757 2139 826 quidem
2166 769 2255 810 ca-

692 865 819 920 pere
863 860 1085 922 p'vssunt
1111 868 1125 905 :
1155 852 1232 907 sic
1268 860 1322 906 et
1358 865 1499 904 nunc
1536 849 1625 920 qui
1667 847 2090 918 philosophatur,
2122 861 2259 915 pra:-

690 944 858 997 sentia
882 941 1008 996 nihil
1033 942 1355 998 existimabit
1384 942 1528 1009 (non
1564 953 1692 1009 ergo
1735 937 1822 992 illa
1854 936 2050 992 habere
2081 933 2166 990 vel
2192 932 2260 989 ah

688 1033 796 1089 alio
823 1033 1030 1100 assequi
1059 1031 1297 1102 optabit)
1327 1046 1342 1094 ;
1383 1031 1472 1100 qui
1503 1043 1628 1084 vero
1668 1044 1771 1083 non
1817 1025 2218 1098 philosophatur
2238 1065 2254 1091 ,

688 1137 874 1180 contra
903 1124 1140 1187 allectus,
1162 1124 1392 1188 araneis,
1413 1123 1632 1186 umbrae,
1662 1121 1883 1176 somniis
1908 1129 1962 1176 et
1988 1116 2258 1173 vilioribus

688 1215 848 1270 rebus
888 1214 1126 1269 hatrehit.
1175 1213 1260 1268 16.
1316 1212 1504 1279 Amen,
1550 1227 1696 1265 amen
1724 1212 1837 1265 dico
1861 1211 1996 1264 vobis
2017 1224 2037 1262 :
2058 1223 2157 1261 non
2187 1214 2258 1260 est

684 1321 853 1360 servus
877 1306 1039 1375 major
1066 1304 1269 1358 domino
1292 1319 1414 1367 suo;
1445 1318 1602 1371 neque
1626 1301 1886 1372 apostolus
1916 1300 2079 1368 major
2103 1306 2174 1352 est
2199 1311 2257 1350 eo

682 1397 769 1467 qui
792 1397 925 1449 misit
954 1412 1083 1449 eum.
1120 1396 1204 1449 l7.
1223 1395 1292 1450 'Si
1313 1395 1420 1448 lucc
1445 1394 1600 1460 scitis,
1633 1393 1761 1447 beati
1797 1393 1934 1447 eritis
1962 1391 2004 1445 si
2041 1389 2257 1461 feceritis

683 1503 762 1540 ea.
809 1487 894 1541 i8.
930 1484 1046 1538 Non
1078 1487 1139 1538 de
1173 1486 1402 1538 omnibus
1443 1485 1577 1538 vobis
1604 1484 1750 1546 dico.
1779 1483 1867 1537 sed
1906 1492 1960 1535 ut
1989 1482 2257 1548 impleatur

685 1575 952 1646 Scriptura
979 1590 996 1628 :
1030 1574 1126 1642 Qui
1156 1574 1424 1628 itmnducat
1462 1590 1642 1642 partem
1677 1589 1898 1638 mecum,
1929 1572 2108 1625 leuarit
2142 1571 2252 1623 cal-

682 1683 890 1721 caneunt
927 1683 1070 1720 suum
1111 1675 1282 1718 contra
1311 1680 1406 1718 me.
1437 1663 1490 1718 ld
1521 1663 1661 1734 quod
1691 1663 1934 1732 superius
1971 1661 2122 1728 dixit,
2169 1661 2256 1718 hic

683 1771 894 1828 quoque
922 1757 1141 1825 repetit,
1174 1765 1230 1809 ut
1260 1755 1560 1824 redarguat.
1592 1753 1721 1808 Nam
1751 1754 1794 1808 si
1831 1769 1934 1808 non
1963 1762 2046 1809 est
2070 1769 2256 1836 servus

684 1847 854 1918 major
872 1847 1089 1901 domino
1116 1859 1234 1909 suo,
1269 1860 1442 1916 neque
1469 1845 1740 1914 apostolus
1768 1845 1935 1915 major
1954 1859 2022 1900 eo
2045 1846 2132 1915 qui
2157 1847 2257 1899 mi-

682 1941 750 1992 sit
780 1939 987 2006 ipsum;
1020 1947 1074 1991 et
1107 1937 1149 1991 si
1184 1939 1282 1992 hoc
1317 1951 1347 1992 a
1387 1951 1474 1992 me
1503 1935 1698 1990 factum
1729 1944 1810 1993 est
1847 1953 1861 1990 :
1890 1938 2058 1991 multo
2087 1937 2255 2006 magis

681 2047 710 2082 a
753 2028 902 2084 vobis
941 2027 1032 2081 fiat
1074 2036 1303 2096 oportet.
1348 2025 1579 2090 Deinde,
1625 2040 1694 2080 ne
1727 2025 1844 2096 quis
1871 2026 2114 2081 diceret:
2145 2026 2255 2080 Cur

681 2117 781 2172 hoc
806 2116 975 2171 dicis?
1002 2131 1142 2171 nunc
1173 2117 1317 2170 enim
1345 2116 1609 2171 nescimus
1638 2133 1650 2169 :
1683 2114 1784 2169 hoc
1809 2114 1980 2184 ipsum
2016 2113 2206 2182 adjecit
2236 2131 2250 2168 :

677 2211 791 2264 Non
823 2219 878 2265 ut
904 2209 1263 2281 ignorantibus
1287 2208 1400 2263 haec
1425 2208 1575 2262 dico:
1606 2207 1699 2262 sed
1722 2217 1779 2262 ut
1802 2222 1898 2276 per
1924 2221 2105 2275 Opera,
2131 2220 2248 2277 qua:

677 2304 815 2357 dicta
844 2311 967 2356 sunt
995 2299 1305 2356 exhibeatis.
1343 2299 1472 2353 Nam
1514 2299 1652 2354 scire
1690 2297 1928 2370 quidem,
1969 2298 2246 2360 omnium;

680 2393 852 2448 facere
880 2408 1007 2447 vero
1025 2433 1039 2457 ,
1062 2407 1164 2447 non
1188 2393 1446 2446 omnium.
1476 2391 1598 2445 Ideo
1627 2391 1769 2444 enirn
1799 2389 1899 2443 hoc
1921 2389 2080 2455 dicit,
2109 2387 2250 2441 Beati

678 2487 795 2540 estis
823 2487 867 2539 si
895 2487 1001 2538 hcc
1029 2485 1264 2555 feceritis.
1296 2483 1418 2537 ideo
1446 2481 1871 2550 frequentissime
1899 2479 2000 2534 hoc
2027 2489 2208 2548 repeto
2231 2521 2244 2542 ,

677 2577 777 2630 etsi
819 2590 912 2629 vos
947 2575 1127 2629 sciatis
1149 2614 1164 2638 ,
1198 2581 1253 2626 ut
1282 2587 1374 2626 vos
1416 2571 1480 2624 ad
1518 2570 1776 2640 agendum
1823 2570 2088 2623 inducam.
2118 2568 2248 2622 Nam

675 2668 834 2721 etiam
875 2665 1044 2720 ,ιιιάωί
1089 2671 1316 2727 norunt,
1349 2662 1440 2715 sed
1473 2675 1578 2714 non
1608 2659 1724 2714 ideo
1753 2669 1876 2713 sunt
1919 2658 2058 2713 beati
2084 2669 2098 2716 .'
2127 2673 2245 2711 cmn

675 2757 787 2812 huic
810 2771 912 2811 non
945 2755 1159 2810 faciant.
1195 2752 1313 2808 Non
1340 2753 1402 2807 de
1425 2752 1654 2806 omnibus
1694 2751 1831 2805 vobis
1879 2751 2010 2805 dico.
2054 2750 2210 2817 Papa:
2230 2791 2243 2812 ,

673 2857 865 2920 quanta
907 2847 1186 2917 patientia!
1234 2844 1476 2900 Nondum
1527 2844 1851 2911 proditorem
1898 2844 2104 2913 arguit,
2153 2841 2244 2895 sed

674 2958 785 2996 rem
816 2941 1034 3011 obtegit,
1076 2939 1197 2994 hinc
1241 2938 1315 2993 illi
1352 2937 1676 3006 poenitentiae
1717 2936 1892 2990 locum
1921 2934 2243 2990 concedens.

674 3033 740 3088 Et
781 3032 953 3103 arguit
990 3039 1044 3085 et
1086 3045 1190 3084 non
1219 3029 1410 3098 arguit,
1443 3027 1556 3081 lucc
1583 3026 1765 3081 dicens
1802 3043 1817 3080 :
1856 3025 1953 3091 Qui
1978 3025 2248 3078 manduca:

675 3139 855 3193 partem
882 3137 1093 3187 mecum,
1127 3119 1302 3172 fuerit
1327 3118 1616 3172 catcaneum
1641 3133 1786 3169 suum
1807 3126 1981 3169 contra
2015 3131 2111 3168 me.
2155 3113 2245 3168 Vi-

671 3217 824 3270 detur
848 3214 976 3268 mihi
1008 3211 1154 3274 illud,
1189 3209 1307 3265 Non
1333 3219 1404 3264 est
1427 3225 1595 3264 servus
1626 3211 1791 3276 major
1817 3208 2019 3261 domino
2042 3223 2152 3270 suo,
2177 3205 2244 3260 ad

672 3310 771 3361 hoc
800 3307 996 3359 dictum
1026 3316 1163 3366 esse,
1202 3311 1258 3354 ut
1283 3300 1329 3354 si
1357 3300 1588 3369 quipiam
1617 3313 1647 3352 a
1672 3299 1859 3364 servis,
1896 3298 1980 3352 vel
2016 3299 2135 3353 aliis
2164 3297 2244 3352 vi-

670 3397 890 3451 lioribus
918 3392 1159 3464 personis
1187 3390 1473 3460 quidquam
1518 3388 1637 3442 mali
1683 3390 1967 3457 patiantur,
2019 3404 2084 3442 ne
2131 3398 2243 3443 tur-

669 3488 891 3549 bentur,
935 3484 998 3537 ad
1042 3483 1191 3537 Juuze
1227 3480 1527 3548 exemplum
1557 3479 1921 3547 respicientes,
1953 3479 2041 3548 qui
2085 3481 2243 3533 innu-

667 3592 810 3633 mera
857 3581 1215 3643 consequutus
1262 3570 1396 3625 bona
1427 3611 1442 3634 ,
1493 3569 1754 3623 contraria
1801 3570 2064 3639 rependit.
2121 3569 2244 3625 Ideo

672 3666 939 3731 subdidit,
987 3664 1085 3731 Qui
1140 3663 1408 3715 manduca!
1459 3675 1652 3713 mecum
1694 3676 1912 3729 panem;
1961 3661 2243 3730 missisque

666 3761 785 3813 aliis
812 3756 1060 3812 omnibus
1084 3795 1099 3819 ,
1135 3754 1234 3806 hoc
1255 3793 1271 3817 ,
1299 3751 1439 3820 quod
1469 3751 1640 3819 ipsum
1674 3759 1876 3818 poterat
1904 3749 2156 3805 cohibere
2190 3759 2244 3805 et

667 3851 868 3920 pudore
893 3847 1126 3908 afﬁcere,
1153 3841 1388 3913 protulit.
1412 3839 1512 3907 Qui
1541 3855 1569 3892 a
1598 3854 1682 3894 me
1709 3839 1968 3905 alebatur,
1997 3839 2086 3909 qui
2114 3839 2240 3894 mihi

664 3954 863 3996 mensae
890 3949 1111 3993 consors
1145 3940 1289 3996 erat,
1320 3931 1505 4001 inquit.
1548 3930 1670 3984 Haac
1713 3945 1870 3999 porro
1906 3931 2154 3997 dicebat,
2185 3942 2243 3986 ut

669 4031 792 4084 illos
818 4028 1118 4082 institueret
1160 4021 1225 4075 ad
1271 4019 1524 4075 beneﬁcia
1559 4021 1620 4073 iis
1653 4020 1945 4089 przestanda
1966 4062 1982 4086 ,
2020 4022 2107 4091 qui
2138 4021 2240 4074 sibi

664 4125 863 4179 malum
909 4117 1186 4178 inferrent,
1232 4112 1437 4168 etiamsi
1486 4111 1804 4166 insanabiles
1850 4121 2053 4168 essent.
2107 4113 2237 4168 Cum

662 4214 790 4269 dicit
813 4218 1015 4276 autem,
1056 4205 1177 4260 Non
1205 4203 1267 4258 de
1293 4204 1427 4257 vobis
1453 4202 1682 4255 omnibus
1723 4203 1835 4256 dico
1856 4243 1871 4268 ,
1897 4218 1964 4257 ne
1990 4203 2240 4258 omnibus

666 4308 910 4358 timorem
938 4300 1222 4358 incuteret,
1248 4294 1394 4347 illum
1420 4292 1630 4345 tandem
1658 4302 1900 4361 segregat
1923 4291 2008 4346 his
2029 4293 2202 4347 verbis
2219 4334 2235 4360 ,

663 4396 761 4458 Qui
786 4389 1055 4444 manducet
1081 4400 1272 4440 mecum
1295 4398 1494 4452 parient.
1529 4381 1658 4435 Illud
1690 4381 1853 4444 enim,
1886 4380 2006 4434 Non
2034 4383 2097 4436 de
2139 4399 2241 4436 om-

657 4485 822 4546 nibus,
852 4495 955 4536 non
985 4479 1202 4534 omnino
1231 4488 1391 4526 unum
1415 4472 1713 4541 quempiam
1741 4470 2083 4540 designabat:
2115 4488 2235 4542 pm.

658 4587 835 4646 pterea
859 4569 1113 4633 subdidit,
1148 4565 1251 4632 Qui
1277 4564 1548 4617 manducat
1579 4577 1773 4616 mecum
1795 4578 1996 4632 panem,
2039 4565 2236 4618 misero

658 4665 970 4725 declarans,
1016 4675 1076 4713 se
1123 4672 1227 4711 non
1278 4655 1609 4725 ignorantem
1639 4653 1731 4708 sed
1763 4654 1929 4722 probe
1972 4656 2231 4710 scientem

659 4751 1062 4825 comprehendi,
1095 4748 1145 4802 id
1179 4746 1318 4817 quod
1355 4746 1503 4800 illum
1546 4746 1774 4800 maxime
1800 4747 2049 4802 cohibere
2079 4760 2232 4817 pote-

657 4860 759 4906 rat.
788 4847 968 4916 Neque
1005 4842 1158 4906 dixit,
1205 4839 1387 4893 Tradit
1431 4853 1544 4902 me;
1590 4839 1705 4905 sed,
1735 4838 1936 4892 Levavit
1966 4857 2118 4909 super
2156 4858 2232 4894 me

657 4941 966 5000 calcaneum,
1006 4942 1063 4988 ut
1087 4930 1267 4986 dolum
1297 4937 1352 4984 et
1373 4929 1605 4984 occultas
1633 4929 1848 4985 insidias
1877 4931 2190 4986 declararet.

724 5033 776 5085 5.
823 5027 977 5081 Miser
995 5033 1088 5088 est,
1117 5038 1215 5075 non
1235 5021 1321 5086 qui
1342 5021 1549 5090 patitur,
1572 5021 1659 5074 sed
1680 5023 1768 5090 qui
1787 5023 1938 5092 infert
1967 5025 2226 5091 injuriam.

655 5123 852 5178 __H;gc
883 5133 1039 5188 porro
1060 5115 1252 5185 scripta
1277 5121 1420 5176 sunt,
1448 5121 1508 5166 ut
1535 5127 1603 5166 ne
1620 5113 1859 5182 injuriam
1885 5115 2227 5170 inferentibus

653 5221 1095 5269 succenseamus,
1139 5204 1232 5258 sed
1277 5204 1394 5258 illos
1443 5219 1727 5273 arguamus
1773 5214 1825 5259 et
1853 5205 2222 5275 deploremus.

656 5299 927 5372 Lacrymis
942 5296 1083 5352 enim
1111 5294 1253 5363 digni
1273 5303 1416 5356 sunt,
1451 5309 1553 5348 non
1583 5296 1859 5364 patientes,
1879 5297 1970 5350 sed
2000 5298 2228 5352 inferen-

655 5406 734 5447 tcs
765 5389 1032 5460 injuriam.
1077 5383 1206 5438 Nam
1248 5397 1305 5436 se
1347 5385 1573 5438 maxime
1608 5385 1806 5439 lardunt
1833 5399 2032 5454 raptor,
2073 5404 2224 5459 syco-

655 5485 871 5552 phanta,
902 5476 1018 5532 etsi
1049 5475 1139 5544 qui
1190 5471 1333 5526 aliud
1383 5474 1505 5526 mali
1561 5473 1826 5540 inferant;
1871 5478 2023 5531 nobis
2049 5488 2222 5533 autem

651 5573 807 5629 valde
845 5576 1099 5640 prosunt,
1154 5565 1252 5619 nisi
1307 5579 1405 5618 nos
1456 5566 1552 5633 ipsi
1601 5567 1936 5623 ulciscamur.
1985 5571 2221 5641 Exempli

1381 373 1436 431 S.
1477 371 1752 430 JOANNlS
1786 362 2248 429 CHRYSOSTOII
2289 361 2603 426 ARCHI'EP.
2645 369 3180 430 CONSTANTINOP.

3850 375 3965 431 588

2372 497 2494 538 nem
2527 483 2802 539 innumera
2840 485 3056 554 prxemia
3082 491 3440 556 consequutus
3467 496 3566 541 es:
3596 485 3956 557 quenadmo-

2366 572 2490 629 dum
2522 574 2608 629 ille
2648 575 2964 631 immensum
3006 576 3105 631 sibi
3161 577 3338 646 ignem
3392 577 3687 647 apparavit.
3730 576 3790 631 Si
3830 580 3956 647 quis

2367 681 2494 720 vero
2518 666 2710 719 dixerit
2736 685 2749 719 :
2777 665 2934 733 Quid,
2966 668 3008 720 si
3058 665 3279 722 inferior
3313 681 3434 721 cum
3457 682 3654 734 essem,
3694 667 3952 738 injuriam

2366 769 2473 808 non
2524 757 2666 825 potui
2719 756 3068 824 propulsare?
3116 755 3484 824 responderim
3535 772 3665 826 ego,
3718 757 3949 811 Potuisti

2367 848 2624 919 indignari
2669 857 2722 902 et
2762 863 3129 904 succensere:
3165 849 3280 908 hac
3321 849 3464 902 enim
3507 850 3560 902 in
3607 859 3791 903 nostra
3823 859 3952 903 sunt

2364 947 2646 1008 potestate,
2680 940 2960 1008 imprecari
2991 939 3226 1002 l:edenti,
3254 940 3536 1008 ipsumque
3579 940 3731 992 mille
3778 939 3948 994 male-

2362 1030 2778 1099 dictisprosequi
2803 1038 2859 1084 et
2876 1029 3153 1084 infamare.
3187 1028 3284 1096 Qui
3310 1028 3411 1084 hoc
3433 1044 3536 1084 non
3563 1028 3704 1089 facit.
3731 1031 3950 1082 omissa

2364 1123 2612 1176 vindictae
2648 1121 2947 1178 mercedem
2978 1121 3216 1190 recipiet.
3239 1118 3460 1176 Constat
3484 1122 3624 1176 enim
3647 1137 3791 1185 eum,
3823 1137 3946 1175 cum

2363 1211 2466 1268 hoc
2488 1223 2667 1283 posset
2701 1213 2895 1276 facere,
2919 1227 3023 1268 non
3047 1211 3241 1268 fecisse
3271 1221 3469 1268 tamen.
3494 1211 3625 1267 Nam
3651 1213 3740 1282 qui
3784 1212 3948 1266 Iasus

2361 1310 2462 1367 est,
2493 1303 2662 1358 obviis
2691 1302 2994 1374 quibusque
3031 1303 3194 1356 armis
3243 1303 3410 1356 utitur
3433 1343 3448 1366 ,
3481 1301 3526 1356 si
3558 1301 3803 1370 injuriam
3835 1315 3946 1355 non

2362 1392 2514 1458 ferat,
2548 1392 2862 1456 maledictis,
2907 1393 3186 1459 conviciis,
3220 1392 3428 1447 insidiis
3475 1391 3754 1447 ledentem
3809 1390 3945 1444 ulci-

2360 1485 2546 1538 scitur.
2568 1483 2648 1538 Ab
2671 1483 2752 1538 his
2768 1497 2896 1554 ergo
2915 1493 2968 1536 tu
2987 1483 3030 1537 si
3057 1497 3160 1537 non
3179 1482 3339 1536 modo
3358 1481 3645 1547 abstineas,
3669 1481 3762 1536 sed
3779 1482 3943 1535 etiam

2362 1589 2459 1645 pro
2503 1575 2595 1629 illo
2644 1575 2898 1643 preceris,
2931 1572 3033 1628 hoc
3075 1582 3229 1643 pacto
3262 1573 3370 1627 Deo
3399 1571 3588 1626 similis
3611 1571 3830 1626 effectus
3858 1586 3940 1626 es.

2365 1664 2534 1729 Orate,
2564 1664 2752 1734 inquit,
2802 1680 2894 1733 pro
2942 1663 3349 1730 persequentibus
3394 1677 3499 1725 vos,
3535 1671 3587 1713 ut
3616 1663 3723 1715 sitis
3753 1659 3945 1714 similes

2363 1756 2509 1811 Patri
2534 1765 2711 1820 oestro,
2736 1757 2909 1825 quiest
2937 1756 2989 1808 in
3019 1754 3156 1808 catis
3181 1753 3392 1823 (lauit.
3420 1753 3473 1808 5.
3498 1754 3586 1808 u.
3615 1754 3727 1822 45).
3754 1752 3944 1808 Viden'

2359 1857 2555 1918 quanta
2605 1847 2871 1902 lucremur
2895 1862 2962 1902 ex
3012 1846 3174 1901 illatis
3205 1846 3448 1916 injuriis?
3496 1845 3638 1899 Nihil
3671 1846 3738 1899 ita
3771 1845 3942 1899 Deum

2358 1939 2607 2007 delectat,
2635 1951 2694 1994 ut
2720 1955 2826 1993 non
2848 1937 3077 1994 reddere
3107 1938 3301 1993 malum
3321 1953 3418 2008 pro
3430 1937 3712 2003 maln,imo
3741 1938 3942 1992 bonum

2359 2048 2456 2103 pro
2489 2032 2627 2086 malo
2666 2030 2913 2087 reddere.
2941 2029 3223 2085 Contraria
3261 2044 3390 2100 ergo
3419 2029 3642 2084 reddere
3661 2028 3940 2097 iubemur,

2358 2121 2552 2185 ofﬁcia,
2588 2133 2791 2189 preces.
2822 2118 2947 2175 Ideo
2972 2119 3215 2174 Christus
3249 2134 3371 2174 eum
3413 2118 3502 2186 qui
3552 2131 3610 2172 se
3637 2117 3943 2187 proditurus

2357 2221 2473 2266 erat
2516 2210 2791 2266 beneflciis
2816 2211 3099 2271 afﬁciebat.
3156 2210 3320 2280 pedes
3349 2210 3466 2278 ejus
3520 2209 3750 2275 lavabat,
3801 2210 3940 2264 clam

2355 2302 2628 2372 arguebat,
2650 2317 2805 2371 parce
2835 2299 3278 2371 reprehendebat,
3302 2299 3512 2365 officiis,
3531 2313 3733 2362 mensa,
3756 2299 3942 2354 osculo

2354 2392 2688 2462 dignabatur.
2722 2391 2901 2460 Neque
2932 2400 3108 2444 tamen
3144 2391 3231 2444 ille
3262 2391 3506 2458 resipuit,
3547 2389 3641 2444 sed
3690 2389 3938 2444 Christus

2356 2500 2450 2539 sua
2479 2499 2640 2554 agens
2672 2484 2920 2552 perstitit.
2939 2483 3136 2537 Verum
3159 2497 3277 2551 age,
3309 2498 3592 2536 servorum
3615 2483 3859 2551 exemplo
3891 2492 3942 2536 te

2359 2574 2693 2640 erudiamus,
2724 2584 2903 2642 atque,
2940 2571 3080 2642 quod
3110 2571 3335 2625 validius
3363 2581 3466 2634 cst,
3502 2587 3566 2624 ex
3601 2572 3714 2639 ipso
3762 2571 3940 2625 Veteri

2360 2663 2722 2724 Testamento.
2755 2675 2809 2716 ut
2857 2662 3036 2716 videas
3064 2678 3160 2716 nos
3190 2662 3386 2715 nullum
3418 2664 3810 2716 excusationem
3839 2662 3941 2714 ha-

2356 2753 2502 2820 bere,
2532 2754 2574 2808 si
2606 2753 2918 2822 injuriarum
2948 2752 3313 2806 recordemur.
3342 2751 3515 2804 Vultis
3557 2752 3772 2822 Moysen
3803 2752 3939 2807 affe-

2355 2861 2485 2907 ram,
2514 2845 2598 2898 vel
2620 2844 2780 2898 altius
2799 2843 3074 2912 repetant?
3098 2842 3309 2909 Quanto
3332 2845 3474 2898 enim
3500 2844 3785 2897 vetustiora
3814 2851 3942 2896 sunt

2353 2937 2616 3004 exempla,
2669 2945 2815 2989 tanto
2851 2935 2916 2990 ad
2963 2934 3391 3005 persuadendum
3450 2935 3677 3003 aptiora.
3724 2933 3940 3000 Quare?

2352 3027 2484 3093 Quia
2509 3035 2633 3081 tunc
2662 3025 2931 3080 difficilior
2958 3035 3076 3080 erat
3117 3026 3306 3079 virtus.
3332 3024 3512 3094 Nequi-
3533 3025 3674 3079 enim
3707 3034 3830 3077 tunc
3856 3024 3938 3077 illi

2351 3120 2495 3189 leges
2519 3119 2747 3188 scriptas
2775 3117 3060 3182 habebant,
3107 3132 3211 3171 non
3242 3125 3477 3171 veterum
3511 3114 3793 3184 exempla;
3840 3114 3938 3169 sed

2353 3207 2491 3263 nuda
2532 3223 2626 3277 per
2666 3222 2723 3262 se
2753 3215 2938 3261 natura
2969 3206 3257 3277 pugnabat,
3291 3215 3345 3260 et
3395 3207 3509 3259 sine
3539 3217 3692 3276 portu
3721 3207 3804 3260 ιιι-1
3835 3220 3935 3260 ora

2351 3299 2547 3370 ubique
2599 3313 2726 3353 nare
2781 3297 3090 3366 cogebatur.
3157 3295 3496 3365 Quapropter
3549 3296 3658 3350 Noe
3711 3296 3940 3350 laudans

2351 3391 2646 3460 Scriptura,
2677 3404 2782 3442 non
2809 3387 2968 3440 modo
2996 3386 3290 3456 perfectum
3321 3397 3492 3447 vocat,
3523 3387 3617 3441 sed
3666 3387 3833 3450 addit,
3870 3386 3937 3441 In

2349 3484 2666 3554 generatione
2682 3497 2774 3535 sua
2795 3478 3000 3549 (Germ.
3026 3479 3077 3533 6.
3100 3478 3180 3548 9).
3204 3478 3504 3534 Ostendens
3530 3479 3622 3532 illo
3668 3488 3938 3548 tempore,

2348 3589 2468 3628 cum
2492 3573 2654 3626 multa
2679 3578 2860 3626 essent
2904 3569 3288 3638 impedimenta
3314 3588 3327 3623 :
3362 3584 3484 3623 nam
3516 3569 3605 3623 alii
3634 3579 3753 3639 post
3780 3571 3940 3626 illum

2347 3665 2676 3727 claruerunt,
2706 3676 2810 3717 non
2845 3672 3020 3716 tamen
3041 3661 3186 3715 illum
3216 3660 3524 3716 inferiorem
3556 3658 3739 3715 fuisse.
3774 3660 3941 3716 Tem-

2348 3756 2566 3826 poribus
2588 3754 2729 3809 enim
2766 3752 2881 3806 suis
2911 3750 3180 3820 perfectus
3226 3759 3361 3805 erat.

2387 3845 2580 3914 Ioseph
2597 3845 2883 3913 exemplum
2897 3843 3245 3912 patientid.—
3259 3841 3389 3909 Quis
3409 3856 3538 3912 ergo
3553 3850 3676 3898 ante
3691 3841 3939 3915 loysem

2351 3939 2558 4009 patiens
2587 3937 2726 3992 fuit?
2770 3936 2966 3990 Beatus
2988 3949 3049 3989 ac
3071 3944 3322 3990 strenuus
3348 3933 3438 3990 ille
3462 3933 3684 4003 Joseph.
3717 3937 3805 4005 qui
3835 3950 3938 3991 ca-

2345 4029 2520 4083 stitate
2544 4027 2772 4097 fulgens,
2802 4040 2909 4080 non
2937 4026 3114 4080 minus
3134 4024 3386 4094 patientia
3418 4024 3764 4094 resplendnit.
3789 4025 3938 4081 Ven-

2342 4118 2484 4173 ditus
2508 4125 2592 4172 est
2622 4131 2742 4170 cum
2767 4115 2968 4169 nullum
2997 4115 3244 4178 laesisset,
3275 4113 3386 4167 imo
3417 4113 3594 4168 oﬂicia
3621 4115 3785 4169 etiam
3810 4129 3936 4171 ser-

2345 4210 2470 4264 vilia
2493 4209 2713 4262 omnino
2740 4207 3098 4276 praestitisset.
3136 4205 3240 4276 ipsi
3266 4205 3567 4284 convicium
3611 4207 3933 4274 intulerunt,

2345 4315 2444 4354 nec
2471 4314 2530 4354 se
2557 4299 2698 4353 ultus
2744 4307 2844 4362 est,
2902 4298 3026 4352 licet
3054 4305 3266 4366 patrem
3316 4310 3498 4352 secum
3532 4296 3748 4354 haberet
3787 4317 3800 4352 :
3832 4301 3928 4352 se.‘

2343 4390 2470 4444 abiit
2519 4389 2693 4443 cibum
2723 4387 2955 4443 aﬂ’erens
2985 4387 3089 4442 illis
3125 4387 3180 4442 in
3223 4386 3531 4451 desertum;
3562 4397 3619 4443 et
3667 4402 3788 4442 cum
3819 4403 3932 4442 non

2343 4481 2603 4534 inveniret
2648 4493 2760 4542 eos,
2819 4492 2922 4532 non
2964 4476 3274 4542 maledixit,
3307 4493 3482 4547 neque
3533 4493 3780 4533 reversus
3820 4490 3931 4546 est,

2340 4571 2548 4626 etiamsi
2573 4585 2754 4624 ansam
2783 4569 3022 4636 arripere
3055 4578 3256 4637 posset.
3289 4569 3332 4621 si
3359 4568 3642 4633 voluisset;
3677 4569 3770 4623 sed
3799 4585 3934 4639 erga

2342 4662 2461 4714 illas
2491 4659 2664 4724 feras,
2707 4674 2832 4728 erga
2880 4659 3000 4712 illos
3031 4659 3310 4723 immanes,
3365 4657 3544 4712 fratris
3586 4672 3802 4727 semper
3846 4660 3945 4714 af-

2342 4752 2534 4806 fectum
2583 4751 2833 4806 servavit.
2885 4749 3092 4802 Rursus
3122 4749 3175 4801 in
3217 4762 3435 4803 carcere
3476 4748 3796 4803 constitutus
3822 4791 3839 4813 .
3876 4761 3937 4807 et

2339 4857 2550 4896 causam
2580 4850 2816 4910 rogatus,
2843 4839 2975 4892 nihil
3005 4839 3129 4892 mali
3156 4838 3225 4893 de
3262 4838 3518 4895 fratribus
3540 4839 3793 4910 loquutus
3825 4853 3932 4906 est,

2338 4933 2430 4988 sed
2463 4944 2682 4994 tantum,
2706 4931 2841 4986 Nihil
2867 4931 2966 4986 feci
2987 4948 3001 4995 ;
3022 4941 3097 4997 et,
3127 4930 3287 4986 Furta
3312 4933 3540 4988 sublatus
3562 4950 3674 4988 sum
3700 4935 3762 4990 de
3792 4945 3928 4990 terra

2342 5025 2667 5078 Hebrrrorum
2700 5022 2850 5090 (Gen.
2899 5023 2986 5077 40.
3018 5023 3124 5092 l5).
3155 5025 3231 5077 Ac
3263 5034 3446 5091 postea
3476 5038 3662 5078 rursus
3693 5025 3783 5080 ubi
3821 5041 3922 5095 pu-

2339 5129 2470 5174 testa
2537 5134 2581 5170 ἠ
2634 5118 2858 5185 accepit,
2895 5118 3013 5170 illos
3059 5117 3192 5171 aluit
3237 5125 3292 5171 et
3332 5131 3360 5170 a
3415 5117 3569 5170 malis
3624 5118 3933 5174 innumeris

2334 5211 2541 5277 eripuit.
2570 5208 2700 5262 Nam
2730 5209 2771 5261 si
2796 5207 3092 5276 vigilemus,
3122 5223 3226 5261 non
3246 5218 3419 5275 potest
3439 5209 3662 5276 proximi
3685 5210 3929 5276 nequitia

2335 5314 2430 5354 nos
2461 5315 2489 5352 a
2524 5300 2713 5352 virtute
2745 5297 2997 5366 dejicere.
3054 5297 3121 5350 At
3168 5296 3362 5351 fratres
3393 5301 3510 5362 ejus
3537 5307 3745 5350 contra.
3789 5297 3929 5353 Nam

2332 5399 2477 5444 vtrste
2523 5389 2671 5442 illum
2723 5397 3019 5452 exuerunt,
3067 5396 3122 5442 et
3181 5387 3429 5442 occidere
3474 5396 3777 5450 tentarunt,
3834 5406 3920 5446 so-

2332 5481 2639 5549 mniumque
2677 5479 3092 5548 exprobrarunt,
3123 5478 3334 5532 etiamsi
3360 5478 3535 5533 cibum
3558 5480 3624 5533 ab
3648 5480 3738 5533 illo
3764 5496 3929 5536 accc-

2330 5581 2540 5643 perant,
2570 5581 2726 5640 atque
2760 5572 2864 5624 vita
2898 5581 2952 5626 et
3003 5571 3253 5625 libertate
3297 5569 3446 5623 illum
3497 5571 3728 5640 spoliare
3783 5575 3925 5627 niteo

653 5681 832 5731 rausa,
862 5662 1034 5730 rapuit
1060 5659 1341 5728 quiSpiam,
1373 5665 1426 5711 et
1461 5667 1515 5710 tu
1544 5673 1638 5730 pro
1666 5662 1853 5730 injuria
1885 5664 2083 5732 gratias
2114 5665 2222 5718 Deo
2327 5669 2537 5722 bantur.
2563 5664 2638 5717 ΙΙΙί
2663 5662 3035 5724 comedebant,
3057 5672 3109 5716 et
3141 5661 3336 5716 nudum
3363 5659 3577 5715 fratrem
3607 5661 3654 5714 in
3677 5664 3924 5718 cisterna

658 5757 807 5826 egisti
830 5796 842 5820 ,
862 5756 1063 5824 ipsique
1100 5749 1320 5820 gloriam
1348 5749 1606 5804 retulisti?
1633 5752 1726 5806 Per
1752 5756 2034 5823 gratiarum
2059 5759 2219 5813 actio-

2329 5759 2615 5814 demissum
2664 5755 3079 5810 ,ontemnebant.
3111 5753 3247 5821 Quid
3281 5756 3377 5808 hac
3409 5752 3613 5806 feritate
3631 5750 3923 5810 deterius?
