4130 6332
167 417 269 473 053

1052 405 1117 459 IN
1158 402 1611 461 mammam
1652 365 1737 455 εἰ
1779 400 1845 455 IN
1887 391 2342 454 eumeum.
2385 386 2537 445 ETC.

3335 371 3440 435 65$

3046 534 3387 551 -——.——-——

169 528 3449 599 Wm_q

1254 707 1332 770 ΙΝ
1377 698 1855 780 SEQUENTEM
1895 696 2368 764 SERMONEM.

166 889 370 952 horret,
408 886 478 939 ita
510 892 569 937 tit
594 896 695 935 nec
718 879 857 934 inter
878 872 1333 947 ἀμφιδαλλὸμενα
1363 868 1643 925 accenseri
1668 876 1962 930 mereatur,
1994 874 2052 919 ut
2081 854 2415 918 existimabit
2440 855 2583 915 haud
2610 852 2774 914 dubie
2803 856 3050 927 quisquis
3082 851 3453 925 Chrysostoml

169 951 435 1037 orationes
463 978 547 1034 vel
575 975 905 1047 primoribus
942 972 1106 1026 labris
1138 967 1373 1041 attigerit
1412 984 1423 1021 :
1459 978 1521 1021 ac
1551 965 1635 1019 vel
1663 978 1731 1019 ex
1760 964 1877 1033 ipso
1908 961 2154 1016 ordiendi
2194 960 2355 1014 modo
2385 958 2549 1012 alium
2586 955 2963 1025 deprehendet
2993 962 3288 1047 oratorem.
3328 951 3449 1005 Cte-

172 1086 342 1131 terum
380 1088 486 1127 non
531 1046 783 1124 indoctus
812 1076 895 1121 est
928 1066 1160 1134 scriptor
1190 1063 1312 1125 iste,
1362 1068 1417 1114 et
1467 1058 1593 1113 licet
1634 1055 1940 1110 innumeris
1982 1052 2405 1124 repetitionibtis
2454 1065 2716 1111 nauseam
2751 1049 2949 1118 pariat.
2990 1055 3137 1101 recte
3164 1046 3359 1115 probat
3390 1061 3455 1099 ex

172 1170 254 1224 his
285 1166 523 1237 Apostoli
556 1164 735 1220 verbis
768 1181 780 1216 :
814 1161 935 1216 Non
966 1170 1041 1214 est
1064 1157 1281 1213 volentis
1306 1170 1469 1225 neque
1494 1151 1773 1216 currentis,
1798 1151 1887 1205 sed
1916 1148 2211 1203 miserentis
2240 1157 2313 1200 est
2350 1146 2465 1207 Dei,
2498 1161 2608 1199 non
2633 1144 2784 1213 sequi
2821 1142 3095 1197 hominem
3124 1142 3217 1213 qui
3246 1151 3458 1213 peccat,

172 1233 591 1331 culpa-liberum
631 1270 784 1321 esse;
831 1252 928 1308 sed
958 1268 1023 1307 ex
1057 1250 1354 1307 voluntatis
1389 1263 1501 1303 suae
1550 1245 1851 1318 proposito,
1888 1244 1991 1300 sibi
2036 1241 2337 1313 perniciem
2369 1247 2424 1294 et
2469 1238 2750 1293 interitum
2799 1252 3013 1307 parere,
3065 1237 3210 1307 quod
3246 1252 3312 1291 ex
3344 1233 3461 1291 aliis

177 1356 467 1428 Scriptura:
496 1352 654 1410 dictis
682 1360 738 1408 et
765 1349 1027 1421 exemplis
1051 1346 1355 1412 confirmat,
1402 1360 1466 1402 ac
1498 1344 1828 1418 syllogistico
1858 1352 2007 1398 more
2043 1341 2366 1412 plerumque
2405 1336 2667 1409 procedit.

164 2044 221 2087 tv
267 2032 678 2085 οῐιΑΝΑΜεΔΜ
726 2033 805 2081 ετ
850 2034 909 2079 IN
959 2030 1375 2083 enanaouau,
1408 2024 1487 2071 ar
1530 2027 1701 2081 Quen
1746 2026 1871 2069 NON
1906 2024 2210 2068 VOLENTIS
2256 2023 2465 2076 NEQUE
2512 2022 2892 2081 connexus,
2928 2018 3047 2065 suo
3095 2014 3471 2065 tttsenuxrts

1174 2124 1271 2178 SIT
1314 2133 1422 2174 DEI
1470 2112 1729 2194 (Matth.
1764 2110 1862 2171 15.
1897 2111 2073 2170 Rom.
2120 2110 2183 2178 9,
2239 2109 2337 2189 16)

1450 2252 2177 2293 WWW

232 2391 282 2446 1.
309 2382 529 2444 Etiamsi
549 2395 646 2440 nos
665 2384 999 2454 vespertinus
1018 2381 1107 2435 llle
1126 2381 1383 2454 tumultus
1402 2380 1755 2454 perturbavit,

165 2472 214 2514 at
246 2460 570 2515 exltilaravit
611 2451 985 2510 universorum
1030 2452 1286 2505 studium.
1318 2451 1434 2505 Non
1468 2453 1609 2506 enim
1646 2461 1759 2505 tnr-

165 2534 347 2587 barttut
382 2528 751 2586 eoufuslonem
776 2567 788 2587 ,
822 2525 913 2579 sed
942 2524 1247 2577 auditorum
1280 2522 1549 2577 fervorem
1584 2523 1754 2591 respi-

162 2604 364 2657 cit-ham
404 2609 813 2670 :spcctatorque
843 2612 991 2651 eram
1028 2594 1252 2670 forensis
1292 2594 1757 2670 et_popularis_ttt-

164 2675 378 2739 multus,
410 2664 1023 2741 simulquediviulalque
1041 2665 1386 2741 prgbistudii,
1412 2664 1481 2717 ita
1518 2673 1575 2719 ut
1614 2665 1759 2719 diee-

163 2758 271 2798 retu
295 2762 308 2798 :
336 2735 523 2797 ﬁrmus
540 2735 740 2810 quidem
758 2748 873 2794 siml
896 2735 1075 2810 "ianus
1094 2735 1252 2801 Esau,
1272 2752 1371 2790 vox
1385 2746 1553 2810 autem
1572 2752 1669 2810 eoa:
1684 2746 1757 2810 est

160 2814 336 2868 Jacobi
366 2812 526 2884 (Gen.
553 2806 644 2866 97.
674 2813 799 2881 22).
822 2809 1096 2876 Popularis
1113 2816 1226 2862 erat
1251 2806 1526 2884 tumultus,
1559 2806 1653 2861 sed
1673 2807 1758 2884 _di-

164 2886 341 2939 viuum
373 2878 647 2940 'studinm.
676 2878 899 2955 Oportet
925 2888 1112 2955 autem
1146 2894 1260 2932 non
1284 2878 1509 2955 distrahi
1541 2895 1607 2933 ex
1628 2878 1753 2955 cla-

164 2970 309 3011 more
357 2950 816 3019 tumultuantium,
849 2952 941 3008 sed
975 2951 1246 3018 respicere
1276 2950 1511 3015 studium
1538 2950 1754 3005 audito-

164 3044 299 3081 rum.
352 3026 482 3093 Nam
535 3026 835 3081 Chananzea
892 3032 1014 3093 post
1064 3021 1403 3093 Servatorem
1452 3023 1750 3093 clamabat;

164 3110 344 3153 verum
380 3091 468 3153 ille
500 3112 604 3152 non
637 3095 701 3150 ad
729 3091 1020 3152 clamorem
1061 3092 1324 3153 attendit.
1357 3092 1450 3146 Sed
1479 3092 1547 3146 ad
1590 3094 1752 3147 animi

163 3169 431 3224 affectum.
454 3168 734 3223 Clamabat
762 3180 891 3236 ergo
911 3204 924 3227 ,
952 3175 1008 3217 ttt
1035 3162 1194 3217 modo
1215 3164 1755 3236 audistis,l)ominira

163 3254 393 3310 sequens
418 3240 636 3308 vestigia
664 3257 675 3291 :
712 3237 816 3292 Fili
834 3234 1024 3310 David,
1046 3236 1280 3310 miserere
1304 3237 1398 3287 mei
1424 3234 1636 3310 (Matth.
1663 3237 1752 3310 15.

163 3305 335 3376 22M)
351 3305 587 3381 gentium
610 3310 797 3365 fidem!
820 3324 852 3363 ο
868 3307 1175 3381 .ludtrorum
1197 3305 1461 3381 ingratum
1475 3306 1711 3360 animum
1737 3309 1748 3362 !

164 3383 243 3437 Ab
273 3376 565 3437 Israelitico
590 3383 790 3451 genere‘
811 3381 1003 3438 aliena,
1031 3394 1130 3432 nec
1162 3376 1212 3429 in
1238 3376 1362 3451 lege
1381 3377 1628 3451 educata,
1655 3394 1754 3433 nec

165 3455 213 3523 iu
259 3453 535 3523 prophetis
580 3448 787 3505 versata
813 3492 828 3517 ,
878 3450 1156 3523 veritatem
1202 3448 1491 3523 praedicat,
1524 3448 1748 3523 dicens,

166 3518 271 3577 Fili
310 3518 510 3585 (larid,
552 3524 788 3576 miserere
828 3522 960 3585 mel,-
1002 3521 1091 3589 qui
1136 3533 1263 3573 vero
1312 3519 1359 3571 itt
1392 3519 1507 3588 lcgc
1536 3518 1749 3574 educati

167 3595 407 3659 fuerant,
429 3596 518 3665 qui
549 3594 858 3665 prophetas
889 3591 1200 3651 audierant.
1228 3590 1564 3665 mendacium
1598 3600 1753 3645 tuen-

166 3676 248 3720 tur
272 3660 515 3721 dicent-cs
533 3660 564 3729 ,’
582 3660 695 3718 Non
742 3664 987 3717 novimus
1034 3676 1155 3715 eum
1182 3676 1196 3723 ;
1229 3660 1597 3714 Samaritanus
1627 3673 1710 3716 est
1735 3705 1749 3727 ,

164 3747 215 3791 et
234 3737 556 3791 dmmonium
582 3735 759 3789 habet.
782 3734 824 3788 0
850 3733 1007 3787 fidem
1032 3732 1269 3797 gentium
1292 3731 1303 3784 l
1330 3747 1362 3785 ο
1385 3731 1749 3788 lsraelitarum

165 3808 426 3877 ingratum
445 3806 705 3877 animum!
726 3804 855 3877 Vide
877 3806 1040 3858 lteum
1060 3804 1461 3877 e_t_Servatorem
1486 3804 1747 3877 omnium,

162 3872 415 3947 quantum
447 3892 616 3946 genus
641 3875 767 3930 illud
791 3875 1040 3947 honoret.
1079 3872 1199 3947 Non
1219 3873 1501 3947 carbonum
1522 3876 1751 3947 accipere

164 3943 341 4017 panem
385 3943 639 4017 ﬁliorum,
674 3957 719 4000 et
764 3946 1009 4017 projicere
1052 3945 1258 4017 canibus
1294 3943 1474 4014 (Ibid.
1508 3960 1555 3997 υ.
1597 3946 1665 4000 26
1707 3946 1748 4016 ).

161 4016 357 4075 Gentes
383 4016 532 4074 vocat
554 4030 713 4072 canes
735 4060 748 4083 ,
766 4016 830 4072 et
852 4016 1121 4071 ’lsraelitas
1151 4016 1288 4069 lilios
1314 4033 1326 4067 :
1362 4026 1750 4072 transmittatur

163 4089 333 4145 honor
359 4106 389 4144 a
424 4090 654 4160 populo;
710 4099 761 4143 et
791 4090 879 4157 qui
912 4086 1478 4160 Itonorantur,»ipsutn
1512 4087 1751 4144 dehone-

161 4169 330 4226 staut;
355 4157 442 4227 qui
471 4157 881 4229 despiciuntur,
911 4159 1137 4213 adorant
1164 4172 1177 4209 :
1211 4158 1299 4228 qui
1330 4157 1423 4211 filii
1454 4168 1744 4225 vocantur,

160 4232 476 4287 beneficium
507 4228 610 4285 non
645 4231 941 4301 rccipiunt;
975 4228 1279 4301 Chanantea
1312 4244 1438 4283 vero
1466 4229 1617 4284 canis
1646 4246 1747 4299 ap-

162 4304 347 4370 pellata
371 4343 387 4367 ,
416 4318 447 4357 a
488 4303 729 4357 benefice
760 4298 877 4355 ’uon
926 4302 1145 4356 recedit.
1177 4298 1301 4353 ldeo
1347 4315 1575 4368 namque
1623 4298 1748 4358 Ser-

157 4384 307 4428 vator
353 4381 542 4428 canem
589 4373 799 4427 vocavit
844 4374 1157 4432 mulierem,
1191 4387 1295 4425 non
1329 4380 1385 4424 ut
1422 4376 1745 4427 contumelia

158 4444 416 4507 afficeret,
440 4450 533 4499 sed
559 4453 614 4497 ut
633 4445 745 4511 ejus
772 4442 1019 4498 affectum
1045 4441 1389 4510 patefaceret,
1409 4442 1747 4499 ostenderet-

156 4529 256 4586 que
289 4523 476 4586 gentes
505 4515 701 4584 probro
727 4512 950 4586 affectas,
970 4530 997 4565 a
1030 4513 1272 4586 beneﬁce
1305 4529 1410 4566 non
1433 4513 1694 4569 absistere
1724 4558 1740 4581 ,

158 4585 410 4642 lsraelem
443 4598 569 4641 vero
602 4586 860 4640 beneflcio
880 4585 1127 4639 affectum
1151 4585 1496 4639 Servatorem
1521 4600 1739 4655 negare.

159 4655 261 4712 Fili
294 4657 478 4722 David,
508 4658 740 4710 miserere
766 4658 881 4712 mei.
911 4656 979 4711 Et
1004 4654 1092 4722 qui
1115 4670 1303 4711 omnes
1322 4654 1555 4719 exaudit,
1582 4654 1741 4725 tacet,

155 4743 255 4783 non
290 4739 345 4783 ut
375 4737 680 4796 precantem
708 4736 944 4797 respuat,
964 4726 1056 4781 sed
1085 4735 1141 4780 ut
1169 4728 1287 4797 ejus
1316 4726 1471 4797 fidem
1500 4728 1742 4797 splendi-

152 4798 356 4854 diorcm
384 4800 569 4856 reddat
593 4817 605 4852 :
627 4796 927 4854 Cltanantea
956 4813 1171 4863 genere,
1193 4796 1586 4852 Abrahamitica
1616 4799 1739 4855 fide.

156 4868 257 4925 Fili
288 4870 457 4926 David
481 4912 496 4937 ,
525 4871 757 4924 miserere
788 4871 903 4923 mei.
932 4869 997 4923 Et
1023 4870 1111 4939 qui
1144 4870 1227 4922 vel
1256 4879 1378 4923 ante
1408 4870 1517 4924 oris
1539 4871 1741 4925 clamo—

154 4955 265 4995 rem
312 4943 476 4998 animi
526 4941 942 5011 supplicationes
996 4940 1410 5003 exaudit,tacet
1442 4952 1496 4995 et
1523 4941 1734 5005 differt;

154 5013 401 5093 visusque
428 5022 511 5093 est
550 5010 805 5080 apostolis
829 5010 1153 5093 inhumanus
1178 5025 1297 5093 esse
1320 5052 1335 5077 ,
1363 5012 1505 5093 quod
1536 5014 1741 5093 suppli-

151 5084 413 5140 cationem
444 5088 645 5140 tantam
678 5091 976 5150 respueret.
1030 5083 1327 5151 Dicuntque
1352 5083 1401 5137 ei
1446 5083 1693 5151 discipuli
1726 5106 1737 5139 :

156 5152 359 5223 Dimitte
392 5156 537 5210 illam
574 5154 693 5223 quia
741 5155 927 5207 clamat
978 5164 1087 5222 post
1142 5170 1232 5205 nos
1274 5154 1291 5221 (
1334 5152 1473 5206 Ibid.
1500 5170 1547 5207 υ.
1580 5152 1652 5209 25
1695 5156 1731 5223 ).

152 5220 281 5279 Num
307 5236 383 5289 ιιι,
409 5220 603 5287 Petre,
636 5241 761 5278 num
804 5235 880 5288 tu,
919 5220 1130 5277 Audrea
1154 5266 1167 5287 ,
1199 5220 1289 5279 vel
1312 5224 1552 5294 Philippe
1574 5268 1587 5289 ,
1612 5220 1738 5281 Ser-

150 5306 331 5350 vatore
362 5298 707 5353 humaniores
734 5298 905 5351 estis?
937 5311 1062 5349 num
1094 5310 1186 5348 vos
1216 5294 1363 5349 flexit
1391 5298 1650 5365 precatio,
1680 5307 1735 5351 et

150 5365 486 5423 Senatorem
518 5384 622 5423 non
652 5366 826 5420 affecit
851 5366 1204 5436 supplicatio?
1234 5366 1393 5421 Certe
1417 5381 1514 5420 vos
1537 5381 1735 5421 secun-

149 5437 271 5491 dum
298 5440 373 5494 rei
408 5440 595 5495 faciem
624 5438 874 5505 iudicatis
898 5480 910 5501 ,
942 5452 1041 5507 ego
1069 5436 1361 5491 secundum
1407 5438 1567 5491 animi
1602 5438 1731 5492 alle-

150 5517 287 5562 ctum
320 5512 639 5565 sententiam
670 5508 816 5571 fero;
840 5512 1065 5579 gratiam
1086 5508 1293 5571 differo,
1320 5519 1375 5561 ttt
1397 5509 1729 5577 splendidam

148 5580 301 5634 iidem
345 5595 677 5652 expromam:
718 5580 834 5632 Non
872 5597 983 5652 sum
1028 5580 1210 5652 missus
1247 5580 1343 5652 nisi
1374 5580 1440 5631 ad
1472 5596 1583 5632 oves
1622 5598 1734 5649 qua:

147 5650 608 5711 perierunt-domus
656 5650 815 5704 Israel
846 5651 1006 5719 (Ibid.
1040 5666 1086 5701 υ.
1129 5650 1241 5719 24).
1274 5650 1408 5703 Num
1444 5660 1625 5719 pastor
1650 5663 1732 5705 est

152 5722 505 5776 lsraelitarum
532 5725 551 5775 ?
577 5738 755 5775 annon
804 5723 965 5775 totius
1009 5723 1154 5773 orbis
1185 5722 1437 5774 Dominus
1465 5764 1477 5784 ,
1511 5733 1693 5791 pastor
1714 5766 1727 5787 ,

149 5791 545 5873 administrator
564 5805 761 5873 et_pro‘.
779 5795 917 5845 itur?
946 5792 1057 5873 l_\'on
1084 5791 1237 5872 dixit,
1264 5792 1375 5845 Non
1408 5809 1523 5845 sunt
1552 5805 1731 5861 pastor

150 5864 370 5917 aliorum
398 5880 413 5930 ;
445 5866 537 5918 sed
565 5907 578 5926 ,
611 5864 721 5917 Non
754 5878 870 5917 sum
904 5864 966 5917 ad
1000 5864 1098 5916 lit)!“
1130 5866 1358 5925 missus;
1396 5881 1500 5917 non
1530 5882 1725 5919 secun-

152 5932 269 5989 ‘lua‘
300 5934 382 5991 rei
414 5937 690 5989 veritatem
740 5936 961 6001 loquens
984 5978 997 5997 ,
1029 5934 1120 5986 sed
1153 5936 1409 5990 simulans
1438 5984 1449 6009 ,
1484 5951 1538 5993 ut
1568 5944 1725 5997 ﬁdem

447 6024 716 6089 PATBOL.
766 6028 881 6089 (in.
935 6028 1092 6090 ΗΧ.

1869 2377 2173 2450 patefaciat.
2204 2378 2256 2434 Si
2290 2393 2393 2431 non
2422 2376 2528 2431 alio
2557 2376 2753 2430 missus
2782 2392 2860 2450 es,
2893 2376 2985 2450 sed
3016 2385 3221 2450 tantum
3248 2376 3474 2450 adoch

1868 2448 2062 2505 donius
2095 2451 2256 2505 Israel
2281 2492 2294 2512 ,
2330 2464 2424 2501 cur
2454 2450 2730 2517 apostolos
2780 2448 2843 2501 ad
2892 2449 3024 2502 lines
3068 2448 3216 2503 orbis
3260 2449 3429 2501 mittis
3455 2488 3470 2507 ,

1865 2523 2051 2577 dicens
2074 2539 2087 2575 :
2114 2519 2305 2574 Euutes
2324 2520 2500 2573 docete
2520 2535 2691 2572 omnes
2711 2527 2902 2589 gentes,
2923 2518 3236 2588 baptizames
3255 2518 3468 2589 (Matth.

1864 2594 1956 2649 28.
1983 2591 2121 2662 l9)?
2149 2594 2203 2648 Si
2236 2606 2339 2646 nea
2368 2589 2435 2645 ad
2466 2592 2618 2654 alias,
2650 2606 2808 2662 quam
2839 2588 3084 2655 lsraelis,
3117 2605 3244 2645 oves
3266 2588 3469 2645 missus

1866 2680 1925 2720 es
1950 2706 1964 2727 ,
1993 2661 2090 2718 cur
2115 2664 2335 2719 dicebas
2362 2663 2620 2731 apostolis
2644 2679 2659 2725 g:
2701 2661 2765 2714 Et
2807 2662 2936 2715 alia:
2972 2678 3086 2715 oves
3127 2662 3285 2717 habeo
3312 2704 3326 2728 ,
3360 2675 3473 2732 qua?

1866 2752 1967 2788 non
1994 2745 2110 2789 sunt
2132 2752 2194 2790 ea:
2224 2735 2318 2788 hac
2345 2734 2498 2798 ovili,
2525 2743 2570 2786 et
2594 2732 2711 2787 illas
2734 2743 2929 2804 oportet
2954 2750 3032 2786 me
3059 2749 3390 2804 congregare,
3416 2738 3471 2784 ut

1868 2808 1959 2875 ﬁat
1984 2824 2141 2859 unum
2163 2807 2295 2860 ovile
2314 2848 2328 2868 ,
2354 2814 2399 2858 et
2428 2821 2559 2858 unus
2584 2798 2795 2874 pastor-(
2816 2803 2976 2859 Joan.
3006 2804 3095 2860 10.
3128 2798 3194 2859 lli
3213 2808 3228 2874 )
3248 2798 3270 2857 Ἰ
3293 2806 3468 2871 Quare

1867 2894 1972 2932 non
2000 2887 2248 2932 accurate
2272 2885 2326 2931 et
2355 2877 2650 2931 secundum
2680 2888 2923 2930 exactam
2958 2876 3033 2930 rei
3068 2878 3352 2931 veritatem
3387 2877 3469 2929 lo-

1866 2951 2049 3017 quitttr
2068 2989 2082 3013 ,
2106 2949 2202 3003 sed
2224 2946 2288 3003 ad
2311 2948 2505 3001 animae
2530 2947 2903 3013 probatiOncm
2927 2990 2940 3010 ,
2979 2944 3099 3000 Non
3128 2964 3238 3002 sum
3263 2949 3467 3001 missus.

1865 3020 2000 3075 Rem
2020 3028 2215 3091 negat,
2236 3030 2289 3075 et
2313 3019 2506 3073 mulier
2533 3018 2831 3091 deprecans
2860 3035 2967 3072 non
2996 3020 3165 3088 fugit:
3196 3017 3315 3089 ejus
3337 3034 3469 3082 snp-
3512 3070 3515 3077 κ

1866 3090 2208 3159 plicationem
2258 3091 2482 3160 depellit
2520 3130 2535 3154 ,
2574 3099 2630 3143 et
2673 3090 3046 3145 adorationem
3080 3105 3188 3145 non
3238 3092 3470 3157 respuit.

1870 3164 2004 3219 Vere
2051 3162 2309 3219 Ecclesia:
2342 3165 2516 3231 imago
2545 3170 2629 3215 est
2669 3160 2975 3216 Chananrca
3000 3202 3014 3228 ,
3050 3172 3170 3229 quae
3216 3162 3473 3232 periculis

1864 3236 2149 3303 probatur,
2184 3243 2239 3287 et
2291 3234 2571 3287 Dominum
2622 3248 2728 3303 non
2781 3243 2981 3302 negat;
3014 3250 3136 3302 quzc
3182 3243 3471 3287 sexcentos

1862 3302 2094 3359 Sustinet
2133 3304 2398 3370 procellas
2425 3344 2439 3365 ,
2472 3313 2525 3357 et
2548 3304 2618 3373 ad
2653 3302 2774 3356 fidei
2804 3312 3018 3373 portum
3047 3303 3220 3358 oculis
3250 3304 3423 3357 tendit
3455 3318 3468 3355 :

1861 3392 1981 3444 qua:
2030 3375 2175 3429 mille
2225 3374 2477 3429 fluctibus
2510 3371 2577 3427 ab
2625 3371 2894 3427 luereticis
2930 3375 3243 3444 (exagitetur
3268 3415 3282 3439 ,
3316 3384 3370 3428 et
3399 3376 3471 3427 ob

1863 3441 1984 3501 fidei
2016 3446 2322 3500 ﬁrmitatem
2352 3461 2457 3499 non
2492 3453 2662 3499 nutat.
2695 3445 2893 3499 Confer
2923 3441 3081 3499 fidem
3126 3445 3467 3500 ecclesiasti—

1862 3533 1976 3573 catn
2020 3532 2141 3573 cum
2192 3520 2401 3587 ingrato
2444 3515 2753 3587 Jndmorum
2798 3517 3000 3569 animo.
3052 3513 3220 3571 Judtci
3271 3530 3467 3570 manna

1858 3589 2208 3644 comedentes
2238 3582 2613 3652 murmurant;
2651 3582 2891 3641 Ecclesia
2937 3587 3188 3657 jejunans
3238 3589 3469 3643 Domino

1858 3662 2060 3730 gratias
2085 3662 2232 3730 agit:
2265 3661 2339 3714 illi
2375 3659 2580 3714 honore
2607 3658 2783 3713 allecti
2813 3698 2828 3723 ,
2877 3660 3072 3729 ingrati
3103 3668 3267 3724 sunt;
3306 3659 3465 3712 (Zhri-

1858 3732 2016 3785 stiani
2044 3732 2094 3785 itt
2120 3731 2629 3801 persequutiOnibns
2650 3730 2853 3801 gratias
2878 3741 3061 3795 agunt.
3091 3730 3261 3798 Quem
3287 3730 3467 3799 diligis

1857 3817 2077 3856 servum
2122 3842 2137 3867 ,
2172 3803 2215 3856 si
2264 3804 2519 3856 dominus
2564 3801 2675 3855 δίδῖ
2704 3818 2769 3855 ex
2826 3801 3036 3857 duobus
3081 3803 3255 3855 servis
3306 3818 3465 3871 quem

1857 3874 2093 3943 accipis?
2114 3890 2310 3929 eumne
2332 3875 2419 3943 qui
2452 3881 2569 3941 post
2601 3872 2858 3927 beneﬁcia
2883 3873 3121 3942 ingratus
3134 3880 3237 3939 est,
3263 3889 3327 3926 an
3344 3889 3466 3927 eum

1855 3947 1943 4015 qui
1968 3946 2257 4015 castigatus
2270 3944 2495 4015 gratiam
2517 3943 2702 4016 habet?
2724 3944 2978 3999 Ecclesia:
3001 3944 3161 4015 igitur
3182 3944 3359 4011 imago
3384 3951 3471 3998 est

1854 4018 2180 4083 Cltananma,
2200 4032 2318 4086 qu:e
2335 4016 2555 4085 depulsa
2575 4015 3011 4086 Dominnmgnon
3045 4025 3223 4085 negat.
3265 4016 3471 4070 Aderat

1856 4084 2232 4158 illumdicens;
2257 4084 2493 4152 Domine,
2513 4085 2702 4158 adjutm
2738 4102 2838 4158 rue.
2861 4084 2994 4139 Cum
3020 4084 3167 4157 prius
3196 4088 3422 4142 dixisset
3450 4126 3464 4149 ,

1855 4158 1962 4212 Fili
1992 4157 2181 4225 David,
2206 4161 2442 4213 miserere
2464 4153 2793 4227 mei(Matth.
2820 4153 3040 4225 15.25),
3068 4164 3261 4227 putans
3280 4174 3339 4213 se
3365 4160 3467 4211 mi-

1854 4244 2228 4300 norem,quam
2248 4245 2343 4299 par
2359 4226 2748 4296 crat,emisisse
2764 4226 3465 4300 deprecationem,priorem

1854 4297 2306 4366 revocat'vocem,
2332 4310 2387 4356 et
2411 4302 2645 4355 secunda
2674 4297 3014 4367 probi’animi
3044 4297 3459 4370 signitiCatione,

1854 4375 2089 4442 priorem
2124 4374 2273 4443 tegit.
2304 4373 2422 4427 Non
2450 4370 2595 4427 enim
2623 4372 2761 4443 ultra
2792 4380 2948 4426 vocat
2976 4372 3126 4426 illum
3160 4372 3327 4426 filium
3360 4372 3462 4443 Da-

1854 4434 1939 4498 vid
1967 4486 1981 4509 ,
2011 4444 2105 4499 sed
2141 4434 2427 4497 Dominum
2459 4444 2645 4499 dicens
2675 4462 2687 4496 :
2723 4434 2982 4515 Domine,
3014 4445 3203 4515 adjuva
3230 4460 3326 4498 me.
3360 4442 3465 4499 Νεο

1851 4531 1955 4582 que
1986 4526 2163 4569 tamen
2196 4516 2285 4568 ille
2315 4515 2606 4585 respondet
2633 4558 2646 4585 ,
2682 4514 2776 4568 sed
2808 4514 2988 4568 audita
3016 4514 3147 4569 voce
3187 4516 3465 4569 concitant

1852 4586 2002 4640 illum
2031 4587 2261 4656 apostoli
2290 4584 2532 4641 dicentes
2558 4603 2573 4640 :
2604 4584 2804 4640 Clamat
2834 4596 2944 4656 post
2974 4603 3085 4639 uos.
3115 4587 3253 4641 Dens
3278 4596 3459 4640 tamen

1848 4657 2029 4713 dill'ert
2050 4654 2253 4723 ,‘fidem
2286 4658 2432 4713 illam
2456 4668 2730 4724 spectans,
2762 4668 2815 4711 et
2836 4654 2967 4713 dicit
2996 4660 3044 4712 ci
3072 4677 3083 4712 :
3122 4657 3242 4711 Non
3271 4670 3343 4711 est
3372 4658 3464 4709 bo-

1849 4746 1971 4801 uum
2001 4730 2232 4801 accipere
2261 4745 2443 4801 partem
2483 4728 2728 4797 ﬁliorum.
2750 4738 2795 4782 et
2828 4728 3075 4799 projicere
3101 4730 3334 4784 canibus.
3372 4729 3463 4783 Fi-

1848 4799 2116 4855 liosvocat
2137 4799 2556 4871 Israelitas,non
2581 4808 2688 4871 tatu
2710 4801 3005 4871 ltonorans,
3042 4812 3204 4871 quam
3230 4814 3463 4871 arguens

1848 4872 2113 4941 ingratum
2132 4872 2346 4926 illorum
2364 4870 2624 4927 animum.
2646 4869 2775 4925 Nam
2796 4886 2955 4941 quam
2976 4870 3135 4927 hodie
3155 4869 3466 4927 ﬁliosvocat

1850 4938 2136 5009 lsraelitas,
2159 4942 2301 4996 filius
2323 4952 2405 4997 est
2420 4944 2537 5012 ejus
2553 4943 2640 5012 qui
2665 4938 2833 5013 dicit}
2868 4938 3033 5013 Filios
3063 4945 3217 5013 genui
3242 4954 3288 4997 et
3314 4944 3459 4997 exat.

1846 5016 1968 5077 tari,
1989 5015 2087 5081 ipsi
2107 5023 2586 5085 autemspreverunt
2605 5030 2685 5085 rue
2704 5012 2856 5081 (Iaai.
2880 5015 2929 5068 l.
2946 5012 3025 5085 Ξ).
3047 5012 3347 5070 (lltanantea
3368 5030 3462 5068 ca-

1846 5086 1927 5138 nis
1953 5096 2171 5139 vocatur
2190 5125 2205 5149 ,
2224 5096 2416 5139 etcum
2441 5084 2607 5154 gratia
2636 5083 2737 5138 fert
2759 5083 3163 5139 contumeliam.
3188 5086 3459 5141 Cmterum

1845 5164 1973 5224 puto
1994 5156 2247 5221 etcredo,
2266 5150 2536 5210 Christum
2564 5150 2615 5209 in
2643 5158 2743 5210 hac
2772 5157 3093 5212 contumelia
3127 5157 3458 5212 benevolen-

1845 5228 1929 5279 tiae
1955 5227 2242 5295 imaginem
2260 5228 2530 5295 'posnisse,
2558 5242 2751 5295 nempe
2776 5229 3246 5293 canem,animalis
3266 5228 3456 5297 hujus-

1841 5312 1903 5351 ce
1934 5298 2364 5369 benevolentiam
2422 5298 2761 5366 exprimens.
2812 5300 2973 5352 Canis
3022 5301 3187 5353 millia
3217 5314 3410 5369 passus
3439 5341 3454 5365 ,

1841 5369 1909 5419 ab
1940 5368 2053 5423 heri
2085 5369 2167 5421 sui
2222 5366 2427 5424 aedibus
2460 5385 2564 5422 non
2612 5370 2888 5434 abSCl‘dil',
2924 5372 3073 5425 canis
3104 5366 3235 5425 cuni
3264 5371 3453 5425 lterum

1840 5440 2177 5506 gradientem
2213 5440 2389 5503 videt,
2426 5448 2607 5504 tacet,
2642 5456 2761 5494 cum
2797 5441 3127 5496 domesticos
3158 5456 3345 5497 servos
3377 5442 3454 5493 vi-

1840 5512 1926 5563 det
1959 5552 1973 5575 ,
2005 5511 2263 5577 quiescit;
2310 5526 2435 5564 cum
2466 5521 2758 5565 extraneos
2803 5512 2968 5576 videt,
3000 5517 3304 5582 exagitatur
3328 5552 3343 5575 ,
3379 5512 3451 5564 la-

1843 5590 1941 5633 trat
1967 5623 1978 5639 ,
2016 5596 2120 5634 non
2151 5582 2412 5649 quiescit,
2461 5583 2669 5636 nullum
2719 5584 2954 5637 alienum
3002 5585 3246 5652 respicit.
3276 5583 3447 5637 Judmi

1840 5667 1966 5704 vero
1990 5652 2263 5718 quomodo
2286 5664 2571 5707 sexcentas
2594 5664 2781 5707 contra
2810 5656 2975 5708 Deum
3000 5651 3173 5708 emitti
3198 5651 3447 5721 blasphc~

1839 5722 1974 5775 mias
2000 5724 2199 5787 vident,
2223 5738 2322 5777 nec
2346 5726 2662 5778 moventur?
2691 5725 2819 5779 Vide
2842 5725 3207 5780 Christianum
3227 5726 3451 5777 audien-

1838 5803 1943 5848 tem
1970 5794 2278 5847 hmretieam
2305 5795 2693 5865 blasphemiam
2728 5808 2820 5850 aut
2852 5798 3015 5851 alium
3038 5812 3303 5857 errorem,
3338 5806 3449 5848 sta-

1839 5866 2041 5930 timpte
2099 5867 2412 5927 turbatum,
2470 5866 2797 5931 latrantem,
2860 5878 3049 5922 contra
3104 5868 3448 5920 adversarios

1837 5937 2179 5991 clamantem.
2209 5936 2323 5992 Non
2367 5938 2468 5993 fert
2508 5937 2841 5995 Christianus
2884 5944 3113 5993 alirnatn
3152 5938 3336 5994 videre
3367 5942 3442 5991 [ιιι

2972 6025 3046 6091 Η
