4130 6332
102 409 205 469 οῦι

102 538 200 575 nos
229 538 261 573 ιι
283 519 639 574 constitutione
662 517 837 571 mundi
858 515 1034 578 (Rom.
1060 515 1112 569 8.
1135 513 1223 569 29.
1252 521 1297 565 et
1320 510 1509 579 Epiros.
1542 510 1565 563 Ι
1615 507 1708 578 ψ

99 591 392 646 .leremiam
422 591 491 643 ab
522 600 674 661 utero
701 589 866 651 novit,
900 588 1308 661 apostolosante
1338 580 1520 661 mundi
1546 595 1669 661 crea
1688 607 1701 619 -

102 663 311 717 tionem
366 660 652 728 przescivit,
700 674 801 714 nec
847 652 1007 712 modo
1060 655 1345 728 pra-scivit,
1394 652 1488 705 sed
1540 652 1699 728 etiam

101 723 401 804 przeelegit.
437 730 724 804 Videamus
751 745 878 804 ergo
907 745 973 783 an
1001 723 1330 804 pra-scientia
1352 735 1601 804 naturam
1628 723 1703 775 fe.

100 797 258 857 cerit.
280 797 333 856 Si
352 803 541 856 electio
565 797 928 873 apostolorum
947 809 1069 853 ante
1089 797 1702 873 constitutioneminitn-

100 876 176 936 ili,
208 874 431 942 jnstitia:
462 868 701 944 naturam
734 871 929 944 effecit,
962 886 1067 944 non
1098 868 1565 944 autempmpositi
1596 868 1702 944 vir?

100 938 223 1003 tusi
253 959 352 1000 ciir
380 944 433 1004 ii.
466 945 552 1009 qui
584 942 850 1009 publicani
874 942 1032 995 futuri
1057 938 1494 1009 prieseiebantur,
1526 938 1697 1009 vocati

98 1015 264 1068 sunt?
288 1030 384 1069 cur
421 1003 617 1069 Paulus
652 1011 1025 1078 persequitur?
1051 1003 1146 1064 cur
1173 1008 1485 1061 meretrices
1515 1003 1579 1078 ad
1611 1016 1698 1057 re-

97 1101 269 1153 gnum
308 1082 591 1153 festinant?
618 1076 675 1137 Si
705 1076 847 1138 enim
889 1082 1189 1153 pneseituin
1220 1078 1318 1153 fuit
1357 1076 1695 1153 meretricem

98 1146 270 1225 regno
297 1155 510 1221 dignam
560 1151 693 1219 fore,
725 1168 823 1207 cur
868 1146 1119 1225 meretrix
1165 1149 1298 1202 fuit?
1341 1149 1384 1200 si
1433 1146 1699 1215 praescivit

97 1224 325 1283 Paulum
359 1225 651 1298 Deus,_cur
679 1224 1013 1298 prsescientia
1057 1232 1300 1275 naturam
1337 1233 1443 1298 non
1477 1228 1693 1298 operata

94 1298 213 1349 est?
244 1313 341 1351 cur
370 1295 435 1357 is,
460 1294 549 1362 qui
581 1289 856 1363 praiseitus
879 1294 1051 1349 fuerat
1077 1302 1202 1346 ante
1230 1289 1410 1343 mundi
1438 1289 1696 1363 ουιιειίιιιτ

95 1368 323 1428 tionem,
340 1359 684 1435 blasphemus
708 1366 823 1429 fuit,
859 1373 1230 1434 persequatur.
1247 1359 1695 1435 contumeliosus?

94 1438 290 1494 Viden“
320 1429 707 1507 praescientiapi
740 1429 1119 1489 uou'naturam
1151 1437 1345 1507 facere,
1380 1432 1472 1507 sed
1493 1429 1696 1507 _\'olun-

95 1510 220 1561 tatis
262 1502 533 1576 proposita
568 1502 894 1574 pet-videre?
939 1507 991 1560 Si
1044 1503 1374 1576 pratscientia
1409 1502 1530 1576 fecit
1559 1514 1693 1567 apo-

92 1573 314 1643 smluiii,
346 1573 443 1633 cur
470 1573 750 1633 Matthmus
802 1576 1139 1645 publicanum
1170 1573 1316 1645 agit)?
1347 1573 1690 1645 Publicanum

92 1666 277 1714 agere,
304 1659 385 1703 est
414 1649 747 1703 idololatram
772 1642 891 1701 esse
912 1665 925 1699 :
949 1647 1078 1701 dicit
1103 1642 1246 1699 enim
1270 1644 1559 1714 Servator:
1582 1642 1692 1695 Erit

92 1721 183 1773 tibi
214 1712 270 1773 ut
301 1721 619 1789 publicanus,
658 1730 745 1771 aut
773 1729 827 1772 ut
852 1719 1078 1772 ethnicus
1106 1715 1433 1789 (Mattlt._1_8.
1464 1712 1573 1789 [7).
1603 1714 1692 1769 Sic

92 1806 279 1861 parem
301 1782 621 1845 idololatria:
644 1790 913 1858 publicani
938 1782 1155 1856 operam
1187 1787 1445 1861 definivit.
1474 1782 1529 1839 Si
1562 1799 1691 1861 ergo

93 1854 375 1941 Ῐξῗίθεθίιυε
415 1862 513 1941 [ιι-ει
562 1854 863 1941 Maitlgmus,
918 1854 1016 1913 cur
1061 1854 1691 1941 ρςτρξοὶιςιιιίςιηιοηιεεξίι

92 1927 241 1991 illum
272 1933 597 2000 apostolum,
628 1931 721 1985 sed
762 1932 1011 1987 voluntas
1049 1927 1114 1982 ad
1141 1928 1501 1983 obedientiam
1535 1927 1688 1979 incli-

93 2002 271 2056 navit?
301 2002 485 2056 Rabab
501 2009 709 2058 servata
733 2012 785 2056 et
806 2017 930 2061 cum
950 2002 1194 2059 ﬁdelibus
1218 2007 1565 2057 annumerata
1586 2007 1686 2051 est.

91 2074 221 2128 Sine
250 2074 417 2146 dubio
446 2074 588 2126 illam
636 2087 857 2146 quoque
895 2071 1211 2146 prmsciebat
1237 2071 1397 2125 Deus.
1428 2066 1537 2123 Cur
1565 2084 1687 2121 eum

91 2144 451 2213 purse-iretur,
496 2143 673 2201 tamen
724 2144 979 2198 fornicata
1024 2143 1141 2196 est?
1184 2157 1280 2195 cur
1309 2156 1369 2213 ea
1402 2155 1518 2209 qua:
1549 2154 1688 2213 piae-

90 2209 223 2268 scita
254 2213 349 2268 fuit
392 2214 699 2283 margarita,
735 2214 786 2266 iu
819 2215 929 2270 luto
954 2213 1104 2268 erat?
1132 2212 1258 2267 [hec
1289 2212 1485 2283 ubique
1515 2209 1685 2275 vides,

92 2284 325 2339 iiiediam
355 2281 621 2349 naturam,
644 2286 972 2339 voluntatem
1004 2299 1134 2338 vero
1159 2284 1267 2337 Deo
1290 2281 1614 2350 prrescitam,
1634 2289 1689 2335 et

91 2355 142 2407 in
172 2356 296 2408 vita?
326 2356 553 2409 decursu
579 2364 949 2424 apparentem.
984 2354 1239 2409 Prrevidit
1265 2355 1404 2408 Deus
1434 2351 1574 2422 quod
1600 2350 1685 2406 fu-

93 2435 269 2479 turum
294 2435 426 2490 erat,
452 2435 506 2481 et
534 2426 737 2480 fructus
757 2428 877 2481 vitae
904 2427 1128 2479 instituti
1161 2434 1317 2479 notus
1347 2424 1460 2477 fuit.
1490 2426 1532 2476 A
1556 2438 1687 2479 voce

92 2495 237 2550 Pauli
267 2496 589 2551 solutionem
622 2498 837 2566 accipe:
866 2498 1002 2562 Quos
1035 2497 1305 2566 prwscirit,
1348 2506 1393 2548 et
1421 2496 1687 2563 prazdesti-

92 2569 261 2631 navit;
297 2584 421 2636 quos
470 2568 867 2637 praedestinavit,
916 2568 1065 2621 etiam
1095 2568 1329 2637 vocavit;
1366 2582 1491 2635 quos
1523 2576 1686 2637 autem

93 2635 314 2699 vocavit,
332 2638 425 2692 hos
451 2635 497 2692 et
513 2639 817 2709 jtistiﬁcavit
840 2638 1027 2710 (Rapit
1049 2637 1101 2692 8.
1130 2638 1222 2693 29.
1247 2636 1359 2710 50)ἶ
1381 2637 1489 2710 [iur
1516 2635 1687 2691 .ludas

91 2719 333 2773 vocatus,
364 2725 468 2762 non
492 2707 816 2777 justiflcatus
844 2707 961 2763 est?
994 2709 1135 2775 Quos
1179 2707 1429 2779 praesciuit
1471 2716 1517 2760 et
1548 2724 1685 2779 pra!-

90 2781 376 2843 destinavit,
411 2781 503 2833 tios
529 2782 680 2833 etiam
708 2784 919 2834 vocavit.
967 2779 1083 2833 Non
1124 2788 1207 2833 est
1250 2794 1380 2848 ergo
1410 2779 1687 2845 propheta:

92 2849 464 2917 pra-rogativa,
495 2850 635 2919 quod
666 2852 733 2904 ab
758 2862 909 2905 utero
940 2860 1097 2904 notus
1125 2850 1303 2915 fuerit,
1332 2849 1547 2917 quando
1568 2864 1682 2913 eos,

91 2922 176 2988 qui
205 2932 330 2975 ante
358 2924 555 2975 saecula
598 2922 753 2975 electi
781 2930 924 2985 sunt,
959 2936 1063 2974 non
1098 2934 1285 2975 natura
1328 2930 1551 2987 sequuta
1581 2931 1680 2984 εει,

91 2991 182 3044 sed
222 2992 466 3046 voluntas
508 2992 901 3061 prtescientiam
945 2993 1221 3046 testilicata
1266 3001 1366 3045 est.
1401 2991 1685 3045 Osteusum

92 3062 250 3131 igitur
294 3072 395 3127 est,
446 3078 552 3116 non
609 3074 853 3117 naturam
911 3062 1299 3131 praiscientiam
1346 3061 1549 3124 facere;
1586 3064 1685 3117 nisi

91 3134 209 3199 quis
239 3133 462 3189 omnino
487 3134 855 3188 contentiOSus
887 3136 975 3197 sit,
1002 3144 1053 3187 et
1074 3144 1259 3189 contra
1283 3135 1559 3187 veritatem
1583 3136 1682 3186 im-

91 3204 352 3272 pudenter
384 3206 643 3273 insurgat.
676 3204 785 3259 Cur
815 3214 992 3259 autem
1036 3205 1086 3257 in
1118 3204 1453 3259 Pharaonem
1480 3218 1697 3257 sermo.

94 3290 213 3332 nem
242 3276 698 3343 convertit?Quia
726 3275 925 3329 dictum
958 3275 1131 3337 fuerat
1156 3274 1451 3329 Pharaoni:
1483 3273 1550 3326 In
1589 3276 1687 3330 hoc

89 3346 253 3409 ipsum
275 3347 515 3399 suscitari
541 3356 608 3411 te,
637 3355 689 3399 ut
716 3346 1029 3399 ostenderem
1057 3348 1107 3399 in
1140 3357 1187 3399 te
1225 3347 1455 3399 virtutem
1496 3362 1681 3413 meam,

90 3426 134 3466 ct
157 3418 546 3470 mmuntiaretur
568 3433 750 3470 nomen
779 3434 942 3469 meum
974 3418 1025 3469 in
1064 3418 1298 3473 universa
1338 3426 1469 3468 terra
1502 3416 1681 3484 (Rom.

92 3487 140 3539 9.
174 3486 283 3557 l7).
316 3487 384 3542 Ut
425 3496 567 3541 tuam
619 3488 870 3542 ostendas
918 3489 1187 3552 virtutem,
1223 3486 1493 3542 hominem
1527 3490 1687 3541 casti-

91 3559 212 3625 gas?
244 3568 300 3609 ut
330 3558 587 3612 exhibeas
618 3559 906 3625 potentiam
933 3567 1097 3621 tuam,
1125 3559 1385 3611 insontem
1415 3557 1482 3611 de
1509 3559 1686 3614 medio

92 3629 264 3681 tollis?
293 3628 346 3682 Si
381 3629 572 3682 noxius
600 3630 690 3694 sit,
724 3628 1057 3696 reprehendo
1084 3630 1259 3693 illum;
1285 3631 1366 3685 siit
1396 3630 1596 3690 insons,
1619 3646 1686 3685 ne

92 3711 330 3759 accuses.
365 3699 499 3764 Quid
533 3700 632 3753 sibi
662 3699 774 3753 vult
798 3700 951 3764 illud,
986 3700 1053 3754 Ut
1080 3699 1342 3752 ostendam
1369 3700 1421 3753 in
1451 3709 1497 3751 te
1518 3702 1683 3752 virtu-

92 3777 185 3821 tem
216 3773 417 3823 meam?
447 3770 570 3829 Mihi
599 3771 835 3824 animum
859 3771 1086 3824 adhibe:
1114 3779 1230 3823 utar
1253 3769 1501 3835 exemplo
1521 3781 1575 3823 et
1598 3788 1685 3825 ve-

95 3841 186 3892 teri
215 3850 266 3894 et
292 3855 441 3895 vero.
477 3843 577 3901 Ars
605 3841 811 3895 medica
838 3857 958 3895 eum
995 3842 1061 3895 ab
1085 3842 1233 3895 initio
1265 3842 1419 3894 vellet
1445 3850 1499 3895 et
1528 3854 1685 3897 natu-

92 3925 200 3962 ram
223 3920 279 3965 et
300 3911 502 3974 viscera
528 3912 759 3966 hominis
781 3914 1086 3979 explorare,
1116 3912 1442 3966 sectionibus
1461 3922 1541 3965 est
1566 3929 1681 3977 usa,

92 3990 141 4032 et
161 3981 397 4043 viventes
416 3981 657 4045 homines
675 3982 951 4047 dissecuit,
972 3996 1029 4036 ut
1053 3983 1172 4037 aliis
1200 3982 1518 4036 medicinam
1545 3999 1683 4050 pra:-

92 4050 257 4106 berct.
291 4054 358 4117 At
387 4052 513 4119 illud
543 4063 689 4115 certe
720 4054 956 4120 iniquum
989 4063 1122 4118 erat,
1152 4053 1216 4107 ad
1263 4055 1487 4107 aliorum
1538 4056 1684 4108 Sultl-

93 4128 202 4195 teni
224 4123 360 4195 alios
390 4125 628 4195 viventes
657 4134 912 4184 mactare.
936 4123 1075 4191 Quid
1106 4141 1233 4195 ergo
1262 4124 1508 4178 fecerunt
1534 4134 1684 4179 vete-

92 4192 208 4246 res?
237 4194 391 4248 Morti
437 4194 761 4259 destinatum
806 4197 876 4249 ob
923 4196 1142 4260 furtum,
1172 4192 1287 4249 'aut
1334 4196 1680 4262 adulterium,

91 4273 179 4315 aut
226 4265 565 4329 veneficium,
590 4267 767 4321 vivum
800 4266 1193 4327 disseeuerunt,
1227 4276 1278 4319 et
1306 4267 1423 4320 sine
1469 4266 1681 4332 injusti-

95 4333 160 4385 lia
202 4350 330 4404 erga
382 4352 534 4432 cum;
580 4337 671 4432 ιιιιί
722 4337 983 4432 supplicio
1031 4336 1382 4432 afficiebatur;
1439 4337 1684 4391 humana:

95 4412 290 4432 uno“--.
323 4422 475 4432 ...ΑΛ-ν..
534 4422 618 4432 ,ιι-,η
644 4417 746 4432 .-.με
850 4424 933 4432 η--.
970 4408 1105 4432 Ant--.
1161 4408 1242 4432 κηῖ
1273 4424 1357 4432 ιιι...
1389 4424 1532 4432 -_...-.
1561 4424 1654 4432 Α-.-

93 4412 291 4460 natura:
320 4422 477 4475 opem
512 4408 772 4477 ferebant.
800 4407 935 4461 Eum
967 4408 1132 4475 enim,
1156 4408 1243 4477 qui
1272 4407 1534 4466 SCt'ief‘lllll
1557 4424 1682 4465 eau-

93 4487 146 4525 sa
177 4476 439 4545 supplicio
469 4475 822 4543 afﬁciebatur,
872 4479 1052 4536 vivum
1096 4475 1479 4542 dis‘secabant':
1516 4489 1573 4536 nt
1602 4480 1682 4534 vi-

92 4545 328 4618 sceribus
356 4549 648 4601 etiamnum
688 4549 901 4618 agitatis
944 4565 1133 4605 eorum
1183 4559 1424 4611 naturam
1474 4551 1682 4604 edisce-

94 4625 224 4670 rent.
258 4617 399 4673 Deus
428 4620 603 4686 itaque
646 4629 703 4673 ut
730 4617 1181 4686 sapientissimus
1216 4621 1452 4675 medicus
1492 4621 1685 4687 (medi-

92 4698 185 4760 cus
210 4703 439 4755 namque
477 4697 559 4742 est
587 4690 629 4743 is
671 4690 757 4758 qui
790 4691 947 4743 dicit:
974 4690 1097 4744 Non
1134 4692 1244 4744 veni
1283 4708 1459 4745 vocare
1489 4693 1681 4760 justas,

92 4756 176 4834 sed
199 4768 488 4834 peccatores
519 4760 587 4812 ad
616 4756 957 4829 pie‘nitentiam
982 4779 999 4824 ;
1045 4771 1118 4834 et,
1170 4761 1313 4834 Non
1335 4774 1405 4816 est
1436 4756 1564 4834 opus
1595 4756 1682 4816 va;

96 4823 302 4905 (ratibus
330 4832 577 4905 medicus,
610 4823 698 4883 sed
726 4834 868 4905 male
888 4823 1185 4905 habentibus
1236 4832 1314 4905 [Μ
1323 4834 1449 4885 attli.
1469 4823 1551 4905 ’9.
1593 4836 1680 4899 15,

95 4894 215 4974 ἰὴ)
246 4900 440 4974 accipit
469 4902 825 4965 Pharaonem,
851 4902 960 4971 jam
990 4904 1134 4957 "mille
1165 4894 1437 4974 suppliciis
1466 4894 1684 4972 ilignum

94 4968 175 5045 iniit
205 4972 408 5024 scelera
441 4988 533 5045 sua
562 4988 575 5024 :
610 4974 793 5045 multis
823 4968 964 5026 enim
997 4968 1407 5028 obnoxiu—Crrat
1446 4968 1680 5045 flagitiis.

96 5035 325 5113 Primum
355 5043 530 5095 scelus
557 5054 672 5113 erat
713 5044 1041 5111 blasphemia
1070 5084 1085 5111 ,
1117 5046 1255 5113 quod
1283 5035 1545 5111 dixisset:
1564 5044 1686 5105 Non

94 5110 201 5185 tiori
232 5110 525 5185 Dominum.
556 5110 889 5185 Blasphemia
914 5126 1027 5171 erat
1050 5110 1367 5185 principium
1398 5110 1681 5177 malarum.

94 5177 432 5256 Secundum,
464 5177 767 5256 immanitas
797 5199 921 5253 erga
958 5177 1245 5255 populum,
1284 5188 1424 5256 quod
1458 5188 1682 5247 liberum

96 5261 256 5329 gentis
282 5254 522 5329 servituti
568 5265 621 5309 et
663 5255 892 5329 laterito
933 5254 1079 5325 Operi
1130 5254 1435 5317 tradidisset
1485 5256 1679 5329 (Exod.

98 5317 145 5370 5.
168 5320 256 5395 3).
290 5323 531 5378 Tertium
558 5365 573 5390 ,
621 5326 765 5393 quod
800 5317 1114 5381 innocentes
1150 5345 1344 5395 pueros
1384 5330 1435 5381 in
1465 5317 1684 5385 flumine

99 5390 404 5449 suffocaret.
460 5390 753 5461 Quartum,
810 5398 952 5466 quod
1004 5390 1348 5466 prtedicatum
1398 5400 1681 5453 Dominum

100 5472 201 5521 non
230 5476 595 5538 revereretur.
630 5467 885 5533 Quintum
912 5508 925 5528 ,
956 5469 1096 5537 quod
1149 5470 1402 5524 miracula
1446 5473 1635 5525 videns
1667 5514 1682 5538 ,

100 5542 275 5609 contra
305 5536 552 5604 pietatem
586 5536 923 5605 impudenter
948 5536 1147 5609 ageret.
1184 5539 1360 5595 Multis
1390 5536 1682 5597 obnoxium

101 5597 319 5680 ﬂagitiis
336 5615 618 5680 assumens
646 5597 786 5662 Deus
808 5650 821 5673 ,
851 5619 908 5662 ut
946 5597 1179 5680 optimus
1211 5613 1449 5666 medicus
1470 5655 1484 5677 ,
1518 5615 1671 5667 mira-

104 5671 229 5727 culis
254 5676 545 5736 dissecuit;
592 5692 697 5732 non
730 5671 898 5734 semel
949 5671 1225 5749 plectens,
1268 5692 1326 5735 ut
1371 5671 1681 5748 occideret;

106 5754 203 5796 non
233 5752 376 5819 enim
403 5749 493 5816 qui
523 5749 794 5804 dissecant
823 5752 1105 5806 confestim
1132 5753 1402 5819 occidunt,
1438 5757 1531 5810 sed
1556 5756 1682 5809 dum

107 5816 573 5895 membra-secant,
610 5821 755 5895 lente
779 5832 961 5895 agunt,
1000 5833 1053 5895 ut
1082 5824 1318 5895 undique
1345 5816 1449 5881 vim
1481 5837 1684 5881 natura:

107 5895 423 5955 ςκυιυηωω
447 5891 701 5948 habeant.
725 5891 951 5965 Subjicit
979 5894 1128 5951 illum
1156 5891 1322 5967 ranis,
1361 5907 1530 5953 armat
1555 5914 1683 5954 con-

978 402 1042 457 ΙΝ
1080 396 1526 455 (ΞΙΙΑΝᾹΝΕᾹΜ
1572 395 1658 449 ΕΤ
1698 393 1762 449 IN
1804 392 2250 463 PIIARAONESI,
2292 392 2446 450 ETC.

3307 394 3413 452 66'!

1820 514 1898 559 ira
1931 505 2078 560 illum
2108 513 2394 561 extraneas
2422 505 2662 575 legiones
2686 545 2702 568 .
2730 505 2968 573 legiones
3007 519 3257 561 ranarum
3281 547 3296 569 ,
3327 506 3412 561 lo-

1812 587 2122 646 custarum,
2172 586 2225 631 ut
2276 576 2548 646 ingentem
2596 576 2891 645 potentiam
2941 592 3092 631 suam
3137 577 3410 633 ostendat.

1809 645 1925 699 Non
1968 648 2110 702 misit
2154 645 2404 716 angelum
2435 646 2503 701 de
2527 649 2691 711 caelo,
2729 662 2835 701 non
2877 647 3095 701 ordines
3147 648 3413 703 Sherubi-

1809 733 2000 773 norum
2024 761 2036 783 ,
2073 734 2179 772 non
2218 718 2382 771 mittit
2424 717 2752 787 Seraphinos
2782 728 2968 771 contra
3014 719 3278 783 rebelles;
3311 719 3408 774 sed

1807 789 2100 844 05teudens
2124 789 2416 857 potentiam
2436 804 2607 851 suam,
2626 798 2850 859 apparat
2863 788 3100 857 legiones
3115 804 3367 843 ranarum
3390 809 3404 843 :

1807 860 2032 913 aderant
2062 860 2332 914 exercitus
2381 860 2742 923 locustarum,
2777 860 2924 913 nullo
2953 859 3130 921 duce;
3165 861 3258 915 sed
3310 860 3405 915 Dei

1802 928 1957 994 jussu
2002 930 2353 986 ducebantur.
2394 931 2625 986 Exibant
2652 947 2717 986 ex
2770 929 2995 984 ﬂumine
3040 946 3185 983 rana:
3214 942 3402 984 contra

1808 1000 1897 1053 Dei
1923 1002 2287 1055 adversarium
2318 1013 2667 1070 pugnaturae:
2702 1001 2987 1055 veniebant
3017 1001 3237 1055 locusta:
3260 1042 3274 1065 ,
3310 1018 3401 1054 ra-

1807 1072 2006 1125 tiocinii
2032 1072 2238 1141 judicio
2281 1088 2387 1126 nou
2418 1074 2693 1127 instructa:
2719 1114 2733 1135 ,
2780 1072 2874 1125 sed
2919 1073 3255 1126 Dominieum
3298 1072 3403 1125 itit-

1805 1141 2013 1208 pientes
2058 1153 2403 1211 princeptum.
2460 1144 2810 1209 lusurgebaut
2839 1144 3111 1211 sciniphes
3140 1154 3195 1196 et
3237 1158 3402 1211 cyno-

1804 1215 1962 1283 inyia:
2009 1232 2020 1267 :
2067 1229 2130 1268 ac
2160 1215 2325 1267 inulta
2358 1228 2493 1267 nova
2526 1225 2712 1269 contra
2764 1214 2937 1281 ipsum
2984 1215 3095 1267 edit
3144 1214 3400 1267 miracula

1806 1283 1944 1337 Deus
1966 1326 1981 1348 ,
2008 1286 2125 1353 ejus
2149 1286 2382 1338 animam
2409 1286 2685 1339 dissecatis
2714 1295 2766 1339 et
2798 1285 3029 1354 probans
3057 1300 3069 1339 :
3102 1285 3222 1349 ejus
3250 1300 3401 1337 meu—

1804 1363 1907 1426 tem
1932 1357 2088 1409 variis
2110 1357 2281 1409 modis
2307 1356 2467 1426 impie
2489 1367 2757 1423 agentem,
2776 1357 2933 1409 variis
2958 1357 3182 1422 puniens
3204 1355 3397 1411 modis.

1802 1423 1870 1478 Et
1893 1435 1946 1478 ut
1968 1426 2145 1481 discas
2168 1426 2311 1495 quod
2336 1423 2477 1481 Dens
2500 1427 2619 1481 ideo
2651 1428 2800 1481 illum
2826 1442 2919 1495 per
2944 1438 3121 1494 partes
3143 1427 3396 1489 dlssecet,

1798 1505 1853 1549 et
1884 1511 1988 1550 non
2015 1497 2297 1552 confestim
2321 1498 2523 1567 puniat,
2550 1509 2605 1551 ut
2638 1514 2731 1566 per
2763 1499 2935 1566 ipsum
2965 1497 3217 1551 virtutem
3246 1512 3397 1549 suam

1799 1567 2081 1638 ostendat;
2112 1569 2239 1621 dicit
2267 1570 2413 1622 omni
2443 1570 2640 1623 virtute
2672 1570 2859 1638 plenus
2886 1567 3178 1636 Sapientia:
3208 1567 3344 1621 liber
3380 1585 3393 1619 :

1801 1636 1853 1690 Ν
1860 1654 1924 1691 οη
1950 1639 2084 1691 enim
2113 1640 2315 1692 carebat
2345 1641 2568 1707 potentia
2609 1636 2927 1707 omnipotens
2972 1653 3155 1691 manus
3200 1648 3286 1690 tua
3307 1679 3320 1697 .
3351 1647 3399 1693 ct

1796 1725 1909 1775 qua?
1936 1712 2177 1763 mundum
2210 1722 2498 1773 a'eaverat,
2553 1720 2714 1779 atque
2757 1711 3141 1778 investigabilis
3185 1709 3398 1776 sapien-

1800 1780 1870 1833 tia
1890 1824 1904 1846 ,
1936 1791 1989 1833 ut
2018 1780 2245 1850 injiceret
2272 1782 2323 1834 in
2347 1798 2429 1834 eos
2456 1784 2645 1849 feroces
2687 1783 2895 1847 leones;
2926 1792 3012 1832 aut
3039 1797 3215 1833 recens
3253 1796 3397 1850 creo:

1796 1861 1873 1903 tas
1914 1849 2089 1921 furore
2130 1851 2305 1920 plenas
2334 1855 2534 1922 ignotas
2566 1857 2701 1920 feras
2729 1851 2886 1921 (Sap.
2921 1852 3123 1922 11.18.
3149 1852 3262 1920 19).
3292 1849 3395 1922 Sed

1796 1920 1975 1975 omnia
2010 1922 2135 1993 fecit
2180 1920 2470 1993 ostendens
2515 1920 2841 1993 patientiam
2876 1937 3051 1976 suam.
3107 1920 3232 1975 Ideo
3264 1921 3396 1976 dicit

1798 1993 1977 2066 Dens;
2014 1992 2081 2066 Ut
2105 1992 2350 2066 enarretis
2380 1992 3074 2066 filiisiﬁiioruntvesttorum
3094 2035 3108 2056 ,
3139 2008 3394 2066 quacum-

1793 2078 1905 2145 qua
1921 2062 2062 2116 illusi
2109 2062 2371 2145 {Egyptiis
2403 2064 2598 2131 (Exod.
2632 2064 2842 2145 1.0.n2).
2893 2062 3398 2145 Pllaraoiietttcrgo

1796 2135 1942 2205 mille
1975 2134 2251 2203 suppliciis
2285 2136 2503 2204 dignum
2548 2136 2699 2205 punit
2731 2136 2868 2189 Deus
2893 2174 2908 2199 ,
2940 2145 2993 2187 et
3016 2134 3145 2189 dicit
3173 2134 3246 2188 illi
3279 2151 3291 2187 :
3329 2134 3394 2190 In

1794 2204 1889 2256 lioc
1928 2206 2095 2274 ipsum
2143 2207 2383 2259 suscitari
2407 2218 2480 2271 te,
2510 2204 2564 2259 ut
2604 2206 2916 2260 ostenderem
2946 2207 2998 2258 in
3039 2216 3085 2259 te
3122 2206 3397 2273 potentiam

1794 2292 1956 2327 nteant
1980 2317 1995 2342 ,
2026 2288 2072 2328 et
2100 2279 2489 2329 annuntiaretur
2514 2295 2697 2331 nomen
2727 2293 2893 2329 meum
2915 2277 2966 2330 in
2991 2278 3225 2329 universa
3256 2287 3394 2331 terra

1795 2344 1973 2419 (Rom.
2098 2348 2187 2419 f7)
2220 2366 2232 2399 :
2268 2358 2323 2400 ut
2367 2364 2460 2417 per
2490 2361 2538 2403 te
2567 2349 2701 2401 alios
2728 2348 3057 2402 lncrifaciam
3086 2388 3100 2412 ,
3133 2357 3189 2400 ut
3218 2364 3312 2417 per
3345 2359 3397 2404 te

1793 2418 1928 2471 alios
1975 2418 2040 2471 ad
2092 2434 2276 2471 sanam
2326 2429 2559 2472 mentem
2595 2434 2842 2473 revocent
2870 2459 2884 2485 ,
2920 2428 2976 2471 ut
3006 2433 3101 2487 per
3153 2429 3206 2473 te
3255 2420 3393 2474 alios

1793 2489 2073 2559 castigem.
2118 2490 2181 2544 Et
2210 2500 2267 2542 ut
2294 2488 2469 2543 discas
2493 2532 2505 2545 .
2538 2500 2810 2559 quantum
2833 2491 2955 2543 aliis
2990 2488 3246 2557 profuerit
3276 2489 3395 2558 ejus

1792 2557 2083 2624 dissectio,
2132 2563 2238 2614 vim
2283 2557 2576 2630 Scriptura:
2625 2557 2830 2627 accipe.
2886 2561 3057 2628 Rapta
3105 2557 3395 2630 aliquando

1793 2631 1892 2686 fuit
1925 2630 2019 2683 Dei
2051 2646 2174 2684 arca
2198 2633 2265 2684 ab
2295 2632 2631 2700 alienigenis.
2658 2643 2711 2685 et
2739 2642 2996 2687 venerunt
3030 2641 3179 2686 vates
3206 2647 3394 2686 omnes

1792 2717 1854 2755 ac
1887 2701 2002 2756 falsi
2039 2702 2313 2771 propheta:
2340 2745 2354 2766 .
2389 2702 2750 2771 diei-bant-lue
2804 2719 2861 2756 re
2902 2704 3020 2756 ibus
3067 2702 3397 2771 alienigena-

1794 2789 1911 2827 rum
1952 2791 1961 2824 :
1997 2770 2305 2827 Emittainus
2348 2791 2521 2826 arcam
2570 2773 2663 2827 Dei
2711 2718 2934 2827 Israefa
2973 2773 3150 2827 nobis.
3180 2789 3293 2827 auat
3321 2785 3394 2827 est

1794 2789 1911 2827 rum
1952 2791 1961 2824 :
1997 2770 2305 2829 Emittainus
2348 2791 2521 2826 arcam
2570 2773 2663 2827 Dei
2711 2770 2883 2827 Israel
2903 2792 2934 2826 (ι
2973 2773 3150 2839 nobis,
3180 2770 3293 2843 quae
3321 2785 3394 2828 est

1793 2860 1971 2898 manus
2000 2845 2278 2915 cjusfortis
2322 2847 2394 2915 (l.
2426 2844 2548 2915 (leg.
2581 2845 2633 2900 5.
2666 2845 2720 2915 ,7.
2750 2858 2795 2900 et
2826 2847 2879 2899 8.
2915 2858 2960 2899 et
2988 2842 3040 2899 6.
3076 2845 3171 2914 6).
3203 2844 3391 2901 Nesci-

1794 2915 1859 2968 tis
1895 2925 2087 2988 quauta
2114 2914 2301 2969 fecerit
2331 2914 2587 2988 Dominus
2609 2914 3049 2988 AEgyptiis?_Cur
3078 2916 3394 2988 induramus

1792 2986 1955 3040 corda
1988 2997 2169 3039 nostra
2194 3027 2207 3049 ,
2242 2996 2298 3039 ut
2330 2987 2599 3040 induravit
2633 2986 2884 3041 Pharao?
2914 2986 2959 3042 Ο
2994 2987 3216 3055 probam
3256 3003 3392 3056 gen-

1793 3058 1961 3110 tilium
1993 3058 2261 3115 mcutem!
2291 3058 2557 3113 Reverere
2589 3067 2642 3112 tu
2666 3098 2680 3123 ,
2708 3059 2798 3128 qui
2821 3058 3175 3119 contradicis.
3204 3059 3392 3113 alieni-

1790 3144 2050 3199 genarum
2078 3144 2261 3183 Voces.
2293 3128 2369 3183 Ne
2398 3128 2710 3184 induretnus
2730 3170 2743 3193 ,
2776 3129 3027 3185 dicebant
3054 3129 3391 3199 alienigenze,

1792 3198 1952 3270 cerda
1986 3210 2165 3253 nostra
2190 3240 2204 3263 ,
2239 3213 2294 3252 ut
2323 3200 2589 3254 induravit
2634 3200 2779 3253 Deus
2810 3215 2903 3253 cor
2930 3198 3249 3255 Pharaonis.
3284 3199 3392 3270 Ipsi

1792 3269 2056 3325 Pharaoni
2086 3270 2453 3339 stupiditatem
2483 3287 2635 3327 suam
2668 3271 3068 3324 adseribebant.
3099 3272 3206 3326 Cur
3235 3271 3393 3327 indu-

1792 3357 1974 3395 remus
1997 3341 2160 3395 corda
2195 3352 2375 3396 nostra
2401 3382 2416 3407 ,
2463 3344 2602 3397 sicut
2632 3342 2903 3396 induravit
2932 3342 3183 3395 Pharao?
3210 3357 3390 3396 annon

1791 3427 1912 3466 cum
1966 3413 2255 3466 illudehant
2307 3413 2386 3467 eis
2410 3452 2425 3476 ,
2460 3422 2586 3467 tunc
2641 3412 2895 3482 populum
2928 3411 3295 3482 dimiserunt?
3328 3412 3394 3468 Et

1792 3500 1933 3537 nunc
1964 3484 2130 3538 Deum
2160 3484 2315 3537 nubis
2357 3484 2653 3553 propitium
2685 3485 2997 3538 reddamus.
3040 3481 3096 3537 Ιιι
3126 3484 3226 3537 alia
3252 3501 3391 3554 quo-

1790 3569 1897 3624 que
1924 3556 2415 3625 castrametatione,
2448 3555 2535 3609 tibi
2559 3554 2811 3609 viderunt
2838 3570 3019 3608 arcam
3048 3555 3389 3625 alienigenat,

1791 3628 2045 3701 dixerunt
2076 3644 2088 3680 :
2125 3624 2219 3701 [at
2242 3627 2384 3678 nobis
2409 3626 2556 3701 !Ah_i_c_
2579 3626 2831 3701 est_Deu_s
2878 3625 2969 3701 i_l_le
3009 3624 3273 3701 acerbus,
3302 3628 3391 3701 qui

1791 3696 2057 3770 percussit
2099 3695 2395 3770 £3anqu
2438 3696 2612 3770 (Ibid.
2658 3698 2716 3770 4.
2742 3696 2979 3770 8)._Vae
3022 3696 3228 3770 nobisl
3262 3695 3394 3754 erile

1792 3783 1921 3832 nos,
1958 3766 2457 3833 Doniiue.’Videte,
2487 3768 2760 3838 quomodo
2793 3766 3021 3828 velante
3049 3768 3390 3837 experimen-

1793 3847 1903 3891 tum
1936 3839 2145 3893 Pharao
2171 3880 2185 3905 ,
2220 3848 2273 3891 ut
2303 3848 2555 3907 saperent
2581 3839 2781 3893 effecit.
2819 3838 2945 3894 llaec
2979 3839 3216 3895 clamant
3260 3841 3393 3896 alie-

1792 3909 2021 3979 nigena).
2056 3910 2169 3963 Alia
2197 3926 2412 3979 quoque
2446 3912 2639 3964 mulier
2663 3909 2966 3981 alienigena
2990 3950 3002 3971 ,
3049 3908 3237 3967 llaltab
3264 3913 3392 3967 olim

1791 3982 2070 4043 meretrix,
2096 3996 2238 4035 nunc
2270 3992 2577 4050 temperans
2599 4023 2614 4048 ,
2647 3981 2734 4034 illa
2759 3980 2993 4035 celebris
3031 3982 3390 4051 exploratori-

1791 4052 1889 4105 bus
1916 4052 2045 4123 dicit
2075 4071 2087 4107 :
2120 4054 2331 4107 Scimus
2357 4068 2477 4120 qua:
2518 4052 2707 4107 fecerit
2759 4053 3018 4107 Dominus
3051 4055 3188 4108 Deus
3221 4051 3392 4123 Egy-

1792 4124 1914 4192 ptiis
1937 4165 1951 4185 ,
1990 4122 2052 4175 Et
2095 4123 2381 4176 audivimus
2404 4165 2418 4190 ,
2448 4133 2495 4177 et
2542 4123 2869 4176 Immiliutum
2897 4132 2971 4175 est
3002 4140 3092 4177 cor
3123 4122 3353 4179 nostrum
3377 4165 3391 4184 .

1790 4203 1837 4245 et
1864 4212 1966 4246 non
2008 4195 2214 4247 relictus
2247 4204 2317 4247 est
2347 4194 2398 4246 in
2428 4196 2572 4247 nobis
2615 4195 2827 4263 spiritus
2846 4236 2861 4260 ,
2888 4195 3010 4263 quia
3050 4193 3193 4248 Deus
3236 4205 3392 4249 vester

1789 4282 2005 4337 magnus
2030 4266 2140 4333 ipse
2160 4266 2221 4337 _i_n
2250 4266 2376 4337 creto
2415 4282 2645 4328 sursum,
2677 4276 2723 4319 et
2740 4266 2964 4337 in_terra
2990 4265 3227 4319 deorsum
3252 4266 3391 4334 (Jus.

1788 4336 1843 4406 2.
1879 4335 1966 4391 10.
2007 4337 2113 4406 ll).
2160 4335 2347 4391 Videu‘
2379 4353 2483 4389 nou
2536 4336 2749 4390 mentiri
2800 4335 3009 4402 Deum,
3042 4352 3164 4391 cum
3213 4338 3342 4391 dicit
3378 4356 3390 4391 :

1791 4405 1855 4460 In
1878 4408 1971 4464 hoc
1998 4405 2231 4463 suscitavi
2259 4418 2325 4471 te,
2351 4417 2405 4459 ut
2426 4407 2743 4460 ostenderent
2764 4408 2816 4460 in
2840 4418 2886 4460 te
2903 4410 3179 4475 potentiam
3206 4425 3391 4475 meum,

1790 4489 1836 4531 et
1863 4480 2250 4534 annuntiaretur
2280 4494 2464 4531 nomen
2492 4494 2658 4531 meum
2685 4480 2736 4530 in
2768 4480 3003 4532 uniuersa
3032 4490 3166 4532 terra
3193 4480 3218 4533 ?
3246 4479 3396 4535 Finis

1789 4561 1968 4607 autem
2018 4550 2327 4620 apostolicae
2368 4548 2628 4603 doctrinae
2650 4592 2664 4612 ,
2700 4549 2819 4620 finis
2844 4550 2915 4605 sit
2941 4566 3254 4617 sermonum
3300 4566 3398 4605 no-

1789 4619 2213 4675 Strorum.’Dicit
2239 4620 2475 4675 Paulus:
2505 4620 2653 4685 Quod
2685 4621 2729 4673 si
2775 4619 2912 4677 Deus
2946 4623 3117 4677 uolens
3134 4626 3399 4676 ostendere

1790 4691 1953 4755 iram,
1984 4702 2030 4745 et
2066 4702 2239 4745 notam
2268 4691 2438 4761 facere
2480 4692 2754 4759 potentiam
2788 4708 2935 4744 suam
2958 4734 2971 4749 .
2998 4694 3239 4745 sustinuit
3264 4694 3398 4747 iram

1790 4764 1840 4821 in
1872 4779 1991 4815 vasa
2015 4763 2107 4821 irin
2123 4764 2175 4817 in
2204 4765 2367 4816 multa
2400 4763 2639 4830 patientia
2668 4761 2844 4833 (llam.
2880 4764 2934 4818 9.
2967 4763 3085 4833 2'2).
3119 4764 3233 4818 Non
3262 4766 3398 4819 Sllll-

1794 4834 2003 4902 pliciter
2044 4834 2212 4897 dixit,
2258 4834 2469 4894 induxit
2514 4834 2687 4895 iram,
2731 4833 2823 4905 sed
2852 4875 2866 4898 ,
2902 4836 2955 4888 lu
3002 4837 3149 4889 illum
3190 4838 3278 4905 qui
3320 4836 3397 4890 ira

1790 4907 1983 4973 dignus
2010 4915 2145 4959 erat.
2176 4905 2316 4971 Quid
2344 4906 2486 4960 enim
2521 4904 2693 4958 dixit?
2741 4904 3000 4959 Sustinuit
3030 4908 3083 4959 iu
3119 4904 3280 4960 multa
3308 4926 3398 4974 pa-

1792 4976 1966 5029 tientia
1988 4976 2115 5030 iram
2144 4979 2195 5029 in
2223 4993 2341 5031 vasa
2379 4976 2489 5033 irae.
2541 4975 2674 5031 Nam
2718 4987 2775 5031 ut
2804 4986 2857 5032 tu
2898 4979 3075 5040 nosti.
3119 4994 3245 5036 vere
3271 4980 3401 5033 dicit

1774 5044 2069 5120 Apostolus
2095 5065 2104 5098 :
2136 5047 2215 5100 De
2240 5047 2670 5120 cwtero,friitres
2692 5091 2704 5109 .
2733 5050 3120 5120 confortaniini,
3160 5050 3401 5103 corrobo-

1790 5118 1995 5182 rmnini,
2018 5122 2223 5188 perfecti
2247 5128 2400 5199 estote
2417 5117 2632 5199 (Ephes.
2647 5119 2699 5174 6.
2723 5119 2807 5174 10.
2826 5117 3235 5199 et_j2._Cor._l_3._‘l
3253 5123 3303 5191 l)

1790 5199 2051 5263 autemet
2072 5200 2257 5243 natura
2283 5189 2501 5263 perfecti
2523 5204 2833 5263 sumus,cur
2853 5192 3153 5254 dicismihi.
3180 5189 3400 5263 Perii-cii

1788 5269 1944 5313 estote
1965 5261 1989 5313 ?
2013 5259 2171 5315 Certe
2198 5262 2487 5331 perfectum
2510 5275 2650 5325 esse,
2679 5262 2727 5313 id
2747 5271 2849 5323 est.
2876 5279 2940 5317 cx
2965 5263 3206 5318 moribus
3228 5259 3291 5318 se
3316 5265 3399 5319 di-

1788 5346 1949 5405 gnum
1976 5331 2222 5405 reddere.
2267 5331 2439 5401 Ipsam
2457 5342 2919 5405 rferumrrnaturam
2972 5344 3163 5389 testem
3194 5337 3401 5405 accipe.

1793 5403 1991 5455 Lanam
2013 5401 2113 5455 fert
2132 5412 2341 5468 natura,
2363 5404 2617 5457 mulieres
2637 5404 2779 5456 illam
2798 5404 3101 5473 perficiunt.
3124 5405 3267 5460 Sane
3292 5401 3402 5475 pcr-

1791 5475 2072 5527 fectiouem
2114 5486 2307 5528 vocant
2336 5476 2512 5547 ipsam
2536 5484 2825 5547 texturam,
2848 5476 3021 5546 ipsum
3059 5493 3215 5547 opus.
3250 5479 3403 5532 Sicut

1790 5560 1918 5609 ergo
1948 5554 2133 5599 natura
2163 5547 2339 5599 lanam
2385 5544 2667 5614 producit,
2700 5562 2787 5600 ars
2817 5544 2947 5601 vero
2978 5544 3109 5601 rem'
3140 5566 3170 5607 a
3213 5558 3403 5602 natura

1792 5616 2102 5685 producmm
2131 5617 2380 5684 perfecit:
2404 5618 2475 5671 ita
2507 5616 2648 5670 Deus
2670 5619 2759 5686 qui
2795 5627 3039 5673 naturam
3068 5618 3402 5683 cﬂormavit,

1792 5688 1936 5741 illaut
1962 5688 2219 5741 voluntati
2255 5687 2492 5741 tradidit.
2533 5686 2677 5741 Lana
2711 5698 2795 5743 est
2817 5700 3006 5743 natura
3033 5700 3247 5745 nostra:
3277 5691 3329 5744 in
3352 5702 3406 5747 te

1791 5767 1873 5811 est
1895 5773 1961 5811 ex
1990 5774 2053 5811 ea
2078 5758 2296 5813 efﬁcere
2316 5769 2407 5813 aut
2431 5774 2525 5811 vas
2546 5760 2791 5827 honoris,
2813 5770 2907 5814 aut
2927 5776 3021 5815 Vas
3037 5763 3405 5817 contumeliae.

1792 5827 2011 5904 Tinctnr
2064 5846 2154 5895 es,
2205 5832 2461 5901 accepisti
2508 5844 2538 5883 ιι
2597 5842 2787 5886 natura
2854 5833 3084 5904 lanam,
3146 5835 3405 5904 accepisti

1797 5903 2130 5973 propositum
2176 5904 2327 5973 quasi
2361 5905 2655 5959 tiucturam
2701 5903 3017 5976 quamdam.
3052 5903 3145 5960 Vis
3190 5903 3403 5978 tingere
