4130 6332
3072 485 3413 501 ’ψ’-’δᾳ

182 364 293 422 ess
1078 354 1143 408 IN
1184 351 1636 409 animum
1677 314 1763 404 ei“
1804 349 1870 404 lN
1896 340 2368 403 wensnsoneu.
2411 336 2563 395 E'l‘C.
2826 332 2827 335 ‘
3360 321 3466 384 est

3408 480 3475 515 ...σι

1280 656 1358 719 ιΝ
1402 642 1881 730 SEQUENTEM
1921 646 2394 713 SERMONEM.

181 836 396 901 horret,
433 834 504 887 ita
536 841 595 885 ιιι
619 844 720 883 nec
743 828 883 882 inter
904 821 1358 896 ἀμφιϐαλλόμενα
1388 818 1669 875 accenseri
1693 824 1988 879 mereatur,
2019 823 2078 868 ut
2106 800 2441 868 existimabit
2466 806 2609 865 haud
2635 801 2799 864 dubie
2829 805 3076 877 quisquis
3107 801 3479 875 Chrysostomi

184 932 461 985 orationes
489 926 572 983 vel
601 924 930 996 primoribus
968 921 1132 975 labris
1164 917 1399 990 attigerit
1436 934 1449 970 :
1484 926 1546 970 ac
1576 914 1661 969 vel
1688 928 1756 969 ex
1786 913 1902 983 ipso
1933 910 2180 965 ordiendi
2220 909 2381 963 modo
2411 908 2574 961 alium
2611 905 2989 975 deprehendet
3019 912 3314 957 oratorem.
3354 901 3474 955 Cae-

187 1032 368 1079 terum
405 1036 512 1075 non
556 1019 808 1073 indoctus
837 1025 921 1070 est
952 1014 1186 1083 scriptor
1216 1012 1337 1074 iste,
1388 1018 1442 1064 et
1492 1008 1618 1062 licet
1659 1004 1965 1060 innumeris
2007 1001 2431 1073 repetitionibus
2479 1015 2741 1060 nauseam
2776 998 2975 1068 pariat,
3016 1005 3162 1051 recte
3189 996 3385 1066 probat
3416 1011 3480 1049 ex

188 1100 278 1172 his
310 1114 550 1186 Apostoli
582 1113 761 1169 verbis
792 1130 805 1165 :
839 1110 961 1165 Non
992 1119 1066 1163 est
1089 1106 1306 1162 volentis
1332 1119 1494 1175 neque
1519 1100 1798 1166 currentis,
1822 1101 1913 1154 sed
1940 1098 2237 1153 miserantis
2265 1106 2338 1150 est
2375 1096 2491 1155 Dei,
2524 1110 2634 1149 non
2659 1094 2810 1163 sequi
2846 1092 3120 1147 hominem
3149 1093 3242 1163 qui
3272 1100 3483 1163 peccat,

187 1184 617 1279 culpailiberum
655 1218 809 1269 esse;
856 1202 953 1257 sed
984 1217 1049 1256 ex
1082 1200 1379 1256 voluntatis
1414 1213 1526 1252 suae
1575 1194 1876 1267 proposito,
1913 1194 2017 1249 sibi
2062 1190 2362 1262 perniciem
2394 1198 2450 1244 et
2494 1188 2776 1242 interitum
2825 1202 3038 1257 parere,
3090 1187 3236 1257 quod
3272 1202 3338 1241 ex
3368 1184 3486 1241 aliis

192 1304 493 1376 Scriptum
521 1301 680 1359 dictis
708 1308 763 1357 et
790 1298 1053 1370 exemplis
1076 1295 1381 1361 continuat,
1426 1308 1491 1351 ac
1524 1292 1853 1367 syllogistico
1883 1302 2033 1347 more
2069 1291 2391 1362 plerumque
2430 1286 2693 1358 procedit.

178 1992 242 2035 ιιι
291 1981 703 2033 casum/mu
752 1983 830 2030 ετ
875 1974 934 2029 in
984 1978 1400 2032 Pusnaoneu,
1433 1973 1511 2020 ET
1554 1977 1726 2031 QUOD
1770 1976 1895 2019 non
1930 1974 2235 2017 VOLENTIS
2281 1973 2489 2027 NEQUE
2537 1973 2917 2030 connexus,
2953 1968 3072 2015 suo
3120 1964 3496 2015 tttsenesrts

1198 2074 1296 2127 SIT
1340 2082 1446 2124 DEI
1494 2061 1754 2143 (Matth.
1789 2060 1887 2121 15.
1922 2060 2098 2119 Rom.
2145 2060 2208 2128 9,
2264 2059 2362 2139 16)

1475 2200 2202 2242 mmnnunm

255 2340 308 2395 l.
337 2330 553 2393 Etiamsi
574 2344 671 2389 ιιοε
690 2332 1024 2403 vespertinus
1043 2330 1131 2385 ille
1151 2330 1407 2403 tumultus
1427 2330 1780 2403 perturbavit,

180 2420 235 2463 at
269 2409 595 2465 exhilaravit
636 2400 1010 2459 universorum
1056 2401 1312 2455 studium.
1342 2400 1459 2455 Non
1492 2402 1634 2455 enim
1670 2411 1784 2455 tur-

180 2482 374 2536 barum
406 2477 775 2535 confusionem
800 2516 813 2537 ,
846 2474 937 2528 sed
967 2474 1272 2527 auditorum
1304 2471 1573 2527 fervorem
1609 2472 1779 2539 respi-

176 2553 390 2605 cit-bam
428 2557 838 2618 :spectatorqne
868 2561 1015 2600 eram
1052 2543 1277 2618 forensis
1316 2543 1781 2618 etpopularisutn-

180 2624 403 2688 omitus,
435 2613 1048 2690 simulquedi'viniatque
1066 2614 1411 2690 probistudii,
1437 2613 1505 2667 ita
1542 2623 1599 2669 ut
1638 2614 1784 2669 dice-

178 2708 297 2748 retn
323 2710 337 2747 :
364 2683 547 2745 Dianas
564 2683 765 2759 quidem
782 2698 897 2743 stott
921 2683 1101 2759 manus
1118 2683 1277 2750 Esat't,
1297 2701 1395 2739 vox
1410 2695 1577 2759 autem
1596 2702 1693 2759 vos:
1708 2695 1782 2759 est

175 2763 364 2817 Jacobi
390 2762 551 2832 (Gen.
578 2756 669 2815 97.
699 2762 769 2815 2‘2
786 2765 823 2829 ).
846 2758 1121 2825 Popularis
1137 2764 1251 2811 erat
1275 2756 1551 2832 tumultus,
1583 2756 1677 2811 sed
1698 2756 1783 2832 _di-

180 2836 368 2888 vittun’t
400 2828 671 2889 studium.
700 2828 924 2904 Oportet
949 2838 1137 2904 autem
1170 2844 1284 2881 non
1308 2828 1532 2904 distrahi
1566 2844 1631 2883 ex
1653 2828 1778 2904 cla-

179 2919 338 2959 more
383 2900 840 2968 tumultuantium,
873 2901 965 2957 sed
1000 2900 1270 2967 respicere
1300 2900 1535 2965 studium
1562 2900 1778 2955 audito-

180 2993 326 3029 rum.
378 2974 506 3030 Nant
560 2974 859 3029 Cbananma
917 2980 1039 3042 post
1088 2969 1427 3042 Schatorem
1476 2972 1775 3042 clamabat;

179 3060 371 3101 verum
404 3041 493 3101 ille
524 3061 629 3100 non
661 3044 725 3099 ad
753 3041 1044 3101 clamarem
1085 3041 1349 3102 attendit,
1382 3042 1475 3095 sed
1504 3041 1571 3095 ad
1614 3044 1777 3096 animi

178 3118 455 3173 alTectum.
479 3116 758 3171 Clamabat
786 3129 915 3184 ergo
935 3152 949 3176 ,
976 3124 1032 3166 ut
1059 3111 1219 3166 modo
1239 3113 1482 3176 audistis,
1503 3113 1779 3169 Dominit-a

178 3203 418 3259 sequens
443 3188 660 3259 vestigia
688 3206 699 3241 :
737 3186 840 3240 Fili
866 3185 1048 3259 David,
1070 3185 1304 3259 miserere
1328 3186 1422 3237 mei
1448 3184 1661 3259 (Matth.
1687 3186 1777 3239 15.

178 3255 299 3325 22}.
314 3259 361 3314 Ο
378 3255 611 3330 gentium
634 3258 790 3313 iidem
808 3260 822 3312 ε
844 3273 877 3330 o
892 3256 1199 3330 iudicarunt
1222 3255 1485 3330 ingratum
1498 3256 1735 3310 animum
1761 3259 1773 3311 ε

180 3332 265 3386 Ab
298 3325 589 3386 lsraelitico
614 3332 814 3400 genere
836 3329 1027 3400 aliena,
1056 3342 1154 3381 nec
1186 3326 1235 3378 itt
1263 3325 1386 3400 lege,
1406 3327 1652 3400 educata,
1680 3344 1778 3383 nec

181 3404 233 3472 in
282 3401 559 3472 prophetis
604 3397 811 3454 versata
838 3441 853 3465 ,
902 3399 1181 3472 veritatem
1226 3398 1516 3472 prmdicat,
1548 3397 1771 3472 dicens,

182 3468 295 3526 Fili
337 3468 533 3533 David,
576 3473 812 3525 miserere
852 3471 985 3533 mei;
1027 3470 1115 3538 qtti
1160 3482 1287 3522 vero
1336 3468 1384 3521 in
1416 3468 1531 3537 lcgc
1560 3468 1773 3523 educati

183 3544 431 3608 fuerant,
454 3544 542 3614 qui
572 3543 882 3614 prophetas»
914 3540 1224 3601 audierant,
1252 3539 1588 3614 mendacium
1623 3548 1778 3595 tuen-

182 3625 270 3669 tur
296 3610 539 3669 dicent—cs
556 3610 588 3677 ,’
606 3610 720 3667 Non
766 3612 1012 3665 novimus
1058 3625 1179 3663 eum
1206 3625 1220 3672 ;
1253 3610 1622 3664 Samaritanus
1652 3622 1735 3665 est
1760 3655 1773 3676 ,

180 3696 235 3740 et
255 3686 581 3740 dzemonium
607 3684 782 3737 habet.
806 3683 849 3737 0
874 3682 1031 3736 iidem
1056 3681 1293 3747 gentium
1316 3681 1327 3733 !
1354 3696 1386 3735 ο
1410 3680 1774 3737 lsraelitarum

182 3758 450 3826 ingratum
469 3755 729 3826 animum!
750 3752 880 3826 Vide
901 3755 1064 3807 lieum
1084 3752 1486 3826 e_t_SerVatorem
1510 3753 1771 3826 omnium,

179 3820 439 3897 quantum
471 3840 639 3895 genus
665 3824 791 3879 illud
815 3824 1064 3897 honoret.
1103 3820 1223 3897 Non
1243 3834 1316 3876 est
1330 3822 1526 3897 bonum
1546 3825 1775 3897 accipere

180 3892 367 3967 partem
409 3892 664 3966 ﬁliorum,
698 3906 743 3949 et
788 3895 1036 3967 projicere
1049 3894 1282 3967 rcanilnts
1319 3892 1497 3963 (Ibid.
1532 3910 1580 3947 υ.
1621 3895 1690 3949 26
1732 3897 1772 3965 ).

177 3965 382 4023 Gentes
406 3965 556 4023 vocat
578 3979 737 4021 canes
759 4009 773 4031 ,
800 3977 855 4021 et
876 3965 1145 4020 ‘Israelitas
1175 3965 1313 4019 liiios
1338 3982 1350 4016 :
1386 3976 1775 4021 transmittatur

180 4038 359 4094 honor
384 4055 413 4092 a
447 4039 678 4109 populo;
734 4048 786 4092 et
815 4039 903 4106 qui
936 4036 1502 4109 Itonorantttr,_ipsuin
1536 4037 1775 4093 dehone-

178 4119 355 4173 stant;
381 4106 466 4176 qui
495 4106 904 4178 despiciuntur,
935 4108 1162 4162 adorant
1188 4122 1201 4158 :
1234 4107 1323 4176 qui
1354 4106 1447 4161 ﬁlii
1477 4117 1768 4174 vocantur,

177 4180 500 4236 benel‘tcittm
531 4196 635 4233 non
669 4179 965 4249 recipiunt;
999 4178 1303 4249 Chananwa
1336 4192 1462 4232 vero
1491 4179 1641 4233 canis
1670 4196 1770 4248 ap-

178 4253 411 4321 pellata,
440 4266 469 4305 a
512 4252 754 4305 benelico
786 4248 901 4305 ’oon
950 4250 1169 4305 recedit.
1202 4248 1326 4301 Ideo
1371 4264 1599 4318 namque
1646 4252 1773 4307 Ser.

174 4333 333 4377 valor
379 4330 566 4377 canem
613 4321 823 4376 vocavit
868 4322 1145 4375 mulierem
1169 4362 1181 4381 ,
1215 4336 1319 4374 non
1352 4330 1409 4373 ut
1445 4325 1769 4377 contumelia

175 4394 440 4456 alliceret,
463 4399 557 4448 sed
583 4402 637 4446 nt
656 4393 769 4460 ejus
796 4391 1043 4447 allectum
1068 4390 1412 4459 patefaceret,
1433 4392 1771 4448 ostenderet-

173 4479 279 4533 que
314 4472 500 4535 gentes
529 4464 725 4533 probro
751 4460 975 4535 alieclas
994 4479 1021 4514 a
1053 4462 1296 4535 beneilico
1329 4478 1434 4515 non
1456 4463 1718 4519 absistere
1748 4508 1763 4531 ,

173 4534 434 4591 lsraelem
466 4548 592 4589 vero
625 4535 883 4589 benellcio
904 4534 1151 4588 allectum
1175 4534 1519 4589 Servatorem
1545 4550 1763 4604 negare.

174 4604 284 4661 Fili
319 4605 501 4670 David,
532 4607 764 4659 miserere
790 4607 904 4661 mei.
935 4605 1002 4660 Et
1027 4604 1116 4672 qui
1139 4619 1326 4660 omnes
1346 4604 1579 4668 exaudit,
1606 4616 1765 4675 tacet,

172 4693 278 4733 non
315 4688 370 4731 ut
398 4686 703 4745 precantem
731 4685 968 4745 respuat,
988 4676 1080 4730 sed
1109 4684 1165 4729 ut
1193 4677 1310 4747 ejus
1340 4676 1495 4747 iidem
1524 4677 1765 4747 splendi-

168 4748 380 4804 diorem
407 4749 593 4805 reddat
616 4766 628 4800 :
650 4748 952 4802 Chananaea
979 4762 1195 4813 genere,
1217 4745 1609 4802 Abrahamitiea
1640 4748 1763 4805 lide.

172 4817 280 4875 Fili
313 4818 481 4874 David
505 4861 519 4885 ,
548 4820 781 4873 miserere
812 4820 926 4872 mei.
955 4818 1021 4871 Et
1046 4819 1134 4888 qui
1168 4819 1250 4871 vel
1279 4828 1402 4871 ante
1431 4820 1541 4874 oris
1563 4819 1765 4874 clamo-

170 4905 287 4945 rem
337 4891 499 4946 animi
550 4890 966 4959 supplicationes
1020 4889 1433 4951 exandit,tacet
1466 4902 1519 4945 et
1546 4890 1758 4955 diliert;

171 4962 424 5043 visusque
451 4971 534 5043 est
573 4962 828 5029 apostolis
853 4960 1176 5043 inhumanus
1201 4974 1320 5043 esse
1344 5001 1359 5026 ,
1386 4962 1528 5043 quod
1559 4964 1763 5043 suppli-

167 5034 436 5089 cationem
467 5036 669 5089 tantam
701 5040 1000 5099 respueret.
1054 5032 1351 5100 Dicuntque
1376 5032 1425 5086 ei
1470 5032 1716 5100 discipuli
1749 5055 1760 5089 :

172 5102 383 5173 Dimitte
415 5105 560 5158 illam
597 5104 716 5172 quia
764 5104 950 5156 clamat
1001 5114 1110 5170 post
1165 5120 1255 5154 nos
1298 5103 1314 5171 (
1358 5102 1496 5155 Ibid.
1524 5120 1570 5156 υ.
1603 5102 1676 5158 25
1718 5105 1754 5173 ).

168 5171 305 5229 Num
332 5184 406 5238 ιιι,
432 5171 625 5237 Petre,
660 5190 785 5227 num
826 5184 903 5237 tu,
942 5173 1153 5227 Audrea
1178 5215 1190 5236 ,
1222 5174 1303 5227 vel
1335 5173 1575 5243 Philippe
1597 5216 1609 5238 ,
1635 5171 1761 5229 Ser-

168 5256 355 5299 vatore
384 5247 730 5301 humaniores
758 5246 928 5300 estis?
960 5260 1086 5298 num
1117 5259 1209 5297 vos
1239 5243 1387 5298 ﬂexit
1414 5248 1674 5314 precatio,
1704 5256 1757 5300 et

168 5315 510 5372 Senatorem
540 5333 645 5371 non
674 5314 850 5369 all‘ecit
874 5316 1227 5385 supplicatio?
1258 5316 1417 5369 Certe
1441 5330 1537 5369 vos
1560 5331 1757 5371 secun-

166 5387 293 5441 dum
323 5389 396 5443 rei
429 5389 619 5443 {aciem
647 5386 897 5455 judicatis
921 5429 933 5451 ,
965 5401 1065 5457 ego
1093 5385 1384 5440 secundum
1430 5388 1591 5440 animi
1625 5387 1755 5441 all‘e-

167 5468 310 5512 etnm
344 5461 661 5514 sententiam
692 5457 806 5511 fero
826 5475 839 5520 ;
863 5461 1089 5528 gratiam
1109 5457 1317 5520 differo,
1343 5468 1399 5510 ut
1420 5458 1753 5527 splendidam

166 5530 325 5583 iidem
368 5544 701 5601 exprOntam:
740 5529 857 5581 Non
896 5546 1006 5601 sum
1052 5529 1233 5601 missus
1270 5530 1365 5601 nisi
1397 5530 1463 5580 ad
1495 5546 1607 5581 ores
1646 5547 1757 5598 qua:

165 5604 422 5663 perierunt
440 5599 631 5654 domus
679 5599 839 5653 Israel
869 5600 1029 5663 (Ibid.
1064 5615 1109 5650 υ.
1152 5600 1265 5668 24).
1297 5599 1431 5652 Νιιιιι
1467 5609 1647 5668 pastor
1674 5612 1755 5654 est

170 5672 529 5726 lsraelitarnm
556 5674 575 5723 ?
601 5686 778 5724 annon
828 5672 987 5724 totius
1032 5672 1177 5741 orbis
1208 5672 1461 5723 Dominus
1488 5714 1500 5733 ,
1534 5682 1716 5741 pastor
1737 5716 1750 5737 ,

167 5740 569 5797 administrator
588 5753 637 5795 et
666 5757 783 5810 prox
802 5744 939 5794 inor?
969 5741 1080 5795 Non
1106 5740 1260 5803 dixit,
1288 5741 1399 5795 Non
1432 5758 1546 5794 sum
1575 5754 1753 5810 pastor

168 5814 391 5867 aliorum
418 5830 433 5879 ;
468 5814 561 5866 sed
589 5855 602 5875 ,
634 5813 745 5865 Non
777 5827 893 5866 sum
928 5813 989 5865 ad
1022 5813 1121 5865 hoc
1153 5815 1381 5873 missus;
1419 5830 1523 5865 non
1554 5831 1749 5868 secuit-

170 5882 289 5940 dua?
321 5885 401 5942 rei
435 5885 713 5937 veritatem
763 5886 983 5950 laqueos
1008 5926 1020 5946 ,
1052 5882 1143 5935 scd
1176 5885 1431 5939 simulans
1460 5934 1472 5958 τ
1508 5900 1561 5942 ut
1591 5893 1749 5945 tidem

470 5973 739 6037 ΡΑτιιοι..
789 5976 903 6037 (in.
958 5976 1115 6039 LIX.

1894 2327 2198 2399 patefaciat.
2229 2328 2282 2383 Si
2314 2342 2418 2381 non
2446 2326 2553 2381 alio
2582 2327 2778 2379 missus
2808 2342 2885 2399 es,
2918 2326 3010 2380 sed
3041 2336 3246 2399 tantum
3272 2326 3337 2381 ad
3368 2343 3499 2381 oves

1893 2398 2087 2455 domus
2119 2401 2318 2462 Israel,
2354 2414 2449 2451 cur
2479 2400 2755 2468 apostolos
2805 2398 2868 2451 ad
2916 2398 3049 2453 lines
3093 2398 3241 2453 orbis
3284 2399 3453 2451 mittis
3480 2438 3495 2458 ,

1890 2473 2077 2526 dicens
2099 2488 2111 2525 :
2138 2468 2329 2524 Euntes
2349 2470 2525 2523 docete
2544 2485 2715 2523 omnes
2736 2478 2927 2539 gentes,
2948 2467 3261 2537 baptizantes
3280 2468 3493 2539 (Matth.

1889 2544 1981 2599 28.
2008 2542 2145 2611 19)ἳ
2174 2544 2228 2597 Si
2262 2556 2364 2595 n0.t
2393 2539 2460 2595 ad
2490 2541 2643 2604 alias,
2675 2556 2833 2609 quam
2864 2538 3108 2604 lsraelis,
3141 2555 3270 2596 oves
3292 2538 3493 2595 missus

1891 2630 1950 2669 es
1976 2656 1989 2677 ,
2018 2630 2115 2668 cur
2140 2613 2360 2669 dicebas
2386 2613 2645 2681 apostolis
2668 2629 2683 2683 ς
2722 2611 2790 2664 Et
2832 2613 2961 2665 alias
2997 2628 3111 2665 oves
3152 2612 3309 2667 habeo
3336 2655 3351 2678 ,
3384 2626 3497 2683 qua?

1891 2702 1991 2738 non
2018 2695 2135 2738 sunt
2156 2702 2219 2740 ea:
2248 2684 2343 2738 hoc
2370 2684 2523 2747 ovili,
2549 2693 2595 2736 et
2618 2682 2736 2737 illas
2759 2693 2954 2754 oportet
2979 2700 3057 2736 me
3083 2700 3414 2754 congregare,
3441 2688 3496 2734 nl

1892 2758 1984 2825 fiat
2008 2774 2165 2809 unum
2188 2756 2319 2809 ovile
2338 2797 2352 2817 ,
2379 2763 2423 2807 et
2452 2771 2584 2809 unus
2609 2749 2819 2823 pastorr(
2840 2753 3000 2809 Joan.
3031 2754 3119 2810 10.
3152 2749 3218 2809 lli
3238 2749 3294 2823 )?
3318 2756 3493 2821 Quare

1892 2844 1996 2882 non
2024 2836 2272 2881 accurate
2297 2834 2350 2881 el.
2379 2827 2675 2881 secundum
2704 2838 2948 2880 exactam
2982 2826 3058 2880 rei
3092 2828 3376 2881 veritatem
3412 2827 3493 2878 lo-

1891 2901 2073 2967 quitur
2092 2939 2106 2962 ,
2131 2899 2227 2953 sed
2248 2895 2313 2952 ad
2336 2898 2529 2951 animae
2555 2896 2927 2963 probatiOnem
2952 2940 2965 2959 ,
3003 2894 3124 2951 Non
3152 2914 3262 2952 sum
3287 2900 3491 2951 missus.

1890 2970 2025 3025 Rem
2044 2978 2239 3040 negat,
2261 2980 2314 3024 et
2338 2970 2530 3023 mulier
2557 2967 2855 3037 deprecans
2884 2985 2991 3022 tton
3021 2970 3189 3039 fugit:
3221 2968 3339 3039 ejus
3361 2984 3493 3033 sup-
3536 3020 3539 3027 ,

1890 3043 2232 3107 plicationem
2282 3041 2506 3110 depellit
2544 3080 2560 3103 ,
2599 3049 2655 3093 et
2698 3040 3070 3110 adorationem
3104 3055 3213 3095 non
3262 3042 3495 3107 respuit.

1894 3113 2029 3168 Vere
2076 3112 2333 3168 Ecclesia:
2361 3109 2541 3181 imago
2570 3120 2654 3166 est
2694 3109 2999 3166 Chanantea
3024 3153 3038 3179 ,
3074 3122 3194 3179 qttte
3240 3112 3497 3182 periculis

1888 3186 2174 3253 probatur,
2208 3193 2264 3237 et
2315 3184 2595 3237 Dominum
2647 3198 2753 3253 non
2806 3193 3005 3252 negat;
3038 3199 3160 3252 qua:
3206 3194 3495 3237 sexccn'as

1887 3257 2119 3310 sustinet
2158 3254 2423 3319 procellas
2449 3294 2464 3316 ,
2497 3263 2549 3307 et
2572 3254 2643 3323 ad
2678 3252 2798 3306 lidei
2829 3262 3042 3323 portum
3071 3254 3245 3309 oculis
3275 3254 3446 3307 tendit
3480 3270 3492 3305 :

1885 3342 2006 3394 ψιιὲ
2054 3325 2200 3379 mille
2249 3324 2501 3379 lluctibus
2534 3322 2601 3378 ab
2649 3322 2919 3378 hmreticis
2965 3326 3267 3394 exagitator
3292 3366 3307 3389 ,
3341 3334 3394 3378 et
3423 3326 3495 3377 ob

1887 3393 2009 3451 fidei
2040 3396 2346 3451 ﬁrmitatem
2377 3411 2487 3455 non
2517 3403 2687 3449 nutat.
2719 3395 2918 3449 Confer
2948 3393 3105 3449 ﬁdem
3150 3396 3491 3450 ecclesiasti—

1886 3482 2001 3522 cam
2044 3483 2165 3522 cum
2216 3470 2425 3537 ingrato
2468 3465 2777 3537 Judrcorum
2823 3468 3024 3519 animo.
3076 3464 3245 3521 Jud:ei
3296 3481 3491 3520 manna

1882 3539 2233 3594 comedentes
2263 3532 2637 3602 murmurant;
2675 3532 2915 3592 Ecclesia
2961 3537 3213 3607 jejunans
3262 3539 3493 3592 Domino

1882 3612 2084 3679 gratias
2110 3611 2218 3680 agit
2246 3630 2256 3662 :
2289 3611 2363 3665 illi
2400 3610 2604 3663 honore
2632 3608 2807 3663 allecti
2837 3648 2852 3673 ,
2901 3610 3097 3679 ingrati
3127 3618 3251 3663 sunt
3278 3626 3291 3675 ;
3330 3610 3490 3662 (Ebri-

1882 3682 2040 3735 stiani
2068 3682 2118 3735 itt
2144 3681 2653 3782 perserpttutimiibtts
2675 3680 2879 3782 gratiasl
2902 3691 3085 3782 ag'unt.
3115 3680 3285 3763 Quem
3311 3681 3491 3749 diligis

1881 3766 2101 3806 servnm
2146 3792 2161 3817 ,
2195 3754 2239 3805 si
2289 3753 2544 3806 dominus
2588 3751 2699 3805 si»?
2728 3768 2794 3805 ex
2850 3752 3060 3807 duobus
3105 3753 3278 3806 servis
3330 3768 3489 3820 quem

1880 3824 2117 3893 accipis?
2139 3839 2335 3878 eumne
2356 3825 2443 3893 qui
2476 3832 2593 3891 post
2625 3822 2882 3877 beneﬁcia
2907 3823 3145 3892 ingratus
3158 3831 3260 3889 est,
3287 3838 3351 3877 an
3368 3839 3491 3877 eum

1879 3897 1967 3964 qui
1992 3896 2281 3965 castigatus
2294 3894 2519 3967 gratiam
2541 3893 2726 3967 habet?
2747 3894 3001 3949 Ecclesia:
3024 3894 3185 3965 igitur
3206 3895 3383 3962 imago
3409 3902 3495 3949 est

1879 3967 2204 4032 Chananma,
2224 3982 2342 4035 qua:
2359 3966 2579 4035 depulsa
2598 3966 3035 4036 Domimtmnon
3069 3976 3247 4036 negat.
3289 3967 3495 4020 Adorat

1880 4034 2256 4108 illumidicens,
2282 4034 2516 4102 Domine,
2537 4035 2726 4108 adjutm
2762 4053 2862 4108 me.
2885 4034 3017 4090 Cum
3044 4034 3191 4107 prius
3220 4038 3445 4092 dixisset
3474 4078 3489 4100 ,

1879 4107 1985 4162 Fili
2016 4107 2205 4175 David,
2230 4111 2467 4163 miserere
2488 4103 2817 4177 ntei(Matt/t.
2846 4103 3064 4175 15.25),
3092 4114 3285 4177 putans
3304 4124 3363 4165 se
3389 4110 3491 4162 mi-

1878 4194 2252 4249 norem,quatn
2272 4196 2367 4249 par
2383 4175 2772 4245 erat,emisisse
2788 4175 3489 4249 deprecatio—nem,priorem

1878 4247 2330 4316 revocat’vocem,
2356 4260 2411 4305 et
2435 4252 2669 4305 secunda
2698 4247 3038 4318 probianimi
3067 4247 3483 4321 signiﬁcatione,

1878 4324 2113 4391 priorem
2148 4323 2297 4392 tegit.
2329 4323 2446 4377 Non
2475 4320 2618 4377 enim
2648 4323 2785 4392 ultra
2815 4330 2971 4376 vocat
2999 4321 3150 4376 illntn
3184 4322 3351 4377 lilium
3384 4323 3486 4376 Da-

1878 4384 1963 4447 vid
1991 4436 2005 4457 ,
2034 4393 2129 4448 sed
2165 4384 2450 4447 Dominum
2483 4393 2669 4449 dicens
2700 4412 2711 4446 :
2747 4384 2966 4465 Domine
2991 4435 3007 4459 ,
3038 4395 3227 4465 adjtwa
3254 4411 3349 4449 nte.
3383 4393 3489 4449 Νεε-

1875 4481 1979 4532 que
2010 4475 2187 4519 tamen
2220 4466 2309 4518 ille
2338 4466 2629 4535 reSpondet
2657 4508 2670 4535 ,
2706 4464 2799 4518 sed
2832 4464 3011 4519 audita
3038 4464 3171 4520 voce
3212 4466 3489 4519 concitant

1876 4536 2026 4589 illum
2055 4536 2285 4605 apostoli
2313 4534 2556 4591 dicentes
2582 4553 2597 4589 :
2627 4534 2828 4589 Clamat
2858 4546 2968 4605 post
2998 4553 3109 4590 nos.
3138 4537 3277 4591 Deus
3301 4546 3481 4589 tamen

1872 4606 2053 4663 dill‘ert
2074 4604 2276 4672 ,tidem
2310 4608 2455 4663 illam
2480 4618 2753 4673 spectans,
2785 4617 2838 4661 et
2860 4604 2991 4662 dicit
3019 4610 3068 4663 ci
3095 4627 3107 4663 :
3145 4607 3266 4661 Non
3294 4620 3366 4662 est
3395 4607 3488 4659 bo-

1873 4696 1995 4751 num
2025 4679 2256 4751 accipere
2285 4695 2467 4751 panem
2506 4678 2751 4751 ﬁliorum.
2774 4689 2818 4732 et
2853 4678 3098 4749 projicere
3124 4679 3357 4733 canibus.
3395 4678 3487 4732 Fi-

1872 4748 1974 4804 lios
1988 4760 2141 4805 vocat
2160 4748 2579 4821 Israelitas,non
2605 4758 2712 4821 tam
2734 4748 3028 4814 honorans,
3066 4762 3228 4821 quam,
3253 4764 3487 4821 arguens

1872 4821 2137 4891 ingratum
2156 4821 2369 4875 illorum
2387 4820 2648 4876 animum.
2670 4818 2799 4875 Nam
2819 4836 2978 4891 quam
2999 4821 3158 4878 hodie
3179 4818 3490 4877 liliosvocat

1873 4889 2159 4959 Israelitas,
2183 4892 2324 4946 lilius
2347 4894 2560 4962 estejus
2576 4893 2663 4962 qui
2689 4889 2857 4964 dicit:
2892 4889 3057 4964 Filios
3086 4895 3240 4964 genui
3266 4904 3312 4947 et
3338 4895 3482 4947 exal‘

1870 4965 1991 5027 lavi,
2013 4964 2111 5031 ipsi
2130 4973 2609 5035 autemspreverunt
2629 4980 2707 5035 nte
2727 4962 2879 5031 (Isai.
2903 4965 2952 5017 l.
2970 4962 3050 5035 Ξ).
3071 4962 3371 5021 (ibananma
3392 4981 3486 5019 ca-

1870 5036 1950 5087 nis
1976 5045 2195 5089 vocatur
2214 5074 2228 5098 ,
2248 5045 2439 5089 etcum
2465 5034 2630 5103 gratia
2659 5033 2760 5088 l't-rt
2783 5033 3185 5090 contumeliam.
3210 5036 3483 5091 Caeterum

1869 5114 1996 5174 puto
2018 5114 2069 5160 et
2087 5106 2270 5171 credo,
2289 5100 2559 5159 Christum
2588 5100 2639 5159 in
2666 5107 2765 5160 hac
2796 5108 3117 5162 contumelia
3150 5108 3481 5163 benevolen-

1868 5178 1953 5227 tire
1978 5176 2265 5245 imaginem
2283 5178 2553 5245 posuisse,
2581 5192 2775 5246 nempe
2799 5180 3269 5243 canem,animalis
3290 5179 3479 5247 hujus-

1865 5261 1926 5319 ce
1958 5247 2387 5319 benevolentiam
2445 5248 2784 5316 exprimens.
2836 5250 2996 5302 Canis
3045 5251 3210 5303 millia
3240 5265 3434 5319 passus
3462 5291 3477 5316 ,

1865 5318 1933 5369 ab
1964 5318 2077 5372 heri
2108 5319 2191 5371 sui
2245 5316 2451 5373 aedibus
2484 5335 2587 5371 non
2635 5320 2911 5384 absct-dit;
2948 5323 3097 5375 canis
3127 5316 3258 5375 cuni
3288 5322 3477 5375 lterum

1863 5389 2200 5456 gradientem
2236 5390 2412 5453 videt,
2448 5398 2631 5454 tacet,
2664 5406 2784 5444 cum
2820 5392 3150 5446 domesticos
3181 5406 3368 5446 servos
3400 5393 3477 5443 vi-

1863 5461 1949 5513 det
1982 5502 1996 5525 ,
2028 5461 2286 5527 quiescit;
2334 5476 2457 5514 cum
2489 5470 2781 5515 extraneos
2826 5462 2991 5527 videt,
3024 5467 3327 5532 exagitatur
3351 5502 3366 5525 ,
3402 5462 3475 5515 la-

1866 5540 1964 5583 trat
1991 5572 2002 5587 ,
2039 5548 2143 5583 non
2174 5531 2434 5599 quiescit,
2484 5533 2692 5586 nullum
2742 5534 2977 5587 alienum
3026 5535 3269 5601 respicit.
3299 5533 3470 5585 Jndrei

1863 5616 1990 5654 vero
2014 5602 2287 5668 quomodo
2309 5614 2594 5657 sexeentas
2617 5614 2803 5657 contra
2834 5606 2999 5657 Deum
3023 5606 3196 5658 emitti
3222 5601 3470 5671 blasphc~

1861 5672 1997 5725 mias
2023 5674 2222 5736 vident,
2246 5688 2345 5726 nec
2369 5676 2685 5728 moventur?
2714 5674 2843 5729 Vide
2865 5675 3230 5729 Christianum
3250 5676 3474 5727 audien-

1861 5753 1967 5797 tem
1994 5743 2300 5797 hmretieam
2327 5744 2715 5814 blasphemiam
2751 5758 2843 5800 aut
2876 5748 3038 5800 alium
3062 5762 3325 5807 errorem,
3362 5756 3472 5798 sta-

1862 5816 2063 5879 timpte
2122 5816 2435 5876 turbatum,
2493 5816 2821 5881 latrantem,
2884 5828 3073 5872 contra
3128 5818 3471 5871 adversarius

1860 5887 2202 5941 clamantem.
2232 5886 2345 5941 Non
2390 5887 2491 5942 fert
2531 5887 2865 5945 Christianus
2908 5894 3137 5943 atirnam
3177 5888 3360 5945 videre
3391 5892 3465 5942 la~

2996 5975 3070 6042 Itl
