4130 6332
193 399 284 460 filii

192 528 280 564 nos
306 527 336 562 a
358 508 712 562 constitutione
735 507 909 561 mundi
932 505 1107 567 (Rom.
1132 505 1185 559 8.
1208 503 1295 558 29.
1325 511 1369 555 et
1393 500 1582 569 Ephcs.
1615 500 1637 553 1
1688 497 1781 568 4)?

189 581 465 636 Jeremiam
496 580 564 632 ab
594 588 747 651 utero
773 578 938 640 novit,
973 578 1242 651 apostolos
1256 584 1381 651 ante
1411 570 1593 651 mundi
1619 585 1741 651 crea
1761 598 1773 610 -

191 653 385 706 tionem
440 648 724 717 przescivit,
772 664 873 704 nec
920 642 1079 701 modo
1132 645 1418 717 prascivit,
1468 642 1560 695 sed
1612 642 1772 717 etiam

190 714 474 795 praeelegit.
510 718 796 795 Videamus
823 734 951 795 ergo
980 734 1046 772 an
1074 716 1403 795 pra-scientia
1425 725 1674 795 naturam
1700 714 1775 765 fe.

189 787 332 846 cerit.
425 792 614 864 electio
638 787 1000 864 apostolorum
1019 799 1142 843 ante
1161 787 1774 864 constitulimiemimtn-

189 865 257 925 di,
285 863 504 934 jusnitia:
534 860 1001 934 naturameﬁ‘ecit,
1034 875 1139 934 non
1170 869 1364 934 autem
1383 860 1638 924 propositi
1669 860 1774 934 vir-_-

189 928 299 992 tusi
326 948 425 989 ciir
452 932 506 993 ii.
538 934 624 999 qui
656 931 922 999 publicani
946 932 1103 985 futuri
1130 928 1566 999 prmsciebantur,
1599 928 1769 999 vocati

186 1004 337 1057 sunt?
361 1019 455 1057 cur
488 994 1097 1075 Paulns‘perscquitur?
1124 994 1218 1075 cur
1245 998 1556 1075 meretricvs
1587 994 1652 1075 ad
1683 1011 1770 1049 re-

185 1090 342 1142 gnum
380 1071 663 1142 festinant?
690 1071 746 1127 Si
776 1073 919 1127 enim
961 1072 1260 1142 pnescitmn
1291 1068 1390 1142 fuit
1429 1068 1767 1142 meretricem

185 1137 342 1214 regno
368 1144 583 1211 dignam
632 1140 764 1208 fore,
797 1158 895 1197 cnr
940 1137 1191 1197 meretrix
1238 1140 1369 1192 fuit?
1413 1138 1456 1191 si
1505 1137 1771 1205 praescivit

184 1215 396 1273 Paulum
431 1214 722 1287 Deus,_cur
751 1214 1085 1287 przescientia
1129 1222 1371 1265 naturam
1408 1224 1515 1287 non
1549 1218 1764 1287 operata

181 1286 289 1339 est?
318 1302 412 1339 cur
442 1284 507 1345 is,
533 1283 621 1352 qui
653 1280 928 1352 pra-scitus
951 1284 1122 1339 fuerat
1149 1292 1274 1335 ante
1301 1280 1481 1333 mundi
1509 1280 1768 1352 ειιιιδιίιιιτ

181 1357 393 1416 tionem,
412 1350 755 1424 blasphemus
779 1355 895 1417 fuit,
930 1363 1301 1424 persequuntur,
1318 1350 1767 1424 contumeliosus?

181 1426 361 1482 Videu‘
390 1420 779 1495 praescientiapi
812 1420 1189 1479 non—naturam
1222 1427 1417 1495 facere,
1451 1422 1543 1495 sed
1564 1420 1767 1495 volun-

180 1499 295 1572 tatis
334 1493 605 1572 proposita
640 1497 1062 1572 pr.i-videre‘_!__Si
1114 1494 1453 1572 praiscien‘tia
1481 1493 1601 1572 fecit
1631 1505 1765 1558 apo-

177 1563 384 1630 atolum,
417 1563 515 1621 cur
542 1566 821 1621 Matthmus
873 1566 1210 1635 publicanum
1241 1563 1387 1635 agit?
1418 1563 1761 1635 Publicanuin

176 1654 347 1702 agere,
374 1648 456 1691 est
486 1638 819 1691 idololatram
844 1633 962 1691 esse
984 1655 997 1689 :
1020 1636 1149 1690 dicit
1175 1633 1317 1689 cnim
1341 1634 1597 1688 SCI'VutOl‘
1618 1650 1630 1686 :
1653 1633 1764 1686 Erit

175 1710 260 1761 tibi
288 1719 339 1761 ut
371 1710 689 1777 publicanus,
728 1719 816 1760 aut
844 1718 897 1761 ut
923 1709 1149 1761 ethnicus
1178 1706 1391 1777 (Matth.
1420 1705 1504 1759 l8.
1535 1703 1643 1777 1‘7).
1674 1704 1763 1759 Sic

174 1794 349 1848 parem
371 1773 691 1833 idololatrire
716 1779 985 1847 publicani
1009 1773 1225 1845 operam
1258 1777 1516 1848 deﬁnivit.
1544 1773 1600 1830 Si
1632 1790 1761 1848 ergo

174 1845 446 1929 premitus
486 1851 585 1929 fuit
633 1845 935 1929 Mattiacas,
990 1865 1087 1903 cur
1132 1845 1761 1929 prrescieutianon‘fecit

173 1917 312 1981 illum
342 1922 667 1989 apostolum,
699 1920 792 1974 sed
834 1921 1082 1975 voluntas
1120 1921 1184 1972 ad
1212 1918 1571 1975 obedientiam
1605 1917 1759 1971 incli~

173 1990 341 2045 navit?
370 1991 556 2043 liahab
572 1998 781 2047 servata
804 2001 855 2045 et
876 2006 1001 2050 eum
1021 1990 1265 2049 fidelibus
1289 1998 1635 2047 annumerata
1657 1997 1757 2042 est.

170 2062 292 2116 Sine
321 2062 488 2136 dubio
517 2062 659 2115 illam
707 2076 928 2136 quoque
965 2062 1281 2136 prmsciebat
1308 2061 1467 2115 Dens.
1498 2056 1607 2112 Cur
1636 2074 1757 2111 eum

170 2132 521 2200 prmsciretur,
568 2132 743 2191 tamen
794 2132 1050 2188 fornicata
1095 2133 1211 2185 est?
1254 2147 1351 2185 cur
1379 2146 1439 2184 ea
1472 2146 1589 2199 quae
1620 2145 1758 2200 pra:-

168 2199 294 2256 scita
324 2201 419 2256 fuit
462 2202 769 2271 margarita,
806 2203 856 2256 in
890 2204 999 2260 luto
1025 2202 1174 2257 erat?
1202 2202 1329 2256 llzcc
1359 2202 1555 2269 ubique
1585 2199 1755 2265 vides,

170 2273 393 2327 mediam
424 2284 691 2339 naturam,
714 2275 1042 2328 voluntatem
1074 2289 1205 2327 vero
1229 2274 1337 2327 Deo
1360 2272 1684 2340 prmseitam,
1704 2280 1759 2325 et

169 2343 217 2395 in
247 2344 365 2397 vita:
394 2344 623 2398 decursu
650 2352 1020 2413 apparentem.
1055 2344 1307 2398 Prmvidit
1335 2345 1473 2397 Deus
1503 2341 1644 2412 quod
1670 2341 1755 2396 fu-

170 2423 337 2467 turum
362 2424 497 2479 erat,
522 2424 577 2469 et
604 2416 807 2469 fructus
827 2417 947 2469 vita:
975 2416 1198 2468 instituti
1231 2423 1387 2468 notus
1416 2415 1530 2466 fuit.
1560 2416 1601 2465 Α
1626 2428 1756 2469 voce

168 2484 307 2539 Pauli
335 2485 659 2539 solutionem
692 2487 907 2555 accipe:
936 2486 1073 2551 Quos
1105 2486 1374 2555 prwscirit,
1418 2496 1463 2537 et
1490 2486 1757 2551 prcedesti-

168 2557 330 2619 navit;
364 2572 491 2624 quos
540 2557 936 2625 praedestinavit,
986 2557 1135 2610 etiam
1166 2558 1398 2617 vocavit;
1436 2572 1561 2625 quos
1592 2566 1757 2608 autent

168 2627 368 2688 locavit,
401 2627 495 2681 hos
521 2638 567 2681 et
583 2628 887 2699 justi/icavit
910 2626 1097 2699 (Rom.
1119 2626 1170 2681 8.
1200 2627 1291 2682 29.
1316 2626 1428 2699 50).
1450 2626 1557 2699 titur
1586 2625 1610 2680 J
1622 2627 1757 2682 udas

166 2708 401 2761 vocatus,
433 2714 538 2751 non
562 2698 886 2766 justillcatus
913 2697 1030 2752 est?
1063 2698 1205 2765 Quos
1248 2697 1499 2767 prtcscivit
1540 2707 1587 2750 et
1618 2714 1755 2767 pra:-

165 2770 446 2832 destinavit,
482 2769 574 2822 tios
599 2771 750 2822 etiam
778 2774 988 2823 vocavit.
1036 2768 1152 2822 Non
1193 2778 1276 2823 est
1318 2783 1449 2837 ergo
1479 2768 1757 2835 prepheta:

165 2837 533 2907 pra-rogativa,
564 2839 705 2908 quod
736 2841 803 2893 ab
827 2851 978 2894 utero
1009 2850 1166 2893 notus
1194 2840 1372 2904 fuerit,
1401 2839 1617 2907 quando
1638 2854 1751 2903 eos,

164 2910 247 2976 qui
275 2921 397 2963 aute
427 2912 624 2964 szecula
667 2911 822 2965 electi
850 2919 993 2974 sunt,
1027 2925 1131 2963 ιιοιι
1167 2922 1354 2964 natura
1398 2920 1620 2977 sequuta
1651 2922 1750 2975 est,

163 2979 252 3033 sed
291 2981 536 3035 voluntas
578 2982 970 3050 praescientiam
1014 2982 1290 3035 testilicata
1334 2991 1435 3035 est.
1470 2981 1754 3035 Ostensum

163 3050 318 3119 igitur
361 3060 464 3116 est,
517 3067 621 3105 non
678 3064 922 3106 naturam
980 3052 1368 3120 prmscientiam
1414 3051 1618 3113 facere;
1655 3054 1755 3107 nisi

163 3123 278 3188 quis
307 3122 531 3177 omnino
556 3123 923 3177 contentiOSus
955 3126 1044 3186 sit,
1071 3134 1121 3177 et
1143 3134 1327 3179 contra
1351 3125 1628 3177 veritatem
1652 3127 1751 3177 im-

162 3192 421 3261 pudenter
453 3194 712 3261 insurgat.
745 3194 854 3247 Cur
884 3204 1060 3248 autem
1104 3195 1155 3247 in
1187 3194 1521 3248 Pharaonem
1550 3209 1765 3248 sermo.

165 3278 281 3321 Item
311 3265 766 3332 convertit?Quia
795 3264 994 3319 dictum
1026 3264 1199 3327 fuerat
1224 3264 1520 3319 Pharaoni:
1552 3263 1619 3316 In
1659 3267 1755 3320 hoc

160 3334 321 3399 ipsum
342 3336 583 3389 suscitari
610 3345 677 3400 te,
706 3345 758 3388 ut
785 3336 1097 3389 ostenderem
1125 3338 1175 3389 in
1208 3347 1255 3389 te
1294 3337 1523 3389 virtutem
1566 3352 1751 3403 meam,

160 3416 203 3456 ct
226 3407 615 3459 mmuntiaretur
637 3423 819 3459 nonten
847 3424 1011 3459 meum
1042 3408 1093 3459 in
1133 3408 1366 3463 universa
1406 3417 1539 3459 terra
1571 3407 1750 3475 (Rom.

162 3476 209 3528 9.
243 3476 348 3546 17).
382 3476 453 3531 Ut
493 3484 636 3529 tuam
688 3477 938 3531 ostendas
986 3478 1255 3543 virtutem,
1291 3478 1562 3533 hominem
1596 3481 1756 3532 casti-

160 3548 280 3615 gas?
312 3557 365 3598 ut
397 3547 655 3601 exhibeas
687 3548 975 3615 potentiam
1002 3558 1165 3610 tuam,
1194 3548 1453 3601 insontem
1484 3547 1551 3602 de
1578 3550 1754 3605 medio

162 3617 331 3670 tollis?
359 3617 413 3672 Si
450 3619 640 3671 noxius
670 3620 758 3683 sit,
792 3618 1125 3686 reprehendo
1153 3620 1327 3683 illum;
1354 3622 1434 3675 sin
1464 3620 1664 3681 insons,
1688 3638 1754 3676 ne

160 3700 397 3748 accuses.
433 3688 567 3753 Quid
602 3689 699 3742 sibi
731 3688 842 3742 vult
866 3689 1018 3753 illud,
1054 3689 1121 3743 Ut
1148 3690 1410 3742 ostendam
1437 3690 1489 3744 in
1519 3699 1565 3741 te
1587 3692 1751 3743 virtu-

160 3767 252 3810 tem
284 3761 485 3812 meam?
515 3759 639 3815 Mihi
668 3760 902 3813 animum
926 3760 1154 3814 adhibe:
1181 3769 1298 3813 utar
1322 3760 1569 3826 exemplo
1590 3771 1644 3814 et
1666 3779 1753 3817 ve-

163 3830 253 3881 teri
282 3839 332 3884 ct
358 3844 509 3884 vero.
545 3832 646 3891 Ars
674 3830 879 3884 medica
906 3846 1026 3884 cum
1063 3832 1128 3885 ab
1153 3832 1301 3885 initio
1333 3832 1487 3885 vellet
1513 3840 1567 3885 et
1596 3844 1753 3887 uatu-

160 3914 267 3951 ram
290 3909 345 3954 et
366 3900 570 3954 viscera
596 3901 828 3955 hominis
849 3903 1154 3969 explorare,
1183 3902 1510 3955 sectimiilms
1528 3913 1609 3955 est
1634 3920 1749 3969 usa,

159 3980 209 4041 et
228 3969 466 4031 viventes
485 3971 725 4033 homines
742 3972 1017 4036 dissecuit,
1040 3985 1096 4026 ut
1120 3973 1239 4027 aliis
1268 3972 1586 4026 medicinam
1613 3990 1751 4041 pra:-

159 4039 323 4095 beret.
356 4043 425 4095 At
456 4041 581 4108 illud
610 4052 757 4103 certe
788 4044 1023 4109 iniquum
1056 4053 1190 4108 erat,
1220 4043 1283 4097 ad
1331 4045 1555 4097 aliorum
1606 4039 1751 4099 Salu-

160 4112 428 4185 (ainalius
452 4114 696 4185 rviventcs
724 4123 979 4174 mactare.
1004 4114 1142 4180 Quid
1173 4131 1300 4185 ergo
1330 4114 1575 4169 fecerunt
1601 4124 1751 4170 vete-

158 4182 274 4235 res?
304 4182 459 4237 Morti
504 4184 829 4247 destinatum
874 4187 943 4238 ob
991 4186 1209 4250 furtum,
1240 4182 1355 4240 Vaut
1402 4186 1748 4254 adulterium,

157 4262 246 4323 aut
293 4254 633 4317 veneficium,
658 4256 835 4310 vivum
868 4254 1260 4317 dissecuerunt,
1294 4267 1345 4309 ct
1374 4257 1491 4311 sine
1537 4258 1749 4323 injusti-

160 4322 227 4375 tia
270 4339 397 4393 erga
449 4340 594 4389 eum,
648 4326 737 4394 qui
790 4326 1051 4395 supplicio
1098 4326 1450 4390 alﬁciehatur,
1507 4322 1752 4383 humana:

162 4342 227 4375 ua
270 4342 397 4393 erga
449 4342 594 4389 eum,
648 4342 737 4394 qui
790 4342 889 4395 sup
930 4342 1051 4391 ncio
1098 4342 1450 4390 anteieuaiur,
1507 4342 1749 4383 numana:

159 4402 357 4449 natum
384 4410 544 4467 opem
578 4396 839 4467 ferebant.
868 4342 1002 4451 Epum
1034 4398 1199 4465 enim,
1224 4399 1311 4467 qui
1339 4398 1601 4457 SCt'ierlllll
1625 4415 1749 4456 cau-

159 4478 212 4515 sa
243 4466 506 4534 supplicio
535 4464 890 4532 afﬁciebatur,
940 4468 1118 4524 vivum
1162 4464 1547 4527 dis'secabant‘:
1584 4480 1639 4527 ut
1670 4471 1749 4525 vi-

158 4534 394 4608 sceribus
422 4538 715 4591 etiamnum
755 4538 968 4608 agitatis
1011 4555 1199 4594 eorum
1250 4550 1491 4601 naturam
1541 4542 1749 4595 edisce-

159 4614 291 4658 rent.
324 4607 466 4662 Deus
494 4608 670 4675 itaque
713 4619 770 4662 ut
798 4607 1247 4675 sapientissimus
1283 4611 1519 4665 medicus
1559 4612 1752 4677 (medi-

157 4690 250 4751 cus
276 4692 505 4744 namque
543 4686 625 4731 est
646 4679 697 4751 is
738 4680 824 4748 qui
857 4680 1014 4733 dicit:
1042 4679 1164 4733 Non
1202 4682 1311 4734 veni
1350 4699 1526 4736 vocare
1556 4684 1748 4751 justas,

155 4746 243 4824 sed
265 4757 554 4824 peccatores
586 4750 653 4801 ad
683 4746 1065 4824 ptenitentiam;
1112 4761 1184 4824 et,
1237 4752 1379 4824 Non,
1402 4764 1471 4807 est
1503 4746 1631 4824 opus
1662 4746 1749 4807 ra;

158 4815 368 4895 (cutibus
397 4821 643 4895 medicus,
677 4815 764 4872 ied
793 4823 936 4895 male
956 4815 1251 4895 habentibus
1303 4822 1515 4895 [Matt/i.
1536 4815 1617 4895 ’9.
1660 4826 1747 4890 13,

158 4885 281 4964 f2])
313 4889 507 4964 accipit
535 4891 892 4964 Pharaonem,
918 4892 1026 4961 jam
1058 4894 1200 4947 mille
1231 4885 1504 4964 suppliciis
1533 4885 1751 4962 dignum

156 4959 239 5035 ob
270 4962 475 5013 scelera
508 4976 600 5035 sua
629 4978 641 5014 :
676 4962 859 5035 multis
890 4959 1030 5035 enim
1063 4959 1473 5018 obnoxius-erat
1512 4959 1747 5035 ﬂagitiis.

158 5027 391 5103 Primum
420 5033 595 5085 scelus
622 5043 738 5103 erat
780 5033 1107 5100 blaSphemia
1137 5074 1150 5099 ,
1183 5036 1322 5103 quod
1349 5027 1610 5102 dixisset:
1631 5034 1752 5096 Non

156 5101 265 5176 nari
298 5098 591 5176 Dominum.
622 5098 956 5176 Blasphemia
980 5115 1093 5160 erat
1117 5098 1433 5176 principium
1464 5098 1748 5163 malorum.

154 5170 498 5247 Secandum,
530 5170 833 5247 immanitas
864 5188 987 5247 erga
1024 5170 1311 5244 populum,
1350 5179 1490 5247 quod
1525 5178 1749 5237 liberum

156 5254 322 5319 gemis
348 5244 587 5319 servituti
634 5254 686 5298 et
729 5244 958 5319 laterito
999 5249 1145 5315 operi
1196 5244 1501 5305 tradidisset
1552 5248 1745 5319 (Exod.

157 5308 206 5364 5.
231 5309 320 5384 _‘_2).
355 5312 597 5367 Tertium
624 5354 639 5379 ,
686 5316 831 5382 quod
866 5308 1180 5370 innocentes
1216 5336 1410 5384 pueros
1450 5321 1500 5371 in
1531 5308 1751 5375 flumine

157 5380 469 5438 suffiit-aret.
526 5380 819 5451 Quartum,
876 5388 1018 5455 quod
1071 5380 1414 5455 praedicatum
1464 5391 1747 5445 Dominum

157 5465 263 5511 non
294 5466 661 5529 revereretur.
695 5456 951 5529 Quintum
978 5498 991 5518 ,
1022 5459 1161 5526 quod
1215 5462 1468 5515 miracula
1512 5464 1701 5515 videns
1732 5505 1748 5529 ,

157 5534 341 5597 contra
370 5526 618 5593 pietatem
651 5526 989 5595 impudenter
1014 5541 1213 5597 ageret.
1250 5530 1426 5586 Multis
1457 5526 1747 5587 obnoxium

157 5590 383 5716 ﬂagitiis
401 5606 684 5650 assumens
711 5590 851 5651 Deus
873 5639 887 5663 ,
917 5608 973 5651 ut
1011 5590 1245 5670 optimus
1276 5604 1514 5656 medicus
1535 5646 1550 5668 ,
1584 5607 1737 5659 mira-

160 5678 223 5715 cu
251 5665 293 5716 is
318 5665 609 5716 dissecuit:
657 5682 762 5716 nan
795 5670 963 5716 semel
1015 5673 1286 5716 nimione-
1334 5684 1390 5716 ιιι
1436 5674 1699 5716 Μοίδοηίιι
1735 5694 1737 5702 ·

160 5665 293 5717 culis
318 5665 762 5740 dissecuittnOn
795 5670 965 5724 semel
1015 5665 1290 5740 plectens,
1334 5684 1391 5726 ut
1436 5665 1745 5739 occideret;

160 5748 265 5787 non
297 5741 441 5809 enim
468 5738 558 5805 qui
589 5739 859 5793 dissecant
888 5742 1170 5796 confestim
1198 5738 1468 5809 occidunt,
1503 5748 1596 5801 sed
1620 5738 1747 5800 dum

160 5805 638 5885 "umbra-secant,
674 5810 821 5885 lente
844 5822 1027 5885 agunt,
1066 5824 1118 5866 ut
1148 5814 1383 5885 undique
1411 5805 1515 5872 vim
1546 5828 1749 5873 natura:

161 5886 488 5947 exploratam
512 5880 767 5937 habeant.
790 5881 1017 5955 Subjicit
1045 5885 1193 5941 illum
1221 5880 1387 5956 rariis,
1426 5898 1595 5944 armat
1621 5905 1749 5945 con-

1051 392 1115 447 IN
1153 386 1599 445 CIIANANEA.“
1644 386 1731 440 ΕΤ
1771 384 1834 439 IN
1878 383 2323 454 ΡΙΙᾹΠᾹΟΝΕΜ,
2365 384 2520 442 ETC.

3380 387 3487 445 662

1892 505 1970 551 tra
2004 496 2151 551 illum
2180 504 2466 552 extraneas
2494 496 2735 567 legiones
2759 538 2775 560 ,
2803 496 3041 565 legiones
3080 512 3329 553 ranarum
3354 540 3368 561 ,
3400 498 3485 554 lo-

1885 578 2195 633 custarum,
2244 578 2298 622 ut
2349 568 2621 637 ingentem
2669 569 2964 637 potentiam
3014 584 3165 624 suam
3210 571 3483 625 ostendat.

1883 637 1998 691 Non
2040 640 2183 693 misit
2227 639 2477 707 angelum
2508 638 2576 693 de
2600 642 2764 703 czelo,
2802 654 2907 693 non
2950 639 3168 693 ordines
3220 641 3486 697 Gllerubi-

1882 724 2073 764 norum
2096 752 2109 774 ,
2146 724 2251 763 non
2290 710 2455 763 mittit
2496 709 2824 779 Seraphinos
2855 720 3041 764 contra
3088 712 3351 775 rebelles;
3384 712 3480 767 sed

1879 780 2172 835 ostendens
2197 781 2489 849 potentiam
2508 796 2679 843 suam,
2698 790 2922 851 apparat
2936 780 3173 849 legiones
3188 796 3439 836 ranarum
3463 802 3477 837 :

1879 851 2104 904 aderant
2134 852 2405 905 exercitus
2454 852 2814 915 locustarum,
2850 852 2997 905 nullo
3027 852 3203 914 duce;
3237 854 3330 907 sed
3384 853 3478 909 Dei

1873 920 2029 984 ju~su
2073 922 2425 977 ducebantur.
2466 922 2698 977 Exibunt
2725 938 2790 978 ex
2842 920 3067 977 ﬂumine
3114 939 3258 976 rana:
3288 935 3474 977 contra

1880 992 1969 1044 Dei
1995 993 2359 1047 adversarium
2391 1004 2703 1062 pugnaturm
2730 1011 2740 1045 :
2774 992 3059 1047 veniebant
3090 994 3309 1047 locusta:
3333 1035 3347 1058 ,
3383 1011 3473 1047 ra-

1878 1062 2310 1132 tiociniijudicio
2353 1080 2459 1117 non
2490 1065 2765 1119 instructa:
2791 1107 2805 1127 ,
2852 1064 2946 1118 sed
2991 1066 3326 1119 Dominieum
3371 1065 3475 1118 iiii-

1877 1132 2085 1199 plenles
2131 1144 2475 1202 prarceptum.
2532 1136 2882 1201 lnsurgebaut
2911 1136 3183 1205 sciniphes
3212 1146 3267 1189 et
3309 1150 3474 1204 cyno-

1876 1206 2033 1274 niyia:
2080 1222 2092 1258 :
2139 1220 2201 1259 ac
2232 1206 2397 1258 multa
2431 1220 2565 1259 nova
2598 1217 2784 1261 contra
2836 1206 3009 1274 ipsum
3055 1208 3167 1260 edit
3216 1206 3472 1259 miracula

1878 1273 2015 1327 Deus
2038 1316 2052 1339 ,
2080 1277 2197 1344 ejus
2221 1278 2454 1330 animam
2481 1277 2758 1331 dissecans
2787 1288 2838 1331 et
2861 1273 3101 1346 probans
3128 1293 3142 1332 :
3174 1278 3294 1342 ejus
3322 1292 3474 1329 men-

1876 1354 1977 1417 tem
2003 1348 2159 1399 variis
2181 1348 2353 1401 modis
2380 1347 2539 1417 impie
2560 1359 2829 1415 agentem,
2848 1350 3005 1401 variis
3030 1350 3253 1415 puniens
3277 1348 3469 1404 modis.

1873 1414 1941 1469 Et
1964 1426 2017 1469 ut
2039 1417 2217 1471 discas
2239 1418 2382 1486 quod
2408 1414 2549 1472 Deus
2572 1414 2691 1473 ideo
2723 1420 2871 1473 illum
2898 1435 2991 1487 per
3016 1431 3193 1486 partes
3215 1420 3468 1482 dISs‘ecet,

1869 1496 1924 1539 et
1956 1502 2059 1541 non
2086 1488 2368 1543 confestim
2392 1490 2594 1558 puniat,
2622 1501 2676 1543 ut
2710 1506 2803 1558 per
2835 1491 3007 1558 ipsum
3037 1491 3289 1543 virtutem
3318 1505 3468 1542 suam

1870 1558 2152 1630 ostendat;
2184 1560 2309 1613 dicit
2339 1561 2484 1613 omni
2515 1562 2712 1614 virtute
2744 1562 2931 1630 plenus
2958 1560 3250 1628 Sapientia:
3280 1560 3416 1614 liber
3452 1578 3464 1612 :

1872 1627 1923 1681 Ν
1931 1646 1994 1681 οη
2021 1630 2154 1682 enim
2184 1632 2386 1684 carebat
2416 1632 2640 1699 potentia
2680 1627 2999 1699 omnipotens
3037 1627 3228 1683 (uiduus
3271 1640 3357 1683 tua
3378 1672 3391 1690 .
3422 1640 3470 1685 et

1867 1715 1980 1766 quia
2006 1703 2249 1753 mundum
2281 1713 2569 1764 creaverat,
2624 1712 2786 1770 atque
2829 1703 3213 1770 iuvestigaliilis
3256 1702 3470 1769 sipien-

1870 1771 1941 1823 tia
1960 1814 1974 1837 ,
2007 1782 2060 1824 ut
2088 1772 2315 1841 injiceret
2342 1774 2393 1825 in
2418 1789 2500 1826 eos
2526 1776 2716 1842 feroces
2758 1776 2967 1838 leones;
2998 1784 3083 1825 aut
3110 1790 3285 1826 recens
3325 1788 3468 1826 crea-

1867 1852 1944 1893 tas
1985 1844 2160 1911 furore
2200 1844 2376 1910 plenas
2405 1846 2605 1913 ignotas
2636 1849 2771 1912 [eras
2800 1844 2957 1913 (δην.
2992 1844 3189 1898 11.18.
3221 1844 3333 1912 19).
3363 1842 3466 1899 Sed

1866 1916 2045 1985 omnia
2080 1913 2205 1985 fecit
2250 1913 2541 1985 ostendens
2586 1916 2895 1985 patientiam
2948 1930 3122 1969 suam.
3178 1913 3303 1969 Ideo
3334 1914 3467 1970 dicit

1869 1984 2049 2059 Dens;
2085 1983 2151 2059 Ut
2176 1984 2421 2059 enarretis
2450 1983 3145 2059 [iliis'lifioruin‘vestrorum
3166 2028 3179 2049 ,
3211 2002 3464 2059 quacum-

1864 2069 1975 2136 que
1992 2054 2132 2107 illusi
2180 2053 2442 2136 @gyptiis
2474 2055 2669 2123 (Exod.
2703 2056 2913 2136 19.52).
2964 2053 3469 2136 Pharaonem-ergo

1866 2126 2013 2197 tnille
2045 2126 2321 2194 suppliciis
2355 2128 2573 2195 dignum
2618 2128 2770 2197 punit
2802 2128 2939 2181 Deus
2964 2167 2979 2191 ,
3011 2137 3064 2180 et
3087 2127 3215 2181 dicit
3244 2128 3317 2181 illi
3350 2144 3362 2179 :
3400 2126 3466 2183 In

1865 2194 1959 2247 hoc
1999 2197 2165 2265 ipsum
2214 2194 2453 2250 suscitari
2478 2209 2551 2262 te,
2581 2194 2635 2251 ut
2676 2199 2987 2252 ostenderem
3017 2200 3068 2250 in
3110 2208 3156 2251 te
3193 2199 3467 2265 potentiam

1863 2282 2027 2318 meam
2050 2308 2065 2333 ,
2096 2279 2143 2320 et
2169 2270 2559 2321 unuuntiaretnr
2585 2286 2767 2323 nomen
2798 2286 2964 2322 meum
2986 2270 3037 2323 in
3062 2270 3295 2322 universa
3327 2281 3464 2324 terra

1866 2335 2043 2407 (Rom.
2078 2338 2131 2393 9.
2168 2339 2258 2407 17)
2290 2357 2301 2391 :
2338 2349 2393 2391 ut
2437 2355 2531 2409 per
2560 2353 2608 2395 te
2638 2341 2771 2393 alios
2798 2340 3127 2394 lucrifaciam
3156 2381 3170 2405 ,
3204 2349 3259 2393 ut
3289 2356 3382 2409 per
3416 2352 3468 2397 te

1863 2409 1998 2462 alios
2045 2409 2111 2462 ad
2162 2425 2346 2462 sanam
2396 2421 2630 2464 mentem
2665 2427 2955 2477 revocent,
2991 2420 3046 2463 ut
3077 2426 3172 2479 per
3224 2421 3276 2466 te
3325 2412 3463 2467 alios

1863 2480 2143 2551 castigem.
2188 2481 2251 2535 Et
2280 2491 2337 2534 ut
2363 2480 2574 2537 discas.
2609 2492 2879 2551 quantum
2904 2483 3027 2535 aliis
3060 2480 3316 2549 profuerit
3346 2482 3465 2551 ejus

1863 2548 2153 2623 dissectio,
2202 2555 2307 2605 vim
2352 2548 2646 2621 Scripiurie
2695 2548 2899 2619 accipe.
2956 2548 3127 2620 Rapta
3176 2548 3465 2623 aliquando

1863 2622 1961 2677 l'uit
1995 2622 2089 2675 Dei
2121 2638 2243 2675 arca
2268 2625 2335 2675 ab
2364 2624 2701 2692 alienigenis.
2728 2635 2780 2677 et
2809 2634 3066 2679 venerunt
3100 2634 3248 2679 vates
3276 2640 3465 2679 omnes

1862 2708 1924 2746 ac
1957 2692 2383 2764 falsi_propheta:
2410 2736 2424 2758 ,
2458 2694 2821 2762 diCt'liillll-Illc
2873 2697 3090 2764 regibus
3137 2695 3467 2764 alienigena-

1864 2711 1924 2746 ac
1957 2711 2071 2747 nisi
2109 2711 2383 2762 propin-ue
2410 2736 2424 2758 ,
2458 2711 2821 2762 GlCt'lliIlll-Illc
2873 2712 2930 2749 re
2973 2711 3090 2748 IDUS
3137 2711 3463 2764 alienigena-

1864 2780 1981 2817 rum
2022 2782 2031 2815 :
2067 2762 2375 2819 Emittanius
2418 2782 2591 2818 arcam
2639 2766 2732 2819 Dei
2780 2711 3003 2819 Israefa
3044 2766 3220 2832 nobis,
3250 2782 3362 2834 qua:
3391 2778 3463 2820 est

1862 2852 2040 2907 manus
2070 2836 2348 2907 cjusfortis
2392 2838 2463 2907 (l.
2495 2836 2617 2907 [ἔρις.
2650 2837 2702 2892 5.
2732 2837 2788 2907 ,7.
2820 2851 2865 2892 et
2895 2839 2949 2891 8.
2984 2850 3030 2891 ct
3058 2836 3110 2890 6.
3146 2837 3241 2906 6).
3272 2836 3461 2893 Nesci-

1864 2906 1928 2959 tis
1964 2917 2157 2980 qnanta
2185 2906 2371 2960 fet-erit
2401 2909 2656 2980 Dominus
2678 2906 3118 2980 Egyptiis?_(lur
3148 2908 3463 2980 induramus

1861 2978 2024 3031 corda
2058 2989 2238 3030 nostra
2263 3018 2276 3040 ,
2312 2988 2367 3030 ut
2400 2978 2668 3032 induravit
2702 2978 2953 3033 Pharao?
2984 2978 3027 3033 0
3064 2979 3285 3047 probam
3325 2996 3461 3049 gen-

1863 3049 2031 3101 tilium
2062 3050 2331 3107 mentem!
2361 3049 2626 3121 lleverere
2658 3060 2749 3115 ιιι,
2777 3051 2867 3121 qui
2890 3051 3245 3112 contradicis,
3273 3052 3462 3106 alieni-

1859 3134 2119 3192 genarum
2148 3135 2330 3174 voces.
2362 3120 2437 3175 Nc
2467 3120 2811 3186 indurelnus,
2845 3121 3096 3177 dicebant
3123 3122 3460 3192 alienigente,

1860 3189 2021 3243 corda
2055 3202 2235 3245 nostra
2260 3232 2273 3255 ,
2308 3205 2363 3244 nt
2392 3192 2658 3246 induravit
2704 3192 2849 3245 Deus
2879 3208 2972 3245 cor
3000 3189 3318 3248 Pharaonis.
3354 3192 3461 3255 Ipsi

1862 3260 2126 3315 Pharaoni
2156 3262 2523 3330 stupiditatem
2552 3279 2703 3318 suam
2737 3264 3137 3317 adscribebant.
3168 3265 3275 3319 Cur
3304 3260 3461 3319 indu-

1860 3348 2043 3386 remus
2067 3332 2230 3387 corda
2265 3345 2445 3387 nostra
2470 3373 2485 3398 ,
2532 3336 2671 3389 sicut
2700 3334 2971 3388 induravit
3001 3334 3251 3387 Pharao?
3278 3351 3459 3389 annon

1860 3418 1981 3457 cum
2035 3404 2324 3458 illudebant
2377 3406 2455 3458 eis
2480 3444 2494 3468 ,
2529 3415 2655 3459 tunc
2710 3406 2963 3474 populum
2996 3404 3364 3460 dimiserunt?
3397 3405 3463 3461 Et

1860 3491 2003 3529 hunc
2032 3476 2199 3529 Deum
2230 3475 2384 3529 nobis
2427 3476 2722 3545 propitium
2754 3478 3065 3531 reddamus.
3108 3474 3165 3529 lu
3194 3477 3295 3529 alia
3321 3494 3460 3547 quo-

1859 3560 1966 3619 que
1993 3548 2484 3619 castrametatione,
2516 3547 2604 3619 ubi
2629 3546 2879 3619 viderunt
2907 3562 3087 3619 aream
3117 3546 3457 3619 alienigenaz,

1860 3618 2113 3693 dixerunt
2144 3635 2157 3671 :
2194 3616 2288 3693 [τιν
2311 3619 2453 3670 nobis
2478 3618 2625 3693 ,ινΙιὶιξΔ
2647 3618 2899 3693 estDeus
2947 3618 3037 3693 ille
3078 3616 3342 3693 acerbus,
3370 3616 3460 3693 qui

1860 3688 2125 3762 percussit
2168 3686 2464 3762 Egyptum
2507 3688 2681 3762 (Ibid.
2727 3688 3047 3762 4.8)._Vie
3090 3690 3278 3745 nobis!
3332 3686 3463 3747 er'ue

1860 3774 1990 3823 nos,
2026 3760 2271 3813 Domine.
2308 3759 2526 3825 Videte,
2556 3760 2829 3829 quomodo
2861 3759 2941 3813 vel
2965 3770 3089 3820 ante
3117 3762 3459 3829 experimen-

1861 3838 1971 3882 tum
2004 3830 2214 3883 Pharao
2239 3872 2254 3897 ,
2288 3840 2342 3882 ut
2371 3840 2623 3899 saperent
2649 3831 2849 3885 ell'ecit.
2887 3831 3013 3886 llaec
3047 3831 3284 3886 clamant
3328 3833 3461 3889 alie-

1860 3900 2089 3970 nigenae.
2124 3901 2237 3954 Alia
2265 3918 2480 3971 quoque
2515 3904 2707 3956 mulier
2731 3901 3034 3972 alienigena
3059 3944 3071 3964 ,
3117 3901 3305 3959 liahab
3332 3906 3460 3960 olim

1860 3974 2138 4034 meretrix,
2164 3988 2306 4027 nunc
2338 3984 2645 4042 temperans
2667 4015 2683 4040 ,
2716 3973 2803 4026 illa
2827 3973 3061 4028 celebris
3100 3975 3458 4043 exploratori-

1859 4044 1957 4116 bus
1984 4044 2113 4116 dicit
2143 4062 2155 4097 :
2188 4045 2399 4116 Scimus
2425 4060 2545 4112 qua:
2587 4044 2790 4116 fecerit
2827 4045 3085 4099 Dominus
3119 4047 3256 4099 Deus
3289 4044 3460 4116 Egy-

1860 4115 1982 4183 ptiis
2005 4157 2018 4176 ,
2057 4114 2119 4167 Et
2162 4114 2449 4168 audivimus
2472 4157 2486 4181 ,
2516 4126 2563 4169 et
2610 4114 2937 4168 Immiliatum
2965 4125 3039 4168 est
3070 4132 3159 4169 cor
3191 4114 3421 4171 nostrum
3445 4158 3459 4178 ,

1858 4194 1904 4237 et
1932 4202 2034 4237 non
2076 4187 2282 4239 relictus
2314 4196 2385 4238 est
2415 4187 2466 4238 in
2497 4188 2640 4239 nobis
2683 4188 2929 4255 spiritus,
2956 4187 3078 4255 quia
3118 4186 3261 4241 Deus
3304 4198 3460 4241 vester

1857 4273 2071 4328 magnus
2098 4257 2208 4324 ipse
2229 4258 2289 4328 in
2318 4258 2443 4310 cwlo
2482 4274 2712 4320 sursum,
2745 4268 2790 4311 et
2818 4258 2871 4309 in
2898 4268 3032 4311 terra
3058 4259 3294 4312 deorsum
3320 4259 3459 4327 (Jos.

1856 4327 1910 4397 2.
1947 4327 2033 4382 10.
2076 4327 2181 4397 11).
2228 4327 2415 4383 Viden‘
2446 4345 2551 4381 non
2604 4329 2817 4382 mentiri
2868 4328 3077 4395 Deum,
3109 4345 3232 4383 cum
3281 4331 3410 4383 dicit
3446 4349 3458 4384 :

1858 4396 1922 4451 In
1946 4400 2038 4454 hoc
2065 4396 2299 4454 δίκαιαυὶ
2327 4410 2393 4463 te,
2419 4409 2472 4451 ut
2494 4399 2809 4452 ostenderent
2831 4400 2883 4453 in
2908 4411 2953 4453 te
2971 4403 3245 4468 potentium
3273 4418 3459 4469 meum,

1857 4480 1902 4522 et
1930 4470 2317 4526 annuutiaretur
2348 4486 2531 4523 nomen
2560 4487 2725 4522 meum
2753 4472 2803 4522 in
2835 4472 3070 4525 universa
3100 4483 3234 4525 terra
3260 4474 3285 4525 ?
3312 4472 3464 4527 Finis

1856 4552 2035 4597 autem
2084 4542 2395 4611 apostolica:
2435 4540 2695 4595 doctrina:
2718 4585 2731 4603 ,
2767 4541 2887 4595 ﬁnis
2912 4542 2982 4597 sit
3008 4559 3321 4609 sermonum
3367 4559 3465 4598 no-

1856 4621 2114 4665 strorum.
2146 4613 2281 4666 Dicit
2306 4612 2505 4667 Paulus
2530 4630 2542 4665 :
2572 4612 2721 4676 Quod
2753 4614 2796 4665 si
2842 4612 2979 4669 Deus
3013 4615 3184 4669 volens
3201 4619 3466 4670 ostendere

1856 4682 2020 4747 iram,
2051 4693 2097 4736 et
2132 4692 2305 4736 notam
2335 4683 2505 4753 facere
2548 4684 2821 4751 potentiam
2855 4700 3003 4737 suam
3025 4727 3038 4742 .
3066 4687 3306 4738 sustinuit
3331 4687 3465 4739 iram

1856 4754 1907 4812 in
1939 4770 2057 4806 vasa
2082 4755 2241 4811 iraeiu
2272 4756 2434 4807 ntutta
2466 4755 2707 4821 patientia
2735 4753 2911 4825 (Rom.
2947 4756 3001 4810 9.
3034 4756 3152 4825 22).
3186 4757 3300 4811 Non
3328 4759 3465 4811 siin-

1861 4825 2070 4893 pliciter
2110 4826 2279 4888 dixit,
2325 4826 2535 4883 lnduxit
2582 4827 2754 4898 iram,
2798 4826 2889 4898 sed
2918 4868 2932 4891 ,
2969 4828 3021 4881 In
3068 4830 3217 4882 illum
3257 4831 3344 4898 qui
3387 4829 3464 4883 ira

1857 4898 2049 4964 dignus
2076 4906 2211 4950 erat.
2243 4898 2383 4963 Quid
2410 4898 2553 4951 enim
2587 4896 2759 4950 dixit?
2808 4896 3065 4952 Sustinuit
3097 4900 3150 4952 in
3186 4896 3347 4953 multa
3374 4918 3465 4967 pu-

1858 4968 2032 5020 tientia
2054 4968 2181 5021 iram
2211 4970 2261 5020 in
2290 4985 2408 5022 vasa
2446 4968 2555 5024 ira.
2607 4967 2741 5023 Nam
2784 4979 2841 5023 ut
2871 4979 2923 5025 tu
2964 4972 3141 5033 nosti,
3186 4987 3312 5028 vere
3338 4974 3467 5026 dicit

1840 5034 2135 5113 Apostolus
2161 5057 2171 5089 :
2202 5038 2281 5092 De
2306 5039 2739 5113 cwtcro_,‘_friztres_
2759 5082 2770 5101 ,
2799 5042 3186 5113 confortantini,
3226 5043 3467 5096 corroboo

1856 5110 2061 5173 mmini,
2085 5113 2289 5179 perfecti
2313 5109 2765 5184 estotc(l§plies.6.
2790 5111 2873 5166 10.
2892 5109 3003 5169 eti.
3021 5112 3140 5170 Cor.
3168 5114 3252 5168 i3.
3283 5115 3369 5184 11)
3410 5116 3466 5169 Si

1856 5190 2118 5256 antemex
2138 5191 2323 5235 natura
2349 5180 2568 5256 perfecti
2590 5196 2899 5256 suuuis,eur
2919 5185 3053 5238 dicis
3067 5185 3220 5247 mihi,
3246 5180 3467 5256 Ραραὲ

1854 5260 2010 5304 estote
2031 5252 2055 5303 ?
2079 5250 2237 5306 Certe
2264 5254 2553 5322 perfectum
2576 5268 2716 5317 esse,
2746 5255 2793 5305 id
2813 5264 2915 5317 est,
2942 5271 3005 5309 ex
3031 5256 3273 5311 moribus
3294 5250 3357 5311 se
3382 5258 3466 5311 di-

1854 5338 2015 5397 gnum
2041 5322 2288 5397 reddere.
2334 5323 2505 5393 Ipsam
2523 5334 2985 5397 rerumnuturam
3038 5336 3229 5381 testem
3260 5330 3467 5397 accipe.

1858 5393 2057 5468 banam
2079 5392 2179 5446 fert
2198 5392 2406 5459 natura,
2430 5395 2683 5449 mulieres
2704 5396 2845 5449 illam
2864 5397 3166 5465 perliciunt.
3190 5398 3332 5453 Sane

1857 5466 2138 5518 lectionem
2180 5478 2372 5519 vocant
2402 5468 2578 5539 ipsain
2602 5476 2891 5539 texturam,
2914 5469 3087 5538 ipsum
3124 5486 3281 5539 opus.
3315 5466 3468 5525 Sicut

1856 5551 1983 5601 ergo
2014 5546 2200 5590 natura
2229 5539 2405 5590 lanam
2450 5536 2732 5606 producit,
2766 5554 2853 5592 ars
2883 5536 3012 5593 vero
3044 5536 3176 5595 rem'
3206 5558 3235 5599 a
3278 5550 3467 5595 natuia

1858 5606 2168 5676 productam
2197 5609 2446 5675 perfecit:
2470 5610 2540 5662 ita
2573 5608 2714 5662 Deus
2736 5611 2825 5679 qui
2861 5619 3105 5665 naturam
3133 5611 3467 5676 efformavnt,

1858 5679 2001 5731 illam
2028 5679 2285 5732 voluntati
2321 5679 2558 5733 tradidit.
2599 5679 2742 5733 Lana
2777 5691 2861 5735 est
2882 5692 3071 5736 natura
3098 5693 3313 5737 nostra:
3342 5684 3394 5737 in
3417 5695 3471 5739 te

1856 5759 1937 5802 est
1960 5764 2026 5802 ex
2056 5765 2117 5803 ea
2144 5750 2202 5803 ef
2204 5754 2361 5805 licere
2382 5762 2473 5805 aut
2497 5767 2591 5803 vas
2613 5752 2857 5819 honoris,
2878 5763 2971 5807 aut
2992 5769 3085 5808 Vas
3102 5756 3470 5809 contumelise.

1856 5819 2077 5896 'l‘inctnr
2128 5837 2219 5886 es,
2270 5824 2526 5893 accepisti
2573 5838 2604 5875 a
2663 5835 2853 5878 natura
2920 5825 3099 5896 lanam
3134 5866 3149 5892 ,
3210 5828 3470 5896 accepisti

1862 5894 2196 5963 propositqu
2242 5896 2393 5965 quasi
2426 5898 2721 5951 tiucturam
2766 5895 3081 5967 quamdam.
3117 5896 3210 5953 Vis
3256 5894 3468 5971 tingi-rc-
