4130 6332
1056 402 1118 456 ΙΝ
1162 397 1411 454 IllCTUM
1454 398 1692 453 APOS'H

1800 441 1804 460 ,
1849 396 1982 451 NON
2025 394 2231 463 QII-0D,
2275 394 2429 450 ETC.
3307 391 3411 451 670

1808 509 2131 576 abjieientis,
2165 506 2328 562 dicit:
2366 508 2427 561 Si
2462 508 2614 578 fuerit
2644 506 2894 560 Dominus
2926 504 3068 560 Deus
3107 523 3320 572 nierum,
3364 523 3409 562 ct

1810 580 2005 634 dederit
2034 579 2157 629 mihi
2202 593 2382 646 panem
2415 580 2482 630 ad
2515 579 2951 640 manducandum,
2985 588 3031 630 et
3060 579 3408 632 vestimentum

108 419 212 474 669

109 527 188 581 Ex
208 541 305 591 qua
323 524 406 577 die
423 521 604 577 reduxi
621 529 785 591 patres
803 525 990 570 vestros
1007 519 1076 591 de
1088 524 1219 591 terra
1234 508 1525 591 gypti,et
1547 527 1699 591 usque

109 581 254 648 hodie
273 635 288 658 ,
319 606 428 664 pra:
454 581 880 646 oculis'habebam
928 597 982 638 ut
1012 585 1213 653 ejiciam
1259 581 1505 634 civitatem
1537 581 1690 661 hanc.

108 665 254 731 Quod
276 651 422 717 vero
476 675 685 731 rursum
716 651 1102 731 toto_tempore
1127 667 1286 731 ,_quo
1325 665 1595 731 synagoga
1635 651 1695 731 in

109 720 220 803 rege
266 732 602 803 versabatur,
653 729 790 803 Deus
819 720 1693 803 ECCIQSIyp‘InIISCOpOdiabttel‘Il,

108 791 222 858 idco
250 802 380 857 dicit
407 791 622 869 Moysi:
649 798 774 869 Sine
805 791 980 869 nie,__et
1008 793 1180 869 delebo
1203 791 1348 869 illos,
1371 800 1414 841 et
1438 791 1626 868 faciant
1647 799 1695 842 te

106 875 154 926 in
178 858 639 943 gentemunaqnani
661 865 856 943 (812d.
873 858 977 943 βε..
1009 862 1117 932 10).
1144 869 1198 914 et
1225 862 1393 938 multo
1413 858 1691 943 majorem.

107 944 159 997 Si
178 934 240 996 in
273 952 327 995 te
358 934 526 993 ﬁxum
557 934 741 1007 habes,
764 934 1200 1007 Ecclesiamesse
1230 934 1518 1007 imaginem
1533 936 1694 1007 .vete-

107 996 176 1066 ris
197 1010 458 1072 bistorim,
485 996 758 1077 quomodo
787 1003 1107 1077 subintravit
1135 999 1272 1077 lex?
1306 997 1374 1052 Ut
1403 996 1496 1050 Lia
1531 997 1582 1049 in
1617 998 1694 1050 lo—

107 1098 222 1136 cum
249 1069 521 1133 ﬂachelis:
545 1075 695 1144 Quod
727 1087 874 1144 vero,
897 1072 1104 1144 (ratres,
1134 1069 1379 1144 ligecuiou
1407 1081 1552 1144 mera
1583 1081 1696 1134 spc-

107 1153 296 1204 eulatio
322 1151 397 1202 sit
421 1188 436 1212 ,
472 1136 1145 1216 netiallegoriaviolenter
1171 1137 1409 1216 inducta,
1443 1136 1534 1216 sed
1569 1151 1692 1216 vera

106 1220 281 1274 Jacobi
311 1206 523 1286 imago;
553 1225 606 1270 et
627 1206 767 1282 quod
797 1212 962 1266 Jacob
994 1209 1337 1286 Deinﬁgurani
1372 1206 1691 1286 impleverit,

108 1292 192 1360 qui
223 1275 521 1360 ailiquati'do'
540 1275 884 1360 synagogam,
911 1293 1063 1360 nunc
1092 1275 1384 1360 Ecclesium
1411 1275 1692 1360 habuerit,

109 1345 217 1428 ipse
239 1345 381 1412 Deus
411 1372 508 1428 per
534 1345 848 1428 prophetam
873 1345 1072 1428 elamat
1101 1365 1113 1400 :
1147 1346 1496 1428 Egoouisiones
1513 1345 1695 1428 multis

109 1413 287 1498 plicavi
304 1468 318 1490 ,
339 1413 490 1498 _et'in
512 1413 768 1498 ﬁniat-tibus
795 1422 1056 1498 prapheta:
1077 1413 1419 1498 _assiniilatus_
1451 1413 1696 1498 surn.“Et

109 1483 485 1554 servivit'lacob
503 1497 556 1547 in
575 1483 805 1556 muliere,
832 1502 877 1543 et
891 1483 954 1541 ἰη
983 1488 1190 1540 muliere
1209 1485 1421 1556 servavit
1443 1500 1520 1556 me
1541 1483 1696 1556 (0_see

109 1553 192 1624 η.
227 1569 312 1622 10.
347 1565 462 1630 1%).
493 1565 602 1618 Cur
621 1553 882 1633 servavit,
927 1565 984 1633 et
1007 1554 1572 1633 quomodoscrvavit?
1606 1553 1692 1633 Iu-

108 1641 304 1701 venies,
339 1624 526 1698 frater,
567 1632 860 1701 secundum
906 1624 1066 1701 aliain
1117 1624 1557 1701 speculationem,
1590 1624 1695 1677 alio

110 1712 262 1763 modo
283 1695 544 1761 Iacobum
571 1715 793 1756 uxorem
820 1696 1196 1773 duxis_se,‘alio
1226 1695 1462 1773 Isaacum
1491 1704 1694 1773 patrem

108 1777 305 1833 Jacobi.
354 1774 504 1827 Isaac
533 1787 655 1826 cum
699 1784 922 1823 uxorem
952 1766 1135 1828 duxit,
1165 1779 1268 1817 non
1301 1765 1416 1831 ipse
1456 1765 1600 1816 venit
1639 1765 1693 1816 in

110 1845 542 1916 MeSOpotamiatn
576 1851 633 1916 ut
657 1842 944 1916 acciperet,
975 1837 1068 1890 sed
1100 1835 1244 1886 misit
1269 1848 1482 1886 servum
1512 1848 1690 1916 suum,

109 1930 160 1973 et
187 1911 564 1985 desponsavit;
597 1911 931 1985 Jacob_vero
972 1921 1095 1985 non.
1108 1918 1201 1974 per
1221 1917 1434 1985 servum
1472 1911 1692 1956 contra-

111 1989 202 2049 hit.
235 1974 326 2040 sed
353 1999 452 2055 per
473 1974 887 2055 seipsum._l_£rat
910 1977 1051 2031 enim
1083 1974 1198 2055 inec
1220 1975 1380 2027 etiam
1401 1974 1568 2040 ligura
1600 1987 1693 2025 ve-

111 2060 231 2112 teris
256 2065 310 2110 et
354 2049 516 2107 nova:
546 2049 698 2121 legis.
736 2049 869 2103 Nam
916 2053 1692 2121 cum__vcterem_synagogam

109 2111 391 2198 tlesponsat
424 2111 728 2188 Deus,'per
770 2131 984 2198 servum
1034 2111 1696 2198 Moysem‘idagit.‘Isaac

111 2181 318 2250 uici-em
347 2195 554 2247 ducens
573 2181 668 2259 per
687 2181 1230 2260 ServumdeSpon'sat,
1252 2189 1305 2236 et
1319 2181 1437 2260 ejus
1463 2182 1697 2236 ministe-

111 2272 185 2320 rio
214 2254 742 2334 nuptias‘cont'rahit.
768 2257 932 2334 Iacob
969 2254 1420 2334 verentia-ntulit
1450 2265 1688 2334 servum,

111 2338 202 2390 etsi
231 2321 414 2390 sei-vos
437 2331 684 2394 haberet,
711 2327 805 2382 sed
841 2329 953 2394 ipse
985 2325 1130 2378 venit
1157 2321 1691 2394 inlllesoiiotamiam.

111 2408 262 2461 Solus
299 2405 468 2464 venit,
505 2401 593 2469 qni
636 2392 1044 2469 multosservos
1075 2392 1297 2469 habuit,
1344 2392 1493 2469 solus
1545 2393 1694 2469 venit

110 2479 193 2546 qui
236 2476 397 2546 multa
450 2461 744 2546 sulijugalia
777 2467 1023 2546 habebat.
1073 2464 1203 2546 Nam
1249 2463 1388 2516 Deus
1420 2461 1694 2546 benedixit

110 2533 318 2600 domum
360 2533 565 2599 domini
584 2533 875 2600 Kbrabam,
906 2536 956 2588 in
989 2533 1293 2604 pecoribus,
1317 2541 1560 2604 argento,
1590 2547 1691 2604 au-

113 2633 185 2679 ro,
218 2614 408 2676 servis,
442 2614 616 2680 equis,
648 2610 892 2680 aliisque.
921 2601 1026 2680 Qui
1055 2613 1132 2658 tot
1159 2617 1289 2680 opes
1316 2602 1545 2680 habebat
1594 2601 1688 2655 Ja-

111 2673 205 2739 cob
225 2727 238 2749 ,
278 2673 403 2737 cuni
445 2673 559 2735 sola
592 2673 733 2752 virga
768 2673 911 2752 venit
935 2673 958 2738 ,
980 2677 1206 2752 aitque;
1238 2673 1362 2726 Cum
1394 2673 1535 2752 uirga
1577 2688 1688 2725 mea

112 2743 308 2809 traniivi
335 2753 619 2805 Jordanem
644 2743 779 2801 hunc
827 2744 983 2815 (Gen.
1011 2743 1246 2813 52.10);
1278 2743 1424 2815 acsi
1467 2743 1687 2815 diceret,

110 2825 234 2879 Cum
283 2825 395 2878 sola
440 2820 761 2892 virgasolus
791 2813 1038 2892 egressus
1080 2831 1232 2892 _sum_,
1279 2813 1369 2882 qui
1401 2813 1689 2892 multorum

111 2897 347 2949 dominus
368 2883 549 2947 erant:
567 2883 1110 2958 Egressus'estlacob
1139 2883 1475 2958 solus,_v_enit
1502 2884 1552 2936 in
1586 2883 1689 2958 Be-

112 2967 234 3030 tliel,
257 2978 307 3019 et
329 2962 572 3018 recubuit
591 2954 834 3030 vespere,
857 2954 1367 3030 lapidemquecapili
1390 2954 1688 3030 supposuit:

114 3023 478 3095 non'donium,
514 3046 619 3083 non
647 3023 1002 3081 diversorium
1029 3025 1246 3092 reperit.
1269 3027 1450 3095 Im:th
1473 3023 1691 3095 quippe

113 3117 220 3160 erat
242 3093 489 3164 dicentis,
515 3099 682 3152 Filius
705 3107 872 3150 autem
893 3095 1109 3148 hominis
1136 3110 1237 3146 non
1257 3093 1404 3145 habet
1427 3093 1510 3145 ubi
1537 3104 1693 3164 caput

113 3193 250 3228 suum
289 3162 493 3227 reclinet
523 3169 742 3242 (.lIatth.
775 3167 831 3222 8.
858 3165 972 3234 20).
1006 3165 1242 3242 Deinde,
1266 3164 1472 3242 fratres
1500 3203 1512 3216 .
1557 3162 1687 3242 dor-

115 3248 274 3300 miens
314 3244 446 3297 vidit
493 3233 681 3293 caelum
735 3233 997 3306 apertum.
1041 3233 1500 3306 Quemadmodum
1545 3234 1688 3286 enim

114 3317 347 3369 Christus
381 3327 486 3366 non
518 3308 746 3364 trahebat
771 3304 860 3360 ubi
898 3315 1057 3372 caput
1095 3305 1382 3358 reclinaret
1430 3304 1480 3355 in
1525 3313 1687 3368 terra,

114 3387 198 3439 sed
222 3386 408 3438 cmlnni
443 3382 542 3450 ipsi
573 3389 626 3434 et
653 3379 882 3450 caelestia
923 3387 1105 3450 aperta
1147 3383 1298 3450 erant
1329 3389 1342 3423 :
1374 3377 1452 3426 sic
1495 3374 1692 3426 dormit
1737 3393 1741 3398 ι

114 3456 285 3518 Iacob,
307 3443 524 3509 domu-nt
552 3466 657 3503 non
678 3448 899 3511 habens,
931 3443 1186 3518 etmeluin
1211 3443 1396 3496 videns
1418 3453 1686 3518 apertum,

115 3514 451 3594 scalamqnea
476 3532 617 3574 terra
639 3533 808 3588 usque
836 3518 885 3568 in
907 3514 1092 3594 caelum
1119 3515 1401 3593 lirmatani.
1426 3514 1544 3565 Alia
1565 3527 1690 3566 vero

116 3585 508 3662 ratione-tigrim
535 3601 652 3644 erat
697 3585 884 3662 eorum
904 3625 922 3662 _,_
955 3585 1548 3662 quiperscquutionetn
1597 3597 1692 3652 pa-

118 3676 324 3719 tmntur.
356 3653 490 3728 Quia
520 3663 661 3715 enim
693 3660 760 3712 ab
792 3658 933 3728 Esau
961 3656 1167 3728 lugiens
1183 3655 1331 3706 venit
1361 3655 1413 3706 in
1441 3653 1690 3728 Mesopo-

118 3737 350 3796 tamiam;
381 3725 442 3786 ut
486 3730 796 3784 ostenderet
843 3726 983 3779 Deus
1027 3727 1170 3796 omni
1219 3725 1687 3796 persequutionem

118 3805 325 3872 patienti
372 3803 563 3857 εωιιιιιι
589 3808 831 3866 apertum
862 3809 999 3857 esse,
1035 3795 1177 3872 videt
1200 3795 1392 3872 caelum
1418 3803 1686 3862 apertum,

115 3863 166 3927 et
199 3876 392 3930 scalam
421 3863 683 3925 lirmata'm
715 3882 744 3918 a
779 3879 917 3919 terra
949 3878 1117 3933 usque
1140 3864 1212 3916 'ad
1243 3863 1453 3926 caelum,
1497 3873 1550 3916 et
1593 3877 1690 3916 an‘

149 3946 253 3998 eloe
287 3945 377 3997 liei
423 3940 779 3996 ascendentes
806 3944 860 3990 et
908 3935 1299 3988 descendentes
1331 3949 1426 4002 per
1464 3935 1687 3987 scalam.

143 4015 177 4066 Et
205 4017 476 4075 Dominus,
508 4010 699 4079 inquit,
737 4005 1047 4079 ﬁrmabatur
1072 4006 1124 4057 in
1157 4003 1544 4079 illa__(_(:'en._28.
1573 4004 1686 4079 15).

117 4085 222 4138 Non
271 4086 401 4139 dixit
429 4073 742 4149 simpliciter
762 4113 776 4141 ,
807 4075 1059 4149 Sedebat;
1084 4075 1180 4128 sed
1202 4113 1216 4136 ,
1248 4073 1587 4149 [firmabatur
1635 4073 1688 4149 in

118 4157 270 4208 scala.
300 4157 428 4219 Quae
458 4144 640 4205 scala?
669 4149 859 4219 Imago,
884 4145 1092 4219 erucis:
1119 4158 1215 4219 per
1247 4144 1390 4219 illam
1443 4145 1585 4197 enim
1636 4146 1687 4196 in

119 4227 295 4278 erelum
311 4215 645 4279 ascenditur.
677 4219 745 4272 Et
773 4217 862 4269 alii
893 4231 987 4284 per
1008 4215 1161 4284 illam
1194 4215 1468 4284 infczelum
1492 4228 1688 4268 ascen-

119 4296 322 4359 debant,
355 4295 446 4348 alii
479 4306 572 4362 per
590 4289 744 4362 illam
788 4283 1206 4340 descendebant.
1239 4283 1407 4337 Judaei
1445 4298 1543 4352 per
1569 4300 1696 4362 cru-

117 4380 227 4419 cem
255 4354 318 4419 de
344 4354 495 4419 ωειᾶ
517 4354 719 4429 delapsi
765 4367 888 4412 sunt
909 4395 924 4422 ,
955 4362 1010 4408 et
1035 4365 1220 4423 gentes
1251 4368 1346 4423 per
1389 4367 1602 4408 crucem
1637 4354 1688 4407 in

119 4437 294 4488 uelum
323 4436 678 4488 adducuntur.

183 4505 234 4559 4.
279 4506 469 4558 \‘erum
510 4504 632 4571 quia
671 4493 1228 4571 ubiqnevitandahest
1265 4493 1517 4563 allegoria
1561 4494 1678 4571 vio-

121 4574 280 4630 lenter
307 4564 543 4636 inducta;
574 4581 628 4626 et
669 4564 791 4639 quae
828 4567 1080 4620 dicuntur
1116 4564 1510 4639 scripturarum
1544 4568 1690 4619 testi-

121 4645 300 4699 moniis
330 4654 452 4698 sunt
481 4632 841 4711 obsignanda;
878 4647 958 4711 nt_
984 4635 1293 4711 ostenderet
1345 4632 1600 4711 Sci-valor
1639 4639 1689 4690 in

124 4715 438 4784 livangeliis,
465 4705 683 4782 angelos
715 4712 834 4784 illos
873 4707 963 4784 qui
991 4707 1350 4784 ascendebant
1389 4713 1442 4784 et
1467 4705 1693 4784 descen-

125 4777 322 4854 ileban't,
353 4777 883 4854 evimgélicaigratim
915 4778 1134 4854 figuram
1184 4777 1492 4854 implevisse
1516 4815 1533 4841 ,
1566 4777 1694 4854 dicit

124 4846 401 4910 Nathantael
431 4873 444 4908 :
481 4846 614 4914 Quia
641 4846 745 4905 duri
776 4851 892 4910 tibi,
939 4846 1053 4899 Vidi
1083 4858 1128 4899 te
1173 4846 1263 4898 sub
1317 4848 1437 4914 ﬁcu,
1472 4848 1692 4898 credidi-

123 4926 179 4974 sti
195 4940 212 4999 ς
241 4927 434 4999 majora
462 4916 540 4976 his
566 4922 773 4976 videbis.
799 4924 974 4999 A‘menn
993 4919 1105 4998 dico
1128 4918 1282 4999 vobis,
1321 4919 1433 4987 jam
1457 4916 1692 4999 videbitis

124 4996 287 5047 cwlum
313 4987 588 5064 apertum,
612 5003 657 5045 et
696 4991 902 5064 angelos
922 4989 1042 5064 _Dci_
1071 4987 1693 5064 ascendentes__et_de_scen-

125 5065 282 5118 dentes
320 5055 472 5135 supra
502 5062 695 5116 Filium
735 5055 956 5135 hominis
989 5057 1168 5135 (Joau.
1539 5057 1694 5135 venit

127 5137 172 5185 in
201 5127 738 5204 Mesopotamiam,et
765 5143 824 5186 ut
853 5127 1112 5204 visionem
1138 5129 1340 5204 habuit,
1367 5128 1500 5204 dixit
1525 5127 1693 5204 :_Non

127 5213 190 5255 est
213 5205 304 5258 hoc
328 5198 486 5268 aliud,
513 5206 608 5257 nisi
634 5203 813 5256 domus
843 5200 934 5254 Dei
962 5198 1114 5269 (Gen.
1141 5198 1230 5251 9.0.
1253 5199 1363 5266 Η).
1399 5201 1558 5266 Atqui
1589 5215 1694 5252 non

128 5273 291 5330 vidisti
343 5277 624 5329 domorum
681 5283 1026 5333 structuram,
1079 5270 1172 5323 sed
1223 5272 1458 5333 scalam;
1507 5283 1693 5323 vermn

128 5344 240 5410 quia
281 5347 478 5400 sciebat
525 5345 726 5399 scalam
763 5357 884 5396 esse
934 5343 1156 5409 ligarant
1206 5340 1479 5410 Ecclesia),
1521 5339 1690 5410 dicit:

131 5409 242 5468 llazc
267 5426 345 5468 est
371 5417 562 5469 domus
611 5415 723 5477 Dei,
760 5413 874 5466 haec
904 5423 988 5465 est
1018 5411 1270 5464 Ecclesia.
1331 5409 1398 5461 Et
1429 5409 1694 5463 undenam

129 5487 306 5538 domus
329 5487 415 5540 Dei
450 5485 685 5539 Ecclesia
717 5483 835 5538 est?
863 5482 914 5534 Id
946 5483 1073 5535 dicit
1100 5480 1314 5545 Paulus,
1350 5480 1463 5533 haec
1509 5481 1700 5534 Timo-

132 5555 244 5607 theo
273 5557 546 5610 scribens:
577 5557 742 5622 Spero
767 5569 844 5605 me
887 5553 951 5604 ad
990 5563 1034 5604 te
1068 5552 1234 5604 venire
1273 5553 1388 5604 cito.
1435 5549 1493 5622 Si
1531 5560 1697 5604 autem

134 5625 400 5690 tardavero,
425 5637 476 5679 ut
491 5621 629 5678 scias
655 5624 907 5691 quomodo
927 5631 1153 5689 Oporteat
1181 5623 1234 5673 in
1270 5623 1421 5673 domo
1457 5621 1547 5674 Dei
1586 5637 1700 5674 con-

133 5695 326 5766 versari,
355 5712 465 5766 qua:
489 5706 561 5748 est
583 5695 790 5747 ecclesia
820 5691 914 5766 Dei
945 5692 1037 5744 rivi
1070 5692 1087 5761 (
1122 5693 1169 5766 1.
1189 5691 1404 5766 Tim.§.
1436 5693 1521 5766 μ.
1555 5693 1624 5766 15
1657 5693 1694 5760 ).

140 5763 573 5833 lieindeiinplens
601 5768 651 5817 in
697 5764 948 5833 omnibus
995 5763 1280 5832 imaginem
1327 5763 1524 5833 Christi
1578 5763 1696 5816 ino-

139 5832 231 5900 pis,
279 5830 575 5889 divutiarnm
617 5830 812 5895 osoris,
858 5830 1184 5887 mundanum
1238 5847 1453 5889 omnem
1507 5832 1699 5888 Iustum

428 5947 693 6006 Parnm.
742 5944 858 6003 Gn.
907 5938 1060 6002 LIX.

1805 665 1904 718 quo
1932 649 2134 717 operiar
2157 647 2310 709 (Cen.
2333 647 2423 700 28.
2455 647 2574 718 30).
2609 647 2760 711 Vide,
2793 647 3401 718 quomodopliilosoplti

1805 715 1981 772 anima
2011 733 2094 781 ea,
2126 732 2246 786 qua:
2276 719 2406 770 satis
2433 715 2566 779 sint,
2613 732 2718 770 non
2750 717 2996 770 excedat.
3021 715 3082 769 Si
3109 719 3260 786 fuerit
3289 715 3401 770 Do-

1806 788 1971 842 minus
2010 803 2152 840 meus
2197 803 2415 850 mecum,
2451 797 2495 839 et
2527 787 2732 840 duxerit
2771 803 2849 839 me
2886 786 2938 839 in
2979 787 3080 849 via,
3119 797 3168 840 et
3207 789 3403 841 dederit

1807 857 1930 910 mihi
1986 868 2169 926 panem
2212 856 2279 910 ad
2307 857 2786 927 manducandum,
2815 867 2862 909 et
2905 857 3261 927 uestimentum
3303 875 3403 927 quo

1803 925 2024 996 aperiar.
2050 931 2187 980 Ante
2211 927 2548 994 evangelium
2581 925 2874 996 apostolica
2905 925 3152 993 loquetur
3183 943 3194 978 :
3229 927 3287 981 Si
3314 925 3403 980 det

1803 997 1933 1050 derit
1963 998 2086 1050 ntihi
2110 1012 2290 1066 panem
2308 997 2374 1048 ad
2395 996 2830 1057 manducandum,
2856 1003 2902 1050 et
2933 997 3277 1066 vestimentum
3303 1015 3402 1066 quo

1803 1069 2024 1136 operiar.
2082 1064 2280 1120 Paulus
2321 1082 2418 1137 per
2470 1066 2730 1121 Iacobum
2784 1066 3021 1137 loquitur
3065 1083 3078 1118 :
3140 1064 3400 1120 Habentes

1804 1147 1968 1190 autent
1995 1137 2255 1201 alimenta,
2287 1136 2335 1206 et
2369 1137 2549 1205 quibus
2579 1146 2828 1206 tegamur,
2857 1136 2934 1188 his
2965 1139 3185 1206 contenti
3211 1138 3401 1206 erimus

1829 1208 1879 1260 1.
1905 1206 2040 1260 Tim.
2073 1208 2125 1259 6.
2168 1206 2243 1272 8).
2282 1205 2395 1258 Erit
2424 1207 2548 1258 mihi
2577 1205 2718 1260 locus
2747 1207 2846 1265 hic,
2877 1206 3058 1258 domus
3102 1205 3198 1259 Dei
3240 1205 3396 1270 (Gen.

1837 1278 1890 1331 8.
1918 1276 2033 1346 22).
2065 1276 2153 1331 Sic
2173 1275 2335 1346 enim
2365 1278 2785 1344 interpretantur
2822 1275 3032 1346 Bethel.
3084 1274 3220 1329 Nam
3267 1275 3397 1330 Beth

1803 1356 1887 1400 est
1913 1344 2126 1407 domus.
2156 1345 2256 1398 [let
2287 1361 2412 1398 vero
2443 1346 2553 1398 Dei.
2582 1347 2727 1399 Abiit
2750 1348 2800 1398 in
2822 1344 3259 1412 Mesopotamiam
3292 1365 3304 1400 :
3335 1363 3398 1400 ac

1803 1419 1975 1486 primo
2007 1417 2082 1470 illi
2139 1425 2330 1482 puteus
2358 1416 2612 1486 occurrit.
2649 1415 2804 1470 Venit
2838 1414 2904 1486 ad
2951 1422 3169 1483 puteum
3197 1417 3285 1486 qui
3320 1425 3398 1469 te-

1805 1484 1925 1556 ctus
1949 1494 2086 1549 erat,
2115 1495 2167 1556 et
2199 1484 2403 1556 invenit
2448 1486 2520 1537 ibi
2557 1493 2798 1556 pastores
2839 1485 2894 1538 In
2925 1486 3174 1556 omnibus
3220 1484 3394 1556 imago

1799 1555 2019 1609 Christi.
2054 1555 2263 1608 Primus
2302 1553 2564 1608 adventus
2586 1554 2784 1608 Christi
2815 1562 2898 1608 cst
2933 1553 3000 1606 ad
3042 1553 3390 1624 baptismum,

1799 1626 1864 1678 ad
1898 1637 2137 1693 puteum,
2165 1633 2378 1693 puteum
2406 1639 2559 1692 aqua:
2589 1625 2828 1678 salientis
2854 1625 2904 1677 in
2933 1624 3097 1677 vitam
3135 1633 3395 1680 :eternam

1801 1692 1982 1763 (Joan.
2015 1695 2069 1748 4.
2107 1696 2220 1764 14).
2255 1692 2461 1746 Invenit
2505 1703 2723 1764 puteum
2767 1704 2966 1764 tectum
3002 1711 3014 1745 :
3054 1709 3174 1746 nam
3223 1698 3393 1764 gratia

1801 1775 1926 1819 ante
1952 1763 2240 1818 adventum
2259 1764 2377 1832 ejus
2402 1763 2715 1834 abscondita
2739 1773 2875 1817 erat.
2893 1763 3047 1834 .Dicit
3071 1763 3244 1818 .Iacob
3270 1781 3394 1834 pas-

1801 1836 2006 1889 toribus
2037 1852 2051 1888 :
2104 1835 2238 1900 Quid
2270 1835 2422 1887 statis
2450 1833 2659 1886 adhuc?
2688 1834 2915 1887 Multum
2974 1833 3079 1887 dici
3125 1833 3390 1903 superest,

1801 1914 1981 1974 potum
2009 1905 2134 1958 date
2165 1904 2465 1972 pecoribus,
2497 1915 2549 1956 et
2576 1903 2824 1959 abducite
2871 1905 2984 1956 illa.
3047 1904 3398 1972 Respondent

1801 1975 1897 2040 illi,
1939 1974 2050 2028 Nisi
2110 1976 2355 2028 venerint
2395 1987 2585 2026 omnes
2643 1981 2909 2042 pastores,
2950 1988 3056 2027 non
3109 1988 3394 2042 possumus

1799 2045 2078 2099 revolvere
2102 2045 2356 2113 lapidem.
2377 2043 2580 2112 Ecquid
2612 2052 2720 2097 tum
2743 2043 2947 2097 Jacob?
2975 2043 3128 2112 Quod
3152 2060 3178 2097 a
3211 2046 3392 2099 inultis

1799 2123 1854 2168 et
1877 2115 1945 2168 ab
1972 2115 2220 2169 omnibus
2252 2114 2551 2167 faciendum
2579 2123 2734 2179 erat,
2766 2115 2912 2168 solus
2945 2113 3071 2169 fecit
3113 2135 3126 2170 :
3158 2130 3278 2167 nam
3308 2131 3395 2169 ar-

1799 2193 2011 2253 reptum
2065 2185 2297 2253 lapidem
2351 2184 2598 2254 revolvit.
2680 2184 2963 2249 Quomodo
3026 2187 3198 2254 potuit
3246 2187 3394 2238 solus

1804 2252 1983 2309 facere
2020 2252 2167 2321 quod
2208 2255 2359 2308 multi
2414 2255 2504 2307 vix
2561 2252 2866 2307 faciebant?
2906 2252 3174 2324 Sed'quia
3219 2254 3394 2324 imago

1797 2324 2002 2378 Christi
2049 2334 2183 2388 erat,
2216 2326 2467 2381 virtutem
2499 2338 2712 2392 quoque
2745 2325 2955 2378 Domini
2979 2325 3260 2393 Scriptura
3294 2325 3390 2378 de-

1798 2394 2043 2458 claravit,
2087 2409 2282 2462 nempe
2311 2395 2453 2462 quod
2495 2394 2644 2464 multi
2687 2393 2866 2449 facere
2911 2410 3015 2447 non
3078 2405 3387 2464 potuerant,

1797 2465 2100 2534 evangelica
2139 2464 2315 2534 gratia
2344 2464 2585 2532 perfecit.
2615 2463 2728 2517 Illic
2758 2465 2992 2519 occurrit
3021 2463 3255 2519 venienti
3288 2466 3391 2518 Ita-

1797 2533 1984 2588 clieli’:
2018 2550 2140 2588 nam
2189 2533 2430 2603 plerique
2483 2535 2641 2603 prisci
2680 2534 2808 2602 justi
2841 2549 2868 2586 a
2921 2537 3092 2602 puteis
3119 2537 3388 2603 sponsalia

1797 2605 2152 2673 accipiebant.
2208 2605 2417 2673 Moyses
2457 2619 2484 2657 a
2529 2613 2688 2672 puteo
2725 2605 2932 2673 accepit
2970 2621 3190 2659 uxorem
3223 2606 3389 2658 tiliam

1795 2673 2056 2736 Jothoris,
2089 2675 2256 2727 Iacob
2306 2689 2335 2727 a
2378 2683 2572 2741 puteo;
2601 2689 2790 2729 servus
2829 2676 3122 2729 Abraliami
3163 2690 3192 2728 a
3227 2687 3389 2744 puteo

1795 2746 2002 2813 accepit
2019 2745 2340 2800 Rebeccam.
2364 2744 2568 2814 Ubique
2584 2746 2852 2814 sponsalia
2882 2755 3120 2800 veterum
3147 2761 3175 2798 a
3196 2759 3386 2814 pineo:

1796 2816 2046 2884 quoniam
2079 2815 2325 2869 Christus
2372 2830 2476 2868 non
2502 2816 2717 2869 aliunde
2744 2816 3035 2884 desponsat
3063 2815 3384 2876 Ecclesium,

1795 2901 1952 3008 q‘uam
1981 2886 2048 2940 ab
2075 2887 2248 2966 aquis.
2283 2885 2352 2939 Et
2379 2893 2436 2966 ut
2464 2887 2646 2966 paucis
2689 2886 2887 2965 dicam,
2933 2887 3169 2950 intravit,
3203 2889 3390 2954 petivit

1846 2955 2109 3008 aclielem.
2133 2956 2451 3008 submtravrt
2490 2955 2604 3008 Lta.
2639 2956 2884 3008 Institqu
2909 2971 3036 3008 vero
3067 2956 3299 3008 haerere.
3337 2968 3390 3008 et

1846 2955 2109 3020 achelem,
2133 2956 2451 3008 subintravit
2490 2955 2604 3009 Lia.
2639 2956 2884 3010 lnstituto
2909 2971 3036 3010 vero
3067 2956 3299 3018 haerere,
3337 2968 3393 3009 et

1797 3026 1863 3079 ad
1905 3027 2203 3079 institutum
2229 3027 2446 3089 reverti,
2479 3041 2658 3095 operte
2681 3027 2908 3094 pretium
2934 3027 3109 3080 fuerit.
3133 3026 3240 3081 Lex
3259 3041 3391 3094 ergo

1795 3097 2150 3159 subintravit,
2185 3112 2290 3150 non
2324 3097 2574 3161 intravit,
2607 3096 3041 3166 quandoquidem
3072 3111 3246 3166 neque
3299 3097 3392 3150 Lia

1796 3169 2032 3231 intravit,
2063 3167 2157 3220 sed
2181 3168 2518 3220 subintravit.
2544 3167 2750 3221 Intrare
2779 3182 3009 3236 namque
3033 3177 3115 3221 est
3134 3169 3308 3236 palam
3334 3176 3390 3221 et

1796 3237 2238 3305 ﬁdenteringredi
2264 3237 2618 3303 ;subintrare,
2639 3251 2758 3289 eum
2781 3236 3081 3290 aliol‘urtim
3112 3252 3170 3291 se
3194 3238 3394 3290 immit-

1798 3318 1929 3361 tere.
1951 3306 2279 3362 Subiutravit
2329 3321 2456 3375 ergo
2499 3308 2659 3359 etiam
2714 3317 3014 3374 peccatum,
3070 3307 3392 3360 subiutravit

1797 3393 1891 3447 per
1913 3379 2081 3446 legem
2113 3377 2372 3431 diabolus.
2403 3375 2541 3430 Nam
2561 3385 2843 3444 peccatum,
2869 3377 3130 3430 occasione
3161 3389 3391 3447 accepta,

1797 3446 1886 3518 per
1917 3447 2214 3518 mandatum
2244 3449 2444 3500 seduxit
2490 3463 2588 3511 me,
2619 3457 2667 3500 et
2705 3463 2795 3514 per
2824 3447 2952 3500 illud
2984 3447 3164 3518 occidit
3212 3446 3391 3518 (Rom.

1797 3521 1846 3571 7.
1883 3519 1993 3586 ll).
2028 3517 2106 3586 Ne
2124 3518 2244 3585 quis
2261 3531 2390 3584 ergo
2417 3527 2566 3584 putet
2589 3518 2900 3570 mandatum
2919 3517 3117 3570 inferre
3135 3517 3388 3578 mortem.

1794 3585 1986 3642 additi:
2018 3585 2202 3656 Itaque
2232 3589 2314 3639 lex
2339 3589 2541 3656 quidem
2567 3595 2764 3651 sancta,
2795 3597 2838 3639 et
2870 3586 3167 3639 mandatum
3191 3589 3395 3657 justum

1795 3669 1840 3712 et
1863 3658 2255 3728 bonum.Quod
2283 3673 2400 3723 ergo
2431 3657 2619 3710 bonum
2641 3667 2733 3719 est,
2761 3659 2884 3710 mihi
2907 3662 3096 3728 factum
3120 3669 3192 3710 est
3215 3675 3350 3710 mors
3373 3659 3396 3709 ?

1798 3729 1973 3792 Absit;
2002 3727 2091 3779 sed
2122 3737 2173 3779 ut
2207 3738 2462 3794 peccatum
2484 3737 2757 3796 appareat,
2788 3744 2877 3795 per
2904 3732 3088 3779 bonum
3129 3739 3396 3796 operatum

1800 3810 1872 3852 est
1896 3799 2018 3850 mihi
2048 3806 2258 3849 mortem
2284 3797 2444 3866 (Ibid.
2471 3812 2518 3849 υ.
2546 3797 2632 3868 19.
2668 3797 2781 3868 15).
2819 3797 3024 3868 Ubique
3056 3808 3393 3868 peccatorem

1797 3878 1956 3923 vocat
1989 3876 2290 3935 peccatum,
2323 3867 2372 3920 id
2402 3877 2505 3931 est,
2530 3866 2823 3920 diabolum.
2856 3866 2946 3933 Ut,
2977 3868 3169 3936 inquit,
3203 3867 3396 3920 diabo—

1799 3939 1880 3992 lus
1908 3953 2066 4006 supra
2097 3939 2313 3990 modum
2345 3949 2596 4005 peccator
2621 3947 2918 4004 appareat,
2951 3939 3078 3991 dum
3115 3953 3209 4004 per
3242 3954 3397 3990 niam

1795 4010 1976 4062 datum
2010 4017 2262 4075 operatur
2307 4017 2558 4061 mortem.
2615 4006 2819 4062 Scimus
2856 4009 2975 4074 quia
3003 4011 3085 4060 lea:
3114 4008 3400 4076 spiritualis

1795 4088 1888 4142 est,
1915 4094 2004 4148 ego
2038 4089 2208 4148 autem
2234 4079 2456 4148 carnalis
2501 4093 2613 4130 sunt
2643 4077 2804 4148 (Ibid.
2835 4093 2885 4130 υ.
2919 4079 3028 4144 Η).
3075 4078 3177 4141 Tu,
3212 4078 3396 4139 Paule.

1795 4147 2048 4210 carnalis,
2081 4147 2180 4218 qui
2202 4147 2453 4218 aSpiritu
2478 4147 2665 4202 saneto
2692 4149 3033 4217 gubernaris,
3061 4149 3150 4216 qui
3177 4151 3402 4218 l0quen-

1798 4228 1905 4273 tem
1958 4218 2010 4272 in
2067 4216 2118 4271 te
2168 4216 2332 4271 habes
2394 4216 2712 4272 Christum?
2761 4219 2816 4273 Si
2863 4227 2917 4272 tu
2967 4219 3198 4272 carnalis
3231 4216 3258 4284 ,ἡ
3304 4234 3402 4271 cur

1796 4290 2089 4359 discipulos
2145 4296 2266 4341 tuos
2296 4287 2573 4359 deccpisti
2601 4327 2630 4359 ,_
2670 4287 2859 4359 dicens
2909 4305 2922 4342 :
2985 4287 3083 4359 l’os
3127 4305 3232 4340 non
3277 4290 3400 4359 estis

1795 4360 1846 4412 in
1901 4357 2098 4423 carne,
2150 4359 2240 4410 sed
2284 4358 2336 4410 in
2378 4360 2563 4426 spiritu
2613 4357 2801 4426 (Ibid.
2857 4359 2911 4414 8.
2975 4358 3093 4427 9)?
3145 4358 3399 4482 Disciguli

1800 4429 1874 4482 tui
1927 4443 2033 4482 non
2078 4437 2205 4481 sunt
2253 4428 2304 4482 in
2353 4443 2550 4482 carne.
2609 4438 2664 4482 et
2718 4440 2772 4482 tu
2830 4430 3064 4482 carnalis
3115 4430 3217 4482 es?
3338 4446 3399 4482 ao

1800 4429 1874 4482 tui
1927 4443 2033 4483 non
2078 4437 2205 4500 sunt
2253 4428 2304 4482 in
2353 4443 2550 4500 carne,
2587 4438 2664 4500 iet
2718 4440 2772 4483 tu
2830 4430 3064 4483 Carnalis
3115 4430 3217 4482 es?
3287 4428 3402 4500 Ego

1797 4511 1965 4552 autem
1989 4498 2216 4551 carnalis
2239 4514 2371 4551 sum.
2408 4497 2541 4568 Ego.
2569 4499 2740 4565 Quis?
2770 4500 2870 4565 Qui
2905 4512 3029 4554 ante
3055 4500 3226 4567 legem
3251 4509 3305 4553 et
3338 4497 3390 4553 in

1799 4571 1916 4639 legc
1960 4577 2309 4624 conversatus
2362 4583 2503 4634 sum,
2570 4569 2810 4624 l’enditus
2848 4570 2939 4623 sub
2994 4579 3220 4638 peccato.
3285 4571 3402 4624 Non

1797 4641 1952 4706 dixit,
2003 4639 2258 4692 Venditus
2303 4654 2333 4691 a
2380 4649 2632 4707 peceato;
2679 4641 2795 4705 sed,
2852 4641 3111 4694 Venditus
3158 4654 3400 4707 peccato.

1799 4711 1914 4764 Non
1956 4711 2099 4764 enim
2131 4710 2267 4763 alius
2298 4709 2459 4763 homo
2489 4711 2745 4775 vendidit,
2780 4711 2872 4764 sed
2905 4725 2963 4764 se
2993 4714 3108 4778 ipse
3140 4712 3400 4764 vendidit.

1798 4779 2261 4850 Quemadmodum
2298 4779 2442 4833 enim
2473 4781 2612 4848 apud
2646 4795 2745 4834 nos
2787 4780 3036 4834 homines
3060 4789 3186 4835 sunt
3213 4783 3401 4850 aliqui,

1799 4849 1886 4921 qui
1920 4866 2012 4919 per
2042 4849 2150 4903 vim
2195 4851 2518 4915 venduntur,
2549 4850 2636 4903 alii
2669 4860 2849 4918 autem
2877 4851 3071 4915 liberi,
3111 4851 3199 4920 qui
3233 4849 3315 4905 vel
3349 4863 3404 4903 ut

1799 4923 2018 4974 ancillas
2044 4921 2242 4974 ducant
2271 4935 2487 4984 uxores,
2520 4921 2603 4974 vel
2631 4922 2700 4975 ob
2719 4923 2877 4976 aliam
2909 4921 3194 4990 quamdam
3222 4937 3407 4975 neces‘

1799 4994 2012 5046 sitatem
2035 4991 2280 5045 servituti
2308 5007 2366 5045 se
2396 4992 2598 5049 dedunt
2629 5008 2640 5043 :
2675 4994 2752 5046 sic
2769 5001 2824 5047 et
2851 4995 3013 5046 homo
3035 5003 3222 5046 natura
3248 4993 3402 5054 liber,

1800 5073 1854 5133 et
1882 5063 2104 5133 liberam
2130 5071 2629 5133 naturamnactus,
2658 5072 2850 5131 Sponte
2878 5063 3402 5133 seipsumivendidit.

1801 5132 1895 5186 Vis
1917 5132 2097 5186 videre
2128 5131 2400 5186 hominem
2442 5133 2682 5201 seipsum
2726 5131 3091 5186 vendentem?
3121 5132 3404 5201 Perpende

1801 5203 1926 5273 quid
1950 5202 2097 5273 dicat
2124 5203 2344 5256 Achabo
2378 5202 2543 5266 Elias,
2591 5219 2712 5255 eum
2755 5205 2900 5257 misit
2939 5203 3090 5256 illum
3143 5203 3302 5264 Deus,
3349 5214 3406 5254 ut

1803 5271 1976 5341 ipsum
2008 5271 2357 5342 redargueret
2399 5276 2539 5342 circa
2570 5275 2779 5326 vineam
2805 5289 3008 5342 ,Aquam
3047 5274 3346 5327 abstulerat
3374 5288 3403 5325 a

1802 5340 2068 5396 Nabutlie.
2105 5341 2306 5396 Dicitei
2334 5341 2519 5397 Achab
2551 5362 2562 5396 :
2600 5340 3199 5407 Inuenistiine,inimicus
3227 5360 3364 5396 meus
3383 5347 3407 5395 'I

1804 5414 1948 5466 Dixit
1971 5413 2050 5466 illi
2098 5412 2242 5482 Elias
2268 5427 2285 5462 :
2317 5410 2499 5466 Inveni
2543 5423 2610 5476 te,
2639 5415 2757 5480 quia
2789 5418 3017 5466 venditus
3046 5430 3096 5466 es
3124 5424 3176 5482 ut
3218 5419 3408 5482 faceres

1803 5484 1994 5535 malum
2019 5500 2192 5535 coram
2221 5481 2438 5535 Domino
2466 5482 2540 5550 (5.
2579 5485 2706 5554 Reg.
2730 5484 2818 5538 2|.
2848 5483 2961 5552 20).
2996 5481 3236 5536 Venditio
3261 5486 3402 5537 enim

1805 5563 1988 5608 nostra
2019 5557 2076 5606 lit
2103 5568 2197 5619 per
2217 5566 2376 5621 opera
2401 5555 2672 5622 nequitiae.
2703 5554 2815 5624 Ego
2841 5565 3006 5607 autem
3029 5555 3250 5607 carnalis
3272 5570 3405 5618 sum,

1807 5625 2037 5678 venditus
2085 5623 2176 5676 sub
2217 5633 2439 5690 peccato.
2489 5625 2588 5693 qui
2633 5623 2776 5679 enim
2827 5625 2961 5677 mala
3017 5626 3408 5678 consuetudine

1806 5705 1994 5763 captus
2024 5704 2128 5757 est,
2163 5709 2335 5762 neque
2362 5695 2404 5746 si
2433 5695 2686 5758 voluerit,
2719 5710 2842 5749 sese
2872 5695 3023 5749 facile
3048 5709 3112 5748 es
3149 5700 3407 5749 servitute

1808 5765 2046 5834 expedit.
2077 5763 2209 5818 Nam
2238 5765 2571 5818 consuetudo
2599 5774 2683 5820 est
2727 5766 2960 5820 secunda
3000 5775 3186 5819 natura
3223 5783 3235 5816 :
3268 5766 3402 5834 ipsao

1810 5831 1915 5904 que
1949 5845 2139 5889 natura
2172 5845 2358 5890 contra
2389 5835 2633 5890 homines
2657 5845 2875 5906 pugnat.
2905 5835 3028 5889 Ideo
3048 5835 3219 5889 intulit
3246 5852 3259 5887 :
3290 5831 3410 5887 Non

2945 5929 3024 5988 ΒΞ
