4130 6332
171 376 280 431 675

162 483 183 547 (
216 480 266 532 1.
296 478 413 532 Cor.
448 477 537 533 N.
572 477 698 599 12?.
734 477 783 531 id
812 487 914 539 est,
949 475 1332 530 charismatum
1362 472 1717 543 spiritualium
1748 492 1762 527 :

162 563 338 599 neaue
364 548 509 599 enim
563 563 653 599 mu
678 548 715 599 ti
736 558 863 599 sunt
887 546 1129 599 spiritus.
1166 543 1418 599 Ouoniam
1442 542 1762 597 eniulatores

162 542 338 617 neque
364 548 509 617 enim
563 542 715 602 multi
736 558 863 601 sunt
887 546 1129 617 spiritus.
1166 543 1418 617 Quoniam
1442 542 1763 617 aemulatores

160 612 283 670 estis
321 616 615 685 spirituum,
646 616 813 670 adhuc
860 612 1266 685 excellentiorem
1296 614 1439 685 piam
1473 612 1611 665 vobis
1665 613 1762 665 de-

159 682 685 746 monstfo.05tendo,
718 685 909 754 inquit,
931 683 1082 738 vobis
1112 698 1231 751 qua:
1259 682 1586 754 charismata
1616 696 1765 754 qua:-

161 772 286 809 rere
311 766 580 825 oporteat.
608 752 841 825 Spiritus
886 768 1017 825 ergo
1042 762 1266 825 vocatur
1290 752 1521 825 Spiritus
1547 752 1759 825 gratia:

158 839 271 879 non
301 820 430 879 vero
464 828 575 893 ipsa
606 820 839 891 spiritus
892 820 1215 885 substantia,
1246 820 1339 879 sed
1372 820 1765 893 opemtiuSpi-

160 896 320 947 ritus.
352 888 674 947 [hec—autem
699 893 872 947 omnia
893 902 1135 961 operatur
1162 907 1296 943 unus
1336 900 1400 961 et?
1422 891 1554 943 idem
1588 888 1765 961 Spiri-

160 974 240 1016 tus
259 966 342 1030 (1.
362 964 577 1019 (Σοί-ΛΞ.
601 965 706 1032 11).
722 958 950 1032 Spiritus
967 961 1217 1032 Operatio
1228 970 1308 1014 est
1324 960 1565 1032 spiritu_s,
1586 958 1760 1025 idest,

164 1028 362 1101 gratia.
398 1048 501 1087 non
524 1028 701 1087 autem
732 1028 843 1102 ipsa
870 1028 1103 1101 Spiritus
1138 1028 1462 1102 substantia.
1483 1028 1575 1102 _T_u
1608 1044 1761 1083 voca-

157 1099 233 1154 ris
256 1103 576 1170 spiritualis,
604 1099 847 1172 etgratia
875 1099 995 1170 qua:
1017 1100 1159 1172 apud
1191 1109 1242 1155 te
1267 1109 1350 1154 est
1369 1140 1384 1164 ,
1413 1099 1635 1172 spiritus
1666 1114 1767 1152 vo-

157 1181 330 1226 catur.
378 1172 515 1227 Dicit
553 1170 1053 1242 ergo'Apos‘tolus:
1088 1171 1229 1225 Deus
1272 1170 1539 1224 custodiet
1569 1183 1770 1237 corpus

199 1365 436 1377 ..ι-..--

1309 361 1373 417 ΙΝ
1415 359 1806 418 PRINCIPIUM
1849 360 2273 418 lNDlCTiONlS.

3364 366 3469 424 674

1872 482 2165 545 vestrum,_
2184 478 2240 524 et
2279 471 2534 545 animam,
2564 480 2614 524 et
2647 469 2873 539 gratiam
2924 488 3085 541 quam
3127 478 3410 545 accepistis
3436 496 3466 533 a

1868 541 2345 615 SpirituLRursus
2369 542 2626 615 Spiritum,
2652 551 2809 594 vocat
2829 546 3088 615 gratiam.
3117 541 3303 600 Gratia
3337 562 3467 603 vero

1857 624 1966 732 Xer
1987 612 2222 666 studium
2245 612 2490 691 augetur,
2516 620 2570 664 et
2600 612 2695 679 per
2721 612 3103 692 negligentiam
3133 616 3289 683 perit.
3325 616 3463 674 Dicit

1905 683 2145 732 oostolus
2169 698 2183 732 :
2215 680 2468 732 Spiritum
2492 696 2592 732 non
2613 692 2919 732 exsttnamte
2944 682 3019 732 (1.
3053 682 3233 732 Thess.
3260 686 3315 732 εἰ-
3342 687 3460 732 im-

1905 683 2145 757 postolus
2169 698 2183 737 :
2215 680 2468 747 Spiritum
2492 696 2592 757 non
2613 680 2919 757 exstinguite
2944 682 3019 751 (1.
3053 680 3233 757 Thess.
3260 686 3315 757 5.
3342 687 3461 757 19).

1868 750 1985 805 Non
2015 759 2191 821 potest
2216 761 2407 823 autem;
2426 750 2722 823 substantia
2738 751 2979 823 Spiritus
3009 755 3315 823 exstingui,
3367 750 3467 811 ne—

1870 835 1975 891 que
1999 820 2438 901 mensnaturalis
2472 820 2611 901 :sed
2639 820 2803 901 _quia’
2825 824 3051 944 gratiam
3082 820 3260 878 studio
3298 820 3467 896 auge-

1872 906 2014 944 mus.
2035 892 2356 944 neelttzentta
2384 900 2796 944 exstinguimus.
2866 902 2957 944 icit
2980 909 2992 944 :
3018 892 3278 944 Gratiam.
3303 911 3467 944 aliam

1872 906 2014 954 mus,
2035 890 2356 964 negligentia
2384 890 2957 964 exstinguitnus,_d_icit
2980 909 2992 945 :
3018 892 3278 959 Gratiam,
3303 890 3468 964 quam

1870 962 2179 1033 accepistis,
2210 975 2317 1033 non
2347 961 2692 1029 exstinguite.
2712 961 2983 1033 Spiritum
3006 978 3137 1031 ergo
3162 961 3469 1033 vocat'Spi-

1872 1030 2015 1111 ritus
2033 1031 2426 1111 operationem,
2461 1045 2619 1111 quam
2650 1030 3093 1111 utinampmnes
3114 1030 3469 1111 assequamur

1874 1100 1926 1153 in
1952 1099 2307 1155 ChristoJesu
2325 1101 2554 1173 Domino
2576 1109 2782 1164 nostro,
2792 1101 2882 1173 cui
2900 1102 3068 1171 gloria
3085 1112 3138 1157 et
3157 1099 3465 1173 imperium.

1874 1184 2019 1225 nunc
2073 1178 2128 1226 et
2169 1184 2405 1241 semper,
2438 1178 2493 1226 et
2542 1171 2596 1225 in
2644 1170 2841 1226 saecula
2886 1170 3458 1229 saeculorum—Amen.

191 1361 3403 1404 Ἥ

1315 1598 1390 1658 ΙΝ
1428 1597 1783 1670 SEQU‘ENS
1814 1598 2319 1661 OPUSCULU’M.

168 1823 318 1863 anno
342 1805 600 1874 Romano,
633 1818 690 1864 ut
714 1826 778 1863 ex
808 1807 1021 1863 Theonis
1053 1806 1455 1864 Commentariis
1482 1808 1537 1858 in
1574 1806 1897 1877 προχείρους
1924 1806 2158 1869 κανόνας
2193 1804 2466 1859 Ptolemaei
2490 1809 2715 1857 constat.
2748 1799 3025 1856 Orationes
3048 1802 3218 1869 plena:
3246 1802 3445 1855 mendis

171 1933 223 1977 et
255 1926 413 1993 plane
436 1926 649 1993 spuria.
694 1924 819 1980 H830
870 1933 1018 1979 certe
1052 1924 1200 1993 prior
1228 1933 1309 1977 est
1334 1921 1677 1993 nugacissimi
1712 1919 1941 1976 Graeculi
1975 1928 2030 1973 et
2059 1918 2358 1985 inlacundi,
2391 1917 2624 1988 indigna
2638 1933 2759 1989 qum
2786 1917 3029 1987 legatur.
3056 1916 3261 1971 ln.solo
3292 1914 3450 1973 titulo

173 2038 403 2095 indictio
441 2049 811 2106 memoratur;
850 2056 971 2095 nam
1010 2040 1062 2093 in
1096 2027 1435 2097 oratiuncula
1463 2038 1529 2097 de
1561 2038 1857 2097 indictione
1886 2039 2043 2098 nihil.

189 2388 3292 2413 ————-————-———-—————————-—————_

1358 2466 1424 2510 IN
1471 2466 1853 2513 PRINCIPIUK
1890 2462 2295 2512 INDICTDNIS.

1560 2574 2055 2654 mem

223 2721 494 2780 Mirabiles
505 2727 629 2793 sunt
644 2716 1065 2793 orthodoxorum
1080 2715 1441 2793 celebritates,
1455 2715 1593 2770 liene
1609 2731 1752 2793 mar;-

149 2807 333 2867 tyrum
366 2791 641 2867 memoriae
658 2828 672 2852 ,
696 2789 827 2843 nulli
852 2786 1039 2857 pudori
1057 2786 1522 2867 obnoxia-piorum
1546 2786 1754 2867 eonvi-

148 2855 261 2917 v'ia.
287 2863 403 2918 Non
426 2861 763 2915 celebramus
779 2855 990 2927 tempus
1010 2872 1184 2909 rerum
1201 2857 1363 2910 multa
1383 2855 1751 2927 vicissitudine

147 2951 210 2991 se
240 2932 570 2987 moventium
594 2944 728 2983 :non
747 2925 1085 2981 celebramus
1111 2941 1331 2991 annum,
1349 2926 1438 2994 qui
1460 2925 1643 2979 mundi
1668 2926 1751 2979 vi-

149 3018 268 3059 tam
296 3009 578 3056 consumat
601 3015 614 3050 :
635 3014 739 3052 non
764 2998 993 3051 colimus
1016 3010 1268 3065 agonem,
1292 2996 1381 3065 qui
1409 3010 1508 3051 nos
1528 2996 1593 3049 ad
1624 3011 1752 3049 cor-

146 3074 460 3154 ruptionem
492 3068 668 3123 trahat
698 3083 713 3121 :
738 3082 842 3121 non
875 3066 1161 3121 adoramus
1190 3073 1528 3154 creaturam;
1560 3080 1752 3120 omnes

147 3136 354 3213 quippe
369 3157 459 3196 res
476 3151 973 3213 creatteconservaa
1004 3146 1127 3213 sunt
1155 3152 1169 3188 :
1200 3151 1307 3213 non
1336 3136 1563 3213 colimus
1584 3147 1754 3190 mate-

146 3206 312 3275 riam,
342 3228 460 3280 qua:
484 3226 548 3265 ex
576 3209 747 3263 nihilo
770 3206 906 3260 facta
923 3214 1006 3280 est
1027 3207 1415 3280 {haecquippe
1445 3207 1581 3259 sicut
1603 3216 1753 3260 ortus

148 3276 372 3339 initium
396 3280 613 3345 habent,
640 3280 709 3331 ita
726 3276 1088 3343 corruptionis
1114 3276 1201 3329 lini
1226 3276 1580 3343 subjicientur
1604 3294 1616 3329 :
1645 3292 1750 3329 non

146 3355 383 3408 colimus
405 3352 629 3413 czelum;
663 3363 784 3401 nam
809 3347 942 3401 sicut
973 3346 1147 3399 fumus
1177 3346 1443 3402 ﬁrmatum
1468 3345 1568 3399 fuit
1600 3365 1612 3399 :
1646 3362 1751 3399 non

148 3425 383 3477 colimus
410 3417 991 3486 firmamentum;un
1015 3416 1250 3485 crystalli
1279 3431 1428 3470 more
1452 3416 1612 3471 llxum
1633 3424 1749 3470 est:

149 3510 264 3548 non
295 3492 518 3545 colimus
549 3490 745 3553 lucem,
775 3503 893 3556 qu:e
922 3486 1086 3539 verbo
1114 3486 1247 3539 facta
1280 3496 1393 3550 est;
1422 3503 1523 3539 non
1550 3487 1751 3553 lunam,

148 3580 277 3632 qua:
318 3562 481 3629 ﬁgura
525 3560 754 3632 quadam
811 3565 1068 3632 ornatur;
1101 3571 1208 3610 non
1255 3564 1450 3632 terram
1478 3598 1493 3621 ,
1524 3572 1643 3632 qum
1686 3572 1752 3610 ex

150 3626 293 3703 aqua
324 3626 559 3684 citracta
592 3628 721 3690 fuit;
757 3643 861 3681 non
892 3628 1067 3703 igiiem
1098 3666 1111 3689 ,
1145 3626 1419 3680 materiale
1449 3628 1645 3696 quippe
1670 3634 1756 3681 est

148 3696 516 3763 elementum;
549 3714 653 3753 non
684 3713 899 3765 aquam,
930 3696 1126 3749 ﬂuxam
1158 3706 1403 3749 naturam
1430 3713 1443 3747 ε
1476 3712 1582 3748 ιιοη
1616 3703 1752 3749 tem-

150 3787 279 3842 pus,
307 3769 445 3842 quod
476 3785 581 3842 non
610 3776 736 3842 stat,
766 3767 858 3842 sed
881 3766 1121 3842 abscedit
1150 3783 1180 3842 :_
1198 3782 1303 3819 non
1334 3766 1560 3819 colimus
1586 3765 1751 3831 diem,

149 3836 276 3912 qua:
304 3836 625 3895 ordinationi
653 3838 849 3912 servit;
876 3837 1053 3889 omnia
1092 3836 1290 3912 quippe
1326 3845 1566 3912 tempore
1593 3850 1753 3912 sene-

148 3906 314 3968 s'cnnt
337 3952 351 3976 ,
378 3922 432 3963 et
475 3919 595 3977 post
625 3906 801 3960 omnia
846 3915 1057 3974 tempus
1100 3907 1269 3974 ipsum
1304 3907 1581 3977 senescit;
1616 3906 1755 3977 Deus

147 3992 336 4036 autem
363 3976 500 4033 unus
520 3978 671 4033 senio
698 3979 944 4044 superior
959 3986 1073 4030 est:
1102 3978 1257 4045 idque
1283 3976 1620 4030 demonstrat
1640 3976 1756 4029 dies

148 4049 655 4107 consummationis.
685 4046 925 4101 Gentiles
964 4056 1112 4101 certe
1155 4056 1207 4100 et
1251 4046 1421 4100 Judaei
1476 4047 1755 4115 iniquitate

149 4124 351 4176 fratres
376 4128 517 4181 sunt,
552 4117 749 4171 diaboli
783 4118 1066 4179 manubite,
1099 4116 1299 4185 peccati
1326 4117 1521 4183 proles,
1554 4117 1755 4169 erroris

148 4192 396 4252 alumni,
434 4188 721 4257 impietatis
751 4188 963 4241 e’ccitas
990 4228 1002 4247 ,
1038 4198 1212 4241 nautae
1244 4190 1409 4241 duces
1446 4186 1511 4240 ad
1544 4186 1757 4257 gehen-

148 4278 303 4326 nam,
333 4256 611 4324 serpentes
644 4258 952 4325 impietatis,
986 4258 1075 4312 lilii
1104 4257 1512 4312 maledictiouis.
1539 4256 1599 4311 Hi
1622 4256 1755 4311 festa

150 4332 320 4400 impie
345 4330 639 4390 celebrent,
672 4329 792 4395 quia
836 4329 1075 4400 improbe
1121 4330 1359 4383 sentiunt
1389 4346 1401 4381 :
1434 4327 1484 4381 hi
1514 4342 1755 4400 errorem

151 4397 441 4464 honorent,
471 4400 543 4452 illi
578 4400 745 4466 legem
776 4399 1123 4462 conculcent,
1157 4408 1209 4451 et
1235 4400 1444 4469 utrique
1474 4412 1562 4469 res
1609 4397 1758 4451 nefa-

153 4475 270 4527 rias
296 4472 501 4524 discant
524 4484 537 4532 ;
572 4484 692 4521 nam
726 4480 910 4521 mutuo
936 4471 1302 4523 consentiunt.
1330 4468 1500 4523 Judaai
1525 4484 1554 4520 a
1581 4468 1757 4537 genti-

150 4544 296 4596 libus
322 4539 697 4602 idololatriatn,
722 4540 944 4607 gentiles
973 4552 1001 4589 a
1024 4538 1224 4593 Judmis
1248 4539 1625 4607 prophetarum
1646 4553 1754 4592 cae-

147 4615 253 4668 des
290 4611 629 4665 didicerunt:
664 4623 783 4661 nam
814 4608 982 4663 Judzei
1013 4610 1063 4661 in
1090 4609 1205 4677 lege
1233 4624 1445 4663 omnem
1476 4609 1754 4674 gentilium

149 4697 397 4739 errorem
426 4679 739 4735 exhibuere.
768 4678 958 4733 Verum
992 4679 1303 4748 indignaris,
1333 4696 1365 4730 ο
1390 4678 1594 4741 Judtee,
1626 4680 1754 4733 dum

152 4754 274 4808 [nec
319 4752 512 4805 audis?
542 4748 724 4819 Cogita
751 4751 990 4803 actiones
1020 4760 1134 4803 tuas
1161 4792 1175 4814 ,
1208 4759 1261 4802 et
1307 4749 1756 4819 reprehensiones

152 4766 274 4808 meo
319 4766 468 4805 auals
494 4766 512 4803 3
542 4766 616 4805 υ»
658 4766 724 4801 ua
751 4766 990 4803 actiones
1020 4766 1134 4803 tuas
1161 4792 1175 4814 ,
1208 4766 1261 4802 et.
1307 4766 1753 4819 reprenensnoncs

152 4838 227 4877 ne
251 4837 391 4889 aegre
416 4820 575 4874 feras.
608 4766 855 4885 gbinam,
886 4836 1089 4888 qutcso,
1125 4819 1260 4873 idola
1286 4835 1391 4873 non
1424 4820 1673 4874 coluisti?
1697 4821 1753 4874 In

150 4895 376 4947 deserto
417 4892 637 4943 vitulum
666 4890 929 4951 conﬂasti,
966 4902 1083 4957 post
1118 4902 1374 4958 tropteum
1404 4889 1755 4957 Beelphegori

152 4964 396 5020 initiatus
418 4976 497 5026 es,
524 4962 576 5015 in
605 4958 890 5014 Moabitide
915 4960 1263 5014 Thamatzum
1286 4960 1543 5028 adorasu,
1573 4962 1624 5014 in
1652 4961 1755 5015 Pa-

153 5034 363 5111 laestina
388 5032 589 5111 Dagoni
620 5030 879 5111 sacriﬁcia
907 5032 1167 5111 obtulisti,
1196 5034 1246 5085 in
1266 5031 1545 5111 PilCPDlCla-
1567 5034 1748 5111 AﬁstaArv

154 5116 253 5158 ten
282 5101 510 5165 coluisti,
542 5105 591 5155 in
621 5102 929 5168 captivitate
959 5101 1285 5155 Chamozum
1312 5102 1570 5155 adorasti.
1600 5101 1757 5157 Defe-

152 5176 235 5228 cit
279 5172 447 5238 locus,
494 5172 589 5227 sed
637 5188 742 5226 non
774 5170 971 5226 defecit
1014 5172 1357 5226 detestandus
1405 5172 1596 5225 cultus.
1632 5172 1757 5243 ideo

155 5245 295 5299 festa
321 5254 494 5296 vestra
524 5243 637 5297 odit
668 5243 941 5295 Dominus.
973 5243 1109 5295 Audi
1152 5243 1291 5296 enim
1321 5242 1634 5311 prophetam
1677 5242 1759 5295 di-

154 5322 371 5368 centem
403 5330 415 5365 :
448 5311 569 5378 Odi,
603 5313 763 5379 reieci
806 5314 933 5365 festa
974 5323 1171 5377 vestra,
1205 5322 1259 5367 et
1299 5327 1403 5365 non
1436 5314 1676 5366 delector
1704 5314 1757 5367 in

158 5384 541 5439 fcstivitatibus
584 5384 776 5439 vestris
810 5384 827 5451 (
854 5382 982 5436 lsai.
1013 5384 1061 5435 1.
1092 5384 1156 5437 14
1179 5384 1214 5451 ).
1248 5384 1416 5437 Omne
1458 5384 1654 5451 quippe
1683 5383 1758 5437 fe-

156 5464 307 5511 stum
339 5453 644 5507 Judaeorum
686 5455 860 5509 Caedes
909 5453 1129 5506 inducit.
1166 5455 1296 5507 Dum
1324 5453 1617 5522 jejunares,
1653 5452 1758 5507 Na-

159 5526 381 5579 buthem
414 5523 694 5594 lapidasli',
729 5524 854 5577 dum
883 5523 1015 5577 festa
1044 5524 1365 5584 celebrares,
1390 5523 1577 5576 Isaiam
1608 5538 1757 5579 serra

160 5594 417 5658 secuisti;
449 5595 573 5647 dum
603 5596 970 5649 celebritatem
1011 5609 1198 5663 ageres
1223 5636 1237 5657 ,
1268 5594 1553 5649 Jeremiam
1596 5594 1645 5647 in
1676 5595 1756 5648 la-

159 5680 283 5721 eum
313 5666 609 5734 coniecisti.
640 5666 718 5719 Ad
738 5666 934 5733 judicia
964 5676 1017 5719 et
1050 5680 1253 5734 pugnas
1282 5666 1523 5733 improbe
1546 5665 1759 5734 jejuna-

162 5738 233 5794 sti
259 5754 271 5791 :
303 5738 354 5791 in
384 5736 602 5806 crapula
644 5752 862 5792 versans
891 5752 1069 5792 arcam
1102 5736 1218 5791 lleli
1248 5746 1489 5808 tempore
1520 5736 1759 5807 prodidi-

1860 2715 1927 2769 sti
1954 2755 1969 2778 ,
2001 2722 2056 2769 et
2084 2714 2348 2769 Joannem
2394 2714 2570 2783 capite
2601 2717 2881 2769 truncasti.
2917 2717 2973 2772 Si
3003 2718 3093 2773 tali
3130 2720 3291 2775 modo
3338 2724 3467 2776 festa

1858 2784 2100 2854 celebras
2124 2826 2138 2846 ,
2171 2799 2270 2853 par
2299 2793 2382 2838 est
2409 2794 2459 2839 te
2508 2785 2711 2854 lugere.
2743 2784 2853 2840 Nos
2886 2802 2971 2842 res
2996 2788 3206 2843 divinas
3234 2801 3288 2845 et
3312 2794 3473 2845 mira-

1858 2853 1997 2929 biles
2023 2854 2364 2929 celebramus
2386 2894 2401 2917 ,
2436 2853 2735 2929 martyrum
2766 2859 3061 2929 certamina
3086 2900 3104 2926 ,
3138 2862 3473 2929 sepultorqu

1857 2924 2135 2987 victorias,
2165 2939 2353 2977 eorum
2385 2924 2474 2993 qui
2499 2940 2602 2977 non
2634 2927 2864 2992 amplius
2893 2924 3144 2983 videntur
3172 2924 3327 2994 retia,
3356 2932 3473 2985 dis-

1858 2994 2155 3065 solutorum
2188 2994 2508 3065 medicinam
2540 3012 2552 3047 :
2585 2995 2636 3048 in
2660 2997 2847 3063 primis
2876 2996 3157 3053 Christiet
3186 3001 3281 3055 Dei
3311 3002 3475 3054 mira-

1857 3064 1997 3133 cula,
2025 3079 2145 3133 qua:
2174 3074 2393 3133 prapter
2414 3064 2646 3117 salutem
2673 3080 2847 3119 meam
2878 3068 3038 3123 homo
3066 3068 3232 3124 factus
3261 3072 3430 3125 edidit
3460 3089 3473 3125 :

1858 3132 2053 3210 deinde
2082 3132 2208 3188 vero
2252 3132 2527 3188 servorum
2560 3134 2679 3201 ejus
2705 3150 3008 3210 utrumnas;
3041 3137 3301 3208 Stephani
3344 3142 3475 3210 lapi-

1858 3203 2016 3258 dibus
2068 3213 2312 3259 ornatam
2362 3219 2658 3269 coronam,
2688 3204 2910 3279 gloriosi
2951 3203 3227 3264 Laurentii
3272 3203 3474 3279 tropaea

1857 3284 2047 3327 contra
2102 3282 2332 3327 mortem
2377 3282 2591 3338 erecta,
2641 3279 2808 3329 Atinia:
2855 3278 3213 3338 virginitatem
3268 3278 3473 3334 nullum

1859 3358 2071 3433 passam
2116 3345 2470 3433 naufragium;
2574 3344 2915 3433 Trinitathnd
2942 3344 3220 3428 Trinitatis
3264 3366 3474 3433 prmco-

1862 3429 1982 3483 nem
2017 3414 2029 3467 l
2060 3429 2092 3467 o
2133 3413 2390 3483 reliquias
2433 3414 2731 3467 dolentium
2776 3415 3095 3471 medicinam
3124 3422 3137 3472 !
3171 3434 3204 3473 o
3233 3413 3469 3476 cinerem

1861 3482 2083 3559 fontem‘
2113 3484 2662 3559 medicameutoruml
2696 3499 2729 3537 0
2760 3485 2976 3559 domum
3009 3490 3125 3543 caeli
3166 3489 3472 3559 pulchritu-

1858 3553 2039 3607 dinem
2071 3554 2391 3607 imitantem.
2419 3554 2525 3606 Sed
2566 3562 2619 3607 et
2650 3556 2820 3622 ipsum
2853 3553 3204 3613 inanimatum
3236 3560 3474 3617 elemen-

1860 3633 1973 3677 tum
2006 3638 2155 3678 mare
2183 3625 2302 3678 sine
2330 3624 2539 3693 loquela
2568 3626 2764 3678 clamat
2787 3627 2852 3678 ad
2884 3642 2996 3680 vos.
3029 3628 3317 3693 Postquam
3339 3647 3473 3684 cnu-

1860 3708 2051 3746 scrvos
2084 3695 2364 3763 redargui,
2397 3709 2499 3762 ego
2543 3709 2758 3763 quoque
2807 3697 3109 3763 prmdicabo
3157 3695 3465 3757 Dominum.

1859 3762 1975 3817 Non
2005 3779 2091 3837 me
2121 3774 2372 3837 premunt
2396 3762 2870 3837 miilicisvcstigia
2890 3807 2907 3837 _,
2948 3782 3034 3821 me
3065 3768 3228 3837 pedes
3272 3770 3472 3827 Christi

1859 3835 2216 3905 sanctiiicant.
2259 3834 2469 3901 Moyses
2502 3849 2588 3888 me
2615 3835 2856 3896 discidit,
2890 3835 2976 3891 hic
3008 3834 3136 3892 vero
3161 3841 3472 3905 sancﬁﬁca-

1860 3904 1936 3956 vit
1964 3925 1974 3955 :
2004 3902 2195 3958 Ionam
2228 3906 2478 3958 absorhui
2506 3945 2521 3969 ,
2558 3904 2697 3958 hunc
2741 3905 3093 3972 perhorresco
3120 3926 3132 3960 :
3177 3902 3331 3963 illum
3360 3910 3472 3967 Noe

1862 3974 2111 4028 ﬂuctibus
2139 3976 2402 4043 exagitari
2431 4016 2443 4037 ,
2471 3974 2571 4046 sed
2604 3990 2670 4027 ne
2718 3977 2986 4046 respicere
3030 3979 3245 4046 quidem
3300 3982 3473 4036 audeo

1861 4058 2003 4107 eum,
2036 4045 2125 4110 qui
2160 4060 2319 4099 manu
2349 4060 2443 4099 sua
2468 4045 2739 4098 hominem
2769 4045 3294 4103 formavitIPedibus
3323 4066 3472 4105 mare

1861 4115 2235 4179 sanctilicavit,
2269 4117 2457 4169 cadum
2492 4114 2687 4186 throno
2718 4130 2814 4168 suo
2840 4116 3010 4186 gloria
3041 4118 3242 4185 alleeit,
3272 4129 3467 4177 terram

1862 4186 2124 4256 praisepio
2174 4186 2467 4256 decoravit,
2496 4184 2769 4239 infernum
2812 4184 2911 4255 per
2938 4184 3265 4256 sepulturam
3315 4206 3483 4248 suam

1864 4255 2202 4309 illuminavit.
2237 4255 2352 4309 Non
2397 4272 2514 4308 sum
2561 4256 2822 4324 ingratum
2876 4255 3083 4311 etiamsi
3116 4259 3468 4321 inanimatam

1862 4325 1962 4379 sim
1997 4342 2010 4377 :
2057 4335 2113 4379 ut
2156 4326 2482 4380 elementum
2515 4340 2749 4394 agnosco
2794 4328 3137 4381 Cenditorem
3169 4346 3181 4381 :
3215 4346 3318 4382 non
3349 4333 3470 4385 (Ιίρυ

1861 4411 1983 4471 cum
2006 4395 2226 4471 Judzeis,
2260 4395 2360 4449 Hic
2381 4397 2664 4471 [tomo‘non
2694 4405 2766 4449 est
2791 4414 2820 4448 α
2848 4396 2955 4451 Deo
2984 4397 3182 4471 (Joan.
3213 4400 3265 4453 9.
3302 4401 3366 4453 16
3403 4404 3418 4471 )
3452 4420 3466 4467 ;

1861 4467 1955 4539 sed
2005 4466 2469 4539 pierelanio,7Hic
2512 4464 2655 4539 Deus
2703 4484 2862 4531 meus,
2897 4478 2944 4520 et
2994 4464 3299 4539 'gloriﬁcabo
3353 4464 3469 4525 eum

1862 4535 2063 4609 (Egrod.
2097 4538 2183 4591 15.
2208 4536 2289 4609 2).
2326 4536 2615 4609 Ostendam
2655 4548 2862 4591 natum
2895 4535 3027 4592 utere
3073 4535 3430 4609 proprietates
3455 4584 3468 4603 ,

1863 4608 2181 4680 redarguam
2195 4606 2594 4680 homicidarum
2618 4609 2883 4680 animos,
2911 4609 3029 4677 ejus
3056 4606 3143 4678 qui
3176 4606 3337 4680 supra
3386 4631 3472 4667 me

1862 4678 2155 4731 ambulavit
2192 4678 2473 4745 imperium
2504 4678 2806 4746 publicabo.
2840 4678 2901 4732 Hi
2926 4683 3171 4734 conservi
3196 4722 3210 4744 ,
3243 4678 3334 4735 ille
3367 4683 3472 4735 Do-

1863 4750 2075 4811 minus,
2106 4747 2460 4821 cujus_n_ietu
2520 4746 2630 4821 hosp
2674 4750 2953 4821 perturho.
3004 4750 3257 4804 Dominus
3307 4767 3468 4821 supra

1862 4833 2011 4873 mare
2038 4833 2142 4871 non
2176 4818 2505 4877 madefactus
2527 4818 2854 4884 ambulabat,
2884 4820 2957 4872 illi
2988 4836 3116 4874 vero
3157 4818 3471 4889 navigan—tes

1863 4890 2215 4944 turbabantur
2250 4906 2264 4943 :
2298 4889 2458 4944 timor
2498 4889 2860 4957 periclitantes
2890 4890 2954 4943 ad
2998 4891 3339 4945 clamandum
3370 4894 3469 4948 imo

1863 4961 2017 5031 pulit,
2044 4959 2304 5029 benignus
2342 4970 2521 5013 autem
2555 4959 2843 5031 illilidere
2867 4961 3027 5027 jussit
3053 4962 3259 5025 dicens,
3290 4961 3471 5028 Con/5,.

1862 5028 1986 5092 ἄξιε,
2006 5046 2095 5100 ego
2120 5028 2254 5094 sum,
2286 5046 2349 5082 ne
2375 5030 2589 5081 timentis
2620 5028 2812 5097 (Marc.
2838 5032 2889 5085 6.
2920 5032 3035 5100 50).
3053 5031 3321 5089 Conlidile
3347 5034 3469 5091 ﬁdei

1862 5115 2114 5154 ancoram
2149 5100 2408 5158 habentes
2440 5118 2451 5151 :
2484 5114 2591 5171 non
2620 5102 2762 5153 enim
2810 5117 2905 5154 vos
2935 5101 3251 5158 idololatria:
3280 5119 3483 5171 scopm.

1865 5172 1949 5225 lus
1977 5171 2253 5224 absorbuit
2286 5184 2300 5223 :
2330 5168 2604 5235 conﬁdite,
2637 5184 2743 5223 non
2776 5186 2871 5225 vos
2905 5171 3157 5235 Judaicus
3188 5173 3344 5227 turbo
3373 5168 3470 5233 an.

1863 5240 2072 5295 sorbuit
2097 5257 2111 5304 ;
2138 5240 2419 5311 confidite,
2448 5256 2561 5295 non
2590 5256 2683 5293 vos
2712 5242 2964 5295 haeretica
2998 5245 3231 5311 procella
3258 5244 3483 5297 demera

1863 5313 1957 5382 git.
1993 5312 2106 5383 Ego
2157 5312 2329 5366 Patris
2383 5310 2657 5374 Verbum,
2688 5312 2806 5365 sine
2856 5310 3117 5381 prinCipio
3165 5322 3237 5373 ut,
3272 5314 3464 5378 Pater,

1867 5384 2087 5436 inereati
2150 5383 2399 5450 principii
2446 5397 2624 5434 ramus
2652 5423 2665 5445 ,
2694 5383 2947 5436 mundani
3000 5385 3201 5449 peccati
3248 5388 3463 5453 Agnus,

1865 5454 2075 5506 urbium
2102 5453 2359 5520 naufragii
2391 5453 2738 5521 gubernator,
2769 5454 3085 5508 orthodoxa:
3116 5456 3239 5508 lidei
3267 5457 3477 5510 thesau-

1866 5538 1979 5589 rus,
1998 5524 2237 5595 tnartyrii
2255 5524 3012 5595 certaminuinretnunerator.
3036 5524 3146 5595 Ego
3162 5542 3297 5591 sum,
3318 5527 3477 5579 nolite

1866 5598 2057 5647 timere.
2094 5594 2190 5665 Ubi
2220 5596 2363 5647 enim
2390 5596 2527 5645 Deus
2554 5593 2727 5656 adest,
2760 5595 3052 5663 periculum
3080 5593 3362 5665 depulsum
3388 5606 3471 5650 est

1869 5682 1964 5734 pcr
1990 5664 2216 5733 gratiam
2260 5666 2349 5718 llei
2385 5682 2397 5717 :
2432 5665 2529 5732 ipsi
2575 5666 2743 5734 gloria
2790 5674 2845 5722 et
2873 5664 3163 5736 imperium
3193 5666 3245 5723 in
3274 5667 3466 5723 sarcula

1870 5740 2211 5793 SLCCUIOI‘UIII.
2245 5738 2439 5791 Amen.
