4130 6332
188 355 287 411 675

181 463 199 527 ί
228 460 274 512 l.
301 458 421 512 Cor.
456 458 549 513 Η.
586 458 713 580 122.
749 458 798 512 id
827 468 929 520 est,
964 456 1347 511 charismatum
1377 454 1732 523 spiritualium
1763 473 1777 509 :

182 543 344 580 neaue
369 528 519 580 enim
577 544 669 580 mu
695 528 730 580 ti
751 538 877 580 sunt
902 527 1144 580 spiritus.
1181 523 1433 580 annlam
1456 523 1777 579 wnmlatorea

182 523 344 596 neque
369 528 519 581 enim
577 523 730 582 multi
751 538 877 582 sunt
902 527 1144 596 spiritus.
1181 523 1433 596 Quoniam
1456 523 1778 596 temulatora

179 593 288 651 estis
326 596 630 665 spirituum,
662 598 828 650 adhuc
875 593 1280 649 excellentiorem
1310 594 1453 665 piam
1488 593 1626 647 vobis
1679 594 1776 646 de-

179 663 701 727 monstro.0stendo,
734 665 923 734 inquit,
945 665 1097 719 vobis
1127 678 1245 732 quae
1274 663 1600 734 charismata
1631 677 1779 734 quaa-

180 751 292 789 rere
316 745 594 804 oporteat.
624 732 856 804 Spiritus
900 749 1032 858 crio
1058 742 1281 812 vocatur
1304 732 1536 856 Sdpiritus
1562 732 1774 813 gratia:

180 819 277 858 non
306 819 435 858 vero
472 807 589 858 ipsa
621 805 853 858 Spiritus
906 818 967 858 su
1011 811 1229 858 stantia.
1261 817 1320 858 se
1387 810 1631 858 Operatio
1653 801 1774 858 Sm-

178 819 277 859 uon
306 801 435 859 vero
472 807 589 873 ipsa
621 801 853 873 spiritus
906 801 1229 866 substantia,
1261 801 1354 859 sed
1387 802 1640 873 operatio
1653 801 1780 873 Spi-

180 876 323 927 ritus.
355 869 690 927 Hac—autem
715 874 887 928 omnia
908 883 1150 941 operatur
1176 888 1311 924 unus
1350 880 1395 924 et
1436 872 1569 923 idem
1602 869 1779 941 Spiri-

179 954 249 996 tus
267 946 315 1009 (l
331 986 345 1000 .
364 943 591 998 Cor.l2.
615 946 721 1013 li).
736 939 965 1013 Spiritus
982 942 1323 1013 Operatioest
1340 940 1580 1013 spiritu_s,
1601 939 1775 1006 idest,

182 1014 365 1081 gratia.
400 1028 510 1067 non
534 1009 716 1067 autem
747 1009 857 1083 ipsa
884 1014 1117 1081 Spiritus
1153 1010 1476 1083 substantia.
1496 1009 1590 1083 ΔἸἶιι
1623 1025 1775 1064 voca-

177 1080 243 1134 ris
262 1083 589 1153 spiritualis,
618 1080 861 1153 etgratia
889 1080 1009 1151 qua:
1032 1081 1173 1153 apud
1206 1090 1257 1135 te
1281 1089 1364 1135 est
1383 1121 1398 1144 ,
1428 1080 1650 1153 spiritus
1680 1095 1781 1133 vo-

177 1160 333 1205 catur.
379 1151 525 1206 Dicit
566 1151 1068 1223 ergo'Apostolus:
1102 1152 1243 1205 Deus
1286 1151 1553 1205 custodiet
1583 1164 1785 1219 corpus

212 1344 441 1356 ὣς-

1324 341 1388 398 ΙΝ
1430 340 1821 399 PRINCIPIUM
1864 341 2288 399 lNDlCTiONIS.

3378 348 3483 407 674

1888 463 2181 527 vestrum,_
2198 460 2255 505 et
2294 452 2550 527 animam.
2580 462 2629 506 et
2662 451 2887 521 gratiam
2940 470 3100 522 quam
3142 460 3425 527 accepistis
3450 478 3480 515 ε

1884 522 2360 597 8ρὶτίιιι.ῃ8υι-ειιε
2384 522 2641 597 spiritum,
2668 532 2823 576 vocat
2844 527 3103 597 gratiam.
3133 522 3317 582 Gratia
3352 543 3481 585 vero

1872 576 2237 713 gervstudium
2260 576 2505 673 augetiir,
2528 576 2589 645 et
2606 576 2710 661 per
2736 576 3118 674 negligentiam
3141 576 3317 665 iiii.“

1919 664 2160 713 nostolus
2184 679 2197 713 :
2230 661 2482 713 Smrttum
2507 678 2607 713 non
2628 673 2933 713 exsttnamte
2959 664 2979 713 ί
2985 665 3034 713 1.
3068 664 3249 713 Thess.
3275 668 3329 713 ες-
3357 668 3473 713 tm-

1919 664 2160 739 postolus
2184 679 2198 719 :
2230 661 2482 729 Spiritum
2506 678 2607 739 non
2628 661 2933 739 exstinguite
2959 664 3034 733 (l.
3068 661 3249 739 Thess.
3275 668 3329 739 5.
3357 668 3475 739 l9).

1883 731 2000 787 Non
2030 740 2206 802 potest
2231 742 2421 805 autem
2440 732 2737 805 substantia
2752 731 2995 805 Spiritus
3024 736 3330 805 exstingui,
3382 731 3481 793 ne.

1885 817 1990 871 que
2013 816 2168 856 mens
2195 802 2453 857 naturalis
2486 818 2499 854 :
2531 802 2625 857 sed
2673 802 2817 871 quia
2840 805 3066 926 gratiam
3097 802 3275 861 studio
3314 802 3482 878 auge-

1887 886 2028 926 mus.
2050 871 2371 926 nealittentia
2399 872 2810 926 exstinauimus.
2882 874 2971 926 icit
2995 891 3007 926 :
3032 874 3293 926 Gratiam-
3317 893 3482 926 nuam

1887 886 2028 935 mus,
2050 871 2371 946 negligentia
2399 871 2971 946 exstinguiinirs._d_icit
2995 891 3007 927 :
3032 874 3293 941 Gratiam,
3317 871 3483 946 quam

1885 943 2193 1015 accepistis,
2225 957 2331 1015 non
2362 942 2707 1011 exstinguite.
2726 942 2997 1015 ASpiritum
3020 960 3152 1014 ergo
3177 942 3484 1015 vocat'Spio

1886 1012 2025 1085 ritn_s_
2048 1012 2441 1085 operationem,
2476 1026 2634 1085 quam
2664 1012 2868 1066 utinam
2886 1012 3107 1085 omnes
3129 1012 3483 1085 assequamur

1888 1081 1941 1134 in
1967 1080 2321 1137 CbristoJesu
2340 1082 2569 1156 Domino
2590 1091 2796 1145 nostro,
2806 1083 2897 1156 cui
2914 1084 3083 1156 gloria
3100 1094 3153 1139 et
3171 1080 3480 1156 imperium.

1888 1165 2033 1207 nunc
2088 1160 2143 1208 et
2183 1166 2420 1222 semper,
2452 1160 2508 1207 et
2556 1153 2611 1207 in
2658 1152 2855 1207 smeula
2901 1152 3472 1211 saeculorum.'Ainen.

206 1343 3417 1384 mm

1329 1579 1405 1638 IN
1442 1578 1798 1651 SEQU’ENS
1828 1579 2334 1643 OPUSCULUM.

187 1802 319 1843 attito
342 1785 613 1855 Romano,
648 1798 705 1844 ut
729 1806 792 1844 ex
822 1788 1035 1843 Theonis
1067 1786 1469 1844 Commentariis
1496 1788 1551 1839 in
1588 1788 1769 1857 προχεέ

1876 1805 1912 1849 ς
1938 1788 2171 1850 κανόνας
2206 1784 2481 1841 Ριοιειηωί
2504 1791 2729 1839 constat.
2762 1781 3039 1837 Orationes
3062 1784 3232 1850 plenae
3261 1784 3459 1837 mendis

190 1913 234 1957 et
262 1907 417 1971 plane
440 1906 665 1973 spuria.
708 1904 834 1960 Haec
884 1913 1033 1959 certe
1066 1905 1214 1974 prior
1241 1913 1323 1957 est
1347 1902 1691 1974 nugacissimi
1726 1900 1955 1957 Graeculi
1989 1908 2045 1954 et
2074 1899 2373 1966 infacundi,
2406 1898 2638 1970 indigna
2652 1914 2774 1970 qua:
2801 1899 3046 1968 legatur..
3071 1897 3277 1953 ln.solo
3306 1896 3481 1956 titulo.

191 2019 407 2075 indictio
446 2029 823 2087 memoratur;
864 2036 985 2075 nam
1023 2020 1077 2073 in
1110 2006 1449 2077 oratiuncula
1477 2020 1543 2077 de
1576 2018 1871 2077 indictione
1901 2020 2057 2079 nihil.

204 2367 3307 2395 ______________________.__________________________

1372 2447 1437 2490 IN
1485 2448 1867 2493 PRINCIPIUM
1904 2444 2308 2493 INDICTDNIS.

1573 2555 2069 2635 Μ

233 2702 502 2758 Mirabiles
514 2708 643 2775 sunt
658 2696 1079 2775 orthodoxorum
1094 2696 1454 2775 celebritates,
1469 2696 1607 2751 laztte
1622 2712 1766 2775 mar-7

171 2786 335 2847 tyrum
370 2771 655 2847 memoriae
672 2809 686 2832 ,
710 2769 841 2823 nulli
865 2767 1052 2837 pudori
1070 2766 1536 2847 obnoxiapiorum
1559 2766 1767 2847 .corrvi-

172 2836 264 2897 v'ia.
290 2844 407 2898 Non
430 2841 777 2896 celebramus
792 2836 1003 2907 tempus
1024 2853 1198 2890 rerum
1214 2838 1377 2891 multa
1396 2836 1765 2907 vicissitudine

169 2930 223 2970 se
248 2912 583 2966 moventium
607 2923 742 2963 :non
761 2908 1098 2987 celebramus
1124 2921 1345 2972 annum,
1363 2908 1451 2987 qui
1474 2906 1657 2987 mundi
1680 2907 1764 2960 vi-

173 2997 270 3038 tam
297 2989 627 3036 consumat:
650 2993 753 3032 non
778 2978 1007 3031 colimus
1029 2991 1281 3045 agonem,
1306 2977 1394 3046 qui
1422 2991 1521 3031 nos
1541 2977 1606 3030 ad
1638 2992 1765 3031 cor-

169 3055 465 3133 ruptionem
500 3048 682 3103 trahat
712 3064 726 3102 :
751 3063 856 3101 non
888 3047 1175 3101 adoramus
1203 3054 1541 3133 creaturam;
1573 3061 1766 3101 omnes

170 3117 354 3193 quippe
370 3137 464 3177 res
483 3130 987 3193 creatreconserva:
1017 3126 1141 3193 sunt
1168 3133 1183 3168 :
1213 3132 1320 3193 non
1349 3117 1576 3193 colimus
1598 3128 1767 3171 mate-

169 3187 312 3255 riam,
342 3208 465 3261 quae
492 3206 562 3245 ex
589 3189 760 3261 nihilo
782 3187 919 3241 facta
936 3194 1019 3261 est
1040 3187 1429 3261 ;_li:ecAQtiippe_
1458 3188 1595 3240 sicut
1616 3197 1767 3241 ortus

171 3256 373 3317 initium
397 3261 627 3325 habent,
653 3260 723 3311 ita
739 3257 1101 3324 corruptionis
1127 3256 1214 3310 lini
1238 3256 1593 3324 subjicieutur
1618 3275 1629 3310 :
1658 3272 1764 3311 non

169 3334 385 3387 colimus
408 3332 643 3393 omium;
676 3342 797 3381 nam
822 3328 955 3381 sicut
986 3326 1161 3380 fumus
1190 3327 1456 3383 ﬁrmatum
1482 3326 1581 3380 fuit
1614 3347 1624 3380 :
1659 3343 1765 3379 non

170 3404 384 3456 colimus
412 3397 1003 3467 ﬁrmamentum;un
1028 3398 1263 3467 crystalli
1292 3412 1441 3451 more
1464 3397 1625 3451 ﬁxum
1646 3406 1763 3451 est:

172 3489 265 3526 non
295 3473 532 3525 colimus
562 3470 757 3533 lucem,
787 3466 906 3536 quze
936 3466 1099 3519 verbo
1127 3467 1261 3519 facta
1293 3478 1406 3531 est;
1435 3484 1537 3520 non
1562 3468 1763 3533 lunam,

172 3560 277 3611 qua:
318 3542 490 3610 ﬁgura
538 3540 767 3611 quadam
824 3546 1081 3611 ornatur;
1114 3551 1221 3590 non
1268 3545 1463 3611 terram
1492 3579 1506 3601 ,
1536 3553 1656 3611 qua:
1700 3553 1766 3591 ex

172 3607 293 3681 aqua
324 3607 572 3665 extracta
606 3608 734 3670 fuit;
769 3623 874 3661 non
905 3608 1080 3681 ignem
1110 3647 1124 3669 ,
1158 3607 1431 3661 materiale
1462 3609 1657 3677 quippe
1684 3615 1770 3661 est

171 3677 529 3742 elementum;
562 3694 665 3733 non
697 3693 912 3746 aquam,
942 3677 1139 3729 ﬂuxam
1172 3687 1415 3729 naturam
1444 3694 1455 3727 :
1489 3692 1595 3729 non
1629 3684 1765 3730 tem-

173 3768 280 3820 pus,
308 3750 449 3821 quod
484 3765 594 3821 non
622 3756 748 3821 stat,
778 3747 870 3821 sed
894 3746 1133 3821 abscedit
1162 3764 1192 3821 :_
1210 3763 1316 3800 non
1347 3747 1573 3799 colimus
1599 3746 1763 3811 diem,

172 3817 277 3890 qua:
304 3817 638 3875 ordinationi
666 3818 862 3890 servit;
888 3817 1067 3869 omnia
1105 3817 1303 3890 quippe
1339 3826 1579 3890 tempore
1605 3830 1765 3890 sene-

171 3887 352 3957 scunt,
379 3902 435 3945 et
485 3900 608 3957 post
637 3887 814 3940 omnia
858 3895 1069 3954 tempus
1112 3887 1282 3955 ipsum
1324 3888 1594 3945 senescit;
1628 3887 1768 3941 Deus

170 3972 337 4016 autem
366 3974 513 4013 unus
532 3958 683 4012 senio
710 3959 956 4024 superior
971 3967 1086 4011 est:
1114 3959 1270 4025 idque
1296 3957 1633 4011 demonstrat
1653 3957 1769 4010 dies

172 4029 668 4085 consummationis.
697 4026 937 4082 Gentiles
976 4036 1124 4082 certe
1168 4036 1220 4081 et
1264 4027 1434 4081 Judazi
1488 4028 1768 4096 iniquitate

172 4100 352 4156 fratres
378 4107 529 4162 sunt,
564 4097 761 4151 diaboli
795 4098 1079 4159 manubias,
1112 4097 1312 4165 peccati
1339 4098 1534 4165 proles,
1567 4098 1768 4151 erroris

171 4172 398 4233 alumni,
438 4169 734 4237 impietatis
763 4169 975 4221 crocitas
1002 4209 1015 4229 ,
1050 4178 1224 4222 nauta:
1257 4170 1422 4221 duces
1459 4167 1523 4221 ad
1568 4167 1769 4237 gehen-

171 4257 305 4306 nam,
334 4249 624 4305 serpentes
656 4238 964 4306 impietatis,
998 4238 1087 4293 lilii
1116 4238 1524 4293 maledictionis.
1551 4237 1612 4292 Hi
1635 4237 1768 4292 festa

172 4312 321 4380 impie
347 4310 651 4370 celebrent,
684 4309 804 4375 quia
848 4309 1087 4375 improbo
1133 4312 1371 4363 sentiunt
1401 4327 1413 4361 :
1447 4308 1497 4361 hi
1526 4322 1767 4380 errorem

173 4378 445 4445 honorent,
481 4380 555 4432 illi
589 4380 758 4447 legem
788 4380 1135 4443 conculceut,
1168 4389 1221 4432 et
1248 4381 1457 4449 utrique
1486 4393 1575 4432 res
1621 4378 1770 4432 nehi-

174 4454 273 4505 rias
299 4453 549 4512 discant;
584 4464 705 4502 nam
739 4460 922 4502 mutuo
948 4452 1314 4503 consentiunt.
1343 4449 1512 4503 .ludzei
1538 4464 1566 4501 a
1594 4450 1769 4517 genti-

173 4522 298 4577 libus
324 4520 710 4583 idololatriam,
734 4520 956 4587 gentiles
985 4533 1013 4570 a
1036 4519 1236 4573 Judmis
1260 4520 1637 4587 prophetarum
1658 4534 1767 4573 caa-

170 4594 257 4646 des
292 4592 642 4647 didicerunt:
676 4604 796 4642 nam
827 4589 994 4643 Judaei
1025 4590 1075 4642 in
1103 4590 1217 4657 lege
1245 4605 1458 4643 omnem
1489 4590 1767 4655 gentilium

172 4678 400 4716 errorem
430 4660 751 4716 exhibuere.
780 4658 971 4714 Verum
1004 4660 1316 4729 indignaris,
1346 4677 1377 4711 ο
1402 4660 1607 4723 Judree,
1638 4661 1766 4715 dum

174 4732 277 4787 haec
320 4732 524 4786 audis?
554 4729 628 4786 Cu
670 4731 736 4781 ita
764 4732 1003 4783 actiones
1032 4741 1146 4785 tuas
1173 4773 1187 4795 ,
1220 4740 1273 4783 et
1319 4730 1769 4800 reprehensiones

175 4817 234 4855 ne
254 4818 393 4855 mre
420 4802 587 4855 feras.
620 4746 868 4855 gbinam.
898 4816 1101 4855 aiizeso.
1137 4800 1272 4853 idola
1298 4816 1403 4854 non
1436 4802 1685 4855 coluisti?
1709 4802 1766 4855 ln

175 4817 234 4855 ne
254 4818 393 4871 aegre
420 4802 587 4855 feras.
620 4799 868 4871 Ubinam,
898 4816 1101 4869 quzeso,
1137 4800 1272 4853 idola
1298 4799 1403 4854 non
1436 4802 1685 4871 coluisti?
1709 4802 1766 4855 ln

173 4870 378 4927 deserto
420 4872 650 4939 vitulum
679 4870 941 4931 conlisisti,
978 4883 1096 4937 post
1130 4883 1386 4939 tropaeum
1416 4870 1768 4939 Beelphegori

175 4945 399 4997 initiatus
421 4956 510 5007 es,
537 4943 588 4995 in
616 4938 902 4995 Moabitide
928 4938 1275 4995 Thamatzum
1299 4938 1557 5009 adOrasti,
1585 4944 1636 4995 in
1664 4942 1767 4996 Pa-

176 5014 365 5091 la'stina
391 5013 602 5091 Dagoni
632 5010 892 5091 sacriﬁcia
919 5012 1179 5091 obtulisti.
1208 5015 1259 5065 in
1278 5013 1557 5091 Phoenicia
1579 5014 1761 5091 Astarv

176 5094 256 5137 ten
284 5082 521 5146 coluisti,
554 5085 603 5136 in
634 5082 941 5149 captivitate
971 5082 1297 5136 Chamozum
1325 5084 1582 5136 adorasti.
1612 5082 1769 5139 Defe-

176 5155 241 5206 cit
282 5154 454 5219 locus,
503 5153 600 5208 sed
649 5168 753 5206 non
786 5151 981 5207 deiecit
1026 5153 1369 5207 detestandus
1416 5153 1609 5206 cultus.
1646 5154 1769 5217 Ideo

179 5223 299 5279 festa
324 5235 502 5278 vestra
534 5224 649 5277 odit
680 5224 953 5275 Dominus.
984 5224 1121 5276 Audi
1163 5224 1303 5277 enim
1333 5224 1646 5292 prophetam
1688 5224 1771 5277 di-

178 5304 376 5348 centem
408 5312 421 5347 :
455 5292 581 5359 Odi,
614 5294 775 5359 rejeci
818 5294 946 5346 festa
987 5304 1183 5358 vestra,
1218 5304 1271 5347 et
1310 5308 1414 5347 non
1448 5296 1688 5347 delector
1716 5295 1769 5349 in

181 5364 552 5418 {cstivitatibus
595 5364 789 5419 vestris
821 5365 839 5432 (
866 5363 994 5416 lsai.
1025 5365 1074 5417 l.
1104 5366 1168 5418 14
1191 5366 1226 5432 ).
1260 5364 1427 5417 Omne
1470 5365 1666 5432 quippe
1695 5366 1771 5419 le-

180 5443 312 5489 ntum
344 5434 656 5488 Judaaorum
698 5435 872 5489 Caedes
920 5434 1141 5487 inducit.
1177 5436 1308 5488 Dum
1336 5434 1629 5503 jejunares,
1664 5434 1771 5489 Na-

182 5504 386 5559 buthem
420 5504 706 5574 lnpidasti;
740 5504 865 5557 dum
894 5504 1027 5558 festa
1056 5504 1378 5566 celebrares,
1402 5504 1590 5557 lsaiam
1620 5519 1769 5559 serra

182 5576 423 5639 secuisti;
456 5576 584 5628 dum
614 5575 983 5629 celebritatem
1022 5590 1210 5644 ageres
1234 5618 1249 5637 ,
1280 5574 1566 5629 Jeremiam
1608 5576 1657 5628 in
1688 5576 1768 5629 la-

182 5660 291 5699 eum
318 5646 621 5715 conjecisti.
652 5646 946 5714 Adjndicia
976 5657 1029 5700 et
1062 5661 1265 5715 pugnas
1295 5647 1535 5713 improbe
1558 5646 1771 5715 jejuna-

185 5718 279 5771 tti:
308 5720 359 5773 in
390 5717 613 5788 crapula
655 5732 874 5772 versans
903 5732 1081 5773 arcam
1114 5717 1229 5772 lleli
1261 5726 1501 5788 tempore
1532 5718 1771 5787 prodidi-

1874 2696 1941 2750 sti
1968 2736 1982 2759 ,
2014 2704 2070 2749 et
2097 2695 2362 2750 Joannem
2407 2695 2584 2764 capite
2615 2698 2895 2751 truncasti.
2930 2700 2986 2755 Si
3017 2700 3106 2756 tali
3143 2703 3307 2757 modo
3351 2705 3480 2758 festa

1871 2765 2113 2835 celebras
2138 2806 2152 2827 ,
2185 2780 2284 2835 par
2312 2774 2395 2820 est
2423 2775 2473 2820 te
2521 2766 2725 2835 lugere.
2756 2766 2867 2822 Nos
2899 2785 2985 2823 res
3009 2770 3220 2825 divinas
3247 2783 3301 2827 et
3326 2776 3485 2827 mira-

1872 2834 2011 2911 biles
2036 2834 2378 2911 celebramus
2400 2874 2414 2897 ,
2449 2834 2749 2911 martyrum
2778 2841 3074 2911 certamina
3101 2882 3117 2908 ,
3151 2844 3486 2911 sepultorum

1871 2905 2149 2968 victorias,
2179 2920 2367 2976 eorum
2398 2906 2487 2974 qui
2512 2921 2616 2959 non
2648 2908 2877 2973 amplius
2906 2905 3157 2965 videntur
3185 2905 3340 2976 retia,
3370 2914 3486 2967 dis-

1871 2976 2168 3047 solutorum
2202 2975 2522 3047 medicinam
2554 2994 2566 3027 :
2599 2977 2650 3030 in
2674 2978 2861 3045 primis
2890 2977 3090 3034 Christi
3116 2992 3170 3034 et
3200 2983 3294 3037 Dei
3325 2975 3488 3037 inira-

1870 3046 2011 3115 cula,
2038 3060 2159 3115 qua:
2187 3055 2406 3114 prepter
2427 3046 2659 3099 salutem
2686 3062 2860 3101 meam
2891 3050 3052 3105 homo
3080 3051 3246 3105 factus
3275 3053 3444 3108 edidit
3473 3072 3487 3107 :

1871 3113 2068 3192 deinde
2094 3113 2222 3170 vero
2265 3113 2541 3169 servorum
2574 3116 2692 3183 ejus
2719 3132 3021 3192 utrumnas;
3055 3119 3315 3190 Stephani
3357 3124 3488 3192 lapi-

1871 3184 2029 3239 dibus
2082 3194 2325 3240 ornatam
2376 3200 2672 3251 coronam,
2701 3186 2923 3261 gloriosi
2965 3184 3241 3246 Laurentii
3285 3184 3487 3261 tropica

1870 3266 2060 3308 contra
2116 3264 2345 3309 mortem
2390 3264 2605 3319 erecta,
2654 3261 2821 3310 Anna:
2868 3260 3227 3319 virginitatem
3281 3260 3487 3317 nullum

1872 3339 2085 3414 passam
2130 3326 2483 3414 naufragium;
2587 3326 2909 3414 Trinitatem
2918 3398 2928 3408 .
2955 3326 3233 3410 Trinitatis
3277 3348 3487 3414 praeco-

1874 3410 1996 3464 nem
2030 3396 2042 3447 !
2073 3410 2106 3448 ο
2146 3395 2403 3464 reliquias
2446 3395 2744 3449 dolentium
2789 3397 3109 3453 medicinam
3137 3404 3150 3454 l
3184 3416 3217 3455 ο
3246 3395 3482 3458 cinerem

1875 3463 2097 3541 fontem
2126 3463 2676 3541 medicamentorum}
2710 3481 2743 3519 ο
2773 3467 2990 3541 domum
3023 3472 3139 3525 caeli
3179 3471 3484 3541 pulchritu-

1872 3534 2052 3589 dinem
2084 3535 2404 3589 imitantem.
2433 3536 2537 3587 Sed
2580 3544 2632 3589 et
2664 3538 2833 3604 ipsum
2866 3534 3218 3596 inanimatum
3249 3542 3487 3599 elemen-

1874 3614 1985 3658 tum
2019 3620 2168 3659 mare
2197 3607 2315 3659 sine
2344 3606 2553 3674 loquela
2583 3608 2777 3659 clamat
2800 3609 2865 3660 ad
2897 3624 3009 3663 vos.
3042 3609 3330 3674 Postquam
3352 3629 3487 3667 etni-

1873 3690 2065 3745 servos
2097 3676 2377 3744 redargui,
2411 3691 2513 3743 ego
2556 3690 2771 3745 quoque
2820 3679 3121 3745 prmdicabo
3169 3676 3477 3739 Dominum.

1873 3744 1987 3798 Non
2018 3761 2104 3818 me
2134 3756 2385 3818 premunt
2410 3746 2630 3813 Upilicis
2650 3744 2883 3818 vestigia
2903 3789 2920 3818 ρ
2961 3764 3048 3803 me
3079 3750 3241 3818 pedes
3286 3752 3485 3809 Christi

1871 3816 2229 3886 satictillcant.
2272 3815 2482 3883 Moyses
2516 3831 2601 3869 me
2628 3817 2869 3877 discidit,
2902 3817 2989 3873 hic
3021 3815 3149 3874 vero
3174 3823 3484 3886 sanctiﬁca-

1873 3886 1987 3937 vit:
2016 3883 2208 3939 Jonam
2240 3887 2491 3939 absorhui
2519 3927 2533 3950 ,
2572 3886 2710 3940 hunc
2754 3887 3105 3953 perhorresco
3134 3907 3145 3942 :
3190 3883 3344 3945 illum
3372 3892 3485 3949 Noe

1874 3954 2415 4029 fluctibusexagitavi
2444 3956 2583 4029 ,AStfd
2617 3973 2683 4009 ne
2731 3958 2999 4029 respicere
3042 3960 3258 4029 quidem
3312 3964 3486 4018 audeo

1874 4040 2016 4088 eum,
2048 4027 2138 4091 qui
2173 4042 2331 4081 manu
2362 4041 2455 4080 sua
2481 4027 2752 4080 hominem
2782 4027 3307 4085 formavitIPedibus
3336 4049 3485 4087 mare

1873 4096 2248 4161 sanctilicavit,
2282 4098 2469 4150 ca-lum
2504 4096 2699 4167 throno
2730 4112 2827 4150 suo
2853 4098 3023 4167 gloria
3054 4100 3255 4167 affecit,
3284 4112 3480 4159 terram

1874 4168 2479 4245 prmsepiodeeoravit,
2509 4166 2782 4245 infernum
2825 4166 2925 4237 per
2948 4166 3278 4245 sepulturam
3328 4188 3497 4230 suam.

1876 4236 2215 4291 illuminavit.
2250 4236 2365 4290 Non
2410 4254 2526 4290 sum
2574 4236 2839 4305 ingratum
2888 4236 3095 4294 etiamsi
3128 4242 3481 4303 inanimatum

1874 4306 1975 4359 sim
2010 4322 2023 4358 :
2069 4316 2125 4360 nt
2169 4307 2495 4361 elementum
2528 4322 2761 4376 agnosco
2807 4310 3150 4363 Conditorem
3182 4327 3193 4363 :
3227 4328 3330 4365 non
3361 4314 3483 4367 dico

1873 4392 1995 4452 cum
2019 4376 2239 4452 ludatis,
2272 4377 2373 4429 Hic
2394 4379 2677 4452 [romanon
2708 4387 2778 4431 est
2804 4396 2833 4431 a
2860 4378 2968 4433 Deo
2997 4379 3195 4449 (Joan.
3226 4382 3278 4436 9.
3314 4384 3378 4435 16
3415 4388 3431 4452 )
3465 4402 3478 4449 ;

1874 4448 1968 4521 se_d
2018 4448 2482 4521 pieclamOKHie
2524 4446 2667 4521 Deus
2715 4466 2875 4514 meus,
2910 4460 2956 4503 et
3006 4446 3311 4521 'gloriﬁcabo
3365 4446 3482 4507 eum

1875 4516 2075 4591 (Εςτοά.
2109 4519 2195 4573 15.
2220 4518 2301 4591 2).
2338 4518 2627 4591 Ostendam
2668 4530 2875 4573 naturae
2907 4516 3041 4574 more
3086 4516 3443 4591 proprietates
3467 4566 3480 4586 ,

1876 4589 2193 4662 redarguam
2207 4588 2607 4662 homicidarum
2631 4591 2895 4662 animos,
2924 4592 3043 4660 ejus
3068 4588 3155 4661 qui
3189 4588 3349 4662 supra
3398 4613 3485 4650 nio

1874 4660 2167 4712 ambulavit
2204 4660 2485 4727 imperium
2517 4660 2819 4728 publicabo.
2852 4660 2913 4714 Hi
2938 4664 3223 4726 conservi,
3255 4660 3346 4717 ille
3379 4665 3484 4717 Do-

1876 4730 2088 4793 minus,
2119 4729 2473 4803 cujus_metu
2533 4728 2643 4803 hos
2687 4732 2958 4803 perturbo.
3016 4732 3269 4786 Dominus
3318 4750 3481 4803 supra

1874 4814 2154 4872 mareinon
2188 4800 2517 4872 madefactus
2540 4801 2867 4872 ambulabat,
2898 4802 2970 4854 illi
3001 4818 3128 4856 vero
3169 4800 3483 4872 navigan—tes

1875 4871 2227 4925 turbabantur
2263 4887 2276 4925 :
2310 4871 2471 4925 timor
2510 4871 2872 4939 periclitantes
2902 4872 2967 4925 ad
3011 4873 3351 4928 clamandum
3382 4876 3481 4931 im.

1875 4942 2029 5012 pulit,
2057 4941 2316 5009 benignus
2354 4951 2533 4995 autem
2586 4940 2658 5012 illi
2690 4941 2856 5012 ﬁdere
2880 4943 3039 5009 jussit
3066 4944 3271 5007 dicens,
3302 4944 3482 5010 Con/i—

1874 5010 1998 5073 ἄξιε,
2018 5027 2107 5081 ego
2132 5028 2266 5075 sum,
2298 5028 2361 5064 ne
2386 5012 2601 5062 timentis
2633 5010 2824 5079 (Marc.
2850 5014 2901 5067 6.
2932 5014 3047 5082 50).
3065 5014 3333 5070 Conlidite
3358 5016 3481 5073 lidei

1874 5096 2126 5153 ancoram
2162 5082 2420 5139 habentes
2452 5100 2469 5153 :77
2496 5096 2603 5153 non
2632 5084 2774 5135 enim
2822 5099 2917 5135 vos
2946 5083 3263 5140 idololatria:
3292 5101 3494 5153 scopu-.

1877 5153 1961 5206 ius
1989 5152 2264 5205 absorbuit
2298 5166 2311 5204 :
2342 5151 2616 5216 conﬁdite,
2650 5167 2755 5205 non
2789 5168 2883 5207 vos
2916 5153 3169 5218 Judaicus
3200 5155 3355 5209 turbo
3386 5151 3481 5213 an.

1874 5222 2123 5285 sorbuit;
2150 5222 2425 5283 confidite,
2460 5238 2569 5277 non
2602 5238 2694 5275 vos
2724 5224 2975 5277 haeretica
3010 5227 3244 5292 procella
3270 5225 3494 5279 demet-q

1876 5295 1970 5363 git.
2004 5294 2118 5363 Ego
2169 5294 2341 5347 Patris
2395 5292 2627 5346 Verbum
2654 5334 2669 5355 ,
2700 5294 2817 5346 sine
2868 5297 3129 5362 principio
3177 5302 3249 5355 ut.
3283 5296 3476 5359 Pater,

1879 5365 2099 5417 increati
2161 5364 2411 5431 principii
2457 5378 2635 5415 ramus
2664 5404 2677 5426 ,
2706 5364 2959 5418 mundani
3011 5367 3213 5431 peccati
3261 5368 3475 5434 Agnus,

1877 5436 2087 5487 urbium
2114 5434 2371 5501 naufragii
2402 5434 2749 5502 gubernator,
2781 5435 3097 5490 orthodoxa:
3127 5437 3250 5490 lidei
3279 5438 3488 5492 thesau-

1878 5520 1991 5569 rus,
2010 5504 2249 5577 martyrii
2267 5505 3023 5577 certaminumremtmerator.
3048 5506 3159 5577 Ego
3174 5524 3308 5573 sum,
3331 5508 3488 5560 nolite

1878 5578 2070 5628 timere.
2105 5574 2201 5647 Ubi
2232 5577 2375 5628 enim
2401 5576 2539 5647 Deus
2566 5575 2739 5647 adest,
2771 5576 3064 5645 periculum
3092 5574 3374 5647 depulsum
3400 5588 3483 5631 est

1880 5662 1976 5715 per
2002 5645 2227 5714 gratiam
2272 5647 2359 5699 Dei
2396 5664 2407 5698 :
2443 5646 2541 5713 ipsi
2586 5646 2755 5715 gloria
2801 5656 2856 5704 et
2885 5645 3177 5718 imperium
3204 5649 3257 5705 in
3286 5649 3478 5704 Saecula

1882 5722 2222 5773 smculorum.
2256 5718 2425 5772 Amen
2439 5758 2451 5772 .
