4194 6318
359 364 460 416 877

362 475 602 544 Alioquin
636 484 819 528 autent
854 473 1047 526 laetitiae
1070 471 1278 525 occasio
1300 479 1381 524 est
1403 467 1686 544 jejunium.
1722 465 1788 544 Ui
1813 464 1958 544 enim

365 549 478 599 sitis
501 536 730 599 suavem
772 555 923 613 parat
966 553 1173 612 potmn,
1211 551 1265 594 et
1306 536 1497 613 pra-via
1540 541 1707 591 l'ames
1748 536 1956 613 dulcem

367 625 513 683 parat
549 606 818 679 mensam,
861 616 936 668 sic
966 606 1240 682 'jojunium
1287 606 1526 663 ciborum
1577 622 1730 660 usum
1779 606 1958 683 lteluin

363 675 552 739 reddit.
593 688 644 739 In
671 675 906 738 medium
937 675 1165 751 namque
1206 697 1262 735 se
1305 675 1955 751 interponens,_et__conti-

362 772 520 809 nuam
541 757 866 820 voluptatem
887 745 1155 819 frangens,
1174 745 1579 805 desiderabilem
1605 748 1696 801 tibi
1717 745 1957 799 ciborum

363 840 517 878 usum
547 826 719 880 reddit
750 825 900 893 quasi
929 823 1288 893 peregrinum.
1343 891 1350 893 ν
1376 889 1388 893 _
1492 888 1503 893 _
1529 888 1560 893 __
1701 820 1754 893 __’

431 896 484 949 2.
514 885 875 961 Quamobi'em
906 885 949 948 si
982 885 1154 945 volitet
1170 893 1212 946 is
1239 888 1651 961 desiderabilem
1679 885 1769 961 tibi
1802 898 1956 961 meit-

362 979 475 1018 sam
509 953 730 1035 mirare,
771 964 910 1017 hanc
944 980 1004 1017 ex
1033 963 1237 1035 jejunio
1257 960 1614 1035 mutationem
1645 957 1849 1024 accipe.

359 1024 748 1103 quod-deliciis
790 1024 1049 1088 cihoruuf
1069 1024 1225 1085 nimis
1257 1030 1483 1103 h:er_eas.
1514 1031 1728 1103 ignoras
1766 1035 1819 1079 te
1863 1024 1954 1103 tibi

363 1093 585 1159 delicias
617 1104 920 1159 hebetiores
943 1103 1185 1165 reddere,
1216 1111 1267 1154 et
1294 1093 1582 1167 voluptatis
1603 1111 1785 1150 amore
1804 1093 1959 1147 volu-

364 1187 560 1243 ptatem
590 1179 946 1243 exstinguere.
974 1173 1114 1226 Nihil
1138 1171 1280 1225 enim
1313 1172 1381 1224 ita
1413 1169 1647 1243 optabile
1675 1174 1777 1243 est,
1805 1174 1957 1243 utne

359 1234 422 1298 ex
458 1247 746 1314 voluptatis
768 1234 935 1296 nimia
964 1243 1292 1314 frequentia,
1331 1257 1392 1314 ea
1434 1234 1646 1292 tandem
1686 1234 1957 1303 despicia-

363 1326 446 1367 tur
475 1334 487 1368 :
519 1309 747 1384 quorum
778 1326 964 1384 autem
987 1309 1255 1380 possessio
1284 1309 1591 1384 infrequens
1622 1317 1739 1384 est_,
1767 1319 1956 1358 eorum

363 1400 489 1438 usus
518 1375 755 1452 optatur.
803 1385 891 1438 Sic
929 1375 1153 1437 creator
1187 1398 1252 1434 ex
1285 1375 1652 1452 vicissitudine
1678 1375 1800 1452 vi_t:_e
1834 1389 1959 1452 per-

361 1443 666 1510 tnaneniem
698 1455 851 1508 nobis
887 1453 1147 1506 donorum
1176 1450 1400 1518 gratiam
1434 1448 1680 1518 providit.
1727 1443 1957 1518 Non__vi-

361 1527 454 1578 des
493 1527 663 1579 solent
711 1526 934 1578 decursa
978 1533 1136 1576 nocte
1179 1515 1446 1573 laetiorem
1486 1533 1640 1582 esse,
1673 1525 1728 1570 et
1756 1515 1957 1584 vigilias

399 1605 480 1648 ost
510 1611 759 1649 somnum
791 1594 1081 1653 dulciores,
1117 1606 1322 1646 necnon
1352 1588 1714 1642 valetudinem
1742 1584 1956 1654 optabi-

361 1611 480 1716 Post
510 1611 759 1649 somnum
791 1611 1081 1653 UUICIOI'eS,
1117 1611 1322 1646 necnon
1353 1611 1714 1642 valetuuulcm
1742 1611 1954 1654 optam-

383 1666 549 1719 iorem
579 1677 700 1734 post
723 1663 1114 1734 contrariorum
1143 1660 1593 1734 experimenium.
1633 1657 1812 1734 Mensa
1852 1656 1954 1708 ita-

360 1752 461 1804 que
491 1728 695 1806 gratior
717 1745 836 1804 post
860 1728 1278 1806 jejttnium,__ta'm
1308 1729 1632 1806 divitibuset
1660 1728 1801 1806 laute
1822 1741 1954 1779 con-

362 1796 687 1866 vivat‘itibus.
718 1796 1260 1874 'quatn'pauperihus
1304 1799 1709 1874 et__frugalibus_.
1757 1796 1955 1874 Eaem-

363 1879 503 1944 plum
554 1865 916 1929 divitis'illius
943 1865 1282 1944 'per'limesce
1309 1888 1322 1923 :
1356 1865 1515 1944 i_|lu_ni_
1543 1869 1749 1944 deiicite
1799 1865 1956 1944 hujus

361 1935 478 1999 vita:
508 1948 561 2000 in
591 1949 766 2015 ignem
803 1935 1168 2015 conjecerunt.
1201 1942 1316 2015 Non
1345 1941 1413 2015 de
1443 1939 1735 2015 iniustitia,
1765 1937 1857 1991 sed
1888 1935 1957 2015 de

360 2033 560 2071 mensa:
589 2007 713 2070 luxu
742 2007 1020 2069 accusatus
1049 2014 1097 2066 in
1130 2014 1342 2068 camino
1373 2007 1511 2080 ignis
1535 2009 1858 2080 terrebatur.
1889 2007 1958 2060 Ut

358 2102 485 2155 ergo
511 2089 685 2156 ignem
709 2088 855 2140 illttm
878 2086 1297 2156 exstinguamus,
1327 2077 1462 2156 aqua
1485 2089 1566 2156 est
1586 2077 1956 2156 opus._Ne_que

357 2149 626 2210 solum'ad
656 2156 883 2210 futuram
909 2149 1078 2208 vitam
1098 2154 1228 2207 utile
1258 2164 1339 2207 est
1364 2151 1648 2219 jejunium,
1673 2149 1765 2202 sed
1794 2149 1954 2202 etiam

359 2227 456 2294 ipsi
488 2229 638 2282 carni
673 2227 1014 2280 utilissimum
1043 2233 1127 2279 est
1151 2241 1162 2276 :
1190 2239 1308 2276 nam
1343 2222 1610 2294 pinguedo
1643 2219 1804 2272 nimia
1835 2235 1955 2272 tutt-

361 2291 544 2352 talioni
573 2308 627 2352 et
655 2296 950 2350 infirmitati
983 2295 1209 2348 obnoxia
1242 2303 1324 2348 est
1345 2333 1359 2357 ,
1391 2291 1516 2345 dum
1549 2299 1735 2343 natura
1766 2303 1955 2357 aggra-

358 2379 531 2432 vatur,
560 2384 657 2422 nec
689 2378 894 2420 tantum
929 2366 1134 2434 pondus
1159 2364 1301 2417 ferre
1330 2364 1492 2434 valet.
1518 2361 1658 2415 Cave
1686 2360 1862 2429 igitur,
1888 2373 1955 2434 ne

357 2441 444 2505 qui
491 2430 683 2508 aquam
728 2452 871 2491 nunc
915 2430 1143 2508 respuis,
1175 2434 1371 2488 stillam
1413 2433 1665 2508 deinceps
1692 2430 1954 2508 concupi-

358 2501 474 2563 scas
499 2551 513 2569 .
543 2501 622 2561 'ut
667 2510 822 2561 dives
861 2508 970 2560 ille.
1007 2501 1181 2560 Nemo
1206 2520 1269 2558 ex
1300 2518 1434 2572 aqua
1468 2503 1518 2556 in
1549 2501 1822 2572 crapulam
1853 2501 1952 2554 deo

358 2578 536 2643 ﬂexit;
575 2579 771 2633 nullius
797 2586 957 2644 caput
985 2592 1118 2646 aqua
1148 2571 1424 2646 gravatum
1454 2571 1763 2646 trgroiavit;
1795 2584 1955 2646 nemo

354 2639 547 2718 aquam
597 2661 789 2718 potans
831 2639 1205 2718 alienis'optis
1247 2645 1429 2718 habuit
1472 2639 1726 2718 jiedibus_;_
1757 2639 1954 2718 nullius

356 2711 542 2787 pedes.
575 2711 771 2786 nullius
792 2718 1002 2781 manus,
1032 2711 1166 2786 aqua
1194 2716 1466 2783 irrigante,
1494 2714 1575 2767 vel
1607 2711 1838 2787 colligati
1868 2711 1952 2787 vel

354 2781 620 2844 debilitati
678 2783 822 2844 sunt.
883 2788 1014 2842 Nam
1074 2781 1466 2840 comessatores
1523 2781 1829 2837 necessario
1898 2781 1950 2835 in

352 2861 597 2915 ciborum
627 2861 943 2914 decoctione
976 2858 1216 2911 laborant
1244 2875 1255 2909 ε
1285 2856 1384 2908 hoc
1417 2856 1684 2908 violentos
1704 2853 1951 2921 corpori-

354 2934 452 2984 bus
479 2932 698 2985 morbos
730 2931 886 3000 parit.
910 2928 1088 2996 Jejuni
1118 2927 1266 2980 color
1297 2925 1552 2979 honestus
1579 2933 1680 2988 est,
1715 2938 1820 2976 non
1855 2937 1950 3000 ru-

352 3001 482 3056 bore
515 3003 682 3056 nimio
706 2993 743 3067 ,’
764 3001 856 3055 sed
905 2993 1106 3069 pallore
1140 3005 1437 3069 temperato
1467 3004 1686 3069 ornatus
1721 2993 1952 3069 :_ocul'us

350 3072 470 3141 ejus
496 3073 662 3135 ntitis,
698 3065 937 3125 incessus
966 3069 1163 3138 gravis,
1197 3068 1376 3120 vultus
1410 3066 1704 3141 modestus,
1742 3065 1952 3121 incom-

351 3137 529 3209 posito
560 3145 668 3197 risu
694 3159 799 3196 non
828 3137 1232 3202 dehonestatus,
1258 3152 1437 3209 sermo
1467 3137 1821 3209 compositus,
1857 3153 1951 3192 eor

351 3207 566 3279 purum.
618 3213 926 3268 Recordare
967 3218 1273 3262 sanctorum
1321 3208 1411 3276 qui
1459 3223 1504 3279 a7
1538 3208 1736 3261 Sicculo
1777 3207 1947 3279 fuere,

350 3278 547 3347 Quibus
573 3286 758 3354 dignus
789 3301 888 3336 non
917 3290 1024 3334 erat
1053 3280 1272 3354 munda:
1297 3279 1432 3354 ,‘qui
1465 3278 1740 3354 circuibaiit
1766 3278 1818 3331 in
1843 3295 1949 3331 me-

348 3354 466 3408 lotis
487 3357 608 3408 etin
627 3347 846 3419 'pellilms
864 3352 1105 3422 caprinis,
1129 3351 1428 3419 angastimi,
1450 3351 1620 3420 amicti
1649 3347 1843 3422 (Hebr.
1860 3350 1915 3422 ll
1933 3388 1946 3401 .

346 3422 440 3492 57)
468 3426 716 3478 :illorum
741 3420 993 3478 tumulare
1017 3423 1199 3490 vitam,
1230 3425 1272 3476 si
1301 3431 1498 3475 sortem
1528 3422 1670 3474 illam
1700 3420 1944 3487 requiris.

347 3491 484 3559 Quid
516 3496 776 3550 Lazarum
803 3495 979 3549 effecit
1012 3493 1061 3544 iu
1095 3494 1215 3546 sinu
1248 3491 1475 3546 Abralnn
1507 3492 1824 3559 quiescere?
1849 3504 1948 3542 an-

347 3579 458 3618 unn
482 3566 781 3635 jejunium?
808 3564 1034 3635 Joannis
1060 3580 1188 3618 vero
1221 3566 1322 3616 vita
1358 3572 1462 3615 tota
1493 3562 1755 3630 jejunium
1785 3569 1899 3612 erat
1931 3577 1944 3611 :

347 3636 436 3700 qui
481 3634 586 3689 non
637 3639 828 3690 lectum
880 3634 1083 3698 habuit,
1131 3649 1232 3688 noo
1281 3648 1549 3694 mensum,
1595 3646 1698 3683 non
1746 3639 1946 3682 terram

346 3707 605 3762 arabilem
629 3749 641 3768 ,
672 3724 776 3759 non
821 3707 1010 3762 bovem
1041 3704 1368 3772 Suhjngalem
1395 3743 1409 3765 ,
1445 3718 1558 3772 non
1584 3702 1942 3763 frumentum,

346 3791 452 3830 non
499 3787 792 3845 pastorem,
845 3793 950 3834 non
998 3771 1147 3829 aliud
1185 3771 1455 3845 quidpiam
1497 3771 1563 3845 ad
1602 3772 1722 3845 vita:
1767 3785 1941 3845 usmn.

345 3845 471 3900 Ideo
501 3840 637 3901 inter
665 3859 821 3903 natos
851 3850 1130 3902 mulierum
1160 3840 1263 3898 nun
1289 3840 1387 3896 fuit
1417 3842 1588 3910 major
1613 3843 1818 3894 Joanne
1846 3840 1946 3891 Ba-

345 3919 504 3984 ptista
538 3918 755 3986 (.llnttlt.
791 3923 873 3974 ll.
914 3922 1019 3986 ll).
1058 3917 1276 3986 l'aulutn
1311 3929 1439 3967 vero
1461 3914 1720 3986 jejunium
1752 3952 1765 3974 ,
1801 3910 1943 3986 quod

345 3982 484 4041 inter
533 3982 669 4046 alias
710 3982 991 4044 aerumnas
1023 3985 1377 4049 numerabat,
1411 3985 1475 4036 ad
1506 3983 1718 4036 tertium
1751 3982 1940 4035 caelum

341 4057 586 4116 deduxit.
607 4059 688 4117 Et
719 4063 858 4130 quod
885 4061 951 4114 ad
975 4073 1135 4126 supra
1154 4057 1291 4110 dicta
1320 4062 1479 4130 caput
1499 4053 1730 4116 additur,
1762 4051 1942 4104 Domi-

341 4145 446 4184 lltlS
489 4145 674 4187 noster
720 4125 959 4194 carnem,
1009 4125 1167 4199 quam
1197 4143 1313 4199 _pro
1358 4125 1511 4177 nobis
1555 4130 1940 4199 assumpscrat,

339 4203 547 4270 jejunio
572 4207 808 4265 lirmans,
836 4205 886 4256 in
914 4203 1000 4254 illa
1027 4196 1229 4252 diaboli
1257 4198 1483 4270 impetus
1505 4196 1734 4262 excepit,
1760 4202 1815 4270 ut
1847 4207 1943 4244 nos

343 4265 584 4336 doceret,
609 4275 878 4343 quomodo
911 4289 1006 4341 per
1027 4270 1285 4343 jejunium
1317 4266 1438 4343 ungi
1464 4276 1515 4318 et
1546 4265 1783 4343 exerceri
1810 4276 1944 4343 opus

339 4355 509 4402 esset.
541 4333 606 4396 ad
629 4333 992 4397 ltentationnm
1016 4333 1307 4393 certamina
1331 4337 1603 4390 subeunda
1629 4353 1639 4386 :
1664 4343 1823 4402 atque
1848 4333 1944 4384 ad-

341 4417 585 4469 versario
623 4431 720 4485 per
765 4416 868 4467 eihi
918 4407 1576 4485 penuriamaggrediendi
1609 4407 1750 4485 velut
1783 4418 1941 4456 occa-

340 4485 548 4538 sionem
577 4477 745 4539 dédit.
775 4477 1009 4539 Nam-0b
1037 4480 1249 4534 deitatis
1278 4477 1661 4531 sublimitatem
1697 4479 1940 4527 inacces-

337 4569 434 4608 sns
464 4557 561 4624 ipsi
591 4568 724 4621 erat,
753 4557 856 4608 nisi
887 4555 954 4607 ob
987 4553 1260 4624 penuriam
1284 4550 1350 4602 ad
1382 4550 1665 4624 humanam
1697 4555 1939 4623 naturam

339 4615 670 4682 deﬂeiisset.
713 4615 798 4679 Ad
828 4615 1016 4678 ca-lum
1048 4623 1208 4675 etiam
1245 4621 1560 4672 reversurus
1599 4617 1774 4670 cibum
1816 4615 1941 4666 atti-

337 4696 452 4763 git.
488 4708 538 4750 ut
571 4707 820 4750 naturam
845 4695 1090 4748 suscitati
1123 4690 1366 4758 corporis
1396 4688 1711 4763 credibilem
1743 4685 1938 4763 redde-

340 4755 442 4818 ret.
468 4768 543 4821 Tu
573 4784 699 4820 νει-υ
723 4778 774 4820 te
803 4766 1135 4834 impiuguare
1159 4755 1446 4834 et'earuem
1471 4759 1688 4834 obesam
1714 4755 1940 4834 reddci'e

341 4854 446 4890 non
472 4853 674 4902 cessas,
711 4825 1056 4904 menteunj'ue
1088 4833 1307 4903 penuria
1335 4830 1649 4884 salutarium
1678 4840 1732 4881 et
1764 4825 1932 4879 vivili-

1697 4973 1902 4980 _.—————-

1226 4977 1502 4985 .—————.—
1519 4978 1586 4984 μ-

1578 356 1642 412 IN
1689 351 2162 411 \‘ENERANDAM
2203 346 2504 406 CRUCEM.

1921 4971 2052 4978 __.___.
2061 4966 2310 4976 _____._.——-
2321 4957 2732 4972 _____.————-..

3563 350 3668 407 G73

2069 457 2256 497 eorum
2288 442 2599 513 dogmatum
2631 437 3177 513 extenuas,_nihil_quc
3199 453 3374 512 curas.
3407 439 3488 495 Au
3516 448 3665 513 igua-

2071 529 2176 577 ras,
2203 515 2341 566 sicut
2364 507 2421 565 in
2445 512 2560 565 acie
2591 525 2780 579 pugnae
2807 508 2986 564 socius
3007 507 3372 563 adversaraim
3392 507 3667 580 opprimit,

2069 586 2147 637 sic
2177 600 2333 645 emn,
2362 583 2452 652 qui
2483 581 2632 635 carui
2664 581 2931 652 sociatur.
2962 580 3209 652 spiritum
3242 583 3550 648 Opprimere
3570 625 3584 647 ,
3618 596 3672 639 et

2065 669 2212 717 eum,
2237 654 2324 721 qui
2356 649 2569 706 mutans
2591 652 2758 704 aciem
2787 649 2993 717 Spiritui
3019 649 3280 721 jungitur.
3307 667 3521 705 carnem
3546 656 3664 708 sub-

2064 720 2287 792 jugare‘!
2332 723 2456 776 Ηωο
2487 725 2628 792 enim
2661 721 2761 774 sibi
2794 720 3382 792 mutuoadversantur.
3415 722 3594 788 Quare
3624 727 3669 781 si

2070 789 2306 848 volueris
2333 802 2576 862 mentem,
2596 789 3131 862 fortioremreddere
3156 831 3172 853 ,
3211 806 3427 862 carnem
3464 809 3560 862 per
3583 794 3671 860 je-

2062 863 2272 933 junintn
2303 864 2481 916 doma.
2529 861 2580 914 Id
2611 862 2752 915 enim
2785 860 2912 933 dicit
2941 862 3260 933 Apostolus;
3297 860 3560 928 Quoniam
3591 865 3631 917 is
3652 908 3668 930 ,

2067 931 2152 1002 qui
2176 935 2301 1002 foris
2333 944 2401 986 est
2430 933 2599 990 homo.
2619 931 2986 1002 corrumpitur,
3015 939 3210 1002 tantum
3237 932 3300 1002 ig,
3325 933 3411 1000 qui
3435 934 3572 988 intus
3593 948 3666 990 est

2067 999 2238 1068 Itonia,
2271 1013 2541 1056 renovatur
2569 1002 2587 1069 (
2606 1001 2661 1072 2.
2692 999 2995 1072 (Σοί-,λίνω
3016 999 3070 1070 );
3119 1007 3207 1064 et,
3249 999 3375 1053 Cum
3411 1003 3667 1072 inﬁrmor,

2067 1083 2187 1143 tum:
2229 1085 2403 1143 potem
2439 1089 2554 1126 sum
2589 1071 2747 1141 (Ibid.
2782 1071 2867 1143 12.
2901 1071 3026 1140 10).
3057 1072 3250 1143 Annon
3283 1084 3569 1143 corruptus
3594 1078 3669 1130 ci.

2069 1142 2167 1197 bos
2197 1140 2497 1213 dVeSpEeics?
2522 1140 2701 1213 annon
2736 1141 2896 1210 regite
2928 1155 3137 1213 mensae
3160 1140 3486 1213 desiderium
3519 1160 3673 1199 assu--

2068 1229 2204 1279 mes,
2228 1212 2386 1284 quam
2421 1213 2602 1282 utique
2633 1212 2717 1266 hic
2743 1220 3048 1284 susceptum
3068 1212 3331 1284 jejunium
3356 1214 3510 1268 nobis
3533 1232 3668 1282 pra:-

2068 1282 2315 1351 parabit?
2357 1288 2437 1337 An
2467 1283 2681 1352 ignoras
2713 1291 2765 1334 te
2794 1282 3145 1353 immoderata
3172 1283 3422 1353 satietate
3449 1299 3668 1353 gravem

2067 1355 2160 1407 tibi
2181 1369 2370 1422 parare
2394 1363 2650 1408 tortorem
2675 1352 2948 1406 vermem?
2975 1352 3104 1418 Quis
3126 1353 3269 1406 enim
3293 1368 3355 1406 ex
3385 1352 3530 1408 lauto
3547 1355 3670 1410 cibo

2065 1433 2120 1477 et
2147 1424 2355 1479 deliciis
2385 1424 2659 1494 perpetuis
2682 1422 2979 1494 quamdam
2997 1422 3293 1494 spiritualis
3320 1423 3670 1482 charismatis

2065 1492 2608 1548 communicationem
2651 1493 2922 1561 percepit?
2964 1492 3174 1563 Moyses
3212 1508 3333 1546 cum
3372 1495 3666 1551 secundam

2066 1563 2239 1632 legem
2286 1566 2526 1635 accepit,
2561 1563 3033 1635 secundojejuuio
3072 1577 3212 1635 opus
3253 1563 3439 1617 habuit
3471 1583 3485 1618 :
3514 1565 3666 1621 Nini-

2066 1635 2209 1697 viue,
2246 1638 2345 1690 nisi
2372 1633 2531 1689 etiam
2561 1633 2712 1688 bruta
2739 1633 2992 1686 animalia
3019 1633 3082 1686 ad
3103 1633 3454 1702 jejunandum
3481 1651 3667 1692 secum

2064 1706 2474 1774 compulissent,
2504 1706 2677 1759 minas
2707 1704 2899 1774 excidii
2933 1719 3040 1757 non
3068 1703 3398 1773 emtgissent.
3428 1704 3669 1772 Quorum

2065 1773 2308 1831 membra
2351 1777 2402 1830 in
2443 1776 2658 1847 deserto
2701 1773 3084 1847 exci_derunt_?_
3097 1788 3284 1847 annon
3327 1789 3536 1847 eorum,
3577 1779 3667 1847 qui

2064 1848 2306 1900 carnium
2359 1861 2508 1901 esum
2563 1843 2983 1901 desiderabant?
3030 1844 3108 1898 ΙΙΙί
3159 1844 3414 1912 quamdiu
3469 1843 3665 1903 manna

2065 1918 2303 1972 contenti
2350 1918 2498 1972 fuere
2522 1958 2535 1976 .
2580 1925 2634 1970 et
2663 1930 2799 1984 aqua
2830 1915 2898 1986 de
2926 1924 3074 1984 petra
3108 1914 3344 1979 ﬂuente,
3382 1914 3667 1986 Egyptios

2065 1987 2352 2042 vincebant
2371 2030 2384 2050 ,
2418 2003 2511 2055 per
2537 2002 2686 2041 mare
2715 1985 3034 2049 transibant,
3064 1999 3170 2049 non
3199 1995 3312 2039 erat
3343 1987 3393 2039 iu
3425 1985 3667 2044 tribubus

2064 2073 2252 2111 eorum
2295 2059 2578 2112 inlirmus:
2614 2056 2734 2126 quia
2777 2070 2907 2110 vero
2950 2056 3218 2110 recordati
3258 2064 3385 2110 sunt
3421 2058 3666 2115 carnium

2063 2135 2119 2181 et
2145 2130 2406 2192 ollarum,
2436 2139 2596 2197 atque
2628 2129 2679 2181 in
2708 2126 2999 2196 Egyptum
3031 2127 3209 2198 redire
3237 2127 3662 2198 concupierunt,

2065 2214 2171 2252 non
2205 2200 2454 2253 viderunt
2481 2196 2679 2252 terram
2715 2198 3109 2266 promissionis.
3139 2196 3256 2251 Non
3291 2197 3448 2251 times
3478 2196 3666 2256 evem¥

2067 2269 2256 2337 plum?
2289 2286 2393 2323 non
2426 2269 2701 2332 formidas,
2734 2284 2801 2320 ne
2826 2268 3089 2336 ingluvies
3113 2277 3165 2322 te
3191 2283 3219 2320 a
3251 2269 3482 2335 speratis
3509 2272 3665 2328 bonis

2063 2339 2348 2393 excludat?
2396 2340 2499 2394 Sed
2541 2341 2754 2407 sapiens
2783 2338 2967 2392 Daniel
3002 2353 3107 2394 non
3145 2338 3378 2394 visiones
3409 2341 3664 2408 vidisset,

2063 2411 2164 2462 nisi
2198 2410 2460 2480 jejunium
2503 2411 2617 2476 ejus
2661 2411 2894 2461 animam
2923 2409 2987 2462 ad
3022 2410 3072 2462 id
3106 2421 3480 2480 praeparasset.
3529 2412 3665 2469 Nam

2062 2495 2128 2534 ex
2155 2482 2422 2535 crassiore
2450 2481 2570 2536 cibo
2607 2480 2797 2533 fumosi
2832 2495 3058 2549 vapores
3087 2480 3269 2536 densae
3303 2481 3461 2536 nubis
3500 2484 3668 2538 instar

2064 2551 2684 2631 emissi,illustrationes
2712 2551 2972 2631 aSpiritn
2994 2562 3196 2631 sancto
3223 2552 3276 2606 in
3306 2555 3667 2631 mentem-im-

2062 2622 2255 2694 missas
2279 2623 2593 2692 impediunt.
2619 2621 2773 2690 Quod
2792 2625 2834 2675 si
2853 2624 3164 2692 angelorum
3186 2638 3400 2694 quoque
3421 2625 3485 2676 sit
3512 2622 3666 2678 cibus

2061 2693 2358 2762 quispiam,
2397 2695 2548 2761 panis
2577 2705 2658 2748 est
2691 2694 2869 2765 (ut_a_it
2902 2692 3420 2765 prepheta,:Paitem
3457 2694 3661 2763 angelo-

2059 2778 2174 2816 rum
2221 2767 2544 2819 titanducovit
2585 2762 2734 2818 homo
2771 2762 2944 2836 [Ρειιι.
2991 2765 3078 2838 77_.
3125 2763 3216 2838 25]
3236 2764 3276 2838 j.
3321 2778 3426 2817 non
3470 2762 3664 2838 carnes

2060 2844 2207 2899 sunt,
2235 2851 2338 2891 non
2366 2840 2566 2901 vinum,
2599 2853 2704 2889 non
2734 2833 2852 2905 quae
2884 2836 3086 2889 ventris
3112 2833 3252 2889 ser'vi
3276 2842 3486 2905 curant.
3515 2833 3662 2902 Jeju-

2062 2909 2210 2964 nium
2251 2908 2414 2963 telum
2441 2918 2521 2962 est
2549 2903 3076 2961 contra‘datmonum
3117 2906 3214 2958 acii
3236 2920 3290 2959 m
3325 2923 3336 2957 :
3373 2903 3487 2957 Hoc
3518 2907 3662 2959 enim

2061 2997 2220 3049 genus
2251 2996 2350 3032 non
2379 2981 2499 3044 exit,
2529 2980 2629 3032 nisi
2657 2979 2710 3031 in
2745 2978 2975 3049 oratione
3012 2986 3059 3049 et
3087 2975 3538 3049 jejunioAUiattlt.
3572 2977 3660 3031 Η.

2060 3045 2133 3106 Ξο
2154 3051 2194 3121 ).
2230 3051 2296 3104 Et
2324 3049 2439 3104 hare
2469 3051 2683 3119 quidem
2719 3057 2843 3101 sunt
2863 3047 3059 3121 jejunii
3080 3045 3237 3121 bona2
3277 3045 3507 3101 Satietas
3534 3062 3664 3121 veer

2060 3116 2510 3176 est'contumeliie
2551 3121 2893 3189 principimu.
2929 3118 3118 3171 Statim
3147 3117 3344 3189 quippe
3373 3132 3496 3169 cum
3527 3116 3665 3189 deli-

2059 3195 2193 3249 catis
2238 3193 2392 3252 cibis,
2431 3187 2564 3246 cum'
2593 3187 2738 3254 vino,
2773 3190 2997 3257 aliisque
3042 3187 3181 3257 gulae
3220 3187 3660 3254 oblectamentis,

2061 3263 2266 3318 arcedit
2304 3277 2464 3315 omne
2495 3276 2666 3331 genus
2695 3259 3234 3331 bruttelubricitatis.
3288 3258 3416 3312 Inde
3440 3259 3561 3331 equi
3591 3258 3660 3312 ad

2061 3335 2288 3388 feminas
2315 3328 2555 3387 furentes
2580 3332 2712 3384 liuut
2741 3329 3007 3394 homines,
3031 3329 3102 3382 ob
3130 3339 3355 3383 (nstrum
3383 3344 3412 3380 a
3444 3328 3579 3382 cibis
3606 3338 3662 3383 et

2059 3405 2317 3458 ebrietate
2340 3403 2389 3456 in
2413 3403 2645 3457 animam
2672 3402 2971 3454 immissum
3005 3418 3015 3452 :
3044 3399 3168 3454 hinc
3191 3410 3396 3453 naturae
3413 3413 3661 3453 commn-

2061 3478 2310 3539 taliones,
2333 3473 2484 3542 queis
2512 3473 2564 3525 in
2597 3471 2895 3542 masculino
2914 3469 3199 3542 femineus,
3223 3471 3274 3523 in
3305 3470 3661 3542 femineogma-

2057 3547 2296 3600 sculinus
2322 3539 2487 3598 sexus
2503 3543 2781 3612 qumritur.
2811 3541 3097 3612 Jejunium»
3113 3555 3238 3592 vero
3255 3539 3658 3595 eonnubialium

2056 3631 2280 3686 operum
2321 3610 2538 3686 modum
2566 3613 2747 3686 novit,
2788 3619 2843 3665 et
2882 3610 3226 3686 immodicum
3258 3625 3412 3663 usum
3454 3625 3655 3686 rerum.

2057 3678 2190 3758 quas
2221 3690 2308 3742 lex
2343 3684 2635 3758 permittit,
2650 3691 2880 3758 resecat.
2913 3678 2990 3733 'l‘u
3018 3680 3287 3758 hominem
3318 3681 3534 3758 qua-ris,
3569 3684 3656 3758 qui

2056 3750 2237 3812 coram
2266 3750 2390 3822 rege
2420 3768 2539 3808 cum
2565 3754 2673 3807 alio
2703 3753 3102 3820 disceptaturus
3130 3752 3194 3804 sit
3225 3792 3238 3814 ,
3277 3764 3375 3822 nec
3419 3750 3659 3822 invenire

2058 3839 2229 3897 potes.
2278 3819 2471 3897 Multos
2498 3826 2639 3897 enim
2669 3819 2904 3897 perdidit
2930 3824 3016 3890 qui
3045 3822 3180 3897 alios
3225 3819 3422 3897 injuSIe
3463 3820 3660 3877 la'dere

2058 3890 2270 3954 vellent.
2305 3896 2429 3949 Ideo
2459 3890 2717 3962 benignus
2747 3894 2886 3947 Deus
2915 3908 3018 3944 non
3047 3892 3292 3958 despexit
3321 3890 3583 3962 lacrymas
3605 3903 3660 3945 et

2053 3972 2282 4039 gemitus
2323 3961 2664 4039 sacerdotum
2711 3972 2765 4018 et
2805 3973 3125 4039 sanctorum
3161 3975 3406 4023 suorum,
3439 3961 3528 4039 qui
3563 3977 3660 4029 pro

2054 4031 2114 4094 5;.
2150 4056 2206 4094 re
2240 4041 2411 4107 ipsum
2446 4036 2846 4107 precabantur,
2891 4033 3175 4107 quihdixit
3201 4046 3294 4099 per
3340 4031 3656 4107 prophetam

2054 4110 2241 4164 Isaiam
2259 4103 2282 4160 “;
2309 4107 2549 4161 Judicute
2570 4105 2788 4175 pupillo,
2812 4103 3070 4169 defendite
3093 4103 3318 4175 uiduam,
3344 4114 3389 4153 et
3414 4103 3590 4175 venite,
3612 4114 3657 4175 et

2053 4184 2386 4250 disceptcntus
2427 4173 2588 4250 (iliaci.
2629 4173 2806 4250 1.17.
2840 4174 2952 4244 18).
3000 4173 3107 4250 Sed
3133 4188 3341 4250 eorum
3389 4173 3658 4250 exaudilis

2054 4243 2323 4322 precibus,
2348 4259 2401 4302 et
2425 4249 2567 4322 illius
2594 4248 2821 4322 scelera,
2850 4243 2969 4314 qna:
2999 4243 3272 4297 homincm
3301 4243 3654 4310 superabant,

2053 4318 2395 4385 cundouavit,
2421 4327 2474 4372 et
2505 4318 2560 4370 Et
2581 4319 2762 4372 clesia:
2789 4331 2942 4369 suum
2969 4324 3237 4376 ornatum,
3264 4323 3318 4366 et
3343 4322 3655 4366 sanctarum

2053 4393 2595 4458 venerandarumque
2641 4389 2930 4457 imaginutn
2975 4389 3225 4439 decorem
3267 4385 3519 4458 restituit,
3555 4399 3657 4436 no-

2054 4466 2241 4532 hisque
2291 4462 2383 4531 qui
2428 4454 2546 4514 illas
2595 4454 2804 4512 sincere
2860 4458 3091 4511 colimus
3137 4466 3187 4532 ent
3236 4454 3653 4522 amplectimur,

2053 4526 2504 4602 illiusque-divina
2532 4543 2795 4599 pra-cepta
2825 4542 3124 4602 servamus,
3152 4526 3575 4602 firmampacem
3603 4536 3656 4602 et

2053 4595 2425 4660 remissionem
2478 4595 2820 4670 peceaturum
2881 4599 3138 4670 quotidie
3176 4595 3425 4670 concedit
3473 4612 3484 4645 :
3529 4596 3652 4670 quia

2053 4679 2151 4746 ipsi
2182 4677 2343 4740 gloria
2377 4686 2428 4727 et
2462 4666 2766 4738 iinperiutn,
2803 4666 3050 4723 honoret
3077 4667 3343 4732 adet-alio,
3376 4666 3427 4719 itt
3456 4667 3653 4719 saecula

2050 4749 2387 4805 saeculorum.
2422 4746 2616 4798 Amen.

377 4949 3630 5034 *Μ*

389 5025 608 5034 ——_
1367 5013 1760 5026 .———.—_—_——_‘
1811 5015 1814 5018 η
1842 5015 1850 5020 ε
1938 5010 1998 5019 ...-
2061 5001 2476 5019 Μ

1254 5192 1607 5252 MONITITM
1652 5190 1727 5248 IN
1775 5190 2260 5264 SEQUENTEM
2308 5191 2780 5251 SERMONEM.

401 5456 666 5520 lter-qnam
713 5445 917 5520 minimi
965 5439 1473 5520 pretii-opusculum
1514 5435 1652 5504 typis
1692 5434 1821 5520 dare
1865 5448 1931 5485 ne

331 5505 721 5596 cogitasisetuus
767 5505 978 5596 quidem
1002 5557 1015 5578 ,
1051 5513 1148 5592 nisi
1181 5511 1598 5596 Sttviliitsqit'toi'
1639 5505 1931 5596 edidisselt',

328 5575 619 5668 rjt'tirtanien
651 5599 712 5643 ut
743 5575 907 5640 multa
935 5575 1035 5662 alia
1068 5581 1308 5651 ejusdem
1343 5579 1559 5641 farinae,
1592 5576 1777 5645 primis
1808 5575 1935 5627 solis

2041 5431 2216 5483 allatis
2246 5428 2575 5496 singularum
2608 5426 2786 5480 verbis
2807 5467 2818 5486 ,
2873 5426 3283 5495 praetermiserit!
3306 5463 3323 5496 ,
3355 5421 3455 5496 hoe
3483 5419 3643 5496 etiam

2046 5503 2095 5554 in
2126 5486 2359 5554 tenebris
2383 5499 2687 5567 relinquere
2713 5486 2915 5558 debuit,
2944 5507 3000 5549 ut
3025 5486 3351 5550 existimabit
3383 5489 3522 5545 haud
3543 5486 3636 5540 du-

2050 5573 2133 5627 bie
2163 5571 2401 5640 quisquis
2424 5581 2602 5624 utcntc
2627 5576 2677 5622 ct
2698 5568 2901 5637 judicio
2930 5567 3144 5621 valebit.
