4194 6318
329 399 421 456 68!

328 514 391 568 lis
412 528 659 578 annonae,
693 522 752 568 et
783 511 1108 567 rationabilia
1138 510 1329 564 horrea
1361 509 1554 564 divinis
1578 510 1810 564 caelestis
1837 523 1923 562 sa-

329 585 540 652 pientia:
568 585 833 638 fructibus
858 583 1122 652 replevit;
1145 580 1676 652 credentesspiritus
1719 581 1922 652 sancti-

328 650 434 708 tate
459 654 772 718 (tumulavit,
803 662 856 705 et
884 653 1073 721 singuli
1102 650 1226 705 facti
1252 660 1382 721 sunt
1405 650 1922 721 divina;_sanctitatis

326 724 753 792 receptaculum,
782 719 1054 788 divinique
1081 720 1293 792 decoris
1315 720 1531 792 ﬂumen.
1577 719 1782 792 Horum
1801 735 1921 771 om-

325 789 473 862 nium
519 794 910 862 posSessionem
958 807 1087 846 crux
1135 791 1595 862 subministravit,
1656 789 1921 862 tantisque

323 861 483 916 bouis
513 860 607 932 per
631 877 849 916 crucem
882 860 1106 932 fruimur
1136 877 1149 914 :
1182 861 1372 932 horum
1403 861 1643 932 Omnium
1662 860 1919 932 notitiam

323 946 419 998 per
444 928 657 988 erucem
684 931 990 994 accepimus
1009 971 1023 995 ,
1056 931 1170 985 hac
1197 931 1373 983 omnia
1404 944 1501 998 per
1531 931 1698 998 ipsam
1730 928 1922 998 didici-

321 997 462 1055 mus.
501 1003 566 1057 Ut
587 1013 766 1056 autem
794 1001 970 1054 discas
995 1002 1171 1054 crucis
1202 997 1494 1068 potentiam
1518 997 1568 1052 et
1600 997 1916 1062 efﬁcaciam,

321 1072 636 1126 consideres
664 1072 830 1126 velim
857 1086 916 1124 ea
937 1112 950 1132 ,
985 1085 1103 1138 qua:
1131 1086 1262 1124 crux
1293 1078 1508 1137 operata
1539 1078 1655 1131 est,
1689 1075 1744 1121 et.
1771 1068 1920 1121 inve-

321 1140 441 1209 nies
469 1142 665 1196 divina:
711 1141 988 1209 potestatis
1031 1151 1178 1206 gesta
1212 1155 1306 1209 per
1352 1139 1913 1209 illamconsummata.

316 1207 464 1264 Crux
491 1222 676 1266 contra
707 1207 869 1263 vitam
903 1211 1099 1278 ﬁgitur,
1131 1220 1185 1264 et
1213 1207 1320 1262 vita
1349 1208 1548 1262 mundo
1582 1224 1674 1276 per
1698 1222 1918 1278 crucem

315 1281 515 1334 datur:
547 1297 673 1335 crux
703 1281 768 1333 ad
803 1277 1028 1334 mortem
1071 1282 1422 1347 cxcogitatur,
1451 1288 1504 1331 et
1535 1293 1681 1330 mors
1718 1293 1816 1347 per
1855 1277 1918 1330 il-

318 1351 426 1402 lam
457 1363 666 1404 mortua
694 1350 979 1404 exhibetur
1005 1368 1018 1402 :
1053 1365 1180 1403 crux
1210 1360 1394 1402 contra
1425 1349 1704 1401 veritatem
1752 1348 1914 1415 erigi-

315 1429 425 1482 tur,
467 1431 522 1473 et
559 1435 655 1488 per
693 1434 904 1473 crucem
952 1419 1180 1473 mundus
1210 1421 1312 1472 vita
1343 1420 1615 1485 repletur:
1649 1433 1776 1470 crux
1817 1434 1915 1472 ex-

314 1498 468 1543 tensa
515 1491 611 1542 fuit
654 1500 836 1543 contra
884 1490 1198 1552 Dominum,
1250 1499 1304 1542 et
1354 1489 1610 1541 Dominus
1661 1503 1753 1554 per
1795 1504 1912 1542 eam

311 1561 569 1626 expansis
600 1560 844 1612 manilms
883 1561 1060 1611 omnia
1097 1560 1407 1626 complexus
1435 1567 1538 1612 est.
1585 1558 1830 1611 Christus
1863 1559 1912 1613 in

309 1643 476 1683 cruce
506 1630 720 1697 pendet,
746 1640 798 1682 et
818 1628 1059 1683 diabolus
1086 1629 1346 1683 occiditur
1371 1647 1382 1680 :
1414 1628 1657 1680 Christus
1681 1628 1730 1679 in
1756 1643 1914 1683 cruce

307 1713 368 1751 ex
383 1701 649 1760 tenditur,
678 1708 730 1752 et
758 1701 965 1766 signum
992 1699 1181 1752 salutis
1211 1698 1410 1751 mundo
1442 1699 1598 1751 datur
1623 1715 1636 1749 :
1668 1699 1913 1754 Christus

305 1768 355 1821 in
381 1783 554 1824 cruce
580 1770 744 1822 clavis
769 1769 1019 1837 at'tigitur,
1054 1779 1107 1822 et
1133 1770 1308 1822 omnis
1331 1769 1505 1821 anima
1530 1783 1558 1820 a
1583 1769 1806 1820 viticulis
1830 1786 1913 1822 re-

306 1840 571 1893 dimitur:
602 1839 844 1893 Christus
869 1840 1013 1892 cruci
1046 1839 1299 1907 altigitur,
1331 1847 1385 1892 et
1405 1840 1580 1891 omnis
1607 1848 1850 1891 creatura
1880 1853 1909 1892 a

306 1909 588 1962 servitutis
631 1910 978 1976 corruptione
1023 1909 1322 1962 liberatur:
1365 1909 1612 1961 Christus
1658 1910 1708 1960 in
1753 1925 1912 1963 cruce

304 1979 556 2048 quiescit,
582 1989 636 2033 et
661 1979 957 2048 prodigium
983 1995 1173 2032 novum
1201 1979 1399 2032 nmndo
1423 1979 1724 2032 ostenditur
1748 1997 1759 2029 :
1790 1996 1910 2033 nam

305 2047 391 2101 lux
442 2051 585 2103 solis
622 2047 1046 2103 ohtenehratnr:
1089 2050 1229 2116 quod
1276 2050 1909 2117 incredulis.symbolum

303 2127 399 2178 est,
439 2120 564 2173 fore
590 2129 646 2172 ut
689 2121 742 2172 in
782 2120 867 2173 die
893 2120 1076 2188 judicii
1107 2121 1341 2173 tenebrm
1373 2119 1502 2187 ipsis
1532 2130 1906 2183 reserventur;

301 2189 650 2242 credentibus
680 2204 805 2242 vero
849 2190 933 2242 lux
983 2190 1087 2243 diei
1132 2205 1198 2243 ex
1236 2189 1472 2243 tenebris
1499 2198 1755 2257 emergat.
1799 2190 1911 2244 lloc

300 2268 481 2311 autem
513 2260 712 2312 clamat
754 2260 1124 2327 propheticum
1157 2261 1423 2327 eloquium
1467 2259 1548 2311 his
1587 2261 1804 2312 verbis:
1844 2259 1909 2314 Et

301 2331 389 2380 erit
413 2330 470 2381 in
499 2331 590 2382 illa
617 2331 722 2394 die,
755 2331 874 2382 dicit
901 2328 1171 2387 Dominus.
1199 2331 1390 2382 occidet
1413 2330 1490 2383 sol
1519 2332 1569 2382 in
1593 2330 1829 2394 meridie,
1861 2341 1908 2383 et

297 2399 708 2452 obtenebrabitur
741 2401 793 2451 in
833 2401 912 2451 die
939 2403 1027 2452 lux
1051 2417 1068 2452 :
1096 2411 1142 2452 et
1169 2414 1458 2452 convertam
1488 2402 1781 2470 festivitates
1821 2416 1910 2452 ve-

297 2479 426 2522 stras
473 2471 524 2522 in
569 2471 802 2533 luctum,
838 2480 882 2522 et
924 2472 1092 2523 omnia
1119 2473 1315 2523 cantica
1354 2482 1515 2523 vestra
1552 2472 1603 2522 in
1647 2472 1907 2537 planctum

300 2537 474 2606 (Amos
500 2540 556 2594 8.
583 2541 638 2592 9.
674 2539 782 2609 10).
823 2539 1027 2603 Viden‘,
1059 2541 1273 2604 dilecte,
1302 2552 1557 2609 quantum
1591 2541 1904 2609 mysterium

297 2613 691 2678 complectatur
718 2610 956 2663 divinum
984 2613 1294 2665 oraculum?
1328 2611 1422 2666 llic
1450 2613 1593 2665 enim
1623 2613 1903 2665 amborum

1355 397 1420 452 IN
1462 396 1782 454 SANC‘I’UM
1822 394 2231 454 APOSTOLUM
2270 393 2586 452 TllOMAM.

3527 395 3633 451 08%

2028 521 2188 576 Opera
2217 507 2656 570 subindicantur;
2689 503 2996 576 indecorum
3023 518 3237 574 nempe,
3271 505 3360 573 qui
3387 505 3488 561 sub
3517 508 3632 573 lege

2027 575 2202 658 erant,
2235 579 2566 658 et‘gentium,
2594 585 2894 658 quae-extra
2923 575 3094 658 legem
3125 577 3638 658 iniquitatemlexer-

2027 649 2237 703 eebant.
2266 644 2396 701 Nam
2427 648 2516 716 qui
2540 644 2833 699 secundum
2864 645 3032 714 legem
3067 644 3380 700 festivitates
3403 648 3635 702 celebra-

2026 715 2190 782 bant,
2223 717 2328 771 illis
2365 715 2624 770 abSolutis
2669 716 2954 782 lugebant.
3001 723 3057 769 et
3101 715 3221 770 loco
3259 718 3633 785 canticorum,

2027 788 2298 854 planctum
2329 787 2490 840 edent
2520 801 2682 854 super
2710 785 3122 854 Jcrosolymam.
3167 785 3284 840 Non
3316 788 3456 840 enim
3494 789 3636 844 ultra

2025 857 2325 911 Jerusalem
2359 859 2558 910 cultum
2587 870 2741 909 suum
2769 855 3076 920 cxercebit,
3107 871 3282 925 neque
3314 857 3420 910 ulla
3450 858 3519 912 ibi
3554 859 3640 913 fc-

2027 929 2235 980 stivitas
2278 927 2670 989 celebrabitur;
2721 927 2844 993 quia
2888 935 3003 993 post
3050 925 3252 981 Christi
3298 927 3627 993 adventum,

2064 999 2332 1050 assionem
2365 1007 2418 1049 et
2455 996 2812 1050 meonomiam
2860 996 3038 1048 omnia
3081 997 3239 1050 linem
3282 1011 3634 1064 acceperunt.

2025 1012 2332 1119 passaonem
2365 1012 2418 1049 et
2455 1012 2812 1050 meonomtam
2860 1012 3038 1048 omnia
3081 1012 3239 1050 nnem
3282 1012 3632 1064 acceperunt.

2050 1068 2153 1121 deo
2183 1069 2346 1136 igitur
2372 1067 2573 1135 inquit,
2605 1066 2904 1119 Convertam
2933 1066 3225 1130 festivitates
3250 1078 3439 1122 vestras
3466 1071 3518 1124 iu
3546 1070 3594 1120 lu
3620 1097 3632 1109 -

2024 1149 2195 1200 ctum,
2228 1148 2274 1190 et
2305 1139 2475 1189 onmia
2515 1139 2711 1188 cantica
2751 1145 2916 1189 vestra
2945 1138 2995 1188 in
3038 1137 3337 1204 planctum;
3380 1153 3446 1190 eo
3486 1138 3632 1206 quod

2025 1208 2122 1270 ipsi
2153 1209 2409 1275 legalibus
2439 1207 2539 1260 illis
2566 1207 2777 1274 privati,
2809 1207 2860 1259 in
2885 1207 3198 1261 servitutem
3225 1209 3474 1262 onmibus
3496 1224 3630 1276 gen-

2025 1278 2167 1331 tibus
2197 1278 2370 1330 traditi
2404 1277 2531 1340 sint,
2561 1277 2685 1344 quia
2719 1293 2823 1328 non
2847 1277 3192 1330 crediderunt
3221 1277 3416 1332 divina:
3438 1289 3491 1331 et
3511 1290 3628 1332 stu-

2024 1349 2216 1417 pendae
2243 1348 2420 1401 crucis
2445 1347 2831 1416 pi-tetlicationi.
2862 1345 3141 1414 Lugehunt
3167 1348 3328 1401 etiam
3353 1357 3539 1416 gentes
3559 1352 3630 1402 ob

2061 1430 2240 1472 eccata
2272 1433 2364 1470 sua
2383 1460 2397 1480 ,
2429 1419 2572 1470 luctu
2600 1419 2687 1486 qui
2720 1417 3100 1469 beatitudinem
3125 1418 3296 1484 pariat
3323 1441 3330 1471 ;
3371 1434 3490 1471 nam
3516 1421 3587 1472 ait
3613 1439 3624 1473 :

2061 1434 2240 1472 eccata
2272 1434 2364 1470 sua
2383 1460 2397 1480 ,
2429 1434 2572 1470 metu
2600 1434 2687 1486 qm
2720 1434 3100 1469 neauummem
3125 1434 3296 1484 pariat
3323 1441 3330 1471 ;
3371 1434 3490 1471 nam
3516 1434 3624 1473 ait:

2021 1434 2167 1542 ἓωιὶ
2201 1491 2286 1555 qui
2323 1489 2490 1556 lugent
2513 1529 2526 1550 ,
2559 1489 2800 1556 quoniam
2839 1487 2937 1552 ipsi
2968 1489 3362 1540 consolabuntur
3394 1490 3411 1551 (
3436 1487 3626 1545 Matth.

2021 1559 2074 1612 5.
2110 1560 2187 1626 4).
2217 1558 2498 1626 Lugebnnt
2531 1558 2708 1625 itaque
2735 1557 2804 1609 ob
2834 1571 2996 1610 vanas
3028 1574 3152 1611 suas
3194 1557 3544 1623 festivitates,
3573 1570 3629 1613 et

2020 1629 2222 1681 nefaria
2254 1630 2456 1680 cantica
2482 1667 2494 1688 ,
2546 1644 2665 1694 qua:
2707 1629 2929 1694 impuris
2975 1627 3312 1681 daemonibus
3357 1630 3629 1697 pcholve-

2020 1699 2166 1752 bant.
2202 1699 2478 1764 Perpende
2515 1710 2691 1751 autem
2722 1699 2879 1751 hodie
2908 1698 3180 1766 quomodo
3209 1701 3422 1765 gentilis
3454 1699 3624 1766 paeni-

2021 1769 2242 1822 tentiam
2271 1784 2471 1836 agens,
2506 1769 2593 1836 qui
2629 1767 2774 1835 prius
2815 1767 2970 1822 idolis
3003 1767 3134 1831 festa
3178 1767 3514 1831 celebrabat,
3547 1771 3625 1822 le-

2018 1848 2158 1892 stum
2193 1840 2242 1892 in
2278 1839 2480 1891 lnetmn
2512 1847 2826 1903 convertat,
2860 1839 2999 1891 male
3030 1839 3290 1893 factorum
3326 1841 3624 1907 preuitens,

2018 1919 2220 1962 etcum
2269 1909 2410 1963 luctu
2463 1909 2831 1976 pronhetieum
2878 1909 3002 1962 illud
3048 1910 3248 1962 dictum
3297 1911 3623 1978 proterens:

2023 1979 2319 2032 Erraviinus
2344 1981 2397 2031 in
2423 1979 2737 2048 turpitudine
2759 1991 2933 2032 nostra
2953 2021 2966 2044 ,
2998 1988 3046 2032 et
3067 1991 3369 2046 aperuerunt
3393 1997 3483 2033 nos
3512 1996 3629 2049 pec-

2017 2061 2130 2102 cata
2167 2061 2342 2102 nostra
2363 2091 2376 2113 ,
2419 2051 2538 2118 quia
2567 2051 2746 2116 repleti
2781 2067 2958 2102 sumus
2991 2051 3248 2119 impietate
3279 2061 3451 2104 nostra
3491 2051 3623 2107 tler.

2017 2120 2068 2174 5.
2098 2120 2190 2189 25)
2217 2141 2229 2172 :
2272 2120 2523 2190 Nouimus
2562 2120 2850 2188 iniquitates
2880 2130 3081 2188 patrum
3126 2131 3414 2173 nostrorum
3446 2119 3626 2190 (Ibid.

2018 2192 2101 2244 Η.
2131 2191 2244 2259 20).
2268 2189 2356 2244 Sic
2379 2200 2430 2243 et
2451 2205 2548 2244 nos
2571 2191 2737 2259 probe
2757 2192 2996 2260 lugentes
3017 2201 3068 2244 et
3091 2191 3366 2258 plorantes
3385 2189 3628 2245 demalis

2016 2274 2174 2328 Supra
2224 2260 2540 2325 descriptis,
2593 2275 2806 2314 crucem
2859 2262 3303 2328 Complectamur,
3359 2263 3408 2314 in
3464 2277 3624 2315 cruce

2014 2346 2164 2397 Spem
2186 2330 2466 2395 habentes,
2494 2339 2548 2383 ut
2569 2346 2660 2395 per
2682 2345 2897 2385 crucem
2919 2331 3131 2395 eruditi,
3160 2332 3210 2384 in
3236 2331 3425 2386 ctelum
3445 2338 3625 2385 animo

2015 2401 2332 2459 tendentes,
2377 2411 2429 2454 et
2459 2401 2524 2454 ad
2565 2401 2840 2454 Christum
2873 2401 3216 2456 Servatorcm
3259 2402 3580 2456 accedentes
3605 2445 3620 2466 ,

2012 2473 2161 2538 juxta
2211 2471 2375 2524 Deum
2419 2471 2470 2523 in
2512 2486 2678 2539 regno
2703 2471 2957 2524 caelorum
3001 2471 3164 2524 locari
3208 2487 3537 2536 mereamur,
3571 2475 3621 2526 in

2014 2541 2131 2613 ipso
2168 2541 2383 2613 Christo
2417 2541 2641 2613 Domino
2684 2550 2893 2606 nostro,
2925 2546 3009 2595 cui
3041 2542 3209 2612 gloria
3253 2551 3308 2596 et
3335 2542 3622 2613 imperimn

2015 2609 2069 2664 in
2097 2611 2293 2665 secula
2325 2611 2668 2666 smculorum.
2700 2614 2894 2666 Amen.

411 2751 478 2758 -—-
513 2750 1808 2760 ψ
1816 2747 2803 2758 _-—__—_————————-——

1533 2885 2415 2994 MONITUM

1244 3073 1324 3134 IN
1372 3074 1818 3135 SERMONEM
1857 3076 1962 3135 DE
2007 3073 2322 3134 SANCTO
2357 3072 2673 3135 THOMA.

314 3219 459 3278 /Hie
489 3218 676 3274 nimiae
707 3217 1047 3287 loquacitatis
1078 3217 1359 3273 Graeculus
1391 3219 1567 3271 statim
1612 3233 1670 3272 se
1717 3219 1896 3287 prodit

291 3304 319 3340 a
362 3289 746 3360 Chrysostomi
792 3289 1052 3357 elegantia
1077 3329 1091 3350 .
1125 3292 1432 3342 inventione
1456 3331 1468 3349 ,
1504 3290 1706 3344 salibus
1731 3291 1900 3357 longe

287 3358 544 3413 alienum.
583 3358 843 3427 llliusque
866 3373 1170 3412 sermonem
1207 3362 1345 3429 typis
1375 3361 1501 3413 dare
1549 3375 1616 3413 ne
1666 3361 1900 3427 cogitas-

287 3445 470 3483 setnus
493 3430 738 3498 quidem.
773 3431 871 3481 nisi
901 3429 1011 3496 ja'm
1043 3429 1181 3482 inter
1207 3431 1385 3496 Spuria
1417 3431 1744 3497 ptthlicasset
1769 3431 1902 3483 llen-

289 3501 427 3554 rieus
454 3500 718 3554 Savilius.
740 3499 864 3552 Haec
894 3514 1054 3568 porro
1077 3499 1250 3554 oratio
1293 3500 1522 3554 subinde
1566 3515 1596 3552 a
1641 3500 1902 3554 Graeculis

2007 3218 2302 3293 nugaeibns
2334 3229 2573 3293 auctaet
2603 3228 2890 3293 retractata
2919 3220 3040 3293 fuit.
3076 3222 3312 3293 Indeque
3337 3224 3530 3280 accidit
3564 3236 3620 3281 nt

2007 3291 2357 3354 uiznmscripti
2387 3289 2615 3342 Codices
2643 3289 2784 3343 inter
2814 3304 2873 3343 se
2895 3291 3146 3346 dill‘erant
3167 3335 3180 3356 ,
3225 3289 3349 3349 aliis
3397 3296 3612 3350 brevio-

2007 3376 2144 3421 rem,
2175 3359 2295 3412 aliis
2325 3361 2622 3427 longiorem
2653 3359 2930 3414 homiliam
2965 3361 3344 3417 referentibus.
3379 3363 3526 3419 lllatu
3563 3379 3621 3421 ut

2007 3429 2236 3482 Savilius
2260 3429 2408 3481 dedit
2435 3429 2646 3482 edimus
2672 3470 2684 3489 .
2717 3431 2926 3499 aliquot
2951 3432 3002 3485 in
3032 3433 3165 3488 locis
3201 3434 3269 3488 ad
3310 3433 3472 3490 ﬁdem
3513 3436 3614 3491 Ma-

2008 3501 2267 3568 nuscripti
2306 3499 2454 3567 Regii
2483 3499 2825 3569 castigatam.

302 3631 3603 3656 ww

1389 3724 1452 3767 IN
1497 3724 1794 3767 SANCTUM
1841 3721 2214 3766 APOSTOLUM
2260 3719 2562 3762 ΤΗΟΜΔΜ.

352 3977 406 4030 l.
441 3975 620 4030 Venio
647 3977 664 4008 ¹
693 3975 931 4030 debitum
983 3977 1137 4031 vobis
1181 3976 1489 4031 redditurus
1514 4016 1531 4038 ,
1574 3973 1836 4030 carissimi
1869 3990 1883 4025 :

281 4045 531 4100 dehitutu
565 4048 710 4113 quod
761 4057 816 4100 et
863 4062 948 4100 me
1001 4049 1314 4101 reddentem
1355 4048 1579 4111 ditahit,
1630 4057 1684 4099 et
1737 4045 1889 4098 vobis

284 4117 683 4185 recipientibus
709 4118 835 4170 utile
863 4119 983 4171 erit.
1017 4118 1214 4172 Adsum
1238 4134 1421 4172 rursus
1446 4117 1709 4170 Thomam
1741 4115 1889 4170 cele-

283 4188 581 4250 braturus,
617 4187 767 4240 initio
787 4189 1002 4255 quidem
1050 4204 1156 4242 non
1202 4188 1513 4242 credentem
1560 4186 1774 4255 Christi
1805 4201 1891 4238 re-

280 4259 722 4327 surrectionem;
752 4254 948 4312 deinde
968 4271 1114 4324 vero,
1140 4267 1418 4327 postquam
1449 4259 1578 4311 vidit
1608 4268 1661 4311 ct
1690 4254 1886 4323 tetigit,

278 4327 505 4381 Christo
527 4326 842 4380 credentem
865 4369 878 4389 ,
912 4342 975 4380 ac
1005 4326 1289 4382 Dominum
1316 4329 1486 4393 ipsum
1516 4338 1568 4381 et
1603 4328 1766 4380 Deum
1799 4340 1891 4378 vo-

277 4407 522 4450 cantem.
557 4397 809 4450 Animum
836 4414 963 4464 ergo
991 4398 1241 4453 adhibete
1287 4399 1449 4458 mihi,
1493 4414 1644 4466 rogo.
1692 4397 1889 4450 Preca-

279 4468 411 4520 mini
441 4466 738 4529 Thomam,
776 4478 830 4520 ut
853 4479 1090 4521 sanctam
1121 4469 1402 4522 dexteram
1433 4483 1584 4521 suam
1608 4484 1725 4535 qua:
1756 4469 1890 4519 latus

279 4536 498 4591 Domini
547 4537 960 4607 tetigittlabiis
1009 4540 1142 4592 meis
1188 4541 1500 4607 imponens,
1545 4541 1649 4591 vim
1698 4538 1892 4603 lingua:

278 4623 416 4661 meae
446 4604 700 4660 conferat
729 4604 795 4660 ad
819 4607 906 4660 illa
939 4610 1232 4662 enarranda
1266 4604 1383 4675 qua:
1413 4626 1508 4664 vos
1534 4609 1887 4664 desideratis‘:

277 4678 527 4758 viliaque
554 4677 719 4758 verba
753 4693 869 4731 mea
897 4680 1180 4758 tranquillo
1209 4680 1390 4758 animo
1423 4680 1557 4734 ferte
1581 4721 1596 4744 ,
1631 4690 1685 4731 ut
1715 4678 1889 4731 modi-

277 4762 397 4818 cam
430 4747 568 4818 inde
599 4747 881 4802 utilitatem
910 4747 1232 4818 decerpatis.
1266 4748 1398 4803 Cum
1428 4760 1672 4804 servator
1711 4758 1894 4803 noster

280 4815 484 4871 inferni
519 4826 767 4872 ventrem
798 4821 974 4871 omnia
1003 4815 1348 4873 devorantem
1401 4822 1782 4883 dissecnisset,
1830 4833 1893 4873 ac

279 4887 688 4960 primogenitus
711 4897 1044 4943 mortuorum
1070 4891 1290 4943 etlectns
1318 4901 1461 4946 essr-t
1479 4933 1494 4956 ,
1528 4906 1728 4960 perque
1755 4891 1892 4960 elau-

278 4975 365 5012 sas
385 4959 894 5029 januasingressns
920 4971 1062 5013 esset
1101 4962 1167 5014 ad
1210 4962 1500 5029 discipulos
1541 4959 1702 5026 suos,
1747 4959 1892 5014 Tho-

277 5026 396 5100 mas
416 5070 442 5100 ,ί
463 5029 558 5100 qui
585 5026 776 5100 dicitur
805 5027 1088 5100 Didymus,
1121 5049 1220 5084 non
1245 5026 1360 5084 erat
1390 5049 1504 5084 cum
1545 5034 1616 5086 eis
1689 5034 1706 5100 (
1730 5031 1888 5086 Joan.

278 5099 370 5168 20.
417 5099 560 5167 24).
607 5098 805 5166 νίψω,
845 5098 1098 5168 quantum
1147 5103 1491 5156 miraculum!
1548 5098 1894 5157 Desideratus

277 5167 454 5222 adfuit
481 5209 499 5233 ,
537 5170 712 5243 et__qui
739 5167 1078 5243 desiderabat
1106 5187 1211 5226 non
1242 5173 1426 5226 aderat
1455 5191 1467 5226 :
1498 5175 1670 5228 bonus
1712 5183 1895 5243 pastor

278 5253 505 5309 gregem
536 5237 792 5312 adiuuet
819 5242 936 5296 ovis
964 5252 1113 5295 extra
1141 5259 1356 5312 gregem
1378 5285 1392 5306 ,
1432 5245 1538 5296 imo
1567 5237 1724 5298 extra
1762 5259 1892 5297 cau-

279 5308 643 5389 lam'errabat
670 5326 688 5389 ξ
717 5308 831 5363 Rex
858 5313 1112 5389 ca-lurnm
1146 5308 1381 5389 praesens
1403 5315 1639 5389 advenit,
1665 5326 1718 5368 et
1741 5315 1894 5389 miles

280 5377 758 5459 proettladivitro
783 5381 1022 5459 exercitu
1052 5377 1388 5459 versabatur.
1421 5385 1552 5439 Erat
1584 5377 1711 5459 vero
1756 5385 1894 5439 forte

281 5448 414 5503 illud
445 5449 655 5525 divina:
675 5448 1120 5525 _d_ispcr.sat_i_ouis
1170 5455 1524 5524 mySterium,
1571 5456 1715 5525 quod
1769 5467 1895 5510 tunc

281 5520 649 5593 nonadesset
675 5518 932 5593 Thomas.
963 5522 1095 5578 Nam
1133 5525 1176 5577 si
1227 5518 1468 5593 praesens
1508 5518 1695 5581 luisset
1719 5567 1734 5592 ,
1789 5542 1893 5581 non

278 5589 634 5670 dubitasset;
663 5590 709 5643 si
743 5605 847 5670 non
877 5594 1206 5670 dubitasset,
1230 5589 1340 5670 non
1373 5597 1632 5667 tetigisset
1651 5589 1755 5670 ;Usi
1790 5613 1895 5652 non

287 5662 561 5729 tetigisset
587 5699 601 5722 ,
630 5675 736 5713 non
766 5662 835 5715 ita
864 5664 1218 5731 credidisset;
1260 5668 1302 5720 si
1332 5681 1436 5722 non
1461 5662 1530 5722 i'ta
1553 5668 1892 5733 credidisset,

290 5793 775 5906 υὲωεὶςιὶξῗὲυροηε
799 5809 988 5849 omnes.
1030 5799 1170 5849 Savil.
1206 5802 1274 5851 sic
1300 5802 1486 5867 incipit,
1520 5805 1805 5858 Benedictus
1827 5808 1890 5860 sit

2003 3983 2240 4049 non_n_os
2286 3968 2631 4049 itancredere
2677 3971 3200 4049 docuisset.__ltaque
3242 3977 3487 4049 discipuli
3535 3983 3616 4037 in-

2001 4039 2292 4093 credulitas
2313 4080 2327 4103 ,
2363 4039 2483 4093 ﬁdei
2515 4051 2713 4096 nostra:
2741 4056 2914 4099 mater
2939 4039 3128 4101 ell'ecta
3159 4058 3259 4102 est.
3298 4039 3420 4104 ltle'o
3460 4069 3614 4107 natu-

2002 4126 2106 4190 que
2134 4125 2233 4190 nos
2263 4109 2536 4190 Christum
2565 4152 2586 4190 ,_
2613 4128 2770 4190 quem
2806 4131 2910 4190 non
2957 4119 3201 4190 videmus
3221 4160 3236 4183 ,
3281 4121 3569 4178 adoramus
3594 4165 3610 4189 ,

2000 4181 2125 4248 quia
2156 4181 2242 4232 ille
2265 4181 2398 4263 vidit
2423 4190 2478 4261 et
2523 4181 2769 4237 adoravit
2799 4203 2812 4237 :
2843 4186 2984 4263 ideo,
3009 4189 3131 4263 licet
3167 4181 3279 4263 non
3332 4181 3612 4263 tangamus

1999 4265 2122 4330 etim
2146 4289 2161 4314 ,
2194 4250 2458 4330 qui__taugi
2490 4267 2593 4330 non
2625 4263 2819 4321 potest,
2852 4250 3069 4326 hymnis
3100 4250 3455 4323 celebramus”,
3487 4267 3610 4330 quia

2001 4321 2090 4373 ille
2120 4321 2348 4388 propriis
2381 4323 2628 4375 manibus
2659 4321 2953 4380 attrectaiis
2994 4330 3274 4383 Dominum
3318 4321 3612 4388 celebravit.

2000 4391 2226 4471 dicens“:
2265 4389 2516 4471 D_ominus
2547 4410 2726 4471 meus,
2757 4406 2812 4471 e_t_
2835 4395 3144 4471 Deusuteus
3174 4399 3364 4471 (Joan.
3399 4403 3488 4458 20.
3517 4405 3608 4461 28.

1997 4459 2131 4543 25).
2169 4460 2426 4514 Dicebant
2454 4465 2717 4543 ergoualii
2763 4468 3012 4543 discipuli
3063 4459 3326 4532 Thoiute,
3379 4476 3467 4543 qui
3517 4459 3610 4543 po-

1999 4539 2201 4604 stremo
2255 4542 2520 4604 venerat:
2566 4533 2795 4587 Vidimus
2846 4533 3158 4604 Dominum;
3215 4533 3446 4598 vidimtis
3487 4533 3608 4601 einn

1999 4601 2088 4685 qui
2121 4600 2299 4682 dixit:
2337 4603 2459 4655 Post
2488 4604 3070 4685 triduuin_resurgant_(
3100 4600 3286 4685 Matth.
3314 4613 3402 4668 27.
3455 4616 3564 4685 63)

1999 4679 2053 4723 et
2083 4685 2146 4723 ex
2171 4686 2235 4751 re_
2260 4675 2374 4751 ipsa
2398 4675 2674 4751 veritatem
2698 4678 2826 4731 dicti
2851 4675 3345 4747 deprehendimus;
3377 4675 3610 4742 vidimus

2001 4755 2125 4815 eum
2149 4742 2585 4815 qtti‘dixitrzigo
2611 4762 2723 4798 sum
2759 4742 3058 4804 resurrectio
3091 4762 3137 4804 et
3185 4742 3368 4808 veritas
3417 4767 3463 4809 et
3510 4759 3610 4810 vita

2002 4809 2203 4891 (domi.
2238 4813 2331 4891 ll.
2357 4812 2428 4866 25
2452 4813 2472 4882 )
2498 4809 2620 4891 ;'ac_
2640 4821 3094 4876 resurrectionem
3125 4834 3179 4877 et
3223 4827 3504 4880 veritatem
3545 4809 3609 4883 tsi

2001 4884 2254 4964 vitamex
2286 4884 2389 4964 vita
2419 4887 2785 4964 .accepimus;
2837 4891 3069 4964 vidimus
3117 4910 3238 4947 cum
3289 4897 3377 4964 qui
3429 4898 3606 4953 dixit:

2003 4952 2314 5035 felteslatein
2341 4955 2501 5007 habeo
2530 4952 2749 5035 ponendi
2776 4961 3002 5035 animam
3022 4980 3206 5035 ineant,
3233 4976 3280 5018 et
3308 4952 3610 5035 potestatem

2001 5023 2161 5108 liach
2188 5025 2365 5105 iterum
2394 5028 2626 5107 sumendi
2657 5033 2818 5098 cam-(
2838 5030 2972 5108 Ibid.
3004 5034 3092 5088 10.
3127 5023 3230 5104 ιε’)
3264 5054 3277 5090 :
3306 5023 3358 5091 et
3403 5055 3461 5092 re
3510 5057 3606 5108 po-

2003 5095 2224 5176 tentiam
2254 5094 2369 5176 ejus
2397 5097 2604 5176 experti
2647 5094 2874 5176 stnnus._
2907 5102 3040 5156 Nam
3091 5094 3315 5176 repente
3355 5094 3612 5166 Servatur

2001 5163 2207 5216 adstitit
2234 5166 2422 5245 nobis,
2471 5163 2812 5245 domunculae
2856 5173 3051 5241 januas
3095 5163 3202 5230 no'n
3249 5163 3606 5237 discindens:

2003 5247 2104 5319 nos
2133 5242 2270 5317 vero
2292 5240 2660 5319 inexspectato
2687 5240 2918 5319 adventu
2939 5286 2952 5307 ,
2988 5256 3043 5319 ut
3067 5261 3162 5314 par
3189 5258 3322 5312 erat,
3351 5254 3606 5319 perculsi,

2003 5312 2504 5377 novamgingressus
2531 5312 2795 5377 rationem
2830 5315 3008 5367 mirati
3042 5312 3252 5372 sumus.
3286 5312 3610 5377 Audivimus

2002 5387 2124 5459 eum
2166 5373 2469 5459 dicentem,
2494 5376 2631 5459 _Pt_ta:
2670 5383 2806 5459 vobis
2838 5384 3128 5459 (Ibid._20.
3154 5389 3219 5442 21
3249 5391 3289 5459 ),

2003 5446 2145 5525 roris
2172 5446 2461 5525 procellam
2493 5449 2544 5501 in
2574 5450 2774 5525 lzetitia:
2824 5446 3288 5525 tranquillitatem,
3319 5446 3602 5518 vendidi}.

2005 5512 2608 5602 lidimus‘ejusmanns
2627 5560 2642 5585 ,
2676 5522 2726 5575 in
2756 5524 2948 5602 quibus
2967 5512 3163 5582 Iacutos
3187 5512 3609 5602 eumsi-aelii;

2005 5595 2118 5673 rat,
2166 5593 2221 5673 et
2259 5585 2539 5673 hominum
2591 5585 2808 5659 peccata
2858 5595 3180 5673 deleverat:
3215 5585 3607 5673 vidimusveitis

2004 5669 2195 5735 manus
2216 5696 2230 5720 ,
2262 5659 2455 5735 quibus
2481 5672 2714 5735 mortem
2745 5667 3027 5730 contrivit,
3059 5677 3110 5723 et
3149 5659 3603 5729 resurrectioninn

2003 5726 2258 5811 munibus
2291 5728 2890 5811 hominibus‘peperit:
2947 5726 3177 5811 vidimus
3223 5744 3340 5811 ejus
3383 5726 3609 5800 sacrum

2007 5795 2144 5883 latus
2177 5811 2273 5883 pro
2304 5799 2458 5883 nobis
2483 5795 2812 5883 ‘conloss'um
2841 5850 2853 5870 ,
2906 5810 3048 5877 quod
3097 5819 3150 5883 et
3194 5795 3609 5883 ssiiguiiteiiiéi

2002 5880 2196 5934 aquam
2225 5869 2440 5938 emisit,
2465 5869 2599 5930 duos
2626 5878 2813 5931 salutis
2845 5869 3056 5936 nostra:
3107 5869 3322 5940 fontes:
3365 5884 3597 5942 l'nsut'lla-
