4194 6318
659 396 765 455 ⁸583

660 516 853 568 tionem
878 521 1087 577 quoque
1111 505 1342 577 divinam
1370 517 1434 554 ex
1462 514 1556 555 ore
1579 500 1695 577 eius
1715 500 2032 567 accepimus,
2068 500 2226 577 insuf-

659 570 923 638 ﬂationem
968 570 1297 647 spiritualem
1323 587 1505 647 ,__qn:_e
1542 570 1763 638 gratiam
1811 585 2023 647 omnem
2067 571 2226 622 mini-

656 651 874 707 strabat.
916 649 958 701 Α
992 641 1485 716 Domino‘ordinati
1534 646 1857 716 sumu_s,__ut
1909 649 2223 716 potestatem

659 721 949 774 habeamus
976 711 1272 770 dimittendi
1306 720 1554 778 peccata;
1599 718 1646 762 et
1686 708 1971 778 indit-andi,
2007 717 2223 775 peccata

656 788 958 843 facultatem
990 776 1324 850 accepimus,
1356 779 1455 831 hoc
1479 778 1621 831 dicto
1664 791 1761 830 nos
1805 778 1871 850 ad
1924 776 1974 829 id
2023 779 2221 850 consti-

654 866 835 913 tuente
866 872 880 907 :
913 847 1141 921 Quorum
1164 850 1446 921 rentiseritis
1476 857 1725 921 peccata,
1747 847 2068 921 remittuntur
2112 849 2217 921 eis,

652 937 700 979 et
727 915 954 996 quam)?
968 920 1289 996 retinueritis,
1318 927 1508 996 retenta
1529 926 1664 996 sunt.
1684 915 1896 996 Talibus
1922 915 2221 996 Servatoris

649 985 809 1051 dic'tis
833 1010 954 1048 cum
984 990 1176 1061 gaudio
1198 988 1446 1061 acceptis,
1466 985 1614 1061 μηδ’
1635 986 1774 1061 nac_ti
1807 999 2000 1061 sumus
2025 986 2170 1061 dona
2201 1004 2216 1039 :

652 1082 757 1119 non
784 1065 923 1119 enim
954 1053 1256 1129 poteramus
1277 1053 1432 1129 _a'_tali
1466 1054 1690 1129 Domino
1722 1053 1839 1113 frui.
1868 1055 1984 1107 sine
2006 1054 2220 1129 divitia-

650 1149 766 1187 rum
794 1123 1098 1186 πουεὲἰοιιε
1120 1168 1136 1191 ,
1159 1142 1188 1179 a
1220 1126 1310 1179 tali
1335 1125 1557 1179 Domino
1579 1123 1800 1183 eullata;
1829 1130 1882 1175 tu
1905 1138 2030 1176 vero
2072 1126 2217 1179 solus

651 1217 848 1271 panper
864 1199 1113 1271 mansisti
1135 1236 1165 1271 ,_
1178 1199 1266 1271 qui
1298 1210 1401 1271 non
1426 1194 1634 1271 aderas.
1664 1192 1958 1271 Statimque
1985 1192 2217 1247 Thomas

650 1261 921 1338 respondit
969 1267 1114 1320 illis:
1147 1261 1400 1338 V6s_soli
1450 1261 2004 1338 Dominum__vidistis;
2047 1278 2217 1338 egone

646 1330 791 1395 solus
821 1337 1066 1405 indignus
1095 1350 1212 1387 sum
1239 1333 1356 1401 ejus
1381 1330 1711 1405 conspectu?
1739 1330 1923 1405 [Vonne
1961 1341 2017 1405 ut
2043 1333 2214 1405 vocati

643 1411 811 1467 estis.
857 1416 913 1461 et
936 1399 1043 1473 ego
1083 1399 1300 1457 vocatus
1332 1402 1599 1473 _sumi_et
1651 1408 1708 1453 ut
1750 1399 1992 1453 honorati
2044 1402 2211 1473 estis,

643 1494 742 1547 ego
791 1470 1081 1530 honoratus
1111 1488 1245 1547 sum
1298 1471 1365 1525 ab
1411 1470 1540 1525 illo?
1592 1478 1899 1547 ιιοηηεξιψ.Δ
1928 1470 2210 1547 vos_vidi-

642 1538 741 1621 siis
770 1547 940 1621 illum
979 1541 1293 1621 cruciﬁxum
1318 1580 1353 1621 ,ι
1374 1554 1472 1621 ego
1505 1553 1718 1621 quoque
1745 1538 2209 1621 _vidi}_Vobisettm

645 1618 813 1670 tristia
841 1615 975 1675 vidi,
1004 1613 1125 1665 volo
1149 1612 1309 1666 etiam
1340 1611 1457 1661 la-ta
1485 1607 1714 1661 discere.
1745 1608 1812 1663 Ut
1838 1607 1939 1661 vidi
1983 1619 2210 1662 mortem

642 1686 877 1741 Christi.
926 1682 1050 1737 volo
1094 1693 1305 1748 quoque
1344 1678 1949 1748 rcsurrectionemiejus
1991 1680 2210 1747 conspi-

640 1770 783 1810 cere.
820 1751 937 1807 Nisi
961 1752 1090 1805 enim
1116 1747 1285 1803 uidero
1308 1748 1361 1801 in
1390 1748 1617 1801 manibus
1641 1748 1752 1812 ejus
1782 1747 1999 1812 ﬁxuram
2042 1748 2213 1801 claro-

640 1840 751 1876 rum
770 1865 785 1889 ,
818 1833 864 1877 et
884 1824 1079 1875 mittam
1105 1820 1319 1889 digitum
1344 1833 1505 1870 meum
1550 1817 1603 1889 in
1649 1817 1813 1868 locum
1845 1817 2121 1889 clavorum,
2160 1827 2210 1870 et

641 1884 833 1946 mittunt
862 1906 1066 1944 manuni
1095 1884 1254 1942 meum
1275 1888 1329 1940 in
1356 1889 1488 1939 latus
1514 1886 1645 1953 ejus,
1671 1901 1771 1938 non
1792 1886 1994 1938 Credam
2022 1884 2204 1953 (Joan.

639 1963 726 2017 20.
757 1961 828 2017 25
846 1963 885 2029 ).
912 1958 1069 2029 Certe
1092 1974 1189 2029 vos
1211 1974 1315 2009 non
1335 1954 1738 2029 credidissetisl
1768 1956 1865 2008 nisi
1891 1956 2158 2029 vidisse_t_is
2189 1975 2204 2011 :

638 2033 715 2085 sic
735 2040 791 2085 et
808 2024 906 2100 ego
932 2028 1033 2082 nisi
1066 2027 1268 2100 videro,
1300 2024 1673 2100 no_n_credam.
1704 2024 1990 2100 Persevera
2015 2066 2029 2087 .
2063 2026 2205 2080 Tho-

638 2115 721 2156 Ilta
741 2140 758 2165 ,
788 2092 1063 2169 persevera
1088 2097 1139 2150 in
1168 2097 1267 2169 hac
1293 2093 1509 2164 pulchra
1539 2092 1904 2169 incredulitate
1932 2105 2019 2169 tua
2046 2111 2061 2158 ;
2087 2104 2203 2149 stu-

636 2162 802 2223 diose'
840 2182 1119 2238 persevera
1157 2205 1173 2230 ,
1224 2162 1399 2238 donec
1426 2174 1636 2238 _teneas
1690 2162 1831 2238 fidei
1862 2168 2152 2238 anchoram
2183 2181 2200 2229 ;

638 2232 1001 2292 vehementius
1030 2250 1323 2305 persevera
1342 2234 1394 2287 in
1426 2232 1527 2305 hoc
1553 2242 1643 2287 tuo
1684 2232 1984 2305 desiderio,
2030 2234 2203 2288 donec

636 2307 816 2362 videas
843 2322 964 2361 eum
991 2302 1150 2375 quem
1179 2303 1467 2358 desideras.
1502 2302 2040 2375 Amo_eogitatioumn
2082 2312 2200 2357 tua-

636 2393 752 2433 rum
779 2371 1189 2437 dubitationem,
1214 2388 1333 2442 quae
1362 2387 1575 2425 omnem
1619 2371 2027 2442 dubitationem
2048 2387 2198 2428 rese-

635 2457 765 2501 cet:
801 2446 959 2499 laudo
1007 2441 1241 2499 modum
1269 2442 1416 2495 illum
1464 2442 1853 2495 contentiusum
1900 2451 1957 2495 et
1998 2441 2198 2497 Christi

632 2526 899 2570 amantem
924 2554 942 2578 ,
974 2515 1139 2578 utqui
1166 2526 1378 2566 omnem
1406 2511 1775 2563 hasreticorttm
1801 2512 2197 2565 contentionem

631 2585 860 2639 auferat.
897 2582 974 2638 Ne
998 2583 1185 2637 credas
1210 2622 1224 2643 ,
1249 2580 1358 2650 jam
1387 2579 1553 2648 magis
1581 2579 1739 2634 ﬁdem
1768 2595 1927 2646 neges
1946 2620 1962 2638 .
2004 2589 2062 2634 ut
2099 2596 2198 2649 ego

632 2656 854 2707 ﬁrmiter
886 2653 1121 2706 credam.
1152 2651 1342 2715 Quaere
1370 2650 1650 2702 Dominum
1675 2690 1689 2709 ,
1720 2657 1773 2702 et
1803 2664 1928 2702 voca
1960 2665 2196 2717 praesen-

632 2731 738 2778 tem
759 2766 775 2789 ,
814 2732 872 2776 ut
900 2732 953 2776 te
983 2730 1255 2788 qumrente
1279 2734 1342 2773 ac
1370 2727 1591 2789 vocante
1615 2759 1629 2779 ,
1659 2733 1756 2786 ego
1785 2717 2195 2785 Rcdcmptorem

630 2787 806 2847 meum
828 2787 1140 2859 ampleCIar.
1170 2790 1453 2859 Persevera
1481 2787 1621 2859 illum
1644 2802 1882 2859 quterere
1905 2790 1993 2854 qui
2022 2790 2153 2842 dixit
2177 2807 2190 2842 :

632 2861 885 2927 Quierite,
922 2856 977 2913 ‘et
1008 2859 1264 2912 invenietis
1309 2857 1539 2924 (Matth.
1570 2856 1622 2909 7.
1659 2856 1752 2925 7).
1795 2857 1871 2910 Ne
1908 2868 2195 2925 praetereas

628 2926 939 2998 simpliciter
989 2930 1305 2994 explorans,
1355 2928 1400 2979 si
1448 2941 1566 2998 non
1596 2926 1831 2998 reperias
1883 2930 2190 2982 thesaurum

628 2995 785 3070 quem
842 2998 1428 3070 inquiris.__Persevera
1458 2995 1700 3070 __ptt_lsat_ts
1735 2996 1963 3070 januam
2010 2999 2191 3070 cogni-

628 3064 821 3131 tionis,
848 3064 966 3137 qua:
996 3067 1125 3137 nulli
1157 3068 1226 3137 sit
1250 3064 1659 3137 contradictioni
1699 3066 1926 3118 obnoxia
1951 3107 1966 3128 ,
2018 3064 2193 3123 donec

626 3139 767 3192 illam
812 3133 1129 3207 aperiatqui
1156 3135 1288 3188 dixit
1320 3149 1334 3185 :
1372 3133 1581 3207 Pulsate
1605 3173 1618 3195 ,
1670 3144 1717 3186 et
1742 3137 1992 3207 aperietur
2030 3140 2187 3191 vobis.

628 3152 767 3192 utam
812 3152 1015 3207 aperiat
1040 3153 1129 3204 qut
1156 3152 1288 3188 utstt
1320 3152 1334 3185 :
1372 3152 1581 3187 rutsate
1605 3173 1618 3195 ,
1670 3152 1717 3186 et
1742 3152 1992 3256 exertam
2030 3152 2187 3191 vatus.

628 3207 878 3262 Libenter
928 3204 1087 3259 audio
1136 3214 1188 3259 te
1235 3219 1376 3269 smpe
1424 3203 1733 3257 dicentem:
1805 3202 1882 3256 'isi
1930 3207 2100 3259 videro
2138 3210 2191 3260 in

623 3280 851 3330 manibus
879 3278 988 3345 ejus
1011 3278 1227 3343 ﬁxuram
1252 3275 1521 3345 civicorum,
1548 3289 1644 3325 non
1663 3274 1883 3345 credam.
1906 3272 1982 3327 Te
2000 3279 2193 3343 quippe

624 3364 729 3400 non
755 3341 1025 3408 credente,
1057 3359 1155 3413 ego
1196 3343 1416 3414 credere
1447 3341 1609 3414 disco
1636 3360 1648 3395 :
1682 3352 1732 3394 te
1778 3343 1950 3410 ligone
2001 3341 2191 3414 linguae

624 3425 730 3470 tute
758 3432 882 3469 arva
912 3414 1077 3469 divini
1097 3411 1347 3482 corporis
1376 3411 1605 3465 fodiente
1632 3454 1646 3474 ,
1679 3426 1777 3482 ego
1809 3416 2031 3466 lructum
2077 3411 2192 3469 sine

622 3486 803 3540 labare
825 3485 1059 3552 decerpit
1087 3494 1142 3538 et
1190 3480 1317 3536 mihi
1371 3482 1671 3535 accumulo.
1723 3480 1833 3533 Nisi
1876 3484 2059 3537 videro
2108 3485 2191 3538 his

620 3555 755 3609 meis
779 3556 950 3609 oculis
978 3551 1158 3607 sulcos
1186 3554 1238 3607 in
1267 3552 1467 3606 sanctis
1492 3551 1731 3604 manibus
1762 3552 1896 3618 ejus,
1927 3568 2058 3621 quos
2082 3557 2188 3608 sul-

619 3634 807 3680 carunt
833 3624 1001 3693 impii,
1032 3637 1316 3692 numquam
1343 3621 1533 3693 vestris
1554 3623 1935 3693 obtemperabo
1967 3624 2141 3678 verbis
2172 3644 2186 3678 :

625 3697 721 3749 nisi
755 3697 894 3748 hunc
913 3689 1092 3747 meum
1120 3689 1341 3761 digitum
1371 3692 1575 3761 mittam
1608 3693 1657 3742 in
1708 3689 1965 3745 foramina
2014 3694 2189 3747 clavo-

621 3780 757 3821 rum.
775 3764 915 3818 hunc
932 3774 1163 3817 vestrum
1188 3760 1380 3814 bonum
1399 3760 1640 3813 nuntium
1660 3777 1762 3814 non
1784 3762 2039 3828 accipiam
2062 3781 2073 3813 :
2091 3765 2190 3819 nisi

532 3862 533 3867 η
619 3844 829 3901 tangam
871 3833 969 3889 hac.
1010 3847 1168 3885 manu
1214 3846 1330 3885 mea
1369 3830 1506 3883 latus
1533 3829 1700 3901 illud,
1739 3845 1843 3883 non
1884 3846 2189 3898 suspectum

618 3899 1022 3958 resurrectionis
1045 3910 1233 3955 testem
1251 3940 1266 3965 ,
1296 3914 1399 3953 nOn
1421 3899 1633 3953 credam
1664 3901 1965 3953 testimonio
1988 3913 2187 3957 vestro.

685 3972 743 4027 2.
772 3972 973 4026 Videbo
997 3971 1165 4025 oculis
1190 3970 1323 4023 meis
1350 3984 1434 4031 ea,
1460 3983 1699 4042 quoii-os
1725 3970 2022 4037 prtcdicatis
2045 3975 2190 4042 (nam

617 4057 743 4097 aure
780 4042 1040 4096 certiores
1084 4047 1208 4093 sunt
1248 4048 1409 4093 testes
1454 4037 1661 4107 oculi);
1698 4053 1751 4093 et
1793 4048 1917 4094 tunc
1956 4037 2190 4097 vestrum

617 4113 869 4180 recipiant
898 4110 1119 4180 dictum.
1145 4109 1316 4163 Omne
1347 4109 1543 4178 quippe.
1575 4109 1792 4162 verbum
1818 4122 1849 4161 a
1879 4111 2041 4165 rebus
2063 4112 2191 4180 ipsis

614 4179 1008 4243 c0nlirmatutn,
1032 4179 1262 4232 validum
1289 4188 1344 4232 et
1366 4181 1574 4250 lirtnum
1599 4187 1709 4241 est;
1737 4180 1817 4231 sio
1852 4194 2028 4234 rerum
2052 4179 2192 4250 ipsa-

617 4266 732 4329 sum
762 4251 1163 4329 coutinnatione
1185 4250 1439 4329 privetur.
1465 4248 1691 4329 inaniter
1709 4250 1989 4329 a_l;tbiis_in
2010 4248 2189 4306 aerem

586 4318 953 4375 "ddl'unditur.
987 4318 1231 4372 Doctoris
1257 4318 1437 4389 nostri
1454 4318 1706 4389 miracula
1736 4320 2035 4374 hominibus
2056 4336 2191 4389 prte-

615 4391 890 4446 dicaturus
932 4402 1049 4441 sum
1077 4405 1091 4442 :
1116 4388 1384 4456 quomodo
1427 4387 1583 4454 igitur
1620 4400 1681 4439 ea
1716 4402 1834 4455 quae
1876 4404 1981 4441 non
2022 4387 2192 4444 oculis

614 4462 856 4529 percepi,
905 4459 1079 4529 verbis
1125 4456 1441 4529 proteram?
1485 4456 1762 4529 quomodo
1778 4456 2085 4529 incredulis
2128 4476 2190 4515 ea

613 4525 847 4583 credere
878 4525 1148 4587 suadebo.
1175 4528 1365 4595 quibus
1394 4526 1506 4594 ipse
1550 4540 1654 4578 non
1699 4525 1885 4596 adl‘ni?
1924 4532 2190 4596 quomodo

614 4598 813 4654 ludatis
856 4614 917 4652 ac
963 4594 1250 4667 gentilibus
1292 4596 1465 4649 dicam
1499 4611 1512 4650 :
1544 4594 1862 4667 Crucilixtnn
1895 4594 2188 4667 Dominum

614 4684 790 4722 meum
822 4668 924 4721 vidi
950 4666 983 4733 ,7
1008 4666 1380 4720 resuscitatum
1425 4680 1529 4718 non
1559 4666 1701 4729 vidi,
1729 4666 1821 4719 sed
1857 4666 1923 4720 ab
1952 4668 2069 4721 aliis
2097 4685 2192 4722 au-

614 4737 760 4791 divi?
789 4736 985 4806 Ecquis
1012 4736 1126 4791 hmo
1152 4737 1413 4789 dicentem
1448 4735 1871 4806 nonirridebit?
1901 4739 2020 4805 quis
2054 4755 2190 4805 prae-

614 4804 948 4889 dicationem
981 4822 1086 4889 nlon
1127 4814 1340 4889 respuet
1360 4804 1575 4884 inAliud
1603 4815 1685 4889 est
1713 4804 1977 4889 audivisse
1998 4847 2013 4871 ,
2047 4804 2191 4889 aliud

616 4877 857 4931 vidisse:
882 4876 1024 4929 aliud
1068 4875 1228 4928 verba
1274 4875 1545 4943 percipere
1568 4914 1585 4938 ,
1617 4875 1757 4927 aliud
1792 4878 1969 4929 videre
2008 4889 2062 4930 et
2098 4875 2193 4931 ei-

615 4947 803 5015 pcriri.
834 4945 957 4998 llaec
986 4953 1039 4997 et
1076 4944 1266 4997 similia
1300 4960 1417 4997 cum
1446 4948 1765 5015 coapostolis
1801 4946 2003 5001 diceret
2043 4947 2188 5001 Tho-

615 5014 729 5071 iuas
750 5058 765 5079 ,
799 5016 1067 5084 ingressus
1093 5025 1174 5067 est
1202 5030 1408 5084 rursum
1438 5014 1591 5068 Jesus
1616 5014 1683 5068 ad
1711 5015 1997 5084 discipulos
2016 5016 2191 5084 januis

613 5085 831 5139 clausis.
860 5082 1110 5149 ingressa
1139 5092 1223 5137 est
1248 5082 1418 5137 Janua
1450 5085 1570 5137 vita:
1600 5100 1694 5153 per
1718 5082 1927 5139 clausas
1952 5082 2141 5153 januas
2174 5105 2187 5140 :

613 5169 681 5209 eo
711 5155 868 5209 modo
895 5156 1163 5222 ingressus
1200 5166 1301 5215 eat,
1340 5168 1445 5221 quo
1487 5156 1631 5205 novit
1668 5154 1836 5222 ipsum
1882 5154 2051 5209 solum
2097 5157 2190 5212 Dei

616 5223 871 5278 Verbum.
909 5222 1055 5278 Sicut
1082 5224 1224 5295 enim
1256 5238 1376 5276 cmn
1418 5233 1726 5295 natusest,
1758 5225 2072 5295 virginitatis
2104 5228 2187 5294 ja-

617 5307 751 5347 nuas
780 5308 884 5347 nun
916 5294 1049 5345 itl'Sil
1068 5333 1083 5358 ,
1112 5293 1189 5347 sic
1214 5296 1373 5347 etiam
1409 5295 1543 5346 intra
1572 5292 1786 5347 domum
1813 5292 2057 5363 repertus
2084 5292 2186 5363 est,

614 5377 669 5419 et
694 5364 925 5418 claustra
965 5377 1070 5415 non
1115 5362 1285 5433 (regit.
1321 5364 1399 5416 Ac
1426 5376 1643 5427 rursus,
1674 5373 1731 5415 ut
1764 5362 1892 5418 exiit
1917 5382 1980 5419 ex
2008 5362 2190 5432 sepul-

612 5447 710 5490 συ
754 5434 937 5505 clauso
988 5440 1039 5485 et
1088 5432 1386 5501 obsignato,
1436 5433 1514 5487 sic
1559 5434 1831 5505 ingressus
1882 5446 1964 5490 est
2008 5435 2189 5505 januis

614 5505 832 5557 clausis.
878 5503 1153 5571 Ingressus
1180 5518 1245 5557 eo
1274 5514 1354 5557 cst
1383 5517 1545 5557 carne
1566 5542 1583 5568 ,
1618 5503 1705 5557 ubi
1731 5512 1843 5557 erat
1869 5503 2146 5559 divinitate
2169 5547 2185 5571 ,

612 5582 669 5645 ct
691 5574 881 5645 januas
909 5588 1014 5627 non
1044 5573 1274 5645 aperuit.
1311 5572 1484 5626 Voluit
1510 5578 1652 5627 enim
1672 5613 1686 5636 ,
1717 5581 1771 5627 et
1802 5573 1928 5627 nihil
1960 5576 2188 5645 impedi-

614 5642 734 5695 vit:
767 5642 952 5706 voluit,
984 5650 1040 5695 et
1070 5644 1245 5695 omnia
1277 5654 1661 5697 coitcurrerunt
1694 5661 1708 5696 :
1742 5645 1928 5711 voluit,
1957 5655 2010 5699 et
2034 5642 2189 5700 crea-

616 5721 731 5765 tura
777 5712 877 5779 ipsi
915 5713 1205 5781 obseqnuta
1236 5722 1358 5766 est:
1392 5715 1642 5767 voluntati
1674 5714 1792 5779 ejus
1830 5716 2007 5769 omnia
2052 5730 2186 5769 con-

613 5791 918 5851 currcrunt,
966 5784 1109 5851 quod
1158 5798 1283 5838 vere
1328 5781 1468 5837 Deus
1495 5793 1661 5839 esset.
1705 5782 1793 5840 Sic
1832 5797 1885 5839 ct
1914 5790 2187 5856 generatio

2128 379 2399 436 SI’URIA.

3815 383 3919 443 684

2333 499 2447 565 ejus
2475 510 2688 551 omnem
2726 504 3028 551 sermonem
3056 506 3295 567 superat.
3335 505 3390 553 et
3426 499 3604 552 exitus
3627 512 3692 553 es
3726 515 3920 557 monu-

2330 578 2511 641 mento
2539 572 2796 641 mentem
2817 581 3079 641 _omnem_
3109 567 3495 641 transcendit,
3529 570 3918 641 ingressusque

2329 636 2553 707 ejusiad
2584 635 2897 707 discipulos
2947 634 3760 707 ineﬂ‘abilisinenarrabilisque
3808 634 3914 695 e'st.

2327 706 2476 778 Quod
2508 704 2719 773 quidem
2750 705 3019 778 ingressus
3041 704 3113 778 sit
3136 705 3201 759 ad
3226 705 3539 774 discipulos.
3572 704 3914 778 boe'qtiidem

2326 774 2547 827 edoctus
2574 788 2690 828 sum
2716 790 2730 826 :
2757 773 3028 842 quomodo
3050 776 3322 842 ingressus
3340 778 3438 837 sit,
3464 773 3909 833 nondum—didici.

2324 844 2474 917 Quod
2508 861 2610 897 tton
2643 844 2757 912 ipse
2788 845 3030 917 percepi,
3070 860 3169 898 nec
3208 845 3386 899 dicere
3414 847 3607 917 audeo.
3642 846 3779 901 Eum
3820 851 3913 917 qui

2327 914 2597 982 ingressus
2622 923 2701 965 est
2731 913 2947 966 celebro
2967 953 2982 977 ,
3018 914 3291 981 ingressus
3317 916 3532 968 modum
3562 932 3668 969 non
3693 913 3914 974 curiose

2324 982 2535 1054 inquiro
2568 1000 2579 1035 :
2616 982 2852 1054 praedico
2875 984 3187 1054 mysterium
3208 1024 3223 1045 ,
3265 999 3364 1037 nec
3402 984 3612 1051 esplico
3642 987 3785 1054 quod
3817 1002 3914 1040 ex-

2325 1051 2505 1124 plicari
2552 1053 2728 1119 nequit
2764 1069 2777 1105 :
2809 1050 3017 1120 signum
3063 1050 3263 1124 editum
3307 1054 3583 1119 admiror,
3632 1050 3912 1124 quomodo

2324 1120 2515 1174 factum
2558 1123 2631 1174 sit
2672 1133 2774 1173 non
2817 1134 3001 1188 qumro
3034 1143 3046 1175 ;
3078 1121 3142 1190 iis
3168 1137 3288 1188 qua:
3316 1124 3517 1190 scripta
3545 1120 3666 1177 soni
3694 1126 3863 1178 credo
3890 1166 3907 1190 ,

2321 1205 2417 1243 nec
2445 1191 2656 1243 curiose
2682 1190 2943 1261 exploro,
2973 1200 3027 1243 et
3070 1189 3296 1261 salutem
3324 1189 3646 1261 conSequor.
3678 1189 3911 1249 Auditor

2318 1261 2513 1327 quippe
2556 1275 2673 1312 sum
2713 1259 3091 1312 miraculorum
3121 1260 3350 1325 Domini,
3385 1259 3707 1318 neu—autem
3739 1266 3792 1316 in
3820 1265 3909 1317 di-

2318 1329 2456 1399 vinis
2508 1329 2611 1381 illis
2658 1328 3057 1396 operationibus
3106 1342 3351 1399 versatus
3396 1346 3536 1383 sum.
3585 1333 3649 1386 Et
3692 1335 3736 1386 si
3784 1335 3906 1399 quis

2316 1396 2619 1450 Juda‘orutn
2667 1399 2862 1451 dixerit
2908 1399 3035 1450 mihi
3081 1415 3094 1448 :
3140 1398 3248 1452 Res
3294 1414 3511 1466 prorsus
3561 1396 3905 1458 incredibiles

2318 1469 2574 1534 pncdicas
2602 1475 2657 1521 et
2700 1466 3095 1537 impossibiles;
3125 1469 3393 1536 quomodo
3439 1472 3610 1537 potuit
3656 1473 3904 1536 corporis

2318 1539 2486 1591 moles
2506 1537 2682 1605 januis
2707 1537 2903 1590 clausis
2925 1536 3166 1590 intrare?
3194 1538 3367 1591 dicam
3393 1536 3446 1590 et
3474 1554 3574 1606 ego
3600 1540 3677 1592 illi
3707 1559 3720 1593 :
3745 1542 3901 1605 Quo-

2318 1607 2475 1659 modo
2507 1608 2676 1675 potuit
2706 1607 3042 1675 Habaencum
3072 1608 3294 1674 angelus
3319 1607 3589 1663 deducere
3634 1610 3683 1662 in
3722 1611 3900 1664 lacum

2316 1674 2605 1737 leooum,et
2626 1689 2832 1727 rursum
2848 1674 2979 1747 inde
2997 1676 3272 1747 reducere,
3295 1687 3349 1732 et
3368 1679 3608 1743 apposita
3627 1680 3901 1747 signacula

2312 1747 2455 1817 salva
2486 1755 2540 1799 et
2561 1747 2759 1817 integra
2783 1745 3083 1817 relinquere
3108 1743 3271 1814 (Dan.
3300 1748 3351 1800 4.
3383 1748 3501 1817 δερ
3530 1743 3729 1801 Servus
3753 1749 3899 1816 quod

2313 1815 2478 1886 voluit
2502 1814 2695 1886 effecit,
2723 1824 2776 1867 et
2804 1813 3062 1886 Dominus
3092 1817 3414 1886 nonpotuit,
3451 1813 3510 1869 ut
3535 1818 3633 1870 sibi
3659 1813 3900 1886 placuit?

2310 1883 2764 1948 Quemadmodum
2809 1897 2935 1951 ergo
2980 1883 3106 1936 illud
3138 1884 3349 1938 volente
3395 1887 3503 1948 Deo
3543 1883 3737 1939 factum
3790 1897 3896 1947 est.

2310 1954 2380 2005 ita
2427 1964 2480 2008 et
2526 1954 2625 2008 hoc
2656 1953 2865 2022 volente
2894 1955 3001 2007 Deo
3030 1952 3205 2007 Verbo
3228 1994 3240 2014 .
3273 1957 3361 2022 qui
3391 1954 3552 2008 homo
3578 1957 3747 2010 factus
3768 1967 3853 2010 est
3879 1996 3895 2021 ,

2311 2023 2601 2093 perfectum
2634 2022 2763 2093 fuit.
2785 2020 3060 2093 Ingressus
3092 2034 3174 2076 est
3202 2020 3329 2091 ergo
3356 2024 3422 2077 ad
3448 2026 3740 2093 discipulos
3766 2020 3898 2079 suos

2308 2092 2585 2153 Servatur,
2621 2103 2678 2146 ut
2703 2092 2802 2144 sibi
2837 2092 3053 2159 placuit,
3086 2102 3139 2146 et
3162 2102 3307 2145 stetit
3338 2094 3389 2146 in
3420 2092 3619 2157 medio,
3644 2106 3700 2149 ut
3718 2098 3899 2149 omnis

2306 2162 2406 2216 bus
2452 2164 2563 2231 pari
2614 2161 2772 2215 modo
2818 2170 3121 2230 appareret,
3164 2170 3220 2215 et
3262 2164 3398 2217 dixit
3435 2166 3561 2218 eis:
3598 2163 3713 2220 Pas:
3751 2166 3897 2219 vobis

2309 2231 2485 2299 (Joan.
2514 2232 2602 2287 20.
2633 2231 2887 2301 26}.7Pasﬁ
2924 2231 3068 2301 enim
3108 2245 3248 2293 sum,
3293 2243 3348 2285 et
3392 2248 3575 2301 pacem
3615 2233 3685 2287 do
3715 2236 3892 2291 vobis.

2304 2302 2455 2365 Quod
2496 2316 2634 2362 sum,
2666 2302 2717 2354 id
2744 2300 2833 2354 do.
2862 2300 2970 2371 Pax
2999 2300 3115 2371 btet:
3144 2316 3331 2356 omnes
3359 2300 3602 2357 inimicos
3636 2306 3895 2371 SlllllelCI.

2303 2372 2401 2423 sub
2447 2372 2667 2438 pedibus
2712 2370 2900 2424 vestris
2930 2386 2943 2421 :
2972 2385 3069 2438 pas
3103 2370 3217 2423 haec
3258 2387 3447 2426 omnes
3478 2370 3806 2440 principatus
3835 2384 3895 2428 et

2303 2451 2595 2508 potestates
2647 2440 2888 2495 subditas
2934 2440 3085 2510 vobis
3127 2440 3282 2510 faciet
3328 2458 3340 2493 :
3394 2457 3495 2510 pax
3535 2442 3649 2495 haec
3698 2456 3892 2497 contra

2303 2519 2469 2564 totum
2492 2512 2675 2563 orbem
2699 2519 2956 2576 tropaeum
2981 2509 3173 2580 eriget.
3213 2509 3389 2565 Gavisi
3418 2522 3542 2565 sunt
3568 2527 3696 2580 ergo
3723 2514 3895 2567 disci-

2304 2581 2433 2647 pttli,
2460 2594 2579 2633 eum
2615 2580 2820 2633 DOmini
2861 2580 2940 2633 sui
2972 2578 3140 2632 forma
3167 2588 3222 2634 et
3262 2596 3389 2633 voce
3420 2582 3612 2634 iterum
3636 2578 3891 2635 irneren-

2304 2660 2407 2718 tur.
2440 2661 2492 2703 et
2522 2648 2781 2702 Thomam
2806 2649 2999 2702 cubitis
3026 2650 3307 2716 pulsabant
3331 2667 3347 2713 ;
3375 2650 3473 2718 ipsi
3497 2653 3667 2703 oculis
3688 2666 3892 2705 amme-

2300 2717 2446 2783 bant,
2485 2733 2549 2771 ac
2582 2720 2962 2787 propemodum
3017 2717 3423 2786 superciliorum
3464 2732 3594 2774 nutu
3633 2721 3892 2776 dicebant

2300 2787 2372 2840 illi
2400 2805 2414 2839 :
2445 2792 2636 2841 Annon
2665 2789 2900 2840 diximus
2930 2790 3017 2841 tibi
3051 2803 3253 2855 nuper,
3302 2787 3531 2843 Vidimus
3568 2790 3884 2857 Dominum,

2297 2870 2347 2927 et
2377 2872 2479 2927 non
2507 2857 2776 2911 credidisti
2811 2857 3001 2911 nobis?
3030 2856 3168 2911 Ecce
3196 2857 3347 2912 adest
3376 2859 3489 2927 ipse
3518 2856 3881 2923 desideratus,

2298 2926 2414 2993 ipso
2441 2925 2618 2979 fruere
2649 2937 2704 2979 ut
2729 2929 2829 2989 vis,
2859 2928 3123 2980 delectare
3156 2937 3211 2979 ut
3241 2925 3515 2981 desideras
3547 2946 3559 2981 :
3585 2932 3785 2984 accede
3811 2931 3884 2984 ad

2296 3013 2440 3059 eum,
2472 2999 2560 3066 qui
2596 3008 2811 3065 propter
2839 2999 3060 3049 salutem
3093 3007 3233 3048 tuam
3259 2998 3325 3050 ad
3353 3013 3451 3051 nos
3476 3000 3747 3065 ingressus
3772 3007 3881 3065 est,

2294 3076 2347 3119 et
2374 3065 2556 3133 accipe
2578 3065 2930 3134 qntestionnm
2962 3066 3306 3120 solutionem.
3338 3066 3455 3135 Ipse
3486 3084 3614 3121 vero
3639 3068 3882 3124 Thomas

2295 3136 2468 3189 stabat
2512 3136 2678 3189 oculis
2720 3138 3154 3202 circumspiciens
3182 3136 3355 3190 omnia
3386 3137 3682 3191 Servatnris
3709 3154 3886 3193 metu:-

2296 3206 2409 3269 bra,
2436 3216 2488 3259 et
2507 3206 2711 3273 singula
2734 3206 3273 3272 cttrtoseexplorans,
3292 3221 3358 3258 an
3382 3222 3506 3261 \ere
3526 3210 3612 3275 qui
3637 3221 3885 3263 mortuus

2296 3285 2426 3339 erat,
2457 3277 2800 3328 resum‘ilﬂlts
2828 3276 3057 3329 :ItleSst'l.
3081 3275 3215 3339 Quid
3238 3290 3363 3342 ergo
3378 3277 3514 3330 dixit
3541 3279 3588 3330 ei
3620 3280 3709 3331 ille
3730 3279 3885 3332 Solus

2298 3345 2467 3397 bonus
2486 3386 2500 3408 ,
2533 3346 2679 3397 Solus
2710 3345 3008 3397 misericors
3038 3354 3089 3396 el
3119 3345 3375 3413 benignus
3394 3387 3408 3407 ,
3444 3346 3547 3412 Qui
3573 3349 3677 3401 vult
3706 3364 3884 3400 attines

2295 3415 2519 3483 homines
2561 3416 2726 3466 salvos
2770 3414 2901 3479 ﬁeri,
2939 3424 2984 3466 et
3022 3413 3090 3466 ad
3129 3417 3434 3483 agnitionem
3466 3418 3684 3470 veritatis
3713 3420 3887 3470 venire

2299 3486 2372 3553 (l.
2404 3482 2534 3553 Tim.
2566 3484 2621 3536 2.
2650 3485 2742 3551 4)?
2768 3483 2914 3552 lufer
2938 3483 3148 3552 digitum
3167 3482 3321 3537 tuum
3341 3486 3460 3549 huc,
3486 3497 3531 3538 et
3560 3488 3670 3539 vide
3697 3503 3885 3541 manu

2295 3552 2448 3609 meas.
2480 3552 2524 3607 Ο
2550 3553 2889 3621 benignitatis
2915 3560 3126 3623 culmen
3149 3555 3472 3623 immensum
3498 3556 3511 3607 !
3541 3571 3574 3609 ο
3602 3556 3884 3623 indulgen-

2294 3623 2381 3676 tia:
2427 3620 2821 3677 interminatum
2855 3622 3100 3690 pelagus!
3146 3620 3258 3675 Non
3306 3626 3634 3692 exapectavit
3675 3620 3881 3680 aditum

2293 3692 2571 3760 discipuli,
2603 3707 2706 3745 non
2735 3693 3062 3759 exspectavit
3090 3692 3260 3745 donec
3298 3695 3522 3762 supplex
3560 3696 3880 3757 accederet,

2294 3777 2357 3815 ac
2402 3772 2608 3830 peteret
2648 3773 2705 3815 ut
2745 3772 2983 3832 optatum
3020 3776 3429 3829 assequi-retur,
3475 3778 3645 3832 neque
3684 3766 3764 3819 vel
3810 3766 3881 3819 ad

2295 3832 2455 3885 breve
2487 3842 2694 3897 tempus
2738 3830 2981 3891 distulit;
3026 3832 3117 3883 sed
3166 3846 3278 3899 Ipse
3318 3830 3882 3899 praesens'atnatorctn

2295 3901 2361 3973 ad
2398 3900 2763 3973 desidet-almo
2800 3900 2847 3952 vi
2888 3902 3165 3973 compulit,
3193 3904 3329 3973 ipse
3360 3917 3490 3973 voce
3516 3918 3610 3956 sua
3653 3904 3883 3973 digitum

2294 3971 2647 4043 desiderantis
2700 3969 2765 4023 ad
2819 3972 3136 4043 se_traxit,
3192 3971 3306 4043 ipse
3369 3970 3641 4043 Dominica
3702 3969 3883 4043 lingua

2295 4042 2541 4114 servilem
2586 4056 2799 4114 manum
2840 4038 2906 4091 ad
2934 4054 3004 4114 se
3049 4038 3341 4109 pertraxit,
3368 4042 3554 4114 dicens
3582 4043 3656 4096 itli
3687 4063 3702 4096 :
3731 4038 3888 4114 life:-

2294 4111 2505 4178 digitum
2528 4119 2668 4163 tuam
2689 4110 2807 4174 hac,
2826 4119 2873 4161 et
2898 4110 3011 4161 vide
3034 4125 3212 4163 manus
3236 4126 3392 4165 meas.
3412 4112 3638 4178 Proitter
3658 4124 3710 4167 te
3732 4110 3884 4169 enim

2297 4190 2348 4234 te
2389 4180 2517 4244 adii,
2566 4192 2783 4248 propter
2826 4189 2878 4232 te
2919 4192 3128 4233 rursum
3161 4181 3263 4234 huc
3290 4182 3517 4246 accessi,
3546 4184 3686 4235 unde
3716 4200 3879 4237 nutna

2294 4265 2452 4319 quam
2495 4254 2787 4321 secundum
2835 4248 3163 4321 divinitatem
3180 4249 3485 4321 mbl‘tteram
3520 4269 3534 4303 :
3564 4262 3780 4321 propter
3830 4264 3887 4307 to

2296 4334 2485 4373 manus
2519 4319 2679 4373 hasce
2715 4319 2880 4372 clavis
2917 4319 3256 4386 coollgendas
3283 4322 3491 4388 porrexi
3512 4363 3526 4381 .
3558 4330 3611 4375 ut
3643 4319 3734 4376 tibi
3763 4326 3889 4379 sine

2296 4390 2533 4461 periculo
2560 4401 2650 4461 tuo
2672 4390 2893 4461 Salutem
2911 4403 3177 4461 mret-em.
3203 4390 3416 4444 Accede
3433 4392 3496 4444 ad
3522 4407 3607 4445 nte
3628 4406 3883 4461 corpore,

2295 4459 2525 4530 spiritu,
2558 4458 2693 4520 (ide,
2741 4467 2795 4513 et
2836 4458 2981 4512 clare
3196 4476 3315 4527 qute
3342 4462 3551 4515 discere
3584 4458 3881 4530 cupiebas:

2299 4544 2393 4597 pro
2422 4529 2588 4600 lubito
2616 4537 2705 4583 tuo
2733 4540 2993 4600 scrutare,
3026 4529 3192 4593 disce,
3223 4540 3378 4598 tange
3411 4547 3425 4581 :
3450 4534 3596 4600 quasi
3627 4529 3801 4586 infans
3830 4538 3885 4587 in

2297 4599 2539 4651 manibus
2569 4600 2701 4670 meis
2726 4600 2919 4670 scripta
2953 4599 3070 4670 lege
3096 4600 3406 4654 voluntariae
3446 4599 3710 4670 passionis
3746 4619 3887 4658 mea:

2296 4670 2533 4722 vulnera.
2565 4666 2754 4722 Omnia
2797 4668 2887 4721 tibi
2915 4669 3153 4721 membra
3189 4670 3253 4722 ad
3285 4666 3628 4725 scrutandum
3665 4672 3838 4727 oll'ero
3868 4691 3884 4727 :

2297 4754 2400 4790 non
2445 4738 2703 4792 erubesco
2746 4741 2987 4806 Corporis
3022 4739 3249 4799 livores.
3290 4755 3391 4794 nec
3417 4740 3595 4794 carnis
3621 4744 3843 4798 vulnera
3868 4785 3886 4807 ,

2295 4824 2413 4876 qua:
2454 4820 2669 4875 propter
2711 4810 2927 4861 vulnera
2978 4822 3152 4862 vestra
3199 4812 3383 4879 excepi
3415 4828 3428 4864 :
3459 4825 3563 4865 non
3607 4813 3889 4868 abscondo

2294 4879 2474 4945 gloria:
2516 4879 2854 4950 victoriaeque
2904 4892 3036 4931 mete
3082 4887 3279 4948 tropma
3304 4897 3323 4950 ζ
3342 4881 3521 4950 palam
3557 4884 3754 4950 prodeo
3778 4924 3795 4948 ,
3829 4892 3888 4938 et

2295 4950 2436 5001 omni
2482 4961 2741 5002 creatum
2785 4948 2869 5001 illa
2919 4950 3092 5016 palam
3123 4952 3278 5003 iacio.
3314 4949 3455 5004 Vidit
3492 4948 3577 5005 illa
3618 4954 3732 5016 sol;
3763 4955 3888 5008 ideo

2295 5024 2516 5073 secessit
2538 5028 2592 5072 et
2613 5020 2752 5071 diem
2782 5018 2833 5071 in
2866 5028 3076 5072 noctem
3101 5022 3327 5073 mutavit
3352 5039 3366 5075 :
3396 5021 3525 5075 vidit
3554 5031 3729 5086 terra;
3761 5023 3889 5077 ideo

2296 5088 2429 5170 fugae
2478 5090 2650 5170 locum
2698 5089 2940 5170 quaslvit
2980 5088 3143 5143 :htec
3174 5094 3362 5170 _sciunt
3404 5103 3608 5170 petrm;
3655 5092 3892 5162 ideoque

2294 5159 2472 5213 scissa:
2502 5168 2646 5220 sunt,
2675 5168 2729 5211 et
2758 5159 3018 5213 scissione
3046 5161 3348 5228 passionem
3387 5159 3558 5215 meant
3591 5159 3843 5216 luxerunt
3871 5182 3886 5218 :

2296 5228 2408 5301 hinc
2432 5229 2606 5282 sciunt
2633 5230 2857 5293 mortui;
2888 5243 3010 5283 nam
3046 5239 3323 5298 propterea
3360 5246 3426 5286 ex
3462 5232 3721 5299 sepulcris
3759 5249 3891 5301 pro-

2292 5299 2441 5371 diere
2486 5307 2762 5371 currentes
2800 5316 2815 5353 :
2854 5302 2967 5353 lucc
2996 5300 3144 5355 novit
3186 5303 3358 5356 velum
3401 5304 3619 5371 templi;
3652 5299 3891 5371 ideoque

2294 5368 2573 5422 discissum
2618 5368 2925 5423 indecorum
2973 5372 3261 5437 perniciem
3308 5373 3455 5425 luxit.
3513 5368 3653 5425 ’νέαι
3699 5368 3889 5425 manus

2293 5454 2449 5511 meas,
2480 5449 2539 5492 ut
2567 5439 2773 5492 voluisti
2809 5455 2822 5490 :
2859 5440 3080 5508 digitum
3112 5449 3259 5494 tuum
3289 5441 3515 5497 immitte
3540 5442 3594 5496 in
3621 5442 3887 5511 profunda

2297 5509 2565 5577 plagarum
2596 5522 2858 5563 mearum.
2897 5511 2985 5563 Vis
3022 5525 3234 5579 quoque
3262 5512 3397 5565 latus
3424 5527 3601 5567 meum
3624 5509 3893 5567 conside-

2292 5594 2412 5653 rare
2445 5595 2460 5632 :
2492 5594 2618 5653 ecce
2664 5579 2788 5634 illud
2838 5580 3083 5653 expando
3114 5582 3227 5653 tibi.
3281 5582 3419 5636 lufcr
3468 5597 3684 5653 manum
3738 5590 3889 5637 tuam

2294 5649 2439 5702 illam
2469 5650 2731 5702 curiosam
2753 5689 2767 5715 ,
2803 5660 2856 5703 et
2886 5649 3037 5703 mitte
3067 5652 3117 5703 in
3159 5652 3295 5706 latus
3322 5668 3499 5707 meum
3534 5671 3547 5706 :
3577 5649 3734 5720 tange
3758 5669 3891 5707 cor-

2297 5733 2397 5787 pus
2424 5734 2599 5773 meutn
2619 5760 2635 5779 .
2668 5720 2807 5788 quod
2838 5720 2954 5773 sine
2980 5722 3186 5775 semine
3217 5722 3352 5776 virili
3380 5724 3727 5776 constitutum
3756 5734 3841 5777 est
3872 5739 3891 5777 :

2300 5800 2455 5858 tange
2476 5804 2670 5858 corpus
2696 5805 2872 5845 meum
2899 5803 3217 5862 conceptum
3250 5808 3318 5849 ea
3354 5792 3516 5848 Maria
3550 5791 3767 5864 Virgine
3789 5832 3805 5861 ,
3830 5804 3890 5849 et
