4194 6318
296 363 395 421 685

307 476 497 542 virgine
523 484 782 531 manente
815 494 825 529 ε
859 486 1012 545 tange
1033 491 1224 545 corpus
1246 490 1424 529 meum
1450 516 1461 538 ,
1492 475 1631 544 quod
1661 474 1898 543 ejusdem

304 557 471 601 teCum
495 549 716 622 generis
743 557 828 601 est
849 565 860 599 τ
885 559 1040 616 tange
1065 561 1258 622 corpus
1287 562 1481 622 meum,
1517 546 1656 612 quod
1692 560 1901 614 passum

304 629 376 669 est
404 618 701 670 secundum
724 633 901 672 meum
926 618 1253 686 propositum
1276 625 1330 672 et
1352 618 1680 671 voluntatem
1705 634 1716 665 :
1746 628 1902 684 tange

302 702 497 755 corpus
529 702 732 749 meum,
767 689 909 755 quod
937 696 1204 741 tnortttum
1231 695 1313 741 est
1345 701 1439 753 pro
1469 688 1639 750 vobis,
1667 686 1760 741 scd
1794 704 1899 739 non

302 756 614 824 absorptnm
656 767 741 812 est
786 772 818 812 ιι
862 760 1050 812 mortis
1091 757 1473 826 corruptione:
1503 763 1661 825 tange
1706 771 1903 825 corpus

302 845 503 887 meum,
530 827 669 896 quod
692 828 1027 882 tremendum
1050 838 1133 884 est
1155 828 1485 895 ineorporeis
1516 827 1864 895 potestatibus
1888 845 1900 879 :

301 907 459 966 tange
487 914 683 965 corpus
718 913 895 952 meum
919 940 931 962 ,
963 899 1104 966 quod
1146 898 1533 952 formidandum
1577 908 1660 952 est
1698 898 1903 952 Cheru-

301 968 463 1032 binis,
490 977 546 1021 ιιι
571 970 933 1023 venerandum
960 968 1299 1037 Serapliinis;
1327 977 1381 1023 et
1405 969 1733 1038 experientia
1755 967 1903 1022 disce

300 1040 425 1106 quid
463 1041 514 1091 itt
549 1053 634 1092 me
672 1039 740 1093 sit
783 1041 1080 1108 palpabile,
1117 1041 1239 1108 quid
1283 1056 1386 1093 non
1428 1039 1689 1108 palpabile
1714 1082 1727 1101 ,
1777 1038 1900 1105 quid

300 1110 560 1177 possibile
585 1152 598 1171 ,
630 1110 757 1176 quid
793 1110 1155 1179 impossibile,
1187 1109 1313 1176 quid
1353 1111 1575 1164 mortale
1596 1150 1611 1173 ,
1650 1108 1774 1178 quid
1806 1111 1873 1161 im

300 1180 555 1241 mortale,
573 1179 697 1249 quid
712 1189 979 1234 mortuum
996 1195 1091 1250 pro
1109 1188 1161 1234 te
1182 1181 1269 1242 sit,
1289 1180 1414 1248 quid
1436 1180 1682 1233 interitus
1707 1195 1770 1233 ex
1781 1194 1901 1250 pers

301 1251 585 1316 manserit,
616 1251 743 1319 quid
770 1252 867 1305 sub
891 1249 1087 1319 digitOs
1111 1250 1268 1305 cadat
1297 1261 1435 1313 tuos,
1468 1250 1595 1319 quid
1625 1266 1727 1303 non
1748 1249 1903 1303 cadat

299 1322 402 1373 sub
434 1336 653 1373 nzanuin
684 1332 826 1374 tuam
858 1339 870 1374 :
905 1320 967 1373 Et
996 1322 1102 1374 noli
1127 1338 1233 1374 esse
1264 1322 1578 1379 incredulus.
1610 1320 1697 1373 sed
1713 1320 1898 1388 ﬁdelis.

371 1392 425 1444 3.
464 1390 689 1449 Audivi.
737 1391 965 1453 Tboma,
1019 1408 1124 1445 nun
1176 1406 1413 1453 pra-scus
1458 1402 1515 1444 ut
1568 1390 1746 1451 homo.
1807 1390 1899 1443 sed

300 1475 548 1531 pra-setis
580 1471 635 1514 ut
666 1461 809 1515 Deus
830 1503 842 1519 .
878 1478 995 1529 quae
1028 1461 1280 1515 fratribus
1311 1464 1413 1515 tuis
1446 1463 1677 1516 dixeris:
1703 1462 1903 1515 dcitate

300 1532 455 1585 vobis
488 1532 706 1585 aderam
733 1573 748 1594 ,
787 1547 815 1585 a
864 1534 1011 1585 vobis
1041 1543 1319 1599 separatus
1352 1534 1699 1586 humanitate.
1733 1532 1821 1583 \‘is
1853 1533 1901 1584 in

302 1605 625 1655 memoriam
653 1618 900 1657 revocent
932 1604 1021 1657 tibi
1060 1604 1219 1657 verba
1252 1619 1368 1670 quae
1401 1619 1569 1671 nuper
1601 1601 1904 1671 protulisti?

302 1674 500 1725 Annon
546 1673 758 1737 dixisti,
806 1673 919 1727 Nisi
952 1673 1121 1727 vidrro
1158 1674 1207 1726 in
1258 1674 1489 1726 munibus
1534 1675 1643 1743 ejus
1682 1674 1903 1740 ﬁxuram

298 1744 564 1795 rint-orum
587 1786 601 1806 ,
635 1752 679 1795 ct
710 1745 905 1796 mittunt
950 1759 1154 1797 manum
1186 1760 1345 1796 meum
1376 1745 1428 1796 in
1458 1745 1591 1797 Intus
1620 1743 1732 1813 ejus
1752 1785 1767 1808 ,
1801 1759 1902 1796 non

296 1814 551 1867 credam?
580 1815 769 1867 Annon
813 1813 929 1868 h:rc
976 1815 1135 1868 verba
1186 1824 1506 1882 pepererunt
1552 1815 1905 1883 cogitationes

299 1885 450 1936 tum?
480 1898 660 1936 annon
688 1883 801 1938 lucc
830 1884 990 1939 verba
1025 1894 1308 1937 manarunt
1328 1900 1391 1941 ex
1426 1884 1579 1939 labiis
1604 1886 1746 1938 tuis?
1776 1884 1905 1937 Pro—

300 1966 421 2023 pter
453 1953 570 2008 ba-c
592 1969 802 2007 rursum
832 1956 973 2017 veni,
996 1955 1116 2022 quia
1147 1954 1357 2009 dubitas
1379 1973 1393 2009 :
1417 1956 1655 2010 secundo
1678 1954 1901 2020 accessi,

296 2024 423 2148 auia
477 2024 528 2078 id
575 2024 936 2079 desiderabas.
980 2024 1056 2079 Ne
1086 2034 1135 2080 te
1167 2025 1362 2095 pudeat
1401 2040 1464 2080 ea
1496 2027 1739 2089 discere,
1785 2040 1905 2095 qua:

337 2097 613 2148 esidcras:
660 2110 725 2148 ne
764 2097 1059 2148 reverearis
1092 2110 1190 2148 ea.
1231 2111 1350 2148 oua:
1392 2097 1543 2148 cunis
1574 2101 1791 2148 curiose
1820 2097 1903 2148 in-

337 2097 613 2159 esidcras;
660 2110 725 2149 ne
764 2097 1059 2150 reverearis
1092 2110 1190 2156 ea,
1231 2111 1350 2165 qua:
1392 2097 1543 2165 cupis
1574 2101 1791 2151 curiose
1820 2097 1903 2149 in-

297 2168 553 2237 quirere,
589 2181 657 2237 ne
684 2180 901 2221 recuses
945 2166 1169 2237 digitum
1201 2175 1347 2221 tuum
1397 2166 1594 2221 inferre
1620 2168 1670 2221 in
1714 2179 1906 2220 manus

299 2251 475 2291 meas.
512 2236 741 2307 Digitum
770 2235 1038 2291 curiosum
1080 2235 1244 2291 feram
1268 2277 1283 2303 ,
1332 2246 1389 2291 ιιι
1424 2238 1602 2293 clavos
1644 2238 1865 2292 toleravi
1890 2253 1909 2292 :

298 2308 538 2359 amantis
565 2307 925 2361 curiositatem
954 2308 1249 2371 sustinebo,
1279 2318 1337 2361 ιιι
1356 2308 1583 2363 sustinui
1613 2309 1906 2364 odientiutn

299 2392 389 2449 tne
437 2378 690 2446 injuriam
730 2378 1039 2449 cruciﬁxus.
1084 2377 1197 2432 Non
1244 2378 1546 2449 indignatus
1590 2394 1741 2445 sum,
1785 2393 1908 2435 cum

298 2448 508 2501 inimici
544 2450 595 2501 in
622 2462 705 2519 me
726 2447 1206 2512 debaccbarcntur,
1232 2460 1284 2503 et
1301 2447 1542 2505 amanter
1562 2465 1591 2504 a
1617 2458 1667 2503 te
1689 2458 1908 2519 rogatus

299 2534 412 2572 non
454 2518 659 2574 feram?
689 2518 831 2573 Irifer
872 2519 1092 2589 digitum
1125 2529 1271 2573 tuum
1316 2520 1452 2583 huc,
1491 2530 1547 2575 et
1572 2520 1692 2575 vide
1717 2518 1909 2575 manus

301 2604 455 2643 tne-is
484 2589 793 2643 vulneratus
820 2604 920 2658 pro
948 2590 1097 2645 vobis
1121 2630 1134 2653 ,
1182 2601 1235 2644 ut
1277 2591 1574 2645 animarum
1608 2600 1906 2646 vestrarum

300 2658 506 2714 livores
531 2670 787 2715 curentur
812 2678 823 2713 :
852 2660 971 2715 vide
997 2675 1185 2714 manus
1213 2676 1380 2727 meas,
1404 2670 1457 2716 et
1489 2673 1663 2717 tecum
1697 2675 1906 2730 rcpuza,

300 2746 434 2806 nom
464 2732 551 2785 ille
580 2733 692 2801 ipse
714 2731 835 2799 sim,
861 2732 947 2806 qui
976 2731 1159 2790 volens
1182 2733 1467 2790 cruciﬁxus
1486 2748 1630 2801 sum,
1655 2748 1719 2788 an
1743 2733 1905 2790 alius:

300 2801 429 2877 vide
462 2820 658 2877 manus
690 2801 1024 2877 mcasfquas
1054 2807 1270 2877 permisi
1300 2806 1505 2862 Judaici
1540 2807 1749 2877 furoris
1767 2822 1912 2877 sym-

300 2876 426 2929 bola
460 2875 602 2929 ferre
623 2893 636 2927 :
664 2886 717 2928 ιιι
738 2876 951 2944 quando
971 2875 1138 2932 Judzei
1168 2893 1263 2945 pro
1284 2892 1433 2933 more
1454 2892 1552 2933 suo
1574 2875 1913 2945 impudenter

300 2959 363 2999 se
391 2955 585 3015 gerent
615 2947 667 3001 io
693 2947 780 3001 die
806 2946 985 3015 iudicii
1017 2962 1077 3001 ac
1099 2948 1277 3002 dicent
1308 2947 1438 3002 mibi
1466 2967 1478 3003 :
1502 2948 1610 3003 Nos
1638 2963 1744 3002 non
1768 2948 1912 3002 croci

299 3016 581 3071 aftisimus
612 3027 696 3083 te,
731 3016 982 3083 Domine;
1018 3019 1247 3074 inimicis
1281 3034 1470 3073 manus
1499 3019 1777 3074 ostendam
1811 3021 1911 3074 hac

303 3087 509 3161 forma,
535 3097 587 3141 ct
619 3088 669 3141 in
704 3087 958 3161 pudorem
985 3089 1267 3161 conjiciam
1299 3105 1626 3161 synagogam
1652 3090 1796 3143 illam
1823 3091 1912 3144 llei

298 3158 615 3229 inimicam,
664 3168 731 3229 ut
765 3158 981 3214 videant
1026 3159 1194 3214 Jttda‘i
1245 3159 1305 3213 In
1331 3158 1525 3229 'qttem'
1550 3162 1913 3226 trans/iurant

300 3226 495 3301 Quem.
533 3228 618 3283 l9.
649 3228 764 3301 57),
798 3238 859 3301 et
884 3240 1159 3299 gementes
1190 3226 1435 3285 adorent.
1482 3230 1551 3286 Ut
1582 3232 1755 3300 tetigit
1784 3246 1912 3301 ergo

296 3297 551 3353 Thomas
600 3297 809 3354 Domini
857 3297 1047 3358 manus
1094 3312 1146 3354 et
1198 3303 1440 3355 divinum
1490 3297 1915 3365 latus,'tiino're

298 3371 475 3423 simul
524 3383 574 3424 et
623 3370 819 3442 gaudio
862 3371 1106 3434 afflictus,
1150 3388 1213 3425 rx
1257 3373 1333 3426 rei
1376 3387 1533 3442 quam
1573 3370 1916 3427 desiderabat

297 3443 644 3511 spec-iaculo,
675 3440 741 3495 ad
768 3442 1046 3495 Dominum
1070 3440 1447 3505 celebrandum
1479 3446 1660 3497 szatim
1683 3444 1912 3507 linguam

298 3522 490 3563 tum-et
523 3513 761 3566 clamans
781 3553 795 3574 ,
834 3511 1078 3566 Dominus
1106 3528 1244 3567 meus
1266 3555 1279 3575 ,
1312 3524 1358 3567 et
1397 3514 1531 3567 Deus
1559 3530 1717 3565 meus.
1752 3514 1829 3568 'l'u
1856 3529 1915 3568 es

300 3582 573 3635 Dominus
602 3592 655 3637 et
682 3584 841 3647 Deus,
870 3592 926 3636 ιιι
955 3583 1114 3636 Ιιυιιιο
1142 3593 1196 3638 et
1226 3585 1497 3638 liOminum
1526 3598 1713 3638 amans
1737 3602 1749 3637 :
1774 3595 1826 3638 tu
1857 3599 1916 3638 es

297 3666 486 3705 novus
512 3662 565 3707 et
595 3653 890 3722 stupendus
921 3662 1125 3707 natura:
1156 3655 1432 3709 medicus:
1460 3655 1511 3707 in
1559 3655 1761 3709 morbis
1808 3669 1914 3708 non

297 3722 459 3776 ferro
488 3724 655 3777 uteris
684 3722 749 3794 ad
776 3724 1090 3788 secandum,
1122 3740 1227 3779 non
1260 3725 1435 3794 ignem
1466 3725 1776 3780 vulneribus
1813 3725 1914 3778 ad-

298 3809 501 3865 moves
524 3836 537 3856 ,
572 3808 673 3847 non
709 3793 890 3848 herbis
921 3796 1087 3849 uteris
1117 3795 1182 3848 ad
1228 3792 1543 3851 medicinam
1566 3836 1580 3859 ,
1630 3810 1733 3849 non
1783 3796 1915 3865 liga-

298 3864 553 3917 tuinibns
598 3866 696 3918 sub
742 3875 1015 3933 aspectum
1058 3865 1373 3920 cadentibus
1419 3866 1627 3921 iulirtna
1674 3864 1915 3921 membra

293 3934 526 4003 alligas.
551 3934 826 4004 Ligamina
850 3935 1229 3990 misericordia:
1253 3938 1414 3991 babes
1437 3936 1740 3997 invisibilia,
1767 3938 1918 4002 qui-is

292 4021 363 4059 ea
403 4010 538 4076 quae
557 4006 815 4060 dissoluta
841 4015 963 4059 sunt
992 4008 1314 4076 constt-iugis
1337 4026 1350 4061 :
1374 4006 1619 4063 medendi
1654 4008 1915 4060 rationem

296 4076 489 4129 babes
519 4074 656 4146 ferro
682 4076 1002 4146 acutiorem,
1036 4074 1256 4131 verbum
1284 4078 1449 4131 babes
1478 4078 1597 4146 igne
1623 4076 1916 4141 efﬁcacius,

294 4155 507 4199 nutum
541 4145 700 4201 babes
730 4145 1021 4215 pbarmaco
1052 4148 1432 4202 el‘ﬁcaciorcm.
1460 4145 1527 4202 Ut
1551 4146 1775 4202 Creator
1801 4148 1917 4203 sine

294 4217 505 4269 labore
536 4216 801 4284 opiﬁcium
827 4225 974 4271 tttttm
1002 4218 1324 4281 sanctiﬁcas,
1358 4230 1414 4271 ut
1444 4218 1637 4287 figulus
1666 4217 1781 4271 sine
1814 4220 1917 4272 ulla

292 4287 695 4354 defatigabone
718 4290 968 4354 ﬁgmenta
995 4298 1079 4342 tua
1104 4290 1474 4343 transfnrmas.
1494 4288 1741 4341 Dominus
1758 4305 1913 4353 meus,

291 4370 345 4410 et
388 4354 535 4409 Deus
563 4374 716 4413 incus.
754 4354 834 4413 Tu
865 4360 1065 4427 lcpram
1101 4373 1197 4428 pro
1237 4360 1511 4413 voluntate
1547 4368 1636 4412 tua
1683 4362 1918 4424 curasti,

293 4440 356 4482 tu
400 4428 627 4481 claudos
655 4441 937 4500 currentes
964 4430 1274 4492 exhibuisti,
1311 4440 1363 4484 tu
1399 4429 1922 4500 paralyticoslectos

294 4506 539 4565 portare
576 4514 698 4553 suos
742 4499 967 4555 eﬂ'ecisu
994 4541 1008 4565 ,
1054 4509 1107 4553 tu
1147 4514 1321 4556 cureos
1362 4498 1431 4554 ab
1472 4498 1591 4553 ortu
1636 4498 1922 4568 caliginem

290 4569 598 4636 deponere
621 4570 847 4637 jussisti,
878 4579 931 4624 tu
962 4570 1235 4625 dmmoncs
1263 4572 1330 4624 ab
1360 4570 1585 4639 opiﬁciis
1618 4571 1722 4624 tuis
1750 4586 1921 4639 expu-

292 4639 452 4703 lisli,
483 4648 541 4693 tu
562 4640 625 4695 ab
651 4641 882 4694 inimicis
913 4641 1017 4695 tuis
1042 4643 1229 4695 volens
1258 4650 1445 4711 Captus
1469 4650 1638 4711 es,-tu
1664 4654 1694 4693 ιι
1722 4639 1922 4696 Iudaeis

292 4719 521 4782 qunte
549 4711 719 4764 omnia
738 4722 966 4782 propter
991 4727 1078 4767 me
1104 4727 1292 4781 passus
1330 4710 1411 4767 es.
1458 4710 1713 4765 Dominus
1742 4727 1882 4765 meus
1904 4751 1920 4777 ,

288 4778 345 4836 ei
384 4778 537 4832 Dens
564 4796 716 4835 meus.
736 4780 816 4836 'l’u
836 4778 896 4836 es
913 4782 1051 4836 Deus
1070 4778 1125 4837 et
1152 4782 1407 4836 Dominus
1435 4796 1608 4845 meus,
1638 4790 1690 4834 tu
1719 4791 1775 4835 et
1797 4791 1922 4837 ante

290 4850 521 4907 saecula
545 4862 594 4905 ct
610 4866 799 4906 recens
818 4867 898 4916 es,
925 4860 979 4907 tu
999 4853 1233 4909 caelestis
1252 4861 1306 4907 et
1332 4862 1599 4916 terrenus,
1622 4861 1676 4905 tu
1703 4852 1923 4906 visibilis

288 4933 352 4979 et
396 4921 705 4987 invisibilis,
728 4931 781 4976 tu
800 4924 917 4978 sine
938 4926 1114 4991 specie
1134 4932 1189 4977 et
1210 4937 1331 4977 mea
1357 4924 1538 4991 specie
1562 4920 1834 4990 prreditus,
1867 4933 1920 4977 tu

289 4996 431 5048 sine
454 4992 627 5047 forma
646 4994 769 5048 etin
796 4995 895 5049 bac
914 4992 1107 5061 forma,
1130 5003 1183 5047 tu
1207 5008 1334 5048 vere
1354 4995 1492 5048 Deus
1506 5002 1567 5047 et
1580 5008 1703 5047 vere
1731 4991 1921 5059 homo;

291 5075 359 5118 ιιι
396 5066 455 5119 in
488 5071 643 5117 utero
674 5063 926 5133 Virginis,
956 5075 1011 5117 et
1041 5066 1091 5117 in
1118 5064 1238 5119 sinu
1262 5064 1462 5130 Patris;
1493 5072 1549 5118 tu
1574 5064 1624 5117 in
1648 5064 1781 5117 caelo
1802 5078 1905 5120 cur.

294 5136 500 5197 Patre.
531 5145 583 5189 et
605 5134 656 5189 in
682 5145 845 5191 cruce
869 5143 1087 5204 propter
1109 5150 1236 5199 nos;
1264 5144 1317 5188 tu
1345 5133 1395 5187 in
1421 5135 1569 5204 regio
1590 5134 1784 5188 tbrono
1802 5142 1926 5188 ante

294 5207 541 5270 sa-cula,
574 5215 627 5258 tu
658 5206 805 5275 ligno
834 5216 890 5261 et
917 5205 1081 5259 clavis
1111 5204 1304 5259 afﬁxus
1334 5204 1628 5260 sccnndmn
1668 5219 1921 5269 carnem;

296 5289 357 5329 tn
390 5276 698 5331 secundum
727 5276 976 5346 spiritum
1010 5276 1375 5345 impassibilis,
1404 5285 1458 5330 et
1480 5275 1773 5330 secundum
1803 5289 1925 5327 car-

297 5366 435 5401 nem
501 5346 808 5415 passiliilis;
863 5356 919 5399 tu
973 5346 1291 5400 innnortalis
1342 5355 1399 5399 ut
1453 5346 1926 5399 consubstantialis

297 5420 483 5478 Pa2ri,
523 5426 575 5471 et
600 5417 846 5472 mortalis
875 5427 933 5471 ut
960 5416 1431 5472 consubstantialis
1454 5417 1636 5477 nobis;
1671 5424 1725 5471 tu
1759 5416 1808 5468 in
1836 5430 1923 5469 se-

298 5490 512 5559 pulcro
546 5496 600 5542 et
639 5488 807 5559 simul
849 5502 1008 5555 supra
1046 5488 1415 5559 Clierubinos;
1462 5496 1515 5540 tu
1560 5487 1612 5539 in
1658 5497 1829 5559 morte
1870 5496 1929 5541 ut

296 5556 433 5615 fons
463 5560 587 5613 vite
612 5599 627 5620 ,
669 5568 723 5613 et
765 5558 925 5612 simul
950 5573 1069 5612 eum
1102 5558 1327 5611 mortuis
1359 5566 1693 5610 mortuorutn
1726 5556 1924 5609 libera-

296 5643 428 5695 tor;
460 5640 517 5684 tu
546 5637 794 5684 mortuus
817 5628 1117 5690 triduanus,
1142 5638 1194 5681 et
1215 5626 1454 5682 Genitori
1480 5636 1570 5681 ttm
1591 5636 1923 5681 coaeternus:

299 5713 364 5756 tu
398 5702 652 5771 Corporis
672 5701 748 5753 ttti
773 5700 1033 5778 templum
1062 5698 1425 5778 resuscitasti;
1459 5709 1513 5751 tu
1538 5713 1635 5778 per
1653 5698 1925 5778 propriam

300 5768 570 5826 virtutem
624 5771 970 5824 resurrexisi
1012 5780 1193 5839 utpote
1226 5769 1393 5832 Dens;
1447 5779 1501 5821 tu
1551 5768 1827 5839 nobiscum
1876 5769 1926 5820 in

306 5858 499 5910 ante,
532 5840 620 5913 qui
654 5851 783 5893 ante
809 5842 986 5894 omnia
1020 5838 1213 5893 Latonia
1239 5855 1359 5892 cunt
1392 5840 1548 5894 Patre
1578 5838 1720 5892 fuisti
1748 5855 1761 5891 ε
1790 5849 1841 5897 ιιι
1877 5840 1926 5891 in

638 5959 916 6020 ΡΔΤιιΟι..
965 5956 1051 6019 (τε
1136 5956 1289 6019 ΗΧ.

1344 360 1407 415 ΙΝ
1446 358 1767 416 SANCTUM
1814 356 2216 413 APOSTOLUM
2259 358 2568 413 ΤΙΙΟΧΙᾹΜ.

3512 315 3615 408 u'tt
3635 370 3642 375 -

2014 465 2161 529 ctelis
2183 488 2419 538 sursum,
2445 483 2498 527 et
2527 474 2577 527 in
2608 484 2747 526 terra
2770 473 3044 537 deorsum,
3074 472 3187 539 ipse
3217 485 3432 525 omnem
3460 483 3613 523 cme-

2016 555 2188 599 turam
2239 545 2580 612 conspiciens
2634 545 2820 598 Deus:
2854 552 2905 597 tu
2956 542 3155 612 ubique
3198 556 3293 606 es,
3338 551 3392 596 tu
3434 540 3614 595 omnia

2017 615 2207 683 imples
2233 632 2246 668 :
2274 623 2325 667 tu
2354 630 2380 666 a
2412 628 2498 668 me
2524 614 2742 678 teneris,
2784 614 2871 683 qui
2898 616 3076 683 omnia
3108 613 3305 683 pugillo
3331 622 3503 669 tenrs.
3538 612 3614 668 'l'e

2014 682 2289 753 corporeis
2318 685 2488 738 oculis
2526 684 2684 739 video
2712 701 2725 737 :
2753 694 2804 737 te
2846 682 2969 738 ﬁdei
3020 682 3199 739 oculis
3218 686 3493 753 conspicio
3517 700 3531 737 :
3560 685 3613 739 in

2015 767 2065 809 te
2094 770 2361 824 cognosco
2393 754 2465 820 id,
2494 754 2635 823 quod
2667 754 2769 809 mei
2801 754 2978 809 simile
3006 764 3092 810 est
3117 755 3212 814 :in
3243 765 3293 809 te
3321 754 3444 808 novi
3473 754 3613 808 incl.

2015 826 2226 881 fabiletn
2274 826 2445 880 Patris
2496 825 2829 880 divinitatem
2864 843 2879 879 :
2913 841 3074 878 uinnu
3126 834 3178 879 le
3231 826 3511 878 Dominum
3563 835 3612 883 et

2016 898 2183 951 Deum
2212 896 2474 950 conﬁteor
2499 915 2510 948 :
2538 906 2589 951 te
2613 895 2757 950 aliud
2782 905 2834 949 et
2856 895 3000 949 aliud
3024 911 3144 949 csse
3164 895 3351 959 didici,
3379 909 3484 947 non
3514 910 3615 951 an-

2014 977 2119 1022 tem
2148 967 2310 1021 alimn
2339 974 2393 1020 et
2416 966 2598 1020 alium.
2626 965 2744 1021 Non
2772 967 2952 1020 divitlo
2981 974 3031 1020 te
3063 965 3441 1020 indivisibilem
3460 1005 3473 1025 .
3508 982 3614 1021 non

2012 1053 2206 1103 separo
2233 1045 2283 1092 te
2316 1038 2722 1105 inseparabilem
2751 1078 2765 1099 ,
2812 1052 2919 1090 non
2951 1052 3079 1093 sceo
3108 1046 3159 1090 te
3186 1037 3275 1104 qui
3303 1038 3475 1092 secari
3508 1053 3614 1091 non

2016 1118 2186 1175 potes.
2216 1106 2369 1173 Quod
2400 1106 2558 1178 video
2578 1148 2593 1169 ,
2637 1106 2778 1178 quod
2810 1115 2969 1161 teneo
2991 1148 3011 1178 ,η
3048 1106 3191 1176 quod
3222 1106 3486 1178 intelligo,
3522 1123 3617 1174 per

2011 1194 2168 1231 nam"
2199 1193 2384 1233 vocem
2414 1177 2659 1245 exprime
2683 1197 2696 1233 :
2724 1177 2971 1232 Dominus
3005 1193 3187 1245 utens,
3215 1188 3259 1231 et
3291 1177 3426 1232 Deus
3448 1193 3611 1232 meus.

2014 1248 2091 1301 'l'u
2121 1250 2264 1319 enim
2296 1264 2361 1319 ex
2396 1247 2723 1319 indulgentia
2773 1257 2860 1301 tua
2891 1249 3126 1302 animam
3156 1247 3389 1319 eduxisti
3435 1262 3613 1319 meam

2011 1334 2073 1371 ex
2106 1318 2370 1385 profundo
2397 1317 2811 1383 incredulitatis,
2843 1327 2897 1372 ιιι
2922 1319 3165 1386 captivos
3198 1318 3447 1374 homines
3478 1317 3612 1372 libr-

2012 1390 2163 1451 rasti,
2196 1400 2249 1442 tu
2282 1398 2557 1458 peccatum
2587 1389 2639 1443 in
2665 1404 2829 1445 carne
2852 1397 2939 1443 tua
2965 1389 3297 1458 impeccabili
3322 1389 3611 1451 damnasti,

2014 1470 2066 1511 tn
2095 1459 2363 1514 tiiahtiiltttt
2393 1475 2513 1514 cum
2542 1460 2754 1527 voluisti
2780 1460 3128 1521 conculcasti.
3158 1460 3320 1525 ignita
3345 1459 3462 1528 eius
3486 1475 3612 1513 ron-

2012 1530 2209 1599 fregisti
2237 1532 2338 1586 tela
2371 1532 2580 1595 omnia;
2613 1540 2665 1584 tu
2699 1541 2929 1584 mortem
2959 1530 3009 1583 in
3041 1539 3213 1584 morte
3236 1541 3323 1583 tua
3347 1530 3610 1593 occidisti,

2012 1608 2065 1653 tn
2097 1618 2189 1667 per
2219 1602 2674 1667 incorruptionem
2701 1613 2843 1653 tuam
2874 1601 3273 1670 corruptionem
3301 1601 3613 1664 clitninasti,

2014 1680 2068 1724 tu
2121 1686 2217 1736 per
2262 1672 2719 1726 resurrectionem
2763 1680 2908 1724 tuam
2963 1672 3414 1732 resurrectionem
3462 1672 3616 1725 nobis

2013 1743 2317 1804 renovasti,
2368 1752 2421 1794 tu
2474 1742 2779 1795 triduanum
2834 1753 2981 1794 tuum
3023 1742 3329 1807 sepulcrum
3374 1757 3613 1801 resurre-

2012 1812 2207 1865 ctionis
2250 1828 2278 1865 a
2325 1814 2549 1866 mortuis
2593 1828 2909 1880 sponsorem
2947 1813 2997 1865 in
3045 1821 3188 1866 trrra
3232 1813 3514 1881 reliquisti,
3558 1824 3614 1866 ιιι

2015 1883 2261 1937 homines
2286 1882 2531 1938 caelestes
2558 1883 2815 1947 taliet-isti,
2853 1892 2904 1937 ιιι
2937 1893 3133 1937 terrain
3165 1884 3299 1936 ca‘lo
3324 1883 3609 1949 jucundio-

2014 1969 2125 2007 rem
2156 1953 2451 2018 reddidisti,
2484 1964 2537 2007 tu
2572 1954 2786 2009 tandem
2816 1954 2996 2008 omnia
3045 1952 3269 2008 meliora
3311 1952 3513 2019 feciSIi,
3561 1966 3613 2009 tu

2017 2024 2155 2077 Deus
2187 2040 2309 2078 cum
2335 2038 2504 2085 esscs,
2536 2024 2697 2077 homo
2726 2026 2898 2078 faetus
2925 2039 3005 2088 es,
3036 2036 3092 2077 ιιι
3116 2026 3385 2078 hominem
3410 2024 3616 2080 faceres

2016 2094 2214 2151 Deum.
2250 2094 2499 2148 Dominus
2538 2105 2757 2157 meus,et
2791 2094 2932 2148 Deus
2960 2111 3117 2147 meus.
3153 2094 3293 2148 Dicit
3323 2096 3401 2149 illi
3434 2096 3614 2149 Domi-

2014 2179 2137 2230 nus,
2172 2165 2305 2232 Quia
2350 2166 2518 2219 vidisti
2563 2182 2659 2225 me.
2696 2164 2957 2219 credidisti
2985 2164 3161 2233 (Joan.
3202 2166 3293 2220 20.
3330 2167 3442 2233 l3).
3476 2167 3618 2222 Cave

2014 2250 2084 2291 ne
2125 2251 2212 2290 me
2253 2250 2465 2291 rursum
2517 2236 2569 2289 iu
2618 2250 2785 2291 carne
2826 2250 2893 2289 eo
2920 2236 3281 2300 ascendente,
3318 2238 3461 2292 unde
3500 2238 3619 2292 sine

2013 2320 2178 2367 carne
2220 2306 2607 2361 descenderant
2634 2346 2649 2370 ,
2693 2306 3083 2362 incredulitatis
3119 2308 3299 2362 verbis
3339 2309 3537 2375 utaris,
3565 2318 3621 2363 et

2014 2376 2162 2448 dicas
2197 2394 2210 2431 :
2241 2376 2353 2431 Nisi
2397 2391 2612 2431 rursum
2644 2377 2838 2448 videro
2872 2378 2923 2432 in
2967 2379 3214 2432 inanibus
3243 2380 3361 2448 ejus
3392 2380 3617 2434 ﬁxuram

2014 2447 2333 2509 clavorum,
2384 2463 2488 2500 non
2537 2448 2776 2503 credam.
2819 2447 3000 2502 Semel
3049 2447 3284 2504 credere
3320 2452 3619 2517 recusasti,

2014 2518 2184 2572 semel
2208 2518 2449 2590 tetigisti,
2475 2518 2642 2572 semei
2666 2518 2970 2584 credidisti;
2998 2520 3223 2589 prardica
3243 2519 3460 2575 demum
3477 2523 3619 2590 quod

2014 2590 2313 2659 accepisti.
2346 2588 2494 2642 Beati
2527 2591 2670 2643 enim
2714 2590 2803 2659 qui
2848 2606 2935 2644 me
2978 2588 3259 2656 viderunt,
3291 2600 3345 2646 et
3372 2588 3619 2645 credide-

2017 2667 2171 2720 runt;
2203 2667 2283 2714 ter
2304 2658 2445 2713 bcati
2469 2660 2556 2728 qui
2587 2676 2695 2713 non
2729 2658 2814 2715 inc
2846 2662 3130 2725 viderunt,
3164 2671 3214 2717 et
3246 2662 3613 2717 crediderunt.

2019 2730 2145 2789 llaec
2171 2731 2465 2800 beatitudo,
2499 2730 2712 2795 fratres,
2744 2732 2797 2790 in
2832 2748 2931 2790 nos
2959 2732 3149 2790 transit
3176 2775 3187 2794 .
3216 2735 3305 2805 qui
3340 2748 3445 2791 non
3478 2732 3617 2790 vidi-

2018 2821 2138 2859 mus
2183 2820 2342 2870 eum,
2387 2814 2440 2859 et
2485 2807 2812 2860 credidimus
2859 2807 2909 2859 in
2961 2808 3154 2875 ipsum.
3191 2806 3340 2863 Beati
3387 2823 3623 2876 namque

2018 2885 2163 2940 sunt,
2203 2877 2294 2946 qui
2339 2876 2445 2932 ﬁde
2485 2876 2666 2931 vident
2697 2877 3019 2931 invisibiletn
3048 2895 3060 2932 :
3088 2877 3227 2932 beati
3272 2894 3388 2945 vos,
3433 2878 3524 2943 qui
3570 2881 3621 2931 iu

2018 2946 2423 3001 celebritatibus
2446 2947 2669 3017 singulis
2694 2947 2885 3002 videtis
2913 2964 3057 3010 eum,
3083 2950 3172 3017 qui
3194 2950 3367 3004 oculis
3392 2948 3622 3015 offertis,

2018 3031 2114 3072 ore
2153 3018 2571 3085 complecﬁmini
2593 3061 2607 3081 ,
2640 3016 2891 3073 dentibus
2929 3016 3120 3083 editis,
3154 3034 3253 3075 nec
3283 3020 3617 3074 consumitis.

2018 3088 2350 3160 0_stupenda
2375 3089 2657 3160 mysteria!
2682 3103 2715 3160 o
2739 3090 3015 3144 tremenda
3039 3092 3324 3160 mysteria!
3348 3089 3625 3158 Qui-sedet

2020 3157 2084 3211 ad
2126 3157 2408 3212 dexteram
2433 3157 2660 3227 ’l’atris,‘
2684 3158 2738 3213 iu
2778 3157 3119 3227 peccatorum
3150 3157 3388 3216 dextera,
3416 3160 3631 3214 iuveni-

2023 3239 2136 3293 tur;
2165 3237 2217 3284 et
2249 3230 2337 3298 qui
2370 3229 2438 3282 ab
2464 3230 2667 3298 angelis
2698 3230 3025 3293 celebratur,
3060 3246 3087 3284 ιι
3117 3228 3352 3285 sordidis
3377 3229 3628 3284 manibus

2022 3297 2280 3372 tenetur,
2312 3308 2364 3372 e_t
2404 3297 2456 3372 id
2488 3299 2705 3365 tolerat;
2755 3301 2953 3369 patitur
2984 3310 3039 3354 ut
3070 3300 3271 3372 indigni
3294 3301 3436 3356 servi
3463 3317 3522 3355 se
3551 3301 3629 3355 fe-

2022 3378 2160 3442 rant.
2188 3369 2301 3423 Non
2335 3369 2466 3442 fugit
2492 3383 2563 3425 tto
2596 3377 2735 3442 trttm
2760 3383 3099 3439 peccatorum
3126 3369 3338 3442 manus,
3365 3386 3469 3442 non
3495 3373 3628 3442 fugit

2021 3440 2305 3512 dzunnatos
2347 3440 2544 3509 digitos
2564 3481 2586 3512 ,_
2627 3440 2839 3512 figlinos
2870 3456 2975 3495 non
3006 3445 3235 3509 conterit
3266 3441 3454 3512 Opifex
3482 3484 3497 3508 ,
3530 3440 3627 3497 sed

2022 3512 2139 3579 ipse
2183 3510 2522 3581 burtatur‘et
2556 3510 2729 3581 dicit:
2753 3510 3011 3581 Accipite,
3055 3510 3350 3567 contedite’:
3377 3514 3627 3581 accipite,

2022 3577 2172 3635 bibite
2192 3578 2405 3649 (Matth.
2428 3577 2519 3635 26.
2543 3580 2662 3651 ΞΘ).
2684 3577 2887 3639 Inferte
2902 3577 3090 3638 manus
3111 3593 3341 3650 vestras,
3364 3593 3414 3638 et
3434 3577 3629 3640 mittite

2024 3652 2076 3705 in
2129 3652 2267 3705 latus
2307 3665 2523 3717 meum,
2572 3663 2627 3706 ct
2676 3654 2931 3707 membris
2978 3668 3168 3709 onmes
3200 3655 3336 3709 meis
3366 3652 3626 3711 frnimini.

2022 3721 2410 3793 Quodcumque
2436 3722 2739 3793 membrum
2771 3723 3111 3791 acceperitis,
3141 3724 3195 3780 in
3218 3740 3285 3781 eo
3310 3740 3429 3781 sum
3461 3735 3626 3793 totus,

2022 3794 2110 3867 qui
2136 3809 2164 3847 a
2188 3792 2393 3846 'l‘boma
2426 3802 2599 3848 tactus
2620 3792 2719 3867 fui.
2746 3794 3078 3867 Accedamus
3108 3795 3267 3866 igitur
3289 3811 3475 3867 attines
3496 3810 3632 3867 pure

2024 3862 2091 3917 ad
2120 3878 2309 3932 pttrum
2339 3879 2351 3915 :
2379 3873 2431 3917 et
2464 3879 2585 3918 cum
2616 3863 2900 3918 Dominum
2946 3862 3190 3921 nostruin
3222 3862 3624 3932 acceperititus,

2026 3950 2092 3987 ne
2122 3933 2305 3988 subito
2344 3936 2697 3999 contemptim
2739 3934 2887 3988 illum
2933 3936 3229 4003 adeamus,
3274 3933 3368 3991 srd
3401 3938 3630 3992 seorsim

2025 4004 2363 4077 ret-edentes,
2395 4006 2493 4059 soli
2518 4004 3135 4077 solumuﬂedcmptorem
3157 4007 3235 4062 sic
3255 4007 3629 4077 alloquamur:

2028 4062 2274 4141 Domino,
2305 4062 2409 4128 non
2441 4090 2629 4130 sumus
2659 4075 2828 4145 digiti,
2864 4062 3121 4133 ut-iutres
3152 4078 3253 4133 sub
3280 4062 3478 4133 tectum
3508 4062 3629 4133 ani-

2028 4162 2234 4200 tuarum
2287 4154 2593 4218 nostrarum
2642 4145 2856 4214 (Hatth.
2894 4148 2948 4218 _8.
2981 4148 3060 4211 8).
3092 4148 3198 4204 Sed
3236 4149 3359 4218 quia
3392 4158 3445 4203 ιιι
3491 4150 3571 4204 vis
3600 4166 3631 4205 ιι

2029 4218 2185 4271 nobis
2206 4216 2388 4289 teneri
2414 4259 2429 4283 ,
2471 4227 2524 4273 et
2574 4227 2757 4289 utpote
2789 4216 3055 4289 benignus
3082 4220 3134 4273 in
3164 4216 3321 4273 nobis
3350 4219 3592 4275 habitare
3615 4260 3631 4285 ,

2028 4302 2148 4359 cum
2174 4286 2387 4359 ﬁducia
2433 4286 2742 4359 accedimus
2782 4286 3024 4344 dicentes
3051 4308 3063 4343 :
3090 4290 3144 4344 Si
3191 4289 3318 4359 quid
3352 4290 3583 4358 jusseris
3608 4330 3626 4353 ,

2030 4358 2278 4428 Domine,
2300 4358 2408 4409 oris
2433 4359 2600 4412 nostri
2619 4358 2812 4424 jannas
2831 4360 3157 4428 aperiemus,
3181 4358 3315 4428 quas
3338 4370 3393 4414 tu
3414 4362 3631 4414 creasti.

2029 4427 2201 4482 latras
2228 4428 2371 4481 enim
2395 4443 2516 4482 cum
2537 4427 2887 4499 benignitate,
2907 4432 2981 4485 uti
3003 4430 3181 4495 soles;
3202 4427 3375 4485 intras
3396 4440 3449 4485 ct
3470 4430 3636 4485 solvis

2028 4498 2367 4568 iniquitatmn
2419 4499 2627 4553 vincula
2649 4498 2683 4564 ;’
2714 4500 2883 4553 intras
2918 4510 2972 4555 et
3016 4500 3287 4556 illuminas
3319 4501 3632 4555 tenebrosus

2028 4568 2384 4639 ct'gilttlimtes
2411 4580 2644 4639 nostras.
2675 4570 2983 4639 Cicdimus,
3016 4572 3263 4637 Domine,
3294 4581 3346 4626 te
3377 4572 3427 4625 id
3457 4570 3630 4627 factu-

2031 4638 2149 4695 rum
2182 4653 2332 4715 esse.
2387 4638 2571 4709 Neque
2617 4641 2760 4694 enim
2815 4642 3159 4715 meretricem
3210 4659 3333 4696 cum
3381 4643 3636 4715 laet-vinis

2029 4710 2375 4782 accedentem
2397 4721 2677 4765 aversatus
2696 4725 2778 4778 es,
2798 4725 2898 4766 nec
2921 4713 3260 4782 publicanum
3284 4710 3637 4781 pmnitentem

2032 4780 2271 4855 repulisti
2298 4820 2313 4843 ,
2350 4796 2449 4835 nec
2481 4782 2747 4854 latronem
2789 4780 3013 4852 regnum
3060 4794 3207 4838 tuum
3256 4780 3640 4855 agnoscentem

2032 4850 2304 4924 abjeci:ti_,_
2325 4866 2425 4924 nec
2460 4850 2910 4924 persequu'toruin
2942 4850 3313 4924 pmoitentenf
3325 4855 3378 4909 in
3407 4854 3635 4924 pristino

2032 4870 2294 4921 antecuu,
2325 4870 2425 4906 nec
2460 4870 2631 4921 pers‘Ct
2658 4870 2910 4907 uutorum
2942 4870 3296 4924 pmnttentem
3325 4870 3378 4909 tu
3407 4870 3635 4924 prtsuno

2032 4932 2173 4977 statu
2210 4920 2507 4996 reliquisti;
2555 4870 2649 4996 seti
2684 4924 2783 4978 bos
2812 4937 3008 4981 omnes
3052 4940 3150 4996 per
3180 4924 3555 4996 ptenitentiam
3586 4934 3641 4979 te

2032 4992 2440 5059 convenientes,
2466 4993 2516 5045 in
2541 4993 2837 5051 amicorum
2862 4992 3075 5051 tuorum
3100 4992 3268 5050 choro
3288 4995 3639 5051 constituisti.

2033 5064 2165 5117 Cum
2197 5063 2288 5116 tali
2318 5063 2628 5132 precatione
2655 5074 2709 5118 ct
2734 5078 2869 5133 puro
2886 5067 3070 5120 animo
3098 5066 3335 5121 ca-lestia
3362 5078 3641 5121 sumamus

2036 5132 2323 5207 mysteria,
2371 5142 2429 5187 et
2478 5150 2577 5188 nos
2608 5132 2905 5207 teinperam
2938 5138 3048 5190 vita
3081 5138 3643 5207 munianntsLneque

2035 5205 2263 5277 prodeat
2307 5218 2491 5277 sermo
2526 5206 2697 5275 turpis
2742 5223 2836 5274 per
2864 5207 3004 5259 viam
3051 5223 3156 5277 qua
3203 5208 3366 5261 intrat
3394 5205 3612 5261 Cbristu

2040 5275 2296 5328 Dominus
2324 5283 2380 5328 et
2413 5275 2555 5329 Deus
2587 5286 2789 5331 noster.
2820 5278 2934 5331 Hoc
2961 5275 3087 5331 vitae
3119 5278 3427 5332 institutum
3466 5288 3521 5332 et
3547 5291 3645 5329 vos

2037 5346 2250 5410 iuratis,
2276 5345 2365 5413 qui
2392 5361 2581 5401 recens
2605 5347 2890 5402 illuminati
2914 5350 3073 5403 estis:
3096 5348 3421 5404 reveremini
3445 5348 3614 5403 dolori

2036 5423 2285 5488 expertes
2313 5416 2535 5484 piscina:
2579 5427 2765 5485 partus
2790 5461 2804 5482 ,
2838 5434 3014 5488 neque
3043 5420 3256 5488 violetis
3286 5420 3498 5474 divinos
3529 5418 3647 5485 ejus

2037 5486 2212 5558 fetus,
2258 5502 2326 5558 ne
2368 5497 2555 5543 contra
2605 5504 2699 5539 vos
2747 5490 2862 5544 haec
2905 5486 3180 5558 proferat:
3212 5487 3378 5558 Filios
3418 5490 3569 5558 genui
3599 5500 3646 5541 et

2037 5546 2257 5611 exultuvi
2272 5572 2290 5619 ;
2312 5557 2411 5622 ipsi
2433 5567 2601 5610 autem
2625 5546 2921 5625 spreveruni
2944 5558 3197 5629 me(lsat'.
3228 5562 3281 5615 1.
3309 5556 3365 5627 2)
3418 5546 3645 5614 Nomina

2037 5638 2215 5681 vestra
2252 5629 2453 5696 scripta
2498 5640 2621 5682 sunt
2656 5631 2706 5682 in
2740 5632 2918 5697 cadis;
2962 5645 3029 5685 ne
3062 5631 3258 5686 iterum
3291 5646 3386 5684 vos
3414 5632 3466 5685 in
3499 5629 3644 5683 volu-

2041 5708 2244 5767 ptatum
2278 5714 2435 5754 ct’e..t)
2471 5702 2759 5767 volutclis,
2793 5718 2860 5757 ne
2891 5702 3170 5769 apostolus
3205 5702 3416 5757 Domini
3449 5697 3647 5755 Paulus

2043 5770 2531 5841 vobisurexprobrct
2567 5772 2807 5825 clamans
2834 5788 2846 5825 ζ
2873 5771 3166 5827 Currebatis
3208 5774 3368 5839 bene;
3409 5771 3520 5841 quis
3562 5784 3649 5825 vos

2042 5840 2297 5909 impediti!
2327 5858 2424 5893 nun
2453 5840 2653 5895 obedire
2677 5844 2872 5896 rct'ituti
2897 5841 3043 5913 (Cal.
3067 5844 3118 5899 5.
3143 5844 3235 5913 7)?
3260 5840 3496 5899 Exuistis
3516 5853 3647 5898 catt-

3186 5943 3266 6007 b3
