4194 6318
674 358 773 410 Μ

664 467 853 541 gnam,
873 465 1132 541 mutet-es
1165 479 1286 519 eum
1313 463 1442 541 _vl_ri_s
1482 469 1812 541 concertant,
1847 456 2053 541 inllrma
2082 454 2239 541 femi-

677 526 773 596 ἥρω
800 526 1056 609 naturain
1085 549 1254 609 pugna
1279 534 1502 609 viriliter
1522 533 1660 609 agit._
1679 531 1928 609 Liberum
1956 538 2038 582 est
2061 526 2242 609 volen-

673 613 816 666 tibus
835 606 1022 732 Lejupli
1045 601 1294 659 stadium.
1316 601 1717 686 Christus’enim
1741 601 1985 682 copiosus
2009 601 2244 682 pra-mio-

673 693 789 732 rum
890 687 1052 732 ranor
1097 673 1266 730 sedet.
1299 673 1634 730 Festinemus
1677 670 1742 726 ad
1795 669 2026 724 medium
2054 666 2241 732 jejlllltl

673 693 789 735 rum
835 666 1052 746 largitor
1097 673 1266 746 sedet.
1299 673 1634 746 Festinamus
1677 670 1742 726 ad
1795 666 2026 746 mediani
2054 666 2241 746 jejunil

670 737 974 806 certamen:
1000 759 1157 818 nemo
1208 745 1308 800 hoc
1353 744 1624 818 spirituale
1657 748 1936 818 certamen
1977 737 2241 818 deturpet,

669 834 829 875 nemo
851 818 1090 871 ordinem
1117 815 1327 871 deserat
1357 809 1406 869 in
1433 811 1795 882 spiritunlibus
1819 809 1964 865 hisee
1991 809 2245 862 certami—

673 891 848 944 nibus.
883 885 1132 940 Inimicus
1157 886 1296 941 enim
1329 881 1578 940 ferociam
1619 881 1854 946 demisit,
1901 893 2087 947 magna
2121 891 2242 946 pars

671 957 984 1017 certaminis
1006 955 1209 1010 sublata
1251 963 1350 1016 est,
1399 969 1462 1008 ex
1515 953 1604 1007 Dei
1646 953 1846 1022 judicio
1883 951 2123 1022 devictus
2165 954 2247 1000 est

673 1029 937 1085 inimicus.
991 1027 1042 1080 in
1093 1023 1396 1080 servitutem
1443 1019 1688 1077 redactus
1732 1031 1830 1085 est,
1885 1019 2135 1088 depulsus
2165 1025 2247 1070 est

671 1117 769 1170 per
791 1096 1072 1170 jejunium,
1125 1111 1152 1148 a
1191 1093 1490 1170 ridentibus
1537 1092 1772 1170 puerulis
1816 1089 1960 1170 humi
1991 1089 2247 1170 .dejectns

674 1157 1184 1236 est,'eiiitaphii)qtte
1215 1165 1351 1232 turpi
1382 1163 1450 1236 in
1483 1157 1826 1236 opprobrium
1875 1163 1942 1213 ab
1990 1159 2119 1236 ipsis
2148 1157 2244 1236 ilo.

674 1227 1046 1291 natinsfhieino
1076 1227 1233 1303 igitur
1277 1227 1487 1296 titubet,
1522 1227 1736 1294 dilecti,
1783 1233 1835 1285 in
1887 1229 2119 1303 medium

671 1297 1316 1377 juniormn_prog}es.-us;
1346 1319 1505 1377 nemo
1531 1305 1779 1377 scgniter_
1802 1299 2015 1377 agat___i_n
2060 1297 2249 1377 mediis

665 1370 1097 1432 certaminibnsf
1123 1383 1300 1428 nostra
1350 1375 1492 1429 enim
1539 1370 1868 1442 generositas
1915 1370 2054 1442 illius
2080 1370 2246 1442 _exci-_

677 1449 821 1502 dimn
841 1456 950 1501 est.
981 1443 1036 1500 Si
1084 1445 1200 1514 quis
1233 1447 1418 1514 ignave
1456 1438 1684 1514 pugnet,
1719 1442 1792 1497 illi
1825 1442 1962 1493 vires
1991 1438 2174 1514 addit:
2205 1438 2248 1490 si

673 1520 792 1585 quis
813 1518 1039 1586 remisse
1070 1509 1328 1586 decutiet,
1366 1509 2044 1586 illumfrohorataStrenue
2075 1509 2251 1586 itaque

675 1580 877 1641 stemus
898 1587 950 1640 in
980 1585 1290 1647 certamine,
1322 1594 1377 1637 ut
1404 1583 1646 1637 inimicus
1665 1583 1876 1651 gravius
1898 1580 2070 1633 cadat.
2095 1580 2252 1633 Cibo-

676 1673 793 1734 rum
821 1655 1142 1734 desidendum
1177 1653 1459 1734 fugiamus,
1496 1653 2209 1734 paululum"perseveremus
2234 1689 2249 1713 ,

677 1739 733 1782 ut
774 1727 1124 1780 iunnortalem
1148 1719 1371 1794 gratiam
1399 1719 2248 1794 accipiamus:Conieditndam7,

675 1810 728 1851 et
761 1809 931 1852 n.0rte
968 1789 1251 1849 damnatus
1280 1805 1360 1848 est
1393 1811 1405 1847 :
1433 1789 1693 1862 jejunavit
1726 1791 1894 1852 Elias,
1928 1802 1979 1844 et
2023 1791 2094 1842 illi
2137 1789 2251 1841 ρωιί

677 1869 856 1922 claves
880 1863 1197 1921 concreditae
1219 1874 1342 1919 sunt
1369 1881 1383 1922 ;
1419 1861 1549 1918 bibit
1581 1861 1710 1925 Noe,
1735 1873 1786 1916 et
1816 1871 1992 1915 mente
2023 1868 2254 1913 unitatus

677 1948 797 1992 est:
827 1947 1183 2004 temperanter
1205 1936 1311 2004 egit
1343 1934 1546 1996 Enoch,
1572 1943 1625 1987 et
1647 1935 1713 1986 ab
1743 1931 1946 2004 angelis
1965 1932 2251 2004 trmrslatns

677 2018 800 2063 est:
835 1999 1055 2062 satiatus
1078 2019 1156 2060 est
1202 1999 1415 2059 Pharao
1439 2044 1458 2070 ,
1490 2015 1545 2058 et
1587 2005 1638 2057 in
1680 1999 1969 2056 mari'emn
2012 1999 2256 2054 curribus

679 2079 954 2133 demersus
984 2086 1065 2130 est
1097 2095 1111 2129 :
1141 2077 1404 2150 jejunsvit
1440 2073 1648 2142 Moyses
1674 2115 1686 2136 ,
1728 2081 1784 2127 et
1827 2084 1976 2126 mare
2007 2070 2253 2150 trajecit,

681 2164 949 2218 novosque
971 2162 1154 2200 inuros
1173 2163 1234 2201 ex
1267 2146 1425 2200 llnida
1447 2151 1907 2218 aquai-mnnatnra
1935 2146 2253 2218 construxit,

678 2228 734 2272 et
766 2211 1074 2287 per'novam
1107 2227 1301 2271 terram
1333 2211 1586 2338 populum
1616 2215 1886 2268 dedite-ns
1911 2253 1924 2276 ,
1957 2214 2099 2265 sicco
2127 2211 2257 2291 pede

678 2304 775 2338 nor
802 2301 948 2338 mare
987 2287 1296 2338 transmisit.
1366 2285 1584 2338 lltcitum
1611 2285 1786 2337 cibum
1829 2282 1943 2336 Eva
1991 2282 2254 2338 eomeiltt.

674 2282 779 2358 per
802 2301 948 2342 utare
987 2287 1296 2358 transmisit.
1334 2282 1584 2358 illicitum
1611 2285 1786 2358 cibum
1829 2282 1943 2336 Eva
1991 2282 2254 2358 coineilit,

678 2353 728 2412 et
759 2371 944 2412 omnes
970 2372 1033 2411 ex
1063 2357 1151 2410 illa
1183 2355 1394 2410 orittndi
1423 2356 1578 2409 morti
1612 2354 1889 2408 traduntur
1916 2370 1928 2404 :
1960 2353 2048 2421 qui
2073 2363 2249 2403 autem

679 2445 743 2482 ex
786 2428 944 2482 Maria
986 2437 1140 2481 natus
1168 2435 1250 2481 est
1298 2427 1552 2481 Dominus
1591 2440 1618 2477 a
1660 2425 1780 2478 cibo
1820 2423 1979 2476 etiam
2023 2421 2261 2492 legitimo

676 2500 972 2562 abstinuit,
1008 2506 1061 2550 et
1089 2512 1274 2552 omnes
1308 2512 1337 2550 a
1381 2497 1568 2550 mortis
1605 2493 1946 2549 damnatione
1989 2491 2252 2562 liberavit.

681 2567 921 2623 Paradisi
952 2558 1148 2638 lignum
1171 2576 1366 2638 gustus,
1380 2574 1434 2620 et
1460 2565 1767 2638 alimentum
1797 2562 2003 2638 mortis
2023 2571 2160 2616 erat.
2195 2558 2262 2612 In

680 2634 1133 2712 quocumqus'die,
1164 2634 1304 2712 dicit
1322 2636 1481 2712 _Deu_§
1509 2676 1523 2700 ,
1557 2634 1872 2712 comederitis
1899 2648 1962 2686 ea:
1984 2648 2041 2686 eo
2059 2671 2075 2698 ,
2102 2641 2264 2712 morte

683 2702 968 2764 moriemini
1013 2705 1165 2777 (Gen.
1196 2706 1252 2761 2.
1287 2707 1400 2775 17).
1435 2704 1580 2775 Fuga
1621 2707 1810 2759 mortis
1838 2715 1951 2759 erat
1983 2703 2170 2757 crucis
2197 2702 2261 2755 li-

2139 338 2314 397 SPUR
2324 339 2383 395 ΙΛ
2397 378 2410 394 .

3840 337 3949 387 7m

2349 465 2566 524 gnum;
2597 449 2717 506 inde
2768 450 3317 524 namqueseaturivit
3369 448 3688 524 immortalis
3728 451 3852 503 vita.
3900 455 3945 506 Α

2347 518 2510 578 cruce
2556 522 2606 576 ln
2651 519 2959 590 paradisum
3010 518 3146 590 latro
3175 521 3516 590 pertransivit
3545 561 3571 590 ,ν
3606 529 3949 589 mortemque

2347 609 2467 648 cmn
2499 593 2601 646 vita
2633 588 3004 646 commutavit.
3051 588 3279 644 Fructus
3310 589 3522 644 invidiae
3553 589 3654 644 fuit
3678 588 3947 645 comestio

2348 665 2432 716 illa
2463 662 2528 716 de
2560 662 2701 732 ligno
2723 661 2788 732 in
2819 658 3068 732 paradiso
3092 661 3268 730 posito
3294 669 3397 732 1_et_
3430 661 3686 732 invidiam
3724 663 3948 727 sustulit

2349 735 2549 787 l'ructus
2590 729 2764 785 crucis
2802 729 3237 801 communicatio.
3288 729 3342 784 Si
3380 729 3679 801 jejunasset
3725 732 3897 787 Adam
3925 776 3944 797 .

2351 819 2455 858 non
2496 811 2665 855 morte
2695 801 2980 854 damnatus
3022 800 3243 862 luisset,
3291 817 3394 854 non
3437 800 3509 853 ab
3556 803 3701 854 υιιιιιί
3758 803 3951 859 labore

2350 888 2512 927 vacua
2566 875 2835 940 voluptate
2873 870 3113 941 eiectus.
3151 886 3256 923 ιιιιη
3283 871 3628 941 corruptioni
3668 872 3950 939 subjectus

2352 944 2572 997 fuisset:
2605 942 2678 995 ait
2712 942 2908 1010 quippe
2948 940 3125 993 divina
3172 940 3492 1007 Scriptura:
3525 941 3662 996 Deus
3690 943 3950 997 hominem

2350 1014 2532 1067 creavit
2561 1011 2630 1063 ad
2657 1010 3082 1078 incorruptionem
3105 1026 3125 1075 ;
3166 1011 3354 1063 invidia
3394 1022 3559 1064 autem
3591 1011 3780 1066 diaboli
3809 1031 3950 1066 mors

2351 1085 2555 1138 intravit
2585 1083 2636 1135 in
2664 1084 2910 1133 mundum
2939 1080 3096 1148 (Sap.
3126 1079 3181 1133 (ἱ.
3211 1081 3298 1135 25.
3329 1079 3446 1151 24).
3492 1081 3598 1137 Sed
3629 1085 3773 1137 venit
3797 1083 3955 1136 Chri-

2351 1166 2486 1215 stus.
2523 1152 2635 1206 Pax
2661 1161 2853 1215 nostra,
2879 1160 2924 1203 et
2950 1152 3172 1219 medium
3201 1153 3439 1219 parietem
3469 1155 3701 1206 maceria
3727 1155 3949 1208 solvens.

2351 1224 2662 1276 inimicitiam
2685 1223 2735 1274 in
2763 1236 2914 1275 carne
2934 1237 3026 1274 sua
3050 1218 3335 1290 (spuens.
3358 1223 3471 1345 ΗΖ,
3505 1226 3802 1285 rescriptum
3833 1241 3959 1291 pec-

2352 1296 2453 1345 rati
2490 1294 2624 1345 cruci
2653 1292 2831 1345 atﬁxit.
2864 1290 3115 1345 abroaans
3143 1292 3415 1345 cltiroaran
3455 1309 3538 1345 um
3563 1295 3737 1345 mortis
3766 1306 3953 1345 contra

2352 1296 2453 1347 rati
2490 1294 2624 1345 cruci
2653 1290 3127 1364 amxit,__al_trog_ans_
3143 1290 3538 1364 chirographum
3563 1295 3737 1347 mortis
3766 1290 3953 1347 contra

2354 1381 2445 1418 nos
2498 1359 2740 1430 scriptum
2798 1359 2938 1430 (Col.
2990 1359 3058 1414 ’2.
3109 1362 3219 1430 li).
3265 1359 3476 1416 Clamat
3531 1379 3657 1417 vero
3705 1364 3948 1419 Paulus:

2355 1433 2581 1505 Christus
2608 1448 2700 1505 nos
2723 1432 2938 1505 redemit
2969 1432 3030 1505 die
3059 1432 3325 1505 maledicto
3347 1435 3470 1505 legis
3496 1474 3510 1496 ,
3542 1436 3704 1504 [actus
3735 1450 3825 1505 pro
3852 1453 3955 1487 no-

2355 1505 2429 1558 bis
2455 1504 2775 1558 maledictum
2805 1501 2949 1568 (Gal.
2983 1504 3034 1556 5.
3068 1503 3181 1568 15).
3217 1501 3319 1556 Pro
3349 1501 3551 1558 viribus
3593 1501 3741 1570 ergo
3771 1505 3954 1560 Bene-

2357 1574 2543 1628 laetari
2572 1575 2740 1627 vicem
2773 1572 3084 1645 reddamus,
3109 1573 3286 1645 dilecti
3315 1591 3328 1638 ;
3359 1576 3569 1645 exiguis
3602 1577 3774 1628 uoolis
3799 1575 3952 1628 cola.

2356 1661 2474 1699 [IIIIS
2498 1659 2658 1706 eum,
2705 1643 2791 1712 qui
2835 1643 2984 1696 dives
3021 1655 3099 1696 est
3148 1644 3198 1697 in
3246 1643 3635 1699 misericordia.
3689 1645 3957 1698 Dominus

2358 1726 2542 1770 noster
2582 1729 2677 1784 pro
2714 1713 2867 1766 nobis
2897 1711 3184 1766 crucilixus
3217 1723 3337 1777 est;
3373 1730 3469 1769 nnis
3498 1731 3623 1767 vero
3656 1730 3953 1782 pauperem

2358 1783 2606 1848 alamus,
2655 1785 2745 1853 qui
2790 1783 2856 1835 ad
2901 1784 3018 1851 ejus
3059 1785 3344 1852 imagini-in
3386 1795 3599 1838 creatos
3620 1797 3701 1841 est
3735 1805 3746 1838 ς
3783 1785 3870 1839 ille
3901 1789 3957 1838 in

2358 1865 2532 1909 tnorte
2571 1862 2812 1908 versatos
2837 1862 2941 1916 est,
2984 1865 3039 1906 ut
3083 1869 3180 1908 nos
3224 1870 3252 1907 a
3301 1864 3476 1909 morte
3516 1854 3812 1918 liberaret;
3851 1871 3956 1909 nos

2361 1935 2576 1995 propter
2617 1925 2788 1992 ipsum
2821 1924 3029 1993 exiguis
3066 1924 3240 1978 obolis
3277 1929 3344 1980 ab
3375 1926 3602 1980 exitiosa
3647 1929 3784 1981 fante
3824 1941 3959 1980 con-

2356 2010 2587 2066 gencres
2617 2004 2834 2078 nostros
2851 2009 3120 2078 eruamus.
3157 1995 3272 2062 Ipse
3301 2010 3554 2078 namque,
3589 1998 3701 2078 ipse
3731 2007 3836 2054 est.
3861 1997 3958 2064 qui

2362 2063 2455 2136 per
2485 2078 2744 2136 pauperes
2786 2065 2837 2117 id
2882 2063 3020 2131 quod
3054 2073 3326 2133 erogatur,
3357 2063 3572 2136 accipit.
3612 2063 3690 2122 Ne
3730 2063 3958 2136 [matter-

2360 2134 2569 2209 curras,
2603 2150 2636 2188 ο
2667 2134 3008 2209 Itouio,_cuut
3041 2150 3253 2189 manum
3307 2135 3550 2209 extetzdit
3582 2134 3818 2209 panper,
3861 2152 3958 2209 re:

2362 2208 2597 2279 spiciens
2634 2206 2698 2258 ad
2734 2206 3036 2279 Dominum,
3071 2221 3228 2279 quem
3251 2221 3356 2279 per
3387 2206 3790 2279 ipsumgexcipis
3816 2223 3831 2271 ;
3861 2207 3960 2260 sed

2364 2275 2431 2331 sit
2456 2278 2547 2330 tibi
2580 2291 2769 2329 manus
2798 2275 3047 2344 pauperis
3068 2317 3083 2340 ,
3121 2275 3447 2331 tlmribulum
3478 2280 3527 2331 in
3562 2278 3676 2332 foro
3703 2275 3961 2347 positum.

2363 2347 2677 2403 Loco-enim
2720 2349 2854 2416 ignis
2878 2347 3139 2399 earhones
3181 2347 3334 2401 famis
3365 2349 3524 2402 habet
3549 2364 3610 2415 se
3637 2364 3965 2403 consumen-

2365 2429 2466 2473 tes.
2517 2417 2724 2470 Incensi
2764 2417 2942 2486 itaque
2985 2418 3102 2487 loco
3130 2416 3432 2487 injiciamus
3462 2420 3651 2474 obolos
3685 2420 3819 2473 duos
3844 2459 3859 2482 ,
3903 2429 3965 2470 et

2366 2491 2508 2542 bono
2528 2487 2694 2540 odore
2723 2489 2913 2541 cit-lum
2962 2486 3286 2555 repleamus,
3321 2499 3376 2543 ut
3409 2488 3476 2542 de
3503 2490 3648 2543 cmlis
3679 2490 3964 2542 audiantth

2368 2559 2640 2613 Christum
2681 2559 3000 2627 clamantem
3086 2556 3144 2609 in
3174 2569 3418 2627 quernum
3451 2561 3636 2621 fecistis
3673 2561 3762 2614 uni
3793 2575 3854 2613 es
3883 2559 3967 2611 his

2371 2629 2592 2702 minimis
2621 2668 2636 2692 ,
2665 2625 3229 2702 ntihifecistiswatth.
3269 2629 3361 2684 9.5.
3390 2629 3482 2702 s0)
3517 2648 3530 2686 :
3561 2631 3660 2701 ipsi
3700 2631 3866 2701 gloria
3910 2639 3970 2684 et

2373 2700 2655 2768 imperium
2686 2700 2737 2752 in
2765 2703 2959 2752 sa-cula
2989 2700 3329 2754 emeritorum.

685 2831 3958 2894 Ἦ

1781 2967 2830 3086 Δυιιιοιιῐινιιιο

1758 3165 1835 3225 IN
1882 3159 2360 3224 ORATIONEM
2405 3159 2907 3236 SEQUENTEM.

760 3311 990 3367 ϐαναυιὶ
1033 3309 1328 3378 eujuspiam
1370 3317 1454 3362 est
1493 3307 1579 3360 hic
1625 3320 1803 3360 sermo
1844 3346 1859 3371 ,
1913 3307 2001 3374 qui
2048 3302 2270 3358 Joannis

691 3382 1056 3453 Citrysostomi
1098 3394 1294 3436 nomen
1338 3379 1438 3448 ipsi
1468 3379 1757 3449 prteposuit
1802 3389 1854 3429 ut
1902 3392 2104 3428 merces
2146 3389 2271 3428 suas

2379 3304 2694 3358 venditaret.
2725 3305 2854 3378 'l‘am
2894 3305 3164 3378 inllcetum
3195 3307 3515 3378 opusculum
3543 3307 3704 3363 edere
3734 3322 3799 3363 ne
3824 3310 3978 3378 cogi-

2383 3386 2648 3428 tassemus
2673 3375 2886 3444 quidem
2908 3417 2922 3438 ,
2958 3378 3056 3430 nisi
3084 3377 3313 3432 Savilius
3341 3379 3486 3447 prior
3517 3378 3792 3434 edidisset.
3826 3375 3831 3378 ’
3874 3403 3882 3410 -

700 3505 3970 3532 “ww

1956 3601 2018 3644 ΙΝ
2054 3599 2257 3643 RAMOS
2305 3599 2678 3644 ΡΑιιιΑιιῠΜ.

2092 3740 2548 3767 -——-cs———

771 3841 821 3896 1.
863 3837 942 3894 Ex
972 3834 1241 3892 miraculis
1275 3834 1327 3888 in
1373 3832 1628 3905 miracula
1672 3831 1882 3888 Domini
1927 3835 2271 3905 gradiamur,

700 3912 913 3974 fratres,
943 3918 999 3963 et
1026 3919 1210 3961 eamus
1239 3906 1389 3972 quasi
1417 3903 1485 3957 de
1514 3904 1708 3957 virtute
1741 3906 1794 3958 in
1821 3903 2094 3960 virtutem.
2126 3903 2278 3964 Sicut

699 3983 841 4035 enim
873 3973 924 4033 in
950 3987 1134 4032 catena
1162 3989 1319 4028 aurea
1364 3974 1573 4028 annulis
1607 3973 1712 4027 alio
1754 3975 1841 4028 alii
1892 3975 2105 4031 insertis
2152 3994 2284 4033 con-

702 4059 898 4126 stante.
917 4063 1052 4101 unus
1077 4046 1165 4099 alii
1193 4043 1492 4126 copulatur,
1512 4054 1565 4098 et
1591 4044 1782 4126 singuli
1816 4046 2123 4126 inseruntur
2144 4052 2281 4104 alter

702 4123 756 4175 in
778 4121 1004 4174 alterum
1043 4115 1384 4170 successive:
1415 4115 1492 4168 sic
1521 4125 1828 4168 sanctorum
1869 4115 2278 4186 Evangeliorum

704 4189 957 4247 miracula
1003 4198 1185 4242 mutuo
1213 4195 1268 4239 et
1309 4185 1610 4239 successive
1652 4187 1895 4253 copulata
1926 4228 1940 4249 ,
1989 4185 2280 4244 Ecclesiam

705 4261 804 4316 Dei
824 4258 1150 4314 celebritatis
1177 4267 1444 4310 amantem
1466 4254 1734 4310 deducunt
1753 4267 1806 4310 et
1833 4257 2141 4325 ltetilicant.,
2175 4276 2279 4315 non

705 4325 831 4386 cibo
854 4329 946 4399 qui
976 4329 1150 4397 perit,
1193 4325 1431 4399 sedcibo
1463 4326 1695 4399 manenti
1732 4327 1784 4380 in
1818 4329 1979 4381 vitam
2003 4340 2282 4386 teternam.

709 4402 821 4470 Age
843 4395 990 4469 ergo,
1024 4405 1078 4470 et
1110 4411 1227 4456 nos.
1255 4395 1468 4470 dilecti,
1515 4397 1987 4470 inpnteparatione
2017 4401 2195 4454 cordis
2232 4413 2286 4454 et

708 4465 928 4526 attentis
970 4469 1186 4523 auribus
1206 4465 1482 4520 audiamus
1503 4465 1627 4534 quid
1655 4465 1901 4535 loquatur
1923 4470 2074 4523 nobis
2106 4471 2285 4524 Domi~

712 4556 812 4597 nus
842 4540 983 4594 Deus
1039 4539 1088 4592 in
1134 4537 1409 4607 prophetis
1440 4545 1492 4589 et
1527 4538 1815 4605 evangeliis
1840 4537 1907 4591 de
1938 4539 2036 4592 hac
2062 4539 2286 4594 divinis-

709 4614 843 4668 sima
880 4606 1179 4666 festivitate.
1211 4606 1464 4676 Loquetur
1488 4621 1637 4688 sane
1667 4622 1839 4688 pacem
1866 4624 2018 4688 super
2043 4610 2288 4680 populum

711 4697 860 4736 suum
884 4721 900 4746 ,
946 4691 992 4735 et
1020 4694 1170 4747 super
1203 4689 1402 4747 sanctos
1431 4693 1564 4732 suos.
1590 4687 1640 4747 et
1679 4681 1732 4731 in
1761 4694 1842 4732 eos
1866 4718 1881 4738 ,
1911 4681 1996 4747 qui
2025 4697 2112 4734 cor
2144 4697 2291 4735 suum

714 4744 1004 4806 conuertunt
1031 4744 1098 4801 ad
1133 4750 1301 4818 ipsum
1333 4744 1507 4814 (Psat.
1539 4746 1623 4802 84.
1657 4747 1733 4818 9).
1766 4744 1934 4805 Hodie
1967 4752 2292 4819 protiheticze

717 4822 857 4877 tuine
880 4821 1073 4892 orbein
1104 4822 1441 4883 excitarunt,
1470 4829 1524 4873 et
1555 4819 1820 4874 Ecciesias
1852 4820 2062 4892 Domini
2099 4824 2292 4892 ubique

717 4893 867 4949 betas
893 4889 1237 4960 reddiderunt
1255 4897 1310 4943 et
1332 4898 1674 4960 coronarunt,
1704 4900 1862 4960 atque
1887 4891 2010 4946 dum
2033 4908 2098 4947 ex
2122 4889 2294 4948 stadio

715 4975 993 5019 sacrorum
1020 4956 1342 5029 ieiuniorum
1369 4998 1386 5024 ,
1415 4974 1587 5029 exque
1633 4959 1720 5013 illa
1751 4956 1992 5028 palaestra
2036 4966 2296 5019 adversus

719 5035 842 5087 vitia
876 5030 1063 5086 lideles
1087 5031 1394 5100 excipiunt,
1425 5029 1743 5100 triumphale
1764 5033 2029 5088 canticum
2068 5051 2291 5088 novum-

719 5117 822 5173 que
850 5103 993 5173 pacis
1012 5099 1385 5173 spectaculum
1420 5099 1608 5154 victori
1636 5099 1851 5173 Christo
1874 5118 2070 5159 canere
2097 5105 2297 5161 docue-

722 5171 864 5230 runt.
893 5171 1081 5228 Venite
1113 5187 1238 5242 ergo
1263 5187 1472 5245 eomes,
1505 5171 1832 5245 exsulteinus
1861 5173 2086 5245 Domino
2112 5193 2126 5229 ε
2158 5177 2298 5229 veni-

723 5257 775 5298 te
801 5257 988 5298 omues
1013 5241 1218 5306 gentes,
1253 5241 1564 5311 piandamus
1592 5243 1852 5307 inanibus,
1877 5243 2165 5311 juhilemus
2192 5247 2301 5302 Deo

722 5313 993 5369 Servatori
1026 5323 1209 5366 nosne
1236 5313 1287 5365 in
1317 5327 1445 5366 voce
1472 5314 1860 5387 exsultationis.
1894 5314 2060 5372 Nemo
2081 5318 2149 5370 sit
2172 5331 2302 5387 gau-

724 5387 812 5439 dio
835 5399 1031 5438 vacuus
1057 5425 1089 5456 ,_
1114 5398 1269 5456 nemo
1322 5385 1601 5456 vocatione
1634 5386 1914 5456 privetur;
1952 5390 2074 5456 quia
2115 5385 2299 5442 scinen

726 5454 1186 5529 inobsequentium
1229 5453 1279 5506 in
1309 5454 1602 5529 perniciem
1632 5453 1762 5508 ivit:
1786 5471 1944 5529 nemo
1970 5453 2208 5529 ingratus
2233 5460 2303 5512 sit

727 5529 864 5580 circa
892 5525 1052 5594 Regis
1077 5537 1378 5594 occursum.
1411 5540 1474 5578 ne
1501 5523 1732 5577 thalamo
1757 5523 2069 5581 excludatu'r
2097 5547 2110 5581 :
2145 5545 2301 5583 nemo

729 5597 864 5663 apud
896 5593 993 5648 nos
1022 5594 1103 5666 sit
1123 5593 1291 5666 tristis
1309 5596 1391 5647 vel
1420 5603 1644 5649 maestus
1671 5595 1723 5647 in
1750 5596 1839 5648 illo
1870 5599 2204 5666 excipiendo,
2236 5616 2303 5654 ne

730 5683 846 5718 rum
885 5665 1140 5733 improbis
1176 5663 1380 5717 civibus
1409 5667 1709 5720 damnetur.
1756 5666 1910 5720 Cives
1956 5663 2134 5723 autem
2183 5671 2301 5722 illas

730 5738 848 5788 dico
875 5778 888 5796 ,
921 5737 1006 5808 qui
1050 5735 1240 5808 nolunt
1281 5736 1553 5789 dominum
1594 5736 1788 5805 Regem
1834 5739 1882 5790 in
1931 5753 1988 5792 se
2043 5741 2299 5808 recipere.

731 5810 926 5860 UIUDCS
959 5807 1061 5859 l:cti
1097 5821 1197 5860 una
1227 5821 1503 5860 curramus
1528 5847 1542 5862 .
1581 5823 1764 5860 inutiles
1793 5808 2037 5863 alacriter
2071 5807 2300 5880 exeipia-

2385 3856 2501 3895 mus
2526 3879 2540 3901 ,
2577 3849 2631 3892 et
2673 3836 3016 3890 ornatissime
3058 3835 3252 3890 festum
3294 3837 3650 3893 celebremus.
3686 3839 3790 3894 Pro
3815 3839 3987 3895 vesti-

2387 3911 2582 3964 mentis
2629 3907 2789 3960 corda
2847 3915 3028 3960 nostra
3089 3907 3455 3974 expandamus
3511 3920 3642 3964 ante
3691 3911 3884 3975 illum;
3934 3913 3986 3964 in

2389 3981 2609 4050 psalmis
2648 3988 2702 4031 et
2733 3977 3024 4050 hymniset
3048 3977 3339 4050 gratiarum
3371 3980 3671 4034 actionibus
3699 3981 3764 4034 ad
3809 3982 3986 4050 ipsum

2385 4047 2809 4111 contendamus;
2843 4056 2898 4101 et
2935 4047 3085 4110 illud,
3117 4047 3420 4103 Benedictus
3441 4053 3527 4110 qui
3554 4055 3688 4104 venit
3710 4047 3990 4104 innomtne

2390 4121 2592 4175 Domini
2640 4121 2659 4189 (
2693 4117 2888 4177 Matth.
2915 4117 3004 4170 2t.
3038 4119 3090 4172 9.
3139 4118 3263 4172 Luc.
3297 4120 3386 4176 19.
3423 4120 3566 4188 58),
3618 4122 3991 4176 indesinenter

2386 4194 2700 4247 clamemus.
2731 4189 2860 4242 Nam
2886 4190 2974 4257 qui
3006 4189 3329 4243 benedicunt
3371 4192 3492 4259 ipsi,
3520 4192 3791 4246 benedicti
3821 4203 3987 4255 sunt;

2389 4275 2441 4317 et
2473 4263 2560 4326 qui
2591 4259 2934 4324 maledicunt,
2963 4259 3252 4313 maledicti.
3278 4259 3509 4315 Rursum
3537 4262 3676 4327 dico,
3707 4277 3807 4316 nec
3827 4264 3988 4316 linem

2389 4333 2580 4388 faciam
2610 4329 2928 4384 adhortandi
2955 4329 3019 4383 ad
3053 4331 3249 4384 bonmn
3284 4347 3296 4386 :
3327 4331 3668 4387 benedictum
3699 4333 3989 4387 benedica-

2391 4419 2531 4460 mus.
2565 4413 2621 4454 ut
2651 4403 2717 4453 ab
2745 4402 2834 4454 illo
2866 4401 3262 4454 benedieamur.
3293 4401 3482 4456 Omnis
3512 4412 3642 4457 :etas
3673 4415 3726 4457 et
3752 4403 3992 4469 dignitas

2392 4474 2456 4526 ad
2493 4473 2926 4543 Dominilaudes
2963 4472 3256 4535 invitatur;
3301 4471 3463 4543 Reges
3508 4483 3693 4538 terra,
3738 4483 3785 4526 et
3811 4491 3986 4526 omnes

2393 4544 2606 4614 pepuli,
2649 4542 2905 4614 principes
2929 4551 2995 4614 iet
3016 4613 3019 4614 ν
3040 4558 3214 4614 omnes
3249 4542 3450 4614 judice:
3481 4553 3626 4597 terra:
3648 4585 3664 4608 ,
3709 4545 3914 4610 iuvenes
3945 4555 3993 4598 et

2394 4610 2611 4683 uirgines
2646 4610 2817 4683 (Psal.
2850 4613 2972 4666 148.
3003 4613 3116 4681 11).
3151 4613 3214 4666 Et
3242 4610 3382 4682 quod
3415 4624 3500 4668 est
3526 4615 3577 4666 in
3602 4615 3702 4668 hoc
3726 4616 3992 4674 miraculo

2397 4701 2615 4749 novom,
2644 4695 2840 4738 tenerae
2867 4692 2921 4736 et
2949 4685 3197 4752 nequitia:
3224 4687 3430 4753 experti
3476 4683 3760 4738 infantium
3804 4697 3858 4737 et
3906 4687 3991 4738 la-

2397 4758 2652 4811 etentium
2683 4755 2824 4808 tutati
2859 4757 3057 4823 primas
3086 4753 3272 4819 dedit,
3305 4766 3362 4808 ut
3398 4755 3653 4825 incipiant
3677 4757 3903 4809 Domino
3936 4756 3992 4809 in

2398 4825 2754 4889 confessione,
2786 4826 2912 4878 illud
2943 4841 2971 4877 a
3007 4825 3120 4878 Deo
3149 4825 3328 4879 datum
3364 4827 3631 4880 canticum
3660 4841 3858 4880 canere
3887 4867 3902 4888 ,
3935 4836 3994 4878 ut

2397 4897 2523 4951 olim
2565 4896 2776 4968 Moyses
2814 4896 3010 4968 pepalo
3027 4910 3254 4968 egresso
3282 4912 3346 4950 ex
3378 4896 3616 4968 ἐνεγριο
3645 4915 3662 4968 :_
3689 4895 3992 4950 Benedictus

2398 4968 2482 5037 qui
2511 4967 2636 5020 venit
2661 4964 2730 5018 in
2769 4967 2974 5019 nomine
3013 4964 3241 5037 Domini.
3277 4964 3760 5022 llodie'a'dmodum
3790 4969 3990 5036 gaudet

2403 5036 2592 5093 beatus
2630 5039 2815 5101 David,
2845 5037 2988 5105 quod
3019 5036 3251 5091 infantes
3281 5038 3544 5091 citharam
3576 5039 3673 5107 ipsi
3706 5038 3993 5107 subripue-

2404 5111 2507 5163 rint
2531 5125 2544 5170 ;
2569 5123 2688 5162 eum
2735 5109 2928 5177 quibus
2955 5107 3142 5175 spiritu
3185 5109 3413 5163 choreas
3455 5118 3513 5163 et
3535 5108 3778 5164 convivia
3803 5123 3992 5178 agens.

2405 5191 2461 5232 ut
2485 5180 2611 5231 olnn
2643 5189 2766 5232 ante
2791 5193 2970 5232 arcam
2997 5179 3110 5241 Dei,
3139 5193 3261 5232 cum
3293 5180 3398 5232 illis
3420 5180 3626 5248 placide
3663 5179 3992 5239 modulatur.

2403 5260 2458 5303 et
2478 5249 2742 5320 balbutit,
2785 5251 2931 5320 illud_
2961 5248 3256 5316 proferens,
3285 5248 3588 5303 Benedictus
3633 5251 3720 5320 qui
3759 5252 3896 5304 venit
3945 5253 3996 5302 in

2404 5322 2606 5390 nuniine
2637 5319 2859 5372 Domini.
2893 5317 2990 5374 Cui
3022 5320 3300 5374 dicemus:
3334 5321 3414 5374 Tu
3441 5322 3595 5375 nobis
3619 5317 3882 5390 propheta
3915 5322 3995 5374 di-

2404 5391 2530 5452 cito,
2564 5389 2694 5458 Quis
2723 5400 2805 5446 est
2835 5391 2918 5443 hic
2939 5431 2953 5455 ,
2976 5391 3063 5458 qui
3089 5390 3236 5444 venit
3263 5390 3316 5444 in
3341 5391 3562 5446 nomine
3596 5389 3856 5446 Domini?
3879 5390 3999 5445 Non

2407 5476 2545 5519 mea.
2581 5461 2820 5529 inquiet,
2851 5470 2936 5515 est
2965 5460 3243 5515 doctrina:
3273 5476 3395 5515 nam
3428 5462 3481 5515 id
3517 5461 3677 5515 hodie
3701 5461 3998 5515 infantibus

2408 5533 2719 5600 deputatum
2753 5541 2836 5585 est
2861 5534 2928 5583 ab
2950 5546 3035 5592 eo,
3067 5532 3154 5601 qui
3181 5546 3245 5585 ex
3269 5547 3363 5586 ore
3389 5532 3668 5587 infantium
3709 5542 3765 5586 et
3793 5533 4001 5586 lacteo-

2411 5604 2535 5655 tium
2572 5602 2794 5669 perfecit
2836 5601 3067 5666 Iaudem,
3100 5613 3156 5656 ut
3183 5601 3422 5657 destruat
3454 5603 3728 5657 inimicum
3761 5616 3815 5656 et
3855 5605 3997 5655 ulto-

2409 5688 2518 5725 rem
2550 5691 2562 5732 ;
2598 5671 2664 5725 Ut
2694 5689 2780 5740 per
2807 5673 2900 5724 hoc
2921 5672 3222 5726 miraculum
3245 5683 3598 5728 convertantur
3617 5673 3772 5728 corda
3794 5683 3999 5741 patrum

2409 5743 2461 5795 in
2479 5743 2632 5810 ﬁlios,
2663 5755 2708 5795 et
2737 5743 3112 5796 incredulorum
3132 5744 3200 5795 ad
3222 5743 3542 5810 prudentiam
3559 5749 3815 5808 justorum
3840 5743 3998 5805 (Luc.

2413 5815 2464 5866 1.
2495 5814 2607 5868 tit.
2635 5815 2800 5866 Dicite
2829 5855 2841 5876 ,
2875 5827 2907 5866 ο
2949 5814 3098 5882 pueri
3125 5856 3136 5880 ,
3185 5815 3325 5872 unde
3355 5815 3506 5868 vobis
3538 5813 3697 5870 hodie
3746 5814 3848 5870 hoc
3878 5817 3994 5883 pul-
