4194 6318
727 365 825 418 707

725 491 829 526 tion
854 468 1047 538 incepit
1080 507 1094 526 ,
1142 482 1309 536 neque
1337 468 1558 522 accessit
1581 511 1593 529 ,
1645 481 1817 534 neque
1859 465 2161 518 iiiiininiittts
2182 477 2284 538 _e.~t

725 547 930 599 nonor,
976 536 1112 590 absit
1154 557 1168 607 ς
1214 538 1306 592 sed
1349 539 1602 590 naturalis
1646 548 1723 588 est
1770 546 1822 590 et
1843 551 1974 607 fere
2020 536 2280 607 proprius.

725 612 892 664 linum
925 604 1394 676 nanique‘regiunn
1432 619 1511 660 est
1540 608 1708 660 Patris
1747 617 1798 658 et
1841 604 1952 656 Filii
1981 618 2030 676 et
2057 605 2284 668 Spiritus

722 681 884 734 sancti
908 719 922 744 ,
946 680 1081 732 sicut
1103 693 1201 730 una
1232 675 1520 731 sialist.iiitia
1553 688 1605 730 et
1629 691 1726 729 una
1749 675 2060 727 dominatio.
2084 678 2282 736 Quam-

719 753 902 803 obrem
955 763 1055 800 una
1115 748 1423 801 adoratioue
1466 749 1698 799 colamus
1743 761 1895 797 iniam
1947 745 2104 798 trium
2124 748 2286 815 liypo.

721 821 936 874 Stasiiiiii
961 819 1286 871 divinitatem
1311 859 1324 880 ,
1367 819 1480 872 sine
1508 817 1799 886 principio,
1845 817 2132 868 iiicreatani
2163 857 2178 879 ,
2209 817 2285 867 iii-

722 892 1076 952 teriniuatain,
1096 889 1209 941 sine
1231 889 1585 941 successione.
1612 887 1790 952 Neque
1821 889 1960 937 enim
1992 886 2145 938 Pater
2173 902 2284 937 inn-

720 976 877 1028 quani
909 960 1138 1012 cessabit
1159 973 1278 1012 e5se
1305 959 1460 1028 Pater
1487 999 1500 1020 ,
1553 973 1724 1024 neque
1771 955 1932 1008 Filius
1976 970 2092 1008 esse
2125 956 2286 1028 Filius

719 1025 774 1083 et
815 1029 962 1092 lies,
1004 1043 1175 1096 neque
1217 1025 1444 1095 Spiritus
1487 1039 1701 1080 sanctus
1744 1027 1974 1078 cessabit
2017 1041 2133 1078 esse
2188 1027 2282 1089 id,

717 1101 858 1168 quod
885 1111 967 1152 est
1006 1100 1293 1166 hypostasi.
1336 1097 1470 1150 Nihil
1512 1097 1652 1150 enim
1695 1101 1744 1148 in
1793 1097 2046 1148 Triuiiate
2084 1097 2286 1168 minue.

721 1180 848 1233 tur;
899 1184 1000 1222 non
1037 1169 1153 1221 linis
1183 1169 1282 1220 erit
1325 1168 1635 1220 niti-ruitaiis
1659 1208 1671 1227 ,
1725 1177 1814 1218 aut
1859 1167 2241 1220 coommnionis
2265 1207 2282 1232 ,

717 1250 806 1293 aut
835 1238 1001 1308 regni.
1043 1236 1220 1303 Neque
1245 1239 1385 1292 enim
1420 1237 1578 1290 Filius
1613 1237 1699 1289 Dei
1731 1277 1746 1300 ,
1777 1236 1894 1304 quia
1939 1247 2151 1302 proiiter
2188 1253 2283 1290 nos

719 1310 884 1363 factus
905 1307 1010 1362 Vest
1037 1308 1196 1360 homo
1229 1352 1242 1374 ,
1267 1319 1317 1363 et
1348 1307 1703 1360 adversiirium
1733 1319 1966 1358 nostrum
2005 1316 2282 1375 tyrannum

719 1379 911 1432 devicit
937 1418 952 1441 ,
999 1388 1155 1444 atque
1203 1379 1255 1432 in
1295 1394 1455 1431 carne
1496 1386 1691 1430 tantam
1733 1375 1796 1428 de
1824 1375 2034 1429 inimico
2059 1376 2171 1441 ejus
2203 1393 2276 1430 re-

719 1449 943 1517 portavit
970 1448 1280 1512 victoriam;
1323 1449 1442 1501 ideo
1475 1448 1582 1500 [tes
1621 1455 1835 1500 vocatus
1859 1455 1975 1517 est;
2022 1447 2114 1498 sed
2163 1448 2282 1514 quia

721 1516 856 1573 Deus
877 1527 956 1572 est
977 1533 1188 1588 semper
1212 1530 1265 1573 et
1300 1518 1585 1588 Dominus,
1628 1517 1746 1570 ideo
1770 1525 1823 1569 et
1856 1516 2112 1588 liencst,
2149 1525 2204 1568 ut
2231 1527 2285 1570 et

717 1588 934 1642 Genitor
963 1589 1075 1657 ejus
1096 1585 1118 1641 ’τ
1146 1604 1281 1642 nunc
1311 1603 1435 1640 vero
1467 1586 1572 1640 “ex
1605 1596 1686 1638 est
1714 1626 1728 1646 ,
1783 1602 1899 1638 cum
1932 1585 1980 1637 id
2014 1586 2156 1652 prius
2186 1587 2281 1638 ha.

718 1659 960 1728 huisset,
993 1656 1064 1712 iet
1102 1658 1152 1710 in
1195 1668 1528 1728 perpetuum.
1585 1657 1661 1710 Ne
1713 1656 2046 1728 blaspheme-5
2097 1668 2280 1709 contra

715 1727 908 1783 Christi
937 1744 1152 1795 iegniiin
1179 1725 1253 1789 ,ὀ
1286 1725 1529 1780 literetice
1558 1769 1572 1789 ,
1621 1737 1674 1779 ut
1703 1741 1767 1778 ne
1796 1725 2100 1778 Genitorem
2123 1728 2278 1779 etiam

717 1799 1022 1851 inhonores.
1065 1800 1119 1851 Si
1148 1798 1314 1851 fidelis
1335 1813 1393 1850 es
1413 1839 1426 1862 ,
1453 1798 1677 1851 lideliier
1703 1796 1894 1849 accede
1919 1795 1980 1846 ad
2012 1796 2278 1849 Christum

715 1884 896 1921 verum
923 1869 1084 1922 Deum
1116 1879 1351 1921 nostrum
1373 1909 1387 1932 ,
1413 1877 1466 1920 et
1494 1883 1595 1920 non
1627 1867 1774 1935 quasi
1808 1866 2157 1919 velamentum
2191 1885 2284 1920 ne-

712 1939 893 2007 quitia:
925 1938 1123 1992 habens
1152 1939 1469 1991 libertatem.
1509 1937 1564 1992 Si
1595 1951 1780 1990 servus
1808 1950 1898 1996 es,
1937 1950 2056 1987 cuni
2082 1947 2280 1991 tremo-

716 2025 772 2062 re
815 2008 1033 2062 Domino
1061 2008 1302 2062 subditus
1327 2017 1442 2060 esto
1475 2026 1486 2060 ε
1522 2023 1638 2059 naui
1666 2007 1986 2073 disceptatur
2015 2022 2116 2058 non
2149 2009 2282 2060 bene

714 2079 975 2142 allectus,
1040 2079 1132 2132 sed
1189 2079 1356 2144 palam
1429 2078 1670 2130 inimicus
1719 2087 1816 2127 est.
1885 2076 2148 2141 Scriptum
2201 2086 2283 2130 est

715 2151 855 2202 enim
883 2165 894 2200 :
925 2149 1021 2214 Qui
1048 2165 1146 2200 non
1170 2151 1380 2200 honorat
1410 2146 1598 2199 Filium
1625 2187 1638 2209 ,
1680 2162 1777 2198 non
1807 2147 2018 2198 honorat
2056 2146 2278 2212 Putrem,

713 2221 797 2286 qui
837 2219 966 2270 misit
1003 2235 1112 2269 cum
1143 2219 1159 2284 (
1193 2219 1345 2269 Joan.
1375 2219 1428 2273 5.
1455 2219 1525 2271 25
1555 2222 1593 2284 ).

783 2289 836 2343 5.
877 2287 983 2341 Nos
1035 2298 1208 2341 autem
1239 2330 1253 2351 ,
1294 2287 1517 2350 dilecti,
1571 2303 1635 2340 eo
1665 2295 1994 2340 revertamur
2021 2286 2156 2339 unde
2196 2286 2278 2339 di-

711 2360 877 2428 gressi
899 2374 1083 2414 sumus
1111 2399 1126 2422 ,
1158 2361 1446 2412 clamantes
1475 2399 1487 2420 ,
1520 2356 1814 2410 Benedictus
1839 2358 1921 2422 qui
1955 2359 2081 2408 venit
2107 2357 2156 2408 in
2184 2374 2278 2409 no-

711 2427 844 2482 mine
867 2428 1070 2482 Domini
1099 2469 1113 2491 ,
1158 2438 1338 2496 pastor
1359 2429 1443 2482 ille
1471 2429 1639 2480 bonus
1666 2468 1679 2487 ,
1722 2437 1776 2480 ut
1807 2439 2022 2493 poneret
2050 2427 2276 2479 animam

711 2515 860 2555 suam
894 2514 989 2568 pro
1014 2498 1200 2552 ovibus
1227 2501 1370 2562 suis;
1423 2509 1478 2551 ut
1513 2498 1650 2550 sicut
1679 2497 1712 2550 ii
1745 2538 1758 2559 ,
1804 2499 1891 2564 qui
1935 2498 2086 2558 lupos
2123 2498 2278 2568 ovina

710 2585 873 2625 carne
897 2567 1170 2623 vescentes
1198 2579 1454 2622 venantur
1479 2608 1495 2632 ,
1533 2569 1672 2633 ipsos
1698 2581 1797 2620 ove
1823 2567 1994 2619 oblata
2019 2567 2228 2632 capiunt
2265 2584 2277 2620 :

709 2643 787 2695 sic
808 2639 1166 2709 spiritualibus
1185 2640 1477 2692 animarum
1499 2637 1923 2690 interfectoribus
1952 2635 2128 2709 lupis,
2160 2652 2279 2689 sese

711 2721 766 2764 iit
797 2706 1063 2764 hominem
1085 2708 1311 2762 offerens
1340 2709 1593 2776 Princeps
1620 2716 1885 2774 pastorum
1913 2747 1925 2764 .
1963 2706 2274 2776 venabulum

709 2783 963 2850 objiceret
984 2819 998 2844 ,
1024 2780 1087 2834 iis
1110 2780 1195 2847 qui
1219 2780 1328 2847 jam
1356 2774 1768 2850 olitnrA'dainuni
1799 2777 2144 2850 venabantur.
2175 2774 2275 2827 Be-

709 2847 934 2905 nedictus
987 2851 1071 2916 qui
1110 2850 1239 2901 venit
1276 2850 1328 2902 in
1368 2849 1567 2901 nomine
1607 2847 1808 2898 Dontini
1842 2888 1857 2910 ,
1908 2848 2046 2899 Dens
2093 2856 2276 2898 contra

705 2922 973 2975 diabolum
1004 2959 1018 2982 ,
1074 2935 1178 2972 non
1225 2930 1407 2986 aperte
1438 2934 1530 2986 per
1571 2918 1883 2971 invisibilem
1919 2926 2224 2982 potestatein
2258 2957 2272 2977 ,

707 2992 802 3046 sed
833 3007 924 3059 per
955 2990 1310 3043 infirmitatem
1338 2991 1512 3059 carnis
1537 3029 1552 3048 ,
1589 2997 1653 3059 rut
1703 2987 1947 3059 alligaret
1969 3002 2086 3038 eum
2119 3027 2132 3044 ,
2187 2986 2274 3059 qui

706 3055 890 3115 contra
914 3075 1008 3114 nos
1037 3059 1186 3112 fortis
1219 3069 1356 3114 erat.
1409 3058 1702 3111 Benedictus
1727 3055 1810 3126 qui
1842 3057 1971 3109 venit
1996 3059 2047 3108 in
2077 3055 2275 3107 nomine

711 3131 912 3184 Domini
938 3171 953 3195 ,
986 3130 1095 3182 ltex
1114 3139 1295 3182 contra
1321 3139 1595 3197 tyrannum
1617 3169 1631 3192 ,
1680 3144 1782 3180 non
1814 3143 1908 3197 per
1935 3127 2272 3192 omnipoten-

707 3213 811 3255 tum
845 3209 1156 3266 potestatem
1207 3209 1261 3253 et
1306 3200 1615 3268 sapientiam
1645 3239 1658 3259 ,
1705 3198 1795 3250 sed
1830 3213 1920 3262 per
1969 3198 2139 3268 crucis
2172 3236 2186 3258 ,
2219 3207 2278 3248 ut

707 3272 987 3340 putabatur
1012 3311 1026 3330 .
1053 3269 1327 3322 stultitiam
1353 3266 1381 3332 ,ἡ
1405 3281 1458 3340 ut
1502 3269 1772 3340 prudentis
1804 3269 1867 3340 Δὶιι
1905 3266 2135 3340 nequitia
2163 3280 2278 3340 ser-

706 3336 879 3409 petitis
901 3339 1066 3410 spolia
1098 3340 1370 3406 diriperet.
1406 3337 1703 3410 Benedictus
1729 3336 1814 3404 qui
1838 3338 1968 3410 venit
2001 3338 2050 3386 in
2080 3336 2278 3387 nomine

709 3407 950 3473 Domini,
1009 3425 1163 3462 verax
1196 3419 1377 3461 contra
1412 3407 1719 3461 mendacem
1757 3449 1770 3468 ,
1819 3409 2066 3458 Servatur
2093 3417 2275 3458 contra

705 3482 1058 3550 perniciosmti
1086 3520 1100 3542 ,
1151 3479 1398 3546 Princeps
1427 3483 1569 3546 pacis
1594 3487 1772 3529 contra
1806 3492 2095 3550 pugnacem
2117 3515 2134 3538 ,
2183 3477 2276 3550 ho-

706 3545 905 3604 inininn
962 3561 1167 3603 amator
1221 3562 1402 3601 contra
1430 3545 1734 3599 hominum
1783 3561 2013 3598 osorem.
2054 3545 2272 3597 Benedi-

704 3633 814 3673 ctus
871 3621 954 3686 qui
1013 3620 1140 3672 venit
1213 3620 1262 3670 in
1327 3619 1526 3671 nomine
1593 3617 1838 3678 Domini,
1889 3630 2053 3684 penes
2124 3619 2274 3682 cujus

703 3692 982 3744 arhitrium
1037 3701 1114 3742 est
1158 3703 1368 3742 servare
1429 3698 1689 3741 errantem
1751 3687 2018 3739 hominem
2051 3726 2064 3748 ,
2122 3701 2274 3738 erro-

705 3777 816 3815 rem
843 3762 1077 3817 solvere.
1106 3775 1198 3811 eos
1219 3801 1232 3822 ,
1265 3760 1351 3826 qui
1376 3759 1425 3811 in
1455 3760 1684 3812 tenebris
1727 3767 1881 3810 erant
1923 3797 1938 3818 ,
1989 3757 2105 3809 iure
2155 3772 2274 3821 pcr-

704 3832 923 3886 fuudere
953 3873 966 3892 .
1007 3830 1266 3883 idolorum
1308 3829 1564 3884 fallaciam
1600 3828 1777 3881 delere
1807 3867 1820 3889 ,
1862 3831 2147 3880 salutarem
2185 3827 2274 3880 Dei

705 3903 1058 3968 cognitionem
1129 3900 1464 3952 introducere
1499 3940 1514 3962 ,
1572 3898 1824 3951 mundum
1893 3897 2224 3968 saneiilicare
2259 3937 2273 3958 ,

705 3964 1087 4026 exsecrandum
1113 3980 1166 4022 et
1193 3970 1399 4021 inaiicin
1427 3970 1623 4022 cultum
1653 3969 1945 4021 eliminare.
1976 3964 2276 4018 Benedictus

705 4043 789 4110 qui
815 4043 944 4094 venit
973 4042 1023 4092 in
1050 4041 1248 4110 nomine
1283 4038 1502 4102 Domini,
1535 4053 1670 4110 unus
1698 4038 2012 4110 proniuliis.
2046 4047 2101 4089 ut
2126 4047 2277 4089 eruat

705 4108 872 4180 genus
903 4111 1185 4180 humanum
1218 4109 1284 4180 de
1312 4124 1466 4161 manu
1491 4108 1761 4180 fortiorem
1795 4109 1886 4161 illo
1908 4149 1922 4169 ,
1973 4122 2195 4180 egenum
2222 4117 2276 4180 et

711 4176 991 4250 pauperem
1018 4195 1047 4250 a
1080 4179 1448 4250 diripientibus
1478 4194 1633 4250 eum,
1668 4176 1964 4250 Benedictus
2012 4178 2096 4250 qui
2145 4177 2275 4228 venit

709 4247 759 4303 in
783 4251 978 4303 nomine
1007 4249 1226 4307 Domini,
1255 4261 1310 4301 ut
1330 4247 1569 4300 infundat
1592 4248 1767 4299 viuum
1789 4260 1842 4301 et.
1861 4248 2032 4300 oleum
2055 4247 2106 4298 in
2131 4262 2276 4310 eum,

708 4322 798 4390 qui
821 4320 1002 4373 incidit
1048 4320 1098 4371 in
1148 4319 1378 4372 latrones
1403 4359 1418 4383 ,
1473 4329 1526 4370 et
1549 4319 1636 4385 qui
1663 4317 1942 4385 despectus
1963 4315 2077 4369 fuit.
2119 4314 2275 4368 Bene-

2189 352 2451 407 SI’UMA.

1801 4465 3206 4668 maiae“

3881 357 3990 410 τινε

2391 469 2552 520 dictas
2599 468 2683 532 qui
2734 467 2860 518 venit
2909 464 2960 517 iti
3013 465 3214 516 nomine
3261 463 3510 527 Domini,
3561 478 3614 516 nt
3660 479 3838 520 seriei
3883 487 3983 522 no,-

2393 553 2485 603 per
2542 539 2816 600 seipsnin,
2868 538 3003 588 sicut
3048 536 3125 606 ait
3185 535 3442 602 propheta
3477 577 3490 595 ,
3553 535 3674 589 Non
3733 541 3930 606 legatus
3967 584 3980 604 ,

2392 624 2489 658 non
2517 609 2742 674 out/elus,
2788 607 2875 658 sed
2902 607 3008 670 ipse
3037 605 3282 657 Dominus
3325 607 3532 657 sulvuvit
3577 624 3660 659 eos
3690 605 3839 674 (lsui.
3885 613 3981 664 (53.

2391 678 2468 738 9i.
2503 670 2623 730 Ideo
2667 687 2719 729 et
2767 693 2860 727 nos
2908 676 3268 729 benediciniiis
3317 687 3386 738 te,
3438 670 3810 745 l)0niine,'qui
3853 696 3982 732 cum

2394 749 2546 799 l':~t"e
2574 757 2626 801 et
2662 747 2858 813 Spiritu
2887 756 3072 800 sancto
3099 757 3221 798 ante
3250 747 3442 798 saicula
3485 758 3534 800 et
3569 749 3619 800 in
3648 750 3838 802 saecula
3870 766 3981 803 sae-

2390 821 2627 869 t'll'til'tlltl
2659 817 2968 870 lieni-dictus
2996 831 3054 870 es
3087 833 3098 865 :
3128 829 3250 869 ante
3278 819 3467 868 satcula
3497 826 3553 870 et
3582 834 3748 888 usque
3773 821 3838 873 ad
3877 821 3987 874 hoe

2393 899 2598 952 tempus
2639 891 3010 952 incorporeus;
3056 903 3193 938 nunc
3221 896 3396 938 autem
3429 897 3480 939 et
3517 889 3565 939 in
3604 891 3821 951 sarcula,
3854 906 3982 943 cum

2391 958 2586 1014 divina.
2635 959 2946 1010 immutabili
2992 967 3045 1008 et
3088 958 3388 1008 iniliri~ihili
3443 958 3804 1013 incarnatione
3861 973 3979 1013 tua.

2394 1028 2610 1098 Reliqua
2655 1029 2943 1098 videamus.
2997 1027 3130 1094 Quid
3173 1029 3296 1078 dicit
3345 1027 3553 1079 divinus
3605 1034 3932 1094 eraiigelisti
3962 1034 3986 1082 Ῥ

2391 1097 2515 1150 Cum
2545 1100 2776 1151 intrasset
2798 1097 3045 1150 Dominus
3071 1098 3120 1149 in
3149 1098 3406 1162 templum,
3431 1111 3741 1152 accesserunt
3766 1102 3835 1152 ad
3859 1118 3980 1154 eum

2389 1170 2507 1220 arci
2538 1181 2583 1220 et
2615 1170 2801 1227 claudi,
2836 1180 2879 1220 et
2907 1169 3095 1220 curavit
3127 1184 3228 1219 eos.
3271 1165 3498 1219 l'identes
3525 1181 3686 1220 autem
3719 1173 3982 1236 princii-es

2386 1241 2702 1291 sacerdotum
2731 1250 2775 1292 et
2806 1237 3052 1291 thistri
3079 1238 3324 1308 miracula
3359 1254 3470 1301 qua:
3507 1239 3740 1308 faciebat,
3774 1251 3820 1292 et
3847 1259 3982 1308 put:-

2386 1325 2468 1361 ros
2489 1311 2761 1362 clamantes
2789 1321 2833 1359 et
2861 1310 3097 1370 dicentes,
3132 1306 3376 1359 Hosanna
3403 1309 3510 1372 [ilio
3543 1307 3724 1372 David,
3758 1306 3975 1363 benedi-

2386 1389 2495 1431 ctus
2522 1382 2606 1439 qui
2631 1381 2756 1430 venit
2784 1379 2833 1429 in
2869 1381 3066 1430 nomine
3107 1376 3310 1429 Domini
3343 1377 3555 1442 (Matth.
3601 1379 3690 1432 ‘21.
3732 1382 3812 1433 H.
3853 1382 3976 1446 15).

2386 1449 2498 1512 ejus
2524 1449 2776 1501 honorem
2805 1465 2907 1500 non
2941 1449 3195 1501 tulerunt.
3220 1448 3394 1512 Quare
3418 1449 3732 1502 aeri-dentes
3757 1451 3822 1503 ad
3848 1467 3979 1504 eum

2385 1520 2649 1582 dicebant,
2684 1517 2804 1571 Non
2827 1519 2974 1571 audis
2998 1519 3118 1586 quid
3145 1519 3197 1569 lii
3221 1519 3391 1569 dicunt
3421 1516 3562 1578 {Ibid
3609 1538 3655 1573 υ,
3698 1522 3822 1583 lli)?
3853 1521 3979 1575 Non

2385 1604 2522 1656 zegre
2554 1589 2659 1641 fers
2685 1589 2823 1656 quod
2850 1591 3017 1660 gloria
3047 1587 3295 1640 alficiaris
3327 1588 3587 1660 tll_l)etts?
3619 1606 3722 1642 non
3753 1591 3839 1642 iud
3865 1605 3980 1660 ευρ

2387 1660 2509 1718 fers,
2544 1675 2662 1712 cum
2711 1659 2862 1714 audis
2908 1659 3087 1711 abhis
3119 1658 3487 1710 innocentibus
3529 1673 3588 1710 ea
3630 1676 3747 1726 quze
3797 1658 3977 1714 διιιῖιηι

2389 1732 2548 1781 lleum
2578 1730 2805 1783 decent?
2831 1745 3006 1781 annon
3052 1731 3189 1780 lleus
3221 1729 3329 1790 jam
3361 1729 3488 1780 olim
3531 1745 3623 1794 per
3653 1729 3974 1796 prophetam

2383 1798 2686 1858 declaravit,
2722 1797 2945 1852 Gloriam
2985 1815 3146 1850 meum
3188 1797 3332 1849 alteri
3372 1814 3472 1849 non
3517 1799 3644 1850 dabo
3673 1797 3828 1864 (lsai.
3877 1800 3974 1854 42.

2385 1868 2479 1934 8)?
2501 1879 2572 1932 et,
2605 1871 2868 1935 Quomodo
2890 1869 3127 1920 tu.homo
3154 1884 3265 1919 cum
3294 1869 3378 1924 sis,
3407 1870 3535 1934 fucis
3565 1870 3779 1936 leipsum
3805 1869 3980 1923 Dem:

2385 1938 2559 2003 (Joan.
2588 1941 2672 1993 10.
2699 1940 2786 2008 ’55)
2805 1940 2828 1992 ?
2849 1939 2951 1990 Sed
2980 1940 3102 2004 quid
3126 1938 3187 2008 ad
3220 1938 3666 2008 lia-clouganintis
3699 1941 3806 2001 ille,
3833 1943 3980 1992 mul-

2386 2021 2468 2062 tus
2500 2011 2548 2062 in
2577 2007 2959 2068 iniseriCordia,
2987 2017 3038 2060 et
3071 2007 3251 2058 tardus
3289 2007 3353 2059 ad
3385 2007 3552 2060 iram?
3589 2007 3852 2063 Furentes
3887 2020 3973 2064 to.

2384 2081 2535 2139 lerat,
2569 2082 2697 2132 iram
2741 2080 2892 2134 sedat
2921 2081 3224 2131 excusando
3273 2092 3349 2136 se,
3390 2078 3694 2146 Scripturas
3732 2080 3976 2135 vicissim

2383 2151 2619 2216 opponit.
2655 2150 2952 2202 testimonia
2988 2147 3188 2213 prafert
3220 2158 3535 2212 opportuna,
3569 2164 3741 2213 neque
3769 2151 3978 2203 de~init

2384 2220 2728 2287 interrogare,
2782 2220 3005 2285 ideoque
3045 2219 3118 2268 ait
3147 2236 3160 2270 :
3189 2218 3481 2286 Numquam
3517 2228 3570 2270 et
3614 2235 3707 2272 \os
3745 2221 3978 2273 audistis

2382 2305 2467 2342 tne
2495 2307 2586 2356 per
2616 2291 2922 2356 prophetam
2956 2289 3218 2341 dicentem
3256 2306 3268 2339 :
3299 2288 3446 2340 'l‘nnc
3472 2291 3806 2358 cognoscetis
3841 2306 3972 2358 quia

2382 2375 2483 2426 ego
2512 2375 2743 2427 praisens
2785 2360 3014 2425 lnquor?
3067 2373 3164 2410 nec
3198 2372 3424 2417 rursum,
3462 2357 3539 2409 Ex
3579 2375 3664 2410 ore
3691 2357 3973 2428 infantium

2380 2441 2426 2482 et
2452 2431 2736 2482 laetantium
2784 2429 3032 2495 nerfecisli
3063 2428 3265 2479 tandem
3315 2439 3517 2494 propter
3558 2428 3789 2481 inimicos
3831 2442 3970 2487 tuos.

2383 2511 2433 2551 ut
2463 2501 2691 2552 desii-uas
2717 2501 2970 2551 initttii'ttnt
3009 2510 3051 2548 et
3083 2498 3293 2548 ultorem
3329 2497 3507 2561 (Joan.
3555 2498 3605 2552 8.
3645 2497 3776 2566 9.8)?
3805 2497 3971 2553 Tales

2382 2573 2511 2622 estis
2545 2585 2655 2629 ros.
2686 2571 2772 2636 qui
2807 2568 2974 2637 legem
3015 2567 3304 2630 atieiiditis,
3333 2579 3400 2638 ret
3445 2570 3732 2634 prophetas
3772 2571 3969 2638 legitis.

2380 2651 2433 2692 et
2463 2657 2546 2693 me
2587 2643 2634 2693 in
2671 2640 2783 2707 lege
2827 2639 3166 2708 prit‘tllCaltlm
3197 2637 3484 2702 despicitis.
3531 2638 3788 2691 Videmini
3820 2637 3976 2691 uani-

2379 2726 2481 2778 que.
2515 2713 2722 2776 pietatis
2750 2707 2969 2762 obtentu
3007 2707 3094 2760 Dei
3135 2707 3697 2778 glOI'ittllliVllttllt'll’e:
3743 2726 3848 2761 nou
3884 2713 3974 2762 in-

2381 2777 2676 2848 telligenles
2707 2795 2848 2843 eum,
2871 2779 2958 2847 qui
2983 2795 3065 2828 tne
3085 2778 3330 2848 despicit,
3363 2777 3570 2830 Patrem
3598 2780 3756 2831 etiam
3785 2779 3975 2848 despi-

2378 2847 2520 2902 εει·ιῇ
2559 2851 2670 2916 Εςο
2693 2849 2833 2901 enim
2861 2868 2886 2899 :i
2922 2848 3027 2901 Deo
3055 2847 3222 2912 esivi,
3264 2857 3317 2898 et
3358 2849 3474 2899 veni
3506 2853 3552 2898 in
3584 2851 3837 2900 iiiitiidiiiii
3867 2847 3973 2902 tet

2377 2922 2541 2987 gloria
2579 2936 2690 2971 inca
2720 2929 2800 2972 est
2829 2919 2991 2987 gloria
3035 2917 3203 2970 Patris
3233 2919 3355 2969 mei.
3386 2916 3472 2970 Sic
3503 2918 3756 2970 confutati
3785 2934 3813 2969 a
3835 2920 3973 2972 Ser-

2378 3000 2560 3043 Vatore
2607 3001 2788 3042 nostro
2836 2992 2942 3041 Deo
2984 2987 3150 3040 insani
3203 2988 3295 3043 ἱιΙι.
3344 2987 3706 3040 contradict-re
3746 2989 3972 3056 quidem

2377 3069 2674 3124 Cessarunt,
2707 3075 2734 3111 a
2780 3061 2998 3112 veritate
3042 3057 3327 3117 refrenati;
3373 3059 3462 3109 scd
3512 3060 3750 3108 insanum
3798 3060 3970 3112 alium

2379 3129 2688 3183 iiidiicenles
2728 3132 3038 3194 cogitatum,
3091 3129 3370 3180 Consilium
3426 3129 3655 3179 inierunt
3709 3129 3973 3180 adversus

2378 3216 2520 3251 eum.
2556 3200 2660 3252 Nos
2691 3216 2817 3252 vero
2865 3200 3148 3261 psallanuis
3182 3216 3193 3249 :
3227 3196 3443 3264 Magnus
3485 3196 3730 3248 Donnnns
3770 3209 3971 3255 noster.

2379 3282 2424 3322 et
2456 3287 2636 3338 mugitu
2664 3271 2816 3320 virtus
2846 3270 3051 3338 ejuspet
3082 3270 3341 3338 sapientia:
3369 3268 3503 3316 illius
3535 3283 3633 3317 non
3669 3277 3739 3317 est
3779 3284 3937 3319 mone

2379 3357 2464 3392 rus
2493 3337 2660 3407 (Psnl.
2699 3339 2811 3390 146.
2848 3340 2923 3400 5).
2959 3337 3082 3390 Ιιίυο
3111 3337 3304 3404 quippe
3348 3339 3521 3387 omnia
3557 3341 3692 3407 facta
3731 3346 3877 3398 sunt,
3915 3347 3975 3390 nt

2378 3411 2465 3475 qui
2495 3405 2623 3460 tollit
2672 3421 2942 3475 peccatum
2992 3407 3170 3458 mutuli
3216 3411 3395 3473 Agnus
3433 3415 3485 3456 et
3531 3405 3696 3459 Filius
3739 3409 3830 3459 liei
3870 3422 3973 3460 κον

2380 3481 2603 3532 Iuntarie
2638 3494 2729 3543 pro
2759 3477 2910 3530 nobis
2948 3477 3012 3528 ad
3061 3476 3344 3529 salutarem
3387 3475 3685 3541 passionem
3729 3477 3970 3537 veniret,

2378 3561 2430 3603 et
2464 3551 2512 3600 in
2549 3550 2795 3614 praetorio
2825 3555 3221 3613 agnosceretur,
3273 3554 3326 3597 et
3365 3555 3421 3598 iit
3461 3548 3549 3614 qui
3601 3549 3972 3615 despiciebant

2379 3637 2532 3679 enin,
2585 3619 2671 3686 qui
2729 3618 2938 3670 \‘lVlilCO
2977 3618 3232 3685 sanguine
3271 3630 3367 3666 Sitti
3413 3617 3664 3669 mundum
3716 3618 3968 3679 redemit,

2379 3698 2742 3742 consentirent
2771 3689 2913 3740 circa
2963 3687 3169 3754 triginta
3203 3695 3504 3753 argenteos,
3541 3697 3592 3737 et
3633 3690 3825 3754 pascha
3870 3703 3971 3754 pro

2383 3760 2535 3810 nobis
2560 3758 2923 3810 iniiiiolai'ettii'
2945 3753 3184 3808 Christus
3214 3771 3227 3808 :
3260 3766 3307 3805 nl
3334 3756 3419 3822 qui
3450 3753 3679 3820 pretiosii
3706 3758 3820 3822 ejus
3843 3753 3972 3809 sati-

2378 3829 2537 3898 guine
2561 3828 2761 3896 aspersi
2790 3838 2934 3889 sunt,
2959 3842 3182 3898 quorum
3213 3825 3348 3898 labia
3381 3825 3545 3898 instar
3576 3826 3814 3898 liminum
3837 3838 3970 3878 sunt

2379 3895 2670 3965 obsignata,
2719 3896 2997 3963 perniciosi
3042 3895 3184 3946 illius
3216 3895 3318 3946 tela
3362 3895 3609 3965 elfugiant
3636 3913 3649 3957 ;
3685 3907 3736 3948 et
3766 3897 3845 3949 sic
3876 3900 3969 3960 qui

2379 3964 2541 4021 carne
2585 3982 2768 4034 passus
2811 3979 2892 4020 est
2937 3966 3180 4018 Christus
3225 3973 3277 4016 et
3331 3964 3606 4017 tridnauus
3652 3970 3968 4028 resurrexit,

2379 4055 2497 4090 cum
2531 4039 2685 4091 Patre
2709 4047 2764 4090 et
2793 4038 2992 4104 Spiritu
3024 4046 3210 4086 sancto
3237 4034 3346 4100 pari
3375 4049 3494 4086 cum
3527 4036 3737 4104 honore
3766 4044 3820 4087 et
3844 4037 3966 4104 glo-

2383 4111 2455 4162 ria
2499 4109 2565 4163 ab
2609 4108 2753 4160 omni
2791 4103 3032 4160 creatura
3076 4105 3404 4167 honorettir;
3439 4105 3559 4171 quia
3593 4106 3688 4172 ipsi
3721 4103 3968 4158 ﬂectetur

2380 4195 2537 4232 omne
2553 4194 2689 4246 genu
2711 4178 3022 4237 ca-leslium,
3046 4176 3383 4246 terrestrium
3408 4185 3461 4226 et
3484 4175 3830 4246 inferuerunt,
3855 4176 3968 4241 glo.

2382 4251 2513 4302 riam
2543 4244 2640 4317 ipsi
2669 4248 3014 4300 referentiqu
3042 4245 3094 4298 in
3124 4244 3314 4297 sxcula
3340 4244 3674 4297 “sculorum.
3699 4247 3894 4298 Anien.

3450 4425 3782 4435 ———_—_——_.

2654 4430 2725 4436 φ-.
2743 4429 2928 4436 .-.υ-ο...»

3206 4427 3956 4480 ﬁ

2085 4730 2147 4785 IN
2185 4731 2360 4799 SEQU
2371 4732 2591 4786 ENTES

1546 4873 1647 4932 DE
1690 4871 1953 4932 BEATA
1999 4871 2331 4930 VIBGINE
2375 4870 2628 4928 MAlilA
2673 4869 3150 4930 OliATlONES.

790 5017 1036 5087 Ejusdem
1070 5016 1250 5069 farina:
1270 5025 1392 5067 sunt
1419 5025 1698 5087 statuentes
1719 5013 1784 5065 de
1808 5013 1865 5066 Β.
1891 5010 1954 5087 γ,
1984 5011 2144 5087 Maria
2168 5025 2286 5087 ser-

717 5081 925 5155 uio-ias,
963 5089 1051 5158 qui
1077 5087 1196 5156 jure
1225 5087 1277 5138 in
1311 5085 1544 5137 tenebris
1572 5084 1870 5146 latuissent,
1897 5083 1997 5134 nisi
2029 5082 2151 5134 illos
2186 5081 2286 5134 Sa—

2397 5011 2548 5062 vilius
2598 5014 2936 5080 publicasset.
2987 5013 3250 5066 Fortassis
3299 5029 3425 5066 vero
3468 5030 3532 5067 ex
3587 5015 3772 5070 eodem
3829 5017 3979 5071 foote

2396 5084 2559 5134 eodei.
2588 5099 2685 5149 que
2711 5095 2926 5137 auctore
2960 5085 3239 5150 prodeunt.

718 5211 2431 5234 __________________.______.____

1691 5305 1752 5348 18
1797 5305 1849 5348 8.
1900 5303 2206 5346 νιιιεικειι
2254 5301 2331 5342 ΕΤ
2375 5301 2694 5345 ΒΕΙΡΔΒΔΙ
2738 5304 3014 5348 ΗΔΙΙΔΙ.

2112 5431 2570 5460 -ὑ-

792 5548 990 5602 Omnes
1043 5543 1256 5612 quidem
1315 5541 1685 5594 memorabiles
1737 5541 2069 5612 gelebritates
2125 5540 2294 5593 admi-

726 5619 904 5673 randa
957 5609 1102 5675 sunt,
1149 5623 1202 5668 et
1254 5614 1525 5665 stellarum
1572 5609 1839 5678 splendori
1887 5612 2292 5680 oomparabiles.

1255 5681 1510 5750 positione
1534 5695 1628 5734 sua
1670 5682 1721 5733 in
1767 5682 1898 5735 callo
1929 5683 2044 5734 lixa:
2073 5693 2215 5743 sunt,
2245 5690 2296 5732 et

728 5771 792 5809 ex
825 5761 995 5826 posito
1025 5766 1159 5810 inter
1189 5753 1423 5822 οιιιδιιιέιδ
1451 5751 1726 5805 intervallo
1755 5751 2176 5819 spectabiliores,
2208 5761 2291 5804 too

728 5687 858 5744 ﬂaui
886 5688 1020 5740 sicut
1049 5685 1216 5739 stella:

2398 5549 2614 5606 tumque
2657 5549 2814 5594 teme
2860 5541 3041 5595 orbem
3088 5540 3390 5604 illustrant;
3420 5549 3576 5609 atque
3606 5541 3794 5595 eadem
3824 5541 3977 5595 stella

2397 5613 2534 5680 apud
2580 5610 2734 5664 Indos
2781 5613 3008 5672 videtur,
3040 5622 3093 5666 et
3136 5610 3349 5681 Scythis
3391 5626 3494 5663 non
3539 5611 3877 5673 occultatur;
3921 5609 3977 5664 in

2398 5683 2699 5735 centiueuic
2731 5681 2975 5749 splendet
3003 5691 3056 5734 et
3106 5695 3252 5735 mare
3281 5681 3562 5739 illuminat.
3589 5691 3643 5734 et
3669 5682 3986 5750 navigantes

2400 5754 2658 5818 gubernat
2685 5769 2698 5816 ;
2734 5754 3027 5820 haiuinque
3071 5751 3343 5806 stellarum
3384 5752 3602 5806 nomina
3630 5752 3701 5805 ob
3731 5753 3976 5807 multituo
