4194 6318
214 401 317 458 109

213 514 392 583 dinem
419 513 757 583 ignoramus,
780 509 872 566 sed
901 525 993 565 eas
1027 520 1205 583 tamen
1236 509 1307 563 ob
1333 506 1639 583 splendoris
1680 506 1802 577 pul-

213 581 575 639 chritudinem
619 582 945 635 admiramur
975 599 987 630 :
1017 582 1095 634 sic
1130 589 1255 632 sunt
1290 581 1449 633 etiam
1496 586 1801 632 sanctorum

214 654 433 723 singuli.
477 654 588 707 Etsi
622 655 764 704 enim
815 651 1050 723 ipsorum
1084 649 1570 723 reliquiieinclusre
1613 647 1804 723 sintin

214 718 497 792 sepulcris.
526 738 712 777 earum
744 718 916 774 tamen
938 722 1115 792 ivirtus
1142 718 1245 771 non
1271 720 1418 772 orbis
1445 728 1599 792 terra:
1628 718 1807 792 limiti-

216 786 316 849 bus
345 793 824 847 circumscribitur.
851 792 914 844 Et
936 791 1035 844 hoc
1059 805 1241 843 verum
1265 804 1385 842 esse
1406 803 1472 841 ex
1497 786 1655 840 rebus
1677 787 1806 853 ipsis

214 864 428 919 discere
460 873 630 932 potes.
665 861 952 932 Palaestina
967 859 1203 932 VAbraltze
1257 859 1511 932 reliquias
1542 858 1719 932 liabet,
1753 864 1807 932 et

217 926 488 1003 tugurium
516 932 632 1001 ejus
654 947 773 985 cum
799 930 1042 998 paradiso
1062 929 1337 1003 contendit
1362 926 1523 1003 {itam
1553 926 1806 1003 Deus_qui

217 996 327 1058 illic
358 996 560 1057 contra
581 996 838 1055 Adamum
868 1001 1189 1054 sententiam
1220 998 1356 1061 tulit,
1396 996 1486 1050 hic
1523 1012 1551 1049 a
1583 996 1808 1065 patriar-

215 1074 315 1128 cha
350 1073 583 1141 hospitio
612 1083 863 1139 receptus
906 1080 1006 1125 est.
1058 1069 1274 1138 Josephi
1304 1081 1424 1141 o_ssa
1456 1082 1622 1141 unum
1661 1080 1809 1120 com-

218 1136 821 1215 plectiturgsepulcru’m,
853 1148 908 1194 et
938 1141 1054 1208 ejus
1078 1136 1268 1215 conira
1291 1136 1593 1215 Egyptiain
1635 1145 1804 1215 certa-

219 1206 342 1268 iuen
375 1213 523 1267 orbis
552 1206 761 1266 termini
788 1226 907 1265 cum
932 1206 1171 1276 stupore
1200 1209 1481 1262 mirantur.
1518 1206 1712 1277 Moysis
1742 1219 1808 1258 ne

217 1284 527 1350 sepulcrum
576 1281 791 1350 quidem
839 1280 1123 1347 reperitur,
1172 1288 1227 1332 et
1278 1278 1377 1350 i_lle_
1412 1285 1532 1343 post
1582 1285 1806 1350 mortem

236 1345 481 1407 n'azdicat
527 1345 688 1414 eum,
742 1351 831 1419 qui
888 1345 1032 1418 virga
1084 1364 1230 1403 mare
1279 1347 1518 1419 Rubrum
1573 1345 1804 1419 discidit.

236 1370 481 1407 u'azaicat
527 1370 688 1414 eum,
742 1370 831 1419 qttt
888 1370 1032 1418 Vlrga
1084 1370 1230 1403 tttare
1280 1370 1518 1401 nuurttm
1573 1370 1804 1399 msuutt.

218 1370 386 1477 isaias
416 1424 502 1476 ubi
536 1422 776 1490 sepultus
801 1421 870 1473 sit
902 1424 1241 1490 ignominiis;
1272 1417 1531 1490 e_t__oumis
1571 1416 1806 1490 Ecclesia

220 1510 315 1561 per
344 1486 825 1562 prephetiamiejus
852 1486 1051 1562 clamat
1078 1486 1265 1562 :"Ecce‘
1293 1486 1522 1562 Virgoin
1546 1495 1686 1562 nterp
1712 1486 1809 1562 (m-

217 1556 373 1628 bebit,
415 1556 464 1615 εἱ
493 1564 650 1629 pariet
681 1556 869 1614 Filium
916 1559 1067 1630 (luti.
1098 1560 1148 1612 7.
1185 1557 1295 1627 H).
1334 1557 1513 1609 Daniel
1549 1556 1617 1630 in_
1642 1556 1811 1623 Baby-

220 1626 618 1701 lonevsepultus
660 1642 762 1693 est,
809 1639 863 1683 et
906 1626 995 1683 ille
1022 1626 1321 1701 ipgrstotain
1351 1636 1546 1701 terram
1572 1626 1764 1701 clamat
1795 1642 1807 1677 :

223 1704 356 1756 Ecce
392 1694 456 1755 ιη’
489 1702 703 1756 nubibus
724 1701 855 1765 creti,
886 1694 1226 1768 quasi—Filius
1254 1697 1471 1768 hominis
1492 1696 1621 1748 venit
1644 1694 1808 1768 (Dan.

219 1774 420 1841 7.13).
469 1773 702 1825 Anauias
751 1780 805 1824 et
851 1766 979 1823 sucii
1031 1769 1176 1838 pueri
1220 1770 1269 1821 in
1301 1767 1573 1841 Babylone
1617 1766 1813 1841 mor_tui

220 1853 348 1896 Sunt
378 1835 392 1895 Ξ
421 1858 483 1895 ac
527 1858 620 1910 per
663 1842 780 1895 illos
826 1850 966 1892 totus
995 1835 1157 1910 orbis
1177 1837 1647 1910 quotidieclamat
1673 1835 1814 1910 alie-

220 1913 438 1965 nedicile
468 1905 638 1965 omnia
680 1927 833 1979 Opera
880 1905 1087 1963 Domini
1126 1905 1345 1961 Domino
1385 1908 1543 1975 (Dan.
1591 1907 1665 1979 2⁷))Δ
1698 1907 1809 1974 57).

226 1983 475 2037 Ezechiel
510 1982 649 2046 apud
679 1976 868 2035 Persas
916 1980 1202 2032 tumulatus
1230 1990 1333 2041 est,
1364 1988 1417 2031 et
1445 1992 1564 2031 cum
1608 1976 1815 2030 Cheru-

222 2054 367 2107 biuis
396 2056 663 2106 exclamat
695 2068 708 2105 :
737 2049 1008 2103 Benedicta
1040 2050 1201 2118 gloria
1236 2048 1440 2101 Domini
1480 2048 1542 2099 de
1572 2047 1681 2099 loco
1723 2063 1813 2100 suo

223 2124 443 2189 (Ezech.
477 2124 528 2176 5.
565 2122 674 2193 12).
708 2121 784 2174 lta
814 2121 942 2193 nihil
973 2121 1171 2193 profuit
1198 2118 1428 2193 diabolo,
1456 2118 1609 2193 quod
1631 2119 1681 2169 iu
1723 2131 1815 2185 pa-

222 2194 404 2249 radiso
453 2189 713 2246 Adamnm
755 2192 911 2244 morti
964 2189 1239 2244 tiadiderit
1282 2207 1296 2241 :
1339 2190 1476 2241 Dens
1524 2189 1666 2241 enim
1722 2202 1816 2255 per

224 2274 455 2317 mortem
477 2264 633 2330 iustis
648 2264 865 2330 januam
888 2263 1095 2329 aperuit
1115 2260 1179 2313 ad
1208 2258 1477 2313 fiduciam.
1500 2257 1603 2311 Sed
1627 2271 1816 2310 omnes

222 2336 444 2401 quidem
484 2343 791 2387 sanctorum
823 2332 1095 2386 memoriae
1134 2330 1404 2383 mirabiles
1444 2338 1599 2401 sunt;
1632 2342 1813 2401 verum

227 2398 357 2457 nihil
391 2405 463 2456 ita
492 2403 803 2472 gloriosum,
849 2402 1064 2472 uthzec
1106 2401 1437 2472 solemnitas.
1468 2399 1598 2472 Abel
1631 2398 1700 2472 ob
1728 2412 1814 2450 sa-

226 2470 863 2536 rrilicium'memoratur,
896 2471 1080 2525 Enoch
1119 2471 1259 2539 quod
1300 2470 1409 2522 Deo
1444 2470 1699 2536 placuerit
1728 2483 1816 2520 ce-

230 2544 486 2607 lebratur,
514 2543 864 2597 Melchisedec
887 2552 942 2594 ut
961 2542 1138 2609 imago
1166 2541 1255 2593 Dei
1281 2539 1619 2608 prmdicatur,
1646 2539 1818 2609 Abra-

231 2616 351 2665 ham
404 2623 623 2683 propter
671 2609 829 2666 ﬁdem
874 2608 1139 2683 laudatur,
1189 2610 1337 2663 Isaac
1378 2611 1518 2683 quod
1554 2611 1715 2683 ligura
1748 2608 1819 2683 sit

229 2678 527 2747 extollitur,
550 2682 714 2737 Jacob
733 2684 803 2735 ob
828 2683 1023 2736 luctam
1052 2680 1236 2733 beatus
1261 2679 1593 2747 prmdicattn‘,
1618 2678 1816 2747 Joseph

229 2756 298 2823 ob
326 2759 626 2808 castitatem
655 2757 966 2823 honoratur,
989 2751 1088 2823 Job
1112 2751 1379 2823 patientia:
1403 2748 1612 2823 laudem
1637 2749 1815 2823 habet,

231 2820 438 2892 Moyses
492 2834 546 2875 ut
596 2823 865 2892 legislator
911 2818 1259 2879 benedicitur.
1295 2820 1630 2892 lesushlilms
1675 2818 1818 2873 Nave

234 2904 287 2946 ut
315 2888 440 2947 belli
488 2894 593 2946 dux
638 2888 963 2955 celebratur,
1006 2892 1231 2944 Samson
1272 2888 1335 2945 e'x
1390 2890 1657 2959 colloquio
1697 2904 1817 2943 cum

233 2965 340 3018 lien
368 2965 558 3017 beatus
610 2963 823 3027 dicitur,
859 2961 1034 3016 Helias
1078 2962 1174 3013 zeli
1222 2958 1586 3014 testimonium
1638 2958 1816 3024 habet,

233 3033 396 3087 Isaias
438 3033 715 3102 theologus
746 3048 867 3087 esse
910 3034 1181 3095 scribitur,
1240 3032 1423 3084 Daniel
1480 3038 1533 3082 ut
1586 3030 1820 3099 prudens

237 3103 573 3173 praedicatur,
609 3105 851 3157 Ezechiel
886 3112 943 3157 ut
986 3117 1301 3155 arcanorum
1347 3110 1616 3173 spectator
1653 3102 1822 3173 admi-

236 3171 425 3228 rationi
460 3176 703 3239 habetur,
738 3173 899 3226 David
947 3184 1002 3226 ut
1042 3183 1194 3241 pater
1242 3172 1481 3241 mysterii
1529 3171 1819 3223 secundum

235 3260 449 3298 carnem
480 3244 798 3305 celebratur,
844 3243 1099 3297 Salomon
1148 3252 1204 3294 ιιι
1233 3243 1447 3308 sapiens
1490 3241 1817 3309 suspicitur;

235 3315 328 3368 sed
356 3314 491 3367 nihil
516 3314 898 3382 exaequandum
926 3314 1162 3379 Deipara:
1190 3312 1384 3365 Mai-ire.
1410 3310 1541 3382 Nam
1564 3325 1722 3377 quem
1748 3311 1822 3363 illi

235 3400 421 3438 omnes
444 3390 494 3436 in
517 3381 797 3451 aenigmate
820 3382 1085 3447 viderunt,
1110 3384 1218 3451 ipSa
1246 3384 1293 3435 in
1319 3393 1469 3435 utero
1492 3381 1821 3434 incarnatuut

270 3456 482 3518 estavit,
524 3468 587 3507 ac
632 3454 761 3507 nihil
794 3453 1068 3523 impedivit
1116 3452 1437 3506 inell'abilem
1470 3452 1821 3505 (eeonomiam

284 3525 400 3578 erbi
441 3526 556 3578 Dei.
587 3523 896 3578 Ttnnorne?
942 3524 1011 3576 At
1060 3524 1346 3575 materialis
1391 3532 1473 3575 est
1520 3523 1693 3588 paSsio
1726 3538 1737 3573 :
1772 3530 1826 3574 at

236 3606 445 3648 tumore
490 3603 544 3647 et
587 3594 834 3662 passione
864 3608 1085 3646 vacuum
1116 3602 1199 3645 ειμι
1232 3594 1482 3647 Verbum.
1517 3589 1703 3646 Tanta:
1732 3591 1827 3645 de-

237 3665 511 3718 missioiiis
540 3662 893 3733 magnitudo?
919 3664 1023 3717 Sed
1051 3663 1300 3716 divinitas
1347 3677 1450 3716 non
1482 3662 1822 3733 circumscri-

235 3735 399 3788 bitur.
428 3734 744 3788 Piaculum?
770 3732 874 3789 Sed
902 3748 1017 3787 eam
1050 3735 1338 3787 etl'ormans
1366 3733 1470 3785 non
1504 3732 1742 3795 foedavit,
1773 3742 1826 3785 et

238 3806 289 3857 in
344 3804 431 3857 illa
484 3805 810 3865 incarnatus,
842 3812 897 3855 ct
938 3818 1003 3857 ex
1036 3804 1123 3856 illa
1154 3804 1387 3872 genitus,
1440 3818 1544 3855 non
1595 3802 1827 3869 pollutus

235 3886 320 3930 est
346 3893 360 3940 ;
396 3876 502 3927 into
527 3876 749 3943 gloriam
782 3875 909 3942 lli-gi
933 3872 1085 3926 aﬂ'ert
1116 3874 1432 3943 benignitas.
1468 3874 1654 3925 Partus
1676 3873 1698 3922 Υ
1723 3872 1826 3925 ted

236 3962 344 3999 non
378 3945 561 3998 minoit
597 3955 775 4013 partus
802 3960 945 4005 eum,
976 3946 1065 4013 qui
1092 3945 1207 3995 sine
1235 3944 1495 4013 principio
1520 3954 1619 3995 est.
1650 3943 1825 3994 Partui

233 4016 419 4085 juncta
473 4015 811 4068 iiicartiatio?
863 4016 965 4067 Sed
1012 4015 1361 4067 mutationem
1411 4015 1591 4066 divina
1638 4022 1825 4085 natura

236 4082 349 4140 non
384 4100 535 4153 passa
563 4094 663 4137 est.
695 4085 916 4138 Matrem
950 4085 1108 4138 habet
1138 4085 1432 4137 secandum
1464 4098 1700 4143 carnem,
1732 4082 1825 4135 sed

238 4172 347 4209 non
374 4157 554 4209 amisit
582 4156 723 4225 quod
748 4165 907 4209 esset
936 4156 1050 4207 sine
1082 4165 1253 4208 matre
1301 4154 1594 4207 secundum
1635 4154 1830 4225 divmi-

238 4236 425 4281 tatem.
480 4224 770 4294 PrtcSepe?
824 4226 928 4278 Sed
983 4227 1152 4278 l’atris
1198 4226 1368 4277 sinunt
1425 4240 1529 4276 non
1581 4224 1823 4276 nudavit.

236 4298 541 4365 Spelunca?
570 4296 675 4350 Sed
720 4295 949 4349 Trinitas
990 4309 1276 4363 numquam
1317 4296 1573 4365 thromun
1598 4294 1827 4365 reliquit.

236 4363 380 4422 Nihil
421 4381 550 4436 ergo
594 4368 645 4420 in
688 4368 959 4420 hominum
1003 4370 1106 4418 vita
1158 4365 1330 4418 simile
1383 4364 1577 4433 Virgini
1629 4363 1824 4416 Marce.

238 4438 417 4494 Mente
450 4439 646 4507 itaque,
690 4452 722 4489 0
752 4436 933 4502 homo,
970 4446 1130 4488 totam
1172 4448 1468 4507 creaturam
1488 4437 1825 4507 percurrito,

239 4450 417 4494 alente
450 4450 646 4507 itaque,
690 4452 722 4489 0
752 4450 933 4502 uottto,
970 4450 1130 4488 totam
1172 4450 1468 4488 creaturam
1488 4450 1825 4556 ‘pet‘currtto,

239 4521 295 4562 et
321 4509 441 4562 ride
469 4525 591 4560 num
618 4508 744 4576 quid
772 4518 863 4559 aut
888 4506 1090 4574 aequale
1118 4508 1185 4559 sit
1218 4506 1455 4573 Deipara:
1536 4505 1709 4571 irgini,
1742 4516 1833 4557 aut

242 4578 415 4646 majus
459 4578 543 4631 illa
578 4593 589 4628 :
628 4590 821 4631 terram
862 4578 1104 4639 circumi,
1148 4590 1293 4628 mare
1329 4576 1608 4643 perlustra,
1653 4590 1831 4628 aerem

242 4662 504 4713 scrutare,
536 4648 696 4701 cwlos
723 4658 901 4702 mente
941 4648 1231 4717 perpende,
1265 4646 1557 4699 invisibiles
1598 4656 1831 4717 potesta-

244 4729 324 4772 tes
344 4721 537 4788 cogita,
565 4728 621 4771 et
651 4719 767 4771 vide
808 4715 1024 4770 numﬁin
1065 4727 1171 4769 tota
1204 4726 1388 4769 natura
1434 4715 1685 4788 sitialiud
1732 4715 1834 4769 tale

154 4842 159 4859 _
244 4787 627 4856 speetaculum.
659 4788 787 4842 Nam
820 4789 931 4841 caeli
968 4797 1217 4842 enarrant
1249 4788 1470 4859 gloriam
1514 4787 1627 4850 Dei,
1662 4789 1833 4854 angeli

246 4876 363 4912 cum
396 4862 587 4913 timore
622 4860 945 4922 ministrant,
979 4858 1283 4927 archangeli
1316 4857 1538 4909 adorant
1576 4874 1696 4909 cum
1732 4868 1837 4909 trc-

249 4946 417 4995 more,
462 4929 747 4983 bberubini
787 4946 891 4983 non
936 4929 1167 4982 ferentes
1213 4930 1620 4989 exliorrescuut,
1673 4930 1834 4979 Sera-

249 5003 392 5068 pltini
425 5015 527 5054 non
550 5002 829 5066 accedunt,
862 5000 954 5054 sed
977 5003 1422 5052 circtmtvoiantes
1452 5014 1574 5051 cum
1603 5008 1835 5052 tremore

1002 399 1275 455 CONTRA
1318 393 1722 452 lleRETlCOS
1761 390 1848 448 ET
1890 391 1953 445 IN
1992 389 2311 446 SANCTAM
2352 388 2727 445 DEIPARAM.

3406 379 3510 451 fta

1911 507 2139 560 clamant
2168 523 2182 558 :
2211 503 2452 566 Sanctus,
2480 514 2705 567 sanctus,
2729 512 2932 556 sanctus
2959 499 3209 557 Dominus
3232 504 3465 558 Sabaoth

1911 579 2114 645 plenum
2146 586 2217 630 est
2245 575 2424 627 aulum
2450 585 2496 626 et
2518 582 2650 645 terra
2674 572 2843 625 laudis
2873 574 2993 645 ejus
3014 572 3168 645 (lani.
3208 573 3261 629 6,
3292 576 3370 642 5),
3400 571 3508 630 La-

1911 643 2005 701 cus
2034 662 2224 701 sonum
2249 661 2354 698 non
2382 644 2519 706 tulit,
2551 643 2720 714 nubes
2741 644 3093 714 assumptioui
3123 659 3241 697 cum
3274 656 3509 699 tremore

1912 718 2170 772 vehentes
2210 716 2599 777 ministrarum,
2638 713 2716 765 sol
2752 713 3129 767 contumeliam
3181 730 3283 766 non
3331 715 3508 770 ferens

1913 789 2212 851 inhorruit,
2258 784 2499 839 infernus
2554 794 2793 835 mortuos
2840 798 2959 837 cum
3014 784 3202 837 timore
3250 791 3507 841 evomuit.

1911 858 2125 911 (lstiarii
2162 866 2213 911 te
2241 854 2481 909 videntes
2515 855 2862 914 exlmrrnere,
2906 868 3062 906 mons
3102 868 3388 909 ascensum
3418 873 3511 911 ex-

1910 928 2117 994 cipiens
2148 926 2446 992 fumigavit,
2489 925 2657 994 rubus
2689 923 2946 977 visionem
2986 940 3089 975 non
3138 925 3315 979 ferens
3351 942 3511 979 ωιτη·-

1912 993 2001 1061 sit,
2044 998 2294 1052 .lordauis
2338 1010 2446 1065 pra:
2489 993 2714 1048 horrore
2749 1008 3042 1048 conversus
3068 1003 3151 1046 est
3189 1004 3510 1056 retrorsum,

1915 1083 2063 1123 mare
2090 1068 2290 1136 virgam
2331 1076 2575 1136 metuens
2617 1065 2905 1118 dissectum
2936 1073 3021 1118 est
3053 1080 3147 1133 per
3181 1066 3509 1121 Dominicam

1914 1139 2132 1202 ligarant
2166 1135 2609 1200 mansuefactum,
2648 1136 2793 1204 virga
2830 1136 3054 1187 Aaronis
3085 1146 3299 1200 promer
3326 1136 3511 1204 imagi-

1916 1223 2035 1261 nem
2060 1217 2257 1275 prie-ter
2288 1216 2530 1259 naturam
2557 1206 2756 1269 ﬂoruit,
2788 1205 2921 1275 ignis
2952 1205 3005 1257 in
3032 1204 3304 1275 Babylone
3336 1207 3514 1261 Trini-

1916 1223 2035 1261 nem
2060 1223 2257 1275 ρι’τῐιιρτ
2288 1223 2530 1259 naturam
2557 1223 2756 1269 lltll‘llll,
2788 1223 2921 1264 ιιιηιδ
2952 1223 3005 1257 Ill
3034 1223 3142 1257 D-ll)
3167 1223 3304 1259 ἸΟΙΙΘ
3336 1223 3510 1261 ’11⁸1111-

1916 1279 2038 1332 tatis
2070 1292 2352 1331 numerum
2382 1277 2642 1329 reveritus
2668 1284 2769 1329 est.
2802 1274 3073 1344 Stupenda
3106 1223 3191 1329 ilia
3232 1292 3510 1342 enumera,

1914 1359 1965 1401 et
1995 1348 2222 1416 Virginis
2252 1348 2523 1401 victoriam
2558 1345 2753 1400 mirare
2786 1362 2800 1416 ξ
2828 1347 2950 1414 quia
2980 1361 3135 1413 quem
3160 1349 3335 1400 omnis
3360 1365 3510 1403 crea-

1916 1428 2033 1471 tura
2061 1415 2182 1472 cum
2212 1419 2419 1471 timore
2444 1426 2499 1471 et
2525 1427 2759 1471 tremore
2792 1415 3004 1482 hymnis
3032 1416 3346 1476 celebravit.
3390 1435 3511 1473 eum

1918 1490 2004 1542 illa
2035 1489 2147 1543 sola
2170 1488 2329 1541 modo
2354 1486 2710 1554 inexplicabili
2745 1489 2794 1539 in
2825 1486 3059 1539 thalamo
3084 1488 3307 1554 recepit.
3336 1488 3513 1542 Beata:

1915 1569 2135 1630 propter
2163 1560 2303 1612 illam
2350 1572 2537 1630 omnes
2575 1556 2825 1630 mulieres
2867 1570 3016 1630 :noii
3046 1557 3181 1610 ultra
3224 1558 3513 1612 femineum

1915 1626 2084 1699 genus
2110 1630 2159 1681 in
2194 1628 2569 1699 maledictionc
2584 1638 2699 1699 pst.
2733 1626 3179 1699 Sexum__liahuit,
3212 1643 3317 1698 quo
3353 1645 3518 1697 auge-

1918 1696 1998 1753 ius
2038 1700 2204 1767 gloria
2249 1698 2541 1768 superabit.
2570 1696 2760 1768 Curata
2795 1698 2890 1750 fuit
2934 1696 3067 1759 Eva,
3111 1696 3326 1752 silentio
3351 1696 3513 1753 missa

1916 1778 2000 1840 est
2030 1767 2539 1840 A'Igyptia,’sepulta
2581 1767 2678 1821 fuit
2721 1767 2926 1840 Dalila,
2951 1768 3207 1840 oblivioni
3264 1769 3384 1824 data
3435 1780 3519 1825 est

1917 1837 2168 1905 Iezabel,
2216 1840 2387 1893 deleta
2442 1849 2524 1892 est
2574 1840 2830 1909 memoria
2889 1837 3205 1909 lleroihadis
3238 1855 3251 1894 :
3282 1851 3336 1893 et
3377 1857 3518 1895 nunc

1920 1912 2199 1965 mulierum
2222 1911 2495 1979 catalogus
2522 1910 2573 1962 in
2598 1908 2948 1979 admiratione
2975 1908 3223 1962 habetur.
3250 1909 3519 1965 Laudatur

1917 1979 2074 2036 Sarra
2102 1992 2156 2033 ut
2177 1996 2362 2034 arvum
2397 1981 2710 2046 populormn
2737 1978 2882 2032 ferax
2910 1996 2922 2040 ;
2954 1981 3249 2033 honoratur
3274 1981 3517 2036 Rebecca

1923 2061 1979 2104 ιιι
2032 2052 2221 2105 callida
2274 2050 2704 2105 benedictionum
2756 2050 3121 2116 procuratrix;
3174 2050 3517 2105 admirationi

1922 2121 2147 2176 habetur
2180 2123 2289 2185 Lia,
2339 2131 2396 2174 ut
2438 2129 2608 2172 mater
2656 2122 3011 2189 progenitoris
3059 2122 3351 2175 secundum
3393 2139 3515 2176 car-

1922 2208 2075 2256 nem;
2102 2192 2405 2246 celcbratur
2429 2191 2657 2253 Delmra,
2692 2200 2744 2242 ut
2768 2206 2885 2259 qnse
2913 2204 3071 2257 supra
3101 2204 3343 2245 naturam
3372 2208 3521 2246 exer-

1920 2262 2059 2316 citus
2088 2263 2189 2315 dus
2226 2263 2419 2325 fuerit;
2455 2261 2605 2314 beata
2640 2262 2959 2332 pra-dieitur
3006 2260 3261 2328 Elisabet,
3307 2272 3365 2315 ut
3400 2279 3521 2332 quae

1923 2332 2200 2387 Prodromi
2228 2334 2414 2401 gratia:
2443 2332 2854 2385 exsultationem
2879 2331 3200 2397 disposuerit
3226 2348 3241 2394 ;
3266 2331 3522 2387 adorator

1922 2412 1976 2456 et
2004 2403 2185 2465 Maria,
2219 2401 2466 2472 quialuit
2497 2415 2686 2465 mater,
2714 2410 2767 2455 et
2791 2402 3004 2459 ancilla.
3033 2411 3087 2455 et
3116 2404 3304 2466 nubes,
3332 2414 3386 2457 et
3408 2406 3524 2458 tha-

1924 2475 2114 2535 lamus,
2149 2484 2203 2527 et
2246 2488 2371 2527 area
2415 2472 2649 2525 Domini.
2698 2472 2901 2533 Mater;
2962 2473 3169 2539 peperit
3214 2476 3357 2527 enim
3399 2490 3520 2527 eum

1922 2544 2010 2613 qui
2038 2544 2182 2598 nast-i
2215 2544 2378 2597 voluit
2412 2561 2424 2597 :
2452 2543 2644 2596 ancilla
2674 2560 2687 2604 ;
2722 2550 2967 2595 naturam
3012 2543 3209 2611 quippe
3237 2544 3520 2610 confiteor,

1923 2625 1976 2668 et
2010 2615 2242 2683 pur-dico
2271 2614 2495 2683 gratiam
2532 2630 2545 2666 :
2580 2614 2778 2676 nubes;
2813 2626 2935 2665 nam
2980 2627 3048 2667 ex
3093 2612 3293 2681 Spiritu
3338 2627 3526 2669 sancto

1923 2687 2162 2752 concepit
2192 2700 2333 2749 eum,
2361 2699 2518 2754 quem
2542 2686 2657 2737 sine
2679 2684 2925 2754 passione
2955 2694 3158 2750 peperit
3184 2702 3196 2737 :
3224 2686 3523 2750 thalamus;

1926 2759 1977 2808 in
2007 2755 2094 2807 illa
2122 2756 2262 2809 enim
2293 2752 2445 2822 quasi
2479 2770 2529 2807 ιιι
2565 2753 2788 2819 nuptiali
2836 2752 3072 2807 thalamo
3120 2756 3255 2807 Deus
3286 2754 3522 2809 Verbum

1928 2824 2186 2878 habitavit
2217 2843 2232 2878 :
2260 2840 2381 2877 arca
2411 2840 2425 2885 ;
2462 2840 2567 2877 non
2619 2826 2790 2893 legem
2821 2832 3062 2891 portans,
3105 2826 3199 2878 sed
3230 2825 3530 2893 Legislatm

1928 2910 2041 2949 rem
2072 2906 2223 2948 utero
2263 2905 2501 2965 gestans.
2545 2894 2904 2965 Quamobrem
2948 2894 3188 2965 dicamus
3235 2896 3329 2959 illi,
3377 2894 3529 2949 Bene-

1925 2966 2060 3019 dicta
2089 2976 2143 3018 tu
2186 2966 2241 3018 in
2274 2964 2591 3017 mulieribus.
2622 2964 2702 3019 Tu
2732 2964 2782 3017 in
2815 2964 3130 3019 mulieribus
3157 2966 3266 3018 sola
3296 2982 3377 3030 es,
3410 2982 3529 3034 quae

1927 3036 2053 3089 Erae
2084 3051 2370 3090 mcerorem
2396 3036 2615 3097 curasti,
2640 3051 2758 3103 quze
2784 3035 2899 3088 sola
2931 3035 3232 3106 plangentis
3262 3036 3529 3106 lacrymas

1926 3106 2243 3169 abstersisti,
2300 3121 2417 3173 quae
2473 3105 2585 3159 sola
2638 3105 3025 3172 redemptionis
3057 3105 3240 3159 mundi
3294 3105 3528 3171 pretium

1929 3176 2116 3241 tulisti,
2150 3177 2235 3229 cui
2266 3176 2364 3229 soli
2411 3177 2712 3243 margarita:
2743 3175 3025 3228 thesaurus
3052 3176 3393 3229 concreditns
3421 3188 3527 3243 est,

1928 3261 2047 3314 qua:
2078 3246 2189 3299 sola
2232 3246 2349 3299 sine
2378 3247 2650 3313 voluptate
2681 3259 2961 3313 praegnans
2996 3243 3159 3309 fuisti,
3201 3253 3255 3298 et
3284 3247 3401 3301 sine
3428 3247 3527 3300 ιιυ-

1930 3316 2044 3369 lore
2073 3317 2353 3384 peperisti,
2387 3331 2505 3383 qua:
2535 3315 2646 3367 sola
2676 3314 3083 3384 Emmanuelem
3134 3327 3191 3369 ut
3234 3317 3350 3383 ipse
3379 3318 3527 3373 vole-

1928 3386 2018 3439 bat
2043 3386 2291 3454 genuisti.
2342 3383 2613 3454 Benedicta
2662 3396 2715 3435 tu
2744 3385 2796 3435 in
2838 3383 3131 3454 mulieribus
3160 3397 3203 3443 et
3238 3385 3529 3443 benediclm

1931 3452 2123 3525 {racius
2150 3455 2301 3522 (Luc.
2333 3456 2383 3508 l.
2416 3452 2532 3523 28).
2570 3469 2674 3507 non
2719 3469 2942 3519 semen;
2978 3452 3103 3525 ﬂos,
3150 3473 3253 3510 non
3308 3462 3528 3525 passio;

1930 3524 2203 3595 Splendor,
2253 3541 2358 3577 non
2383 3536 2668 3597 creatura;
2701 3539 2820 3578 eum
2870 3525 3026 3597 Patre
3072 3524 3247 3580 throni
3281 3524 3527 3597 consors,

1933 3612 2037 3649 non
2066 3610 2252 3649 servus
2276 3612 2291 3661 ;
2316 3596 2417 3661 sol,
2449 3610 2553 3648 non
2585 3598 2745 3648 arena
2777 3612 2791 3658 ;
2823 3595 2913 3665 qui
2942 3596 3216 3655 aduratur.
3244 3614 3347 3652 non
3374 3595 3531 3653 creaé

1934 3676 2049 3731 tus;
2082 3665 2467 3735 redemptionis
2492 3667 2747 3734 pretium,
2778 3681 2883 3718 non
2915 3666 3144 3719 debitor.
3177 3665 3451 3721 Benedicta
3474 3680 3531 3723 tu

1931 3737 1984 3788 in
2015 3736 2325 3799 mulieribus,
2356 3745 2403 3789 et
2429 3737 2711 3789 benedictus
2734 3739 2933 3806 fructus
2960 3738 3143 3790 ventris
3164 3740 3257 3792 tui.
3286 3739 3388 3793 Pro
3410 3756 3531 3793 ont-

1932 3806 2090 3860 nibus
2115 3806 2181 3858 ad
2214 3816 2333 3878 tuas
2360 3806 2630 3878 cauendus
2657 3806 2841 3860 laudes
2872 3807 3004 3878 satis
3033 3807 3121 3861 tibi
3152 3818 3238 3878 est
3271 3810 3530 3878 prepheta

1933 3878 2213 3947 clamans:
2247 3876 2377 3947 Ecce
2415 3875 2566 3947 Virgo
2597 3878 2647 3928 in
2681 3888 2821 3929 utero
2868 3876 3065 3929 habebit
3111 3875 3383 3947 (lsai.r7.'
3417 3881 3531 3947 14).

1934 3946 2077 4019 Dixit
2113 3946 2451 4011 miraculum,
2481 3946 2533 4000 et
2568 3948 2781 4019 modum
2817 3948 3002 4000 tacuit.
3046 3948 3113 3999 Et
3154 3952 3313 4015 pariet
3346 3946 3531 4019 lilium.

1935 4018 2151 4087 liartum
2185 4020 2510 4084 praedicavit,
2536 4027 2590 4071 et
2616 4018 2831 4070 modum
2865 4033 2970 4071 non
3003 4021 3243 4087 Spurium
3279 4024 3531 4076 reddidit.

1935 4085 2002 4139 Et
2028 4087 2275 4161 vocabunt
2298 4104 2477 4141 nomen
2516 4088 2626 4161 ejus
2651 4087 2977 4161 Emmanuel.
3012 4085 3153 4143 Dixit
3174 4095 3533 4161 mysterium,

1934 4169 1987 4211 et
2028 4158 2440 4226 appellationem
2471 4160 2620 4227 quasi
2658 4160 2855 4211 tonitru
2903 4160 3102 4213 emisit.
3147 4158 3299 4224 Quod
3335 4175 3405 4216 est
3448 4166 3533 4216 in-

1938 4239 2285 4301 terpretatum,
2336 4227 2815 4301 Nobiscunt_l)eus.
2854 4231 3017 4301 Deum
3050 4242 3231 4283 natum
3276 4235 3531 4301 prmditm-

1937 4299 2031 4361 vit,
2061 4307 2115 4352 et
2162 4299 2474 4353 Judacorum
2502 4316 2595 4353 ora
2626 4298 2871 4353 frenavit.
2924 4298 2972 4351 Ν
2980 4302 3204 4354 οὺὶδειιηι
3235 4298 3398 4370 Deus,
3436 4321 3532 4357 ex-

1937 4370 2162 4422 stinctus
2191 4380 2274 4423 est
2312 4386 2465 4423 error
2493 4385 2509 4424 :
2542 4371 2823 4423 nobiscum
2876 4370 3041 4435 Deus,
3091 4383 3145 4425 ct
3197 4376 3493 4426 circnmci'
3516 4392 3533 4423 κς

1938 4440 2168 4513 cessavit
2200 4456 2212 4491 :
2246 4440 2525 4513 uobiscum
2555 4442 2714 4513 Deus,
2746 4449 2801 4494 et
2839 4440 3116 4496 daemones
3156 4442 3319 4513 fugati
3365 4456 3488 4499 sunt
3517 4464 3530 4499 :

1939 4509 2216 4563 nobiscum
2242 4511 2401 4575 Deus,
2426 4520 2482 4565 et
2500 4511 2743 4565 diabolus
2769 4521 3069 4579 prostratus
3092 4524 3174 4567 est
3204 4509 3237 4565 ε’
3254 4516 3531 4569 nobiscum

1944 4581 2102 4643 Deus,
2131 4592 2183 4633 et
2216 4581 2414 4648 piscina
2448 4596 2636 4649 parere
2668 4597 2770 4635 n0a
2797 4590 2971 4636 cessat
3002 4601 3016 4635 :
3048 4584 3326 4645 nobiscum
3373 4587 3533 4652 Deus,

1940 4661 1993 4730 et
2023 4664 2174 4719 reges
2202 4653 2454 4730 pietatem
2481 4654 2665 4706 colunt
2695 4671 2720 4730 :_
2740 4653 3015 4730 nobiscuiu
3064 4655 3221 4718 Deus,
3261 4666 3313 4710 et
3355 4654 3541 4730 Eccle-

1941 4723 2033 4774 sia:
2059 4735 2298 4789 angusta:
2324 4724 2559 4776 evadunt
2589 4741 2601 4775 :
2637 4724 2914 4777 nobiscum
2954 4723 3113 4788 Deus,
3147 4735 3200 4777 et
3224 4741 3369 4779 mors
3400 4727 3537 4783 facta

1942 4800 2024 4845 est
2052 4807 2269 4844 somnus
2299 4810 2313 4846 :
2346 4795 2622 4848 nobiscum
2670 4795 2831 4859 Deus,
2863 4802 2918 4847 et
2962 4796 3159 4849 mortui
3188 4796 3256 4848 de
3292 4797 3539 4853 libertate

1943 4862 2273 4937 exsuliantes
2312 4864 2544 4937 clamant
2568 4883 2586 4937 κε
2621 4864 2744 4917 Non
2776 4865 3006 4937 angelus.
3055 4882 3153 4918 non
3204 4868 3416 4937 legatus,
3451 4872 3541 4922 sed

1944 4928 2216 5011 ipse‘Deus
2243 4936 2393 5011 venit,
2421 4947 2468 4988 et
2498 4936 2709 4989 saluauit
2736 4953 2825 4989 nos
2845 4928 3013 5006 '(lsai.
3044 4937 3130 4991 b5.
3165 4936 3219 5007 9)
3250 4928 3272 4991 ἶ
3304 4928 3411 5007 ἱρδι
3433 4941 3541 5008 glo-

1947 5006 2023 5055 t‘ia
2054 5006 2103 5055 ιιι
2131 5006 2346 5056 εωυιιιιι.

1072 5206 1320 5248 (UNTBA
1367 5203 1736 5247 HERETICOS
1787 5203 1868 5244 ΕΤ
1912 5202 1974 5245 ιιι
2032 5204 2320 5249 8ΔΝΟΤΔΜ
2359 5208 2709 5250 DEIPARAM.

1748 5344 2002 5363 ——-°——

324 5447 373 5499 ι.
404 5443 610 5497 Rursus
651 5440 870 5509 Spiritui
916 5448 1101 5493 sancto
1130 5437 1318 5503 ﬁdens,
1348 5439 1659 5509 ignorantire
1687 5450 1835 5495 cate—

252 5532 346 5571 nas
376 5516 657 5566 avulsurus
687 5518 736 5563 in
766 5511 1020 5563 doctrina:
1050 5510 1239 5562 solium
1259 5510 1512 5573 ascendo,
1540 5526 1638 5564 nec
1661 5527 1834 5565 meam

250 5585 515 5640 reveritus
538 5584 789 5649 inopiam.
817 5580 949 5634 Cum
981 5580 1123 5633 enim
1155 5594 1446 5648 pauperum
1476 5594 1717 5635 amantes
1758 5584 1835 5634 si-

252 5658 339 5719 tis,
368 5655 591 5709 caritate
621 5653 749 5705 moti
777 5653 878 5703 mei
907 5650 1306 5703 miserebimini.
1335 5651 1541 5717 Pauper
1560 5668 1679 5704 cum
1709 5652 1830 5713 sim,

248 5726 443 5781 divites
468 5724 622 5788 adeo,
659 5737 755 5775 nec
780 5722 1095 5789 arrogantiie
1128 5722 1312 5773 morbo
1346 5722 1529 5773 laboro
1553 5739 1567 5784 ;
1594 5722 1689 5775 sed
1712 5723 1836 5774 reli-

248 5796 385 5865 giosi
430 5794 590 5846 animi
646 5792 807 5865 vestri
844 5790 1167 5844 desiderium
1208 5791 1429 5865 impleo.
1471 5791 1599 5865 Nam
1648 5803 1702 5845 et
1730 5808 1836 5865 _vos

250 5862 527 5921 Sermones
576 5862 701 5929 mei,
746 5871 800 5917 et
848 5877 933 5915 me
976 5876 1153 5915 mores
1198 5864 1354 5914 vestri
1404 5863 1686 5923 deicetant.
1730 5862 1836 5917 Nec

1948 5448 2471 5511 paupertatem,itec
2498 5438 2549 5492 in
2587 5438 2817 5511 dicendo
2847 5438 3079 5510 inopiam
3128 5458 3300 5497 tneam
3345 5446 3541 5509 sentio,

1944 5508 2065 5584 eum
2087 5511 2200 5584 hoc
2234 5508 2511 5584 pulchrum
2543 5519 2597 5562 et
2629 5508 2988 5584 desiderabile
3038 5515 3301 5584 theatrum
3332 5518 3545 5584 conspi-

1944 5580 2050 5635 cio.
2080 5580 2202 5634 Seio
2231 5582 2582 5655 quippe,_vos
2610 5594 2713 5633 non
2745 5580 3011 5655 dictorum
3034 5583 3260 5652 judices,
3296 5599 3397 5639 nec
3420 5580 3547 5655 ago-

1947 5669 2073 5704 num
2105 5661 2436 5723 spectatores
2462 5651 2567 5704 huc
2606 5654 2915 5723 convenire,
2955 5651 3049 5707 sed
3079 5663 3135 5707 ut
3174 5656 3325 5723 quasi
3368 5651 3546 5723 patres

1945 5738 2065 5776 cum
2095 5722 2202 5774 lilio
2231 5722 2673 5794 corroboremiui.
2710 5724 2819 5794 Ego
2850 5740 3080 5794 namque
3127 5722 3303 5794 lingua
3332 5722 3543 5793 loquor.

1946 5809 2044 5845 vos
2070 5803 2247 5844 autem
2279 5791 2440 5845 corde
2488 5794 2664 5861 petitis
2694 5811 2723 5845 ιι
2758 5791 2885 5855 Deo,
2922 5805 2975 5848 ut
2996 5791 3159 5850 detur
3186 5791 3341 5849 nobis
3371 5791 3547 5850 seruio

1950 5864 2000 5917 in
2029 5864 2305 5933 apcrtioue
2346 5862 2456 5917 oris
2505 5861 2721 5931 (Ep/tes.
2756 5867 2806 5920 6.
2842 5865 2934 5934 £9}
2970 5884 2980 5917 :
3014 5884 3135 5922 nam
3163 5882 3283 5921 cum
3318 5866 3547 5923 ﬁliorum
