4194 6318
251 373 361 430 713

249 489 627 561 intemeratum
662 485 875 541 vulvam
901 480 1134 561 servavit
1161 491 1219 534 ιιι
1247 481 1408 561 Deus.
1423 479 1613 561 ppera
1644 480 1841 561 quippe

249 560 349 613 Dei
379 573 484 612 nou
532 569 736 612 natura:
763 569 946 610 rerum
971 554 1234 615 serviunt,
1278 549 1372 604 sed
1423 550 1515 604 Dei
1550 550 1705 604 Verbi
1731 549 1845 618 jus-

242 644 371 684 som
403 638 718 699 sequuntur.
746 624 1215 699 Aliquandoenim
1260 622 1397 675 Deus
1426 620 1720 699 secundum
1748 636 1843 674 na-

246 709 431 754 turam
456 690 623 762 creat,
658 706 715 751 ut
742 690 945 750 natura:
971 694 1214 749 ordinem
1243 705 1538 762 cognoscas
1562 707 1577 755 ;
1603 690 1845 760 aliquan-

244 770 321 825 do
341 778 523 825 autem
554 760 750 839 pra-ter
782 774 1027 839 naturam
1064 771 1233 839 creat,
1268 760 1329 816 ut
1367 760 1545 839 discas
1568 763 1843 830 operantis

244 832 784 911 potentiamINeque
825 836 968 888 enim
1022 834 1202 911 omnia
1248 832 1540 887 secundum
1596 842 1840 911 naturam

249 902 413 978 iiunt,
430 925 497 965 ne
514 902 710 963 natura
728 907 867 961 Deus
891 906 1229 961 essedicatnr
1258 920 1271 955 :
1304 917 1479 978 neque
1500 902 1678 978 omnia
1703 918 1839 972 prae-

243 992 334 1036 ter
375 972 642 1044 naturam,
688 994 754 1032 ne
792 984 1046 1046 putentur
1075 983 1287 1046 ιιειιιιςτιξ⁸
1319 972 1693 1046 coofusionem
1720 987 1842 1027 esse

241 1066 333 1114 ea,
364 1068 489 1121 qua:
518 1043 711 1118 praeter
736 1043 979 1107 naturam
1008 1044 1177 1121 liu‘nt?
1199 1043 1461 1099 Eﬂ'ormat
1485 1044 1624 1097 Deus
1648 1057 1841 1098 secun-

241 1116 400 1173 duuf
429 1116 705 1181 naturam,
748 1125 802 1171 et
844 1122 991 1172 ereat
1019 1116 1177 1170 etiam
1220 1123 1416 1185 praeter
1453 1121 1738 1185 naturain,
1786 1121 1844 1166 ιιι

240 1192 427 1246 discas
459 1199 701 1245 naturam
722 1189 929 1242 ancillae
962 1201 1133 1252 more,
1165 1196 1219 1240 et
1263 1184 1558 1239 secundum
1592 1193 1836 1237 naturain

243 1264 480 1327 moveri,
511 1272 565 1316 et
597 1268 791 1330 printer
821 1270 1063 1313 naturam
1104 1270 1343 1319 currere,
1376 1256 1468 1309 Dei
1504 1255 1713 1324 jussum
1744 1254 1842 1306 im-

264 1335 507 1386 denti-tn.

244 1350 507 1457 “8321.63;
540 1416 666 1456 vero
700 1408 777 1466 tu,
804 1399 894 1470 qui
947 1393 1839 1470 quaestionemA_tnoves,_quoniodo

239 1472 497 1528 Christus
525 1488 592 1528 ex
620 1465 929 1526 intemerata
965 1465 1135 1523 'vulva
1192 1467 1457 1537 prodiens,
1500 1465 1839 1537 virginitatis

242 1544 587 1613 signaculum
615 1557 718 1597 non
750 1541 966 1613 delevit,
990 1536 1351 1613 quomotloex
1380 1536 1615 1613 virgineo
1632 1537 1840 1613 Adamn

240 1606 397 1681 virgo
427 1614 534 1667 Eva
564 1612 793 1682 prodiit?
823 1610 953 1665 Nam
993 1606 1219 1678 Deipara
1271 1607 1432 1682 Maria
1458 1649 1472 1672 ,
1502 1621 1621 1682 quae
1666 1606 1836 1682 virum

243 1676 627 1757 "milloml‘ill.
646 1686 815 1737 virum
847 1676 1311 1757 peperit_;‘primus
1340 1678 1499 1757 homo
1525 1678 1716 1757 udam,
1748 1676 1834 1757 qui

243 1755 529 1809 mulierem
564 1770 669 1807 non
697 1749 937 1815 noverat,
967 1751 1242 1805 mulierem
1273 1749 1706 1818 germinavit.At
1737 1749 1838 1799 vir-

239 1826 428 1895 ginem
460 1828 695 1895 gignere,
729 1824 852 1877 licet
896 1836 982 1876 res
1023 1817 1400 1895 stupentla’sii,
1430 1817 1628 1887 aliquid
1659 1827 1835 1895 tamen

243 1888 756 1959 rationish'abetﬁn
783 1901 1039 1963 quantum
1064 1888 1269 1952 venter,
1293 1889 1468 1963 vulva,
1499 1899 1553 1963 e_t
1582 1888 1837 1942 naturalis

243 1966 540 2019 infantibus
563 1968 646 2017 via
661 1957 778 2033 jam
803 1957 1083 2018 eﬂormata
1114 1971 1230 2026 est;
1258 1962 1349 2033 sed
1383 1961 1432 2013 in
1462 1957 1667 2013 Adamn
1718 1968 1836 2011 stu-

321 2036 424 2090 nda
453 2036 631 2090 Omnia
660 2032 803 2090 sunt.
860 2033 990 2101 Quis
1035 2032 1177 2088 enim
1224 2032 1356 2085 vidit
1382 2046 1449 2085 ex
1478 2040 1627 2101 costa
1654 2038 1835 2082 natum

262 2107 557 2161 tominem?
585 2099 922 2175 quandonam
950 2114 1097 2158 costa
1129 2102 1357 2175 fructum
1390 2100 1547 2153 tulit?
1574 2099 1835 2175 somnum

242 2177 471 2231 immisit
512 2170 652 2230 Deus
693 2175 919 2241 Atlanto,
953 2191 1019 2228 ne
1045 2174 1112 2228 de
1140 2173 1348 2227 sublata
1400 2180 1548 2225 ttOsta
1604 2170 1832 2235 doleret,

240 2263 436 2302 verum
461 2249 575 2316 ejus
605 2247 812 2301 vincula
861 2245 1160 2313 conSOpivit
1192 2262 1205 2297 :
1240 2244 1447 2316 vincula
1476 2242 1674 2316 quippe
1711 2253 1837 2316 sunt

241 2329 452 2371 natura:
473 2310 687 2380 (nervi.
716 2317 882 2385 Cujus
912 2316 989 2370 rei
1018 2310 1166 2369 testis
1193 2324 1275 2367 est
1306 2310 1699 2367 Danieldicens
1726 2328 1737 2362 :
1769 2310 1836 2364 Et

240 2389 346 2441 ridi
361 2389 601 2441 visionem
627 2397 670 2441 et
692 2388 869 2447 cecidi,
889 2396 934 2440 et
962 2386 1159 2440 vincula
1188 2386 1471 2437 lumborum
1502 2399 1725 2436 meorum
1754 2399 1835 2435 so-

240 2460 353 2512 luta
382 2468 499 2512 sunt
521 2461 537 2527 (
561 2457 691 2511 Dan.
722 2459 807 2512 10.
832 2457 888 2512 9.
922 2468 965 2511 et
991 2458 1041 2511 5.
1076 2457 1167 2525 6).
1198 2456 1410 2527 costam
1441 2468 1569 2522 ergo
1595 2453 1709 2522 lege
1736 2467 1832 2527 ua-

240 2537 379 2583 tnrze
411 2524 672 2583 ﬁrmatam
694 2571 707 2592 ,
738 2544 1025 2583 nervorum
1057 2524 1282 2581 vinculis
1310 2539 1629 2586 connexam,
1654 2524 1831 2577 carui-

240 2599 345 2654 bus
368 2609 694 2661 contextam,
718 2600 869 2653 venis
897 2599 1259 2667 conjunctatn,
1284 2596 1551 2665 quomodo
1579 2594 1832 2667 abstulit?

236 2673 514 2739 quomodo
536 2670 769 2724 avulsit?
798 2664 1067 2732 quomodo
1112 2664 1317 2739 sublata
1358 2676 1516 2739 costa
1536 2664 1704 2719 Adam
1750 2667 1832 2739 in-

237 2737 469 2794 columis
518 2741 747 2795 mansit?
794 2739 1114 2807 Quomodo?
1162 2737 1262 2804 Qui
1308 2738 1467 2790 Solvit
1508 2738 1621 2805 ipse
1651 2738 1829 2799 ιιονὶις

236 2812 330 2879 qui
358 2811 515 2865 solvit
534 2811 646 2881 ipse
665 2812 949 2881 colligavn.
976 2810 1188 2865 Etenim
1209 2808 1253 2862 si
1277 2808 1671 2881 alinsgligasset,
1696 2808 1833 2860 alios

236 2878 510 2945 scivisset,
536 2880 658 2935 hinc
680 2878 904 2951 qttzestio
924 2881 1155 2934 oriretur
1179 2897 1191 2933 :
1217 2878 1311 2932 scd
1340 2882 1383 2931 si
1414 2878 1478 2940 is,
1502 2879 1590 2946 qui
1613 2880 1831 2951 concin-

238 2961 482 3016 naverat,
517 2954 627 3020 ipse
682 2946 873 3016 solvit;
904 2953 947 3005 si
980 2952 1043 3013 is,
1070 2952 1158 3020 qui
1190 2960 1392 3004 costam
1438 2964 1506 3020 es
1552 2959 1692 3002 terra
1721 2946 1829 3001 fore

237 3033 499 3084 maverat.
537 3018 749 3076 costam
780 3022 998 3077 abstulit
1030 3039 1045 3076 ι
1074 3018 1188 3089 ipse
1217 3021 1363 3074 solus
1389 3018 1535 3073 novit
1562 3020 1832 3087 quomodo

235 3092 478 3156 solverit,
498 3092 587 3163 qui
606 3092 755 3147 solus
773 3094 918 3163 novit
935 3091 1204 3161 quomodo
1225 3091 1589 3145 membrorum
1619 3090 1832 3163 hanno»

238 3163 381 3215 uiam
411 3162 790 3232 composuerit.
827 3162 894 3219 Ut
921 3177 1050 3231 ergo
1077 3175 1196 3230 post
1224 3163 1485 3215 sublatam
1512 3170 1717 3215 costam
1751 3162 1833 3214 in-

233 3235 464 3287 wlumis
488 3232 681 3288 mansit
708 3233 897 3298 Adam,
927 3236 1005 3287 sic
1034 3241 1153 3303 post
1177 3232 1389 3286 infantis
1420 3233 1621 3286 exitum
1651 3234 1829 3285 incor-

237 3315 393 3374 rupta
416 3305 605 3358 mansit
634 3304 1015 3374 Virgo._Neque
1034 3304 1175 3359 enim
1200 3310 1322 3373 post
1341 3303 1604 3356 sublatam
1623 3310 1828 3355 costam

236 3366 515 3428 bai-monia
536 3366 895 3430 membrorum
914 3366 1103 3429 Adami
1127 3366 1252 3428 ltesa
1275 3383 1378 3438 est,
1404 3388 1579 3442 neque
1599 3381 1831 3426 exeunte

237 3444 440 3499 infante
471 3447 786 3515 virginitatis
814 3447 1145 3515 signaculum
1173 3453 1489 3498 temeratum
1512 3454 1612 3497 est.
1634 3442 1830 3509 Quent-

234 3514 526 3570 admodum
558 3514 709 3571 ienim
736 3514 876 3584 apud
907 3530 1005 3570 nos
1034 3517 1078 3571 si
1127 3515 1246 3585 quis
1274 3515 1527 3568 alienum
1561 3515 1827 3567 vinculum

237 3585 451 3640 solvere
481 3585 641 3651 velit,
672 3588 843 3652 ipsum
888 3587 1114 3639 destruit
1140 3595 1194 3639 et
1222 3585 1486 3639 abscindit
1514 3585 1583 3637 ob
1610 3586 1825 3652 imperi-

236 3656 401 3721 tiam;
431 3656 520 3726 qui
548 3672 674 3711 vero
694 3654 896 3726 ligavit,
925 3654 1042 3710 sine
1070 3657 1251 3709 labore
1280 3656 1467 3717 solvit;
1494 3654 1827 3707 harmoniam

233 3728 433 3795 quippe
481 3726 743 3797 ligatuinis
771 3728 917 3780 novit
944 3744 957 3781 :
988 3728 1065 3797 sic
1100 3726 1239 3782 Deus
1271 3726 1360 3795 qui
1386 3739 1583 3794 corpus
1612 3726 1831 3797 conciu-

234 3798 417 3863 navit,
451 3795 770 3854 constrinxit
804 3807 857 3849 et
899 3796 1143 3866 perfecit,
1184 3807 1238 3850 et
1283 3810 1569 3853 nervomm
1617 3795 1827 3850 vincula

236 3875 481 3931 noverat,
506 3878 561 3922 et
584 3868 851 3936 quomodo
876 3876 1079 3922 costam
1108 3882 1227 3921 cum
1250 3879 1395 3921 costa
1422 3867 1746 3935 copulasset,
1775 3876 1829 3920 et

234 3938 515 3991 articulum
545 3946 600 3992 et
628 3938 968 4000 membrum,
997 3946 1054 3992 et
1099 3953 1163 3991 ex
1204 3938 1267 3991 iis
1314 3953 1432 4005 qua:
1482 3936 1829 4005 colligavcrat

234 4008 367 4061 scite
392 4017 447 4061 et
474 4008 744 4076 sapienter
786 4019 989 4063 costam
1038 4008 1275 4069 abstulit,
1306 4022 1404 4062 nec
1435 4008 1697 4061 Adantum
1731 4007 1829 4061 itit-

235 4079 447 4161 ininuit.
496 4079 1070 4161 Seipsummell‘ormavit
1097 4080 1429 4161 _unigenitus
1458 4076 1745 4161 Deifilins
1777 4079 1827 4132 in

236 4145 475 4216 Virgine,
508 4145 682 4217 neque
706 4149 1039 4203 ell'ormando
1061 4145 1416 4219 virginitatem
1442 4149 1621 4211 solvit,
1655 4164 1828 4218 neque

236 4233 330 4287 per
356 4221 564 4273 vulvam
596 4221 779 4275 exiens
811 4222 1021 4273 vulvam
1062 4222 1322 4289 eorrupit.
1358 4220 1451 4273 Dic
1474 4234 1639 4289 ergo,
1674 4234 1708 4273 o
1734 4235 1825 4272 s0-

237 4290 410 4357 pbista
441 4302 497 4344 et
525 4291 754 4353 erudite,
781 4292 917 4355 Quid
949 4288 1159 4344 facilius
1198 4288 1299 4350 eSt.
1326 4288 1581 4360 virginem
1615 4305 1823 4358 parere,

232 4370 285 4413 et
310 4368 430 4429 post
453 4371 659 4429 partum
688 4361 945 4429 virginem
968 4376 1204 4426 manere,
1236 4371 1326 4414 aut
1344 4362 1548 4430 virgam
1571 4360 1640 4413 ad
1664 4360 1824 4414 vitam

232 4432 435 4495 vocari,
463 4440 519 4485 et
544 4447 610 4487 ex
640 4432 859 4486 animali
885 4447 1097 4487 rursum
1129 4433 1327 4501 virgam
1358 4431 1514 4485 ﬁeri?
1542 4431 1824 4499 Quomodo

827 4575 1069 4584 .———————.

1272 365 1338 423 IN
1376 364 1852 422 PRODITIONEM
1895 365 2359 433 SERVATORIS,
2402 365 2557 423 ETC.
3471 375 3570 430 714

1954 480 2098 551 virga
2126 481 2327 553 Moysis
2358 480 2410 536 in
2435 481 2722 553 draconem
2742 489 2950 553 mutata
2980 480 3117 553 fuit?
3143 491 3425 553 quomodo
3455 485 3572 541 lna-

1953 553 2212 606 nitnatum
2250 553 2486 605 animam
2511 552 2758 619 accepit?
2782 552 3057 621 quomodo
3084 552 3177 608 res
3196 554 3492 608 immobilis
3520 558 3570 613 in

1953 630 2095 677 terra
2118 624 2325 691 repsit?
2345 622 2618 693 quomodo
2632 638 2851 695 rursum
2874 637 2939 676 ex
2968 634 3222 695 serpente
3246 628 3397 695 virga
3434 624 3572 680 facta

1952 701 2217 765 est,qnaa
2256 708 2406 748 suam
2434 693 2669 765 agnovit
2714 693 2998 765 naturam?
3044 693 3200 765 illodo
3246 693 3488 765 namque
3505 710 3577 751 ex

1951 764 2096 835 virga
2118 764 2305 835 draco,
2326 762 2565 817 modoex
2584 763 2979 835 draconevirga
3003 762 3193 819 eﬂ‘ecta
3221 776 3323 820 est.
3349 762 3419 821 Ut
3444 782 3576 835 ergo

1952 833 2096 905 virga
2115 834 2332 905 Moysis,
2352 853 2384 885 o
2410 835 2589 905 homo,
2610 834 2905 905 secundum
2925 843 3168 905 naturam
3190 836 3362 905 virga,
3382 833 3577 890 secun-

1950 903 2079 958 dum
2100 903 2457 959 mednmuiam
2498 904 2663 959 draco
2702 903 2833 958 fuit:
2858 905 2936 957 sic
2970 914 3024 958 et
3067 904 3229 958 Maria
3258 903 3569 960 secundum

1953 984 2195 1029 naturain
2219 974 2390 1044 virgo,
2412 975 2703 1029 secundum
2723 976 3078 1030 meonmuiant
3099 986 3270 1031 mater
3295 976 3433 1031 facta
3461 988 3575 1039 εει,

1954 1053 2012 1097 ιιι
2033 1044 2407 1100 (ῖΙιειΙάαιοιυιιηι
2431 1047 2567 1113 magi
2590 1046 2892 1107 crederent,
2915 1046 3390 1113 quemadmodum,
3416 1056 3477 1100 ut
3507 1052 3581 1099 ti.-

1953 1124 2126 1169 meret
2150 1116 2434 1186 Egyptns.
2466 1118 2609 1185 virga
2640 1116 2693 1170 in
2722 1117 3011 1169 draconem
3039 1128 3241 1172 mutata
3269 1129 3371 1172 est.
3396 1120 3480 1180 An
3516 1126 3576 1169 tu

1950 1186 2089 1240 nolis
2114 1186 2383 1255 Virginem
2405 1202 2665 1258 apparere
2686 1186 2952 1258 ειιΙᾼιιιιιιιιΙὶ
2980 1188 3245 1258 salutent?
3289 1188 3488 1258 Utique
3513 1189 3571 1241 in

1951 1266 2106 1327 terra:
2156 1259 2386 1311 motibus
2438 1257 2575 1311 muri
2623 1256 2943 1310 scinduntur
2967 1264 3024 1310 et
3051 1256 3445 1327 conjungunlur
3466 1299 3481 1322 ,
3512 1270 3571 1313 et

1950 1324 2165 1397 Christo
2196 1340 2449 1383 nascente
2478 1343 2580 1389 non
2612 1329 2885 1397 aperietur
2912 1328 3087 1384 vulva.
3118 1324 3175 1382 et
3196 1324 3380 1383 rursus
3401 1331 3530 1383 clatt
3557 1360 3565 1367 -

1949 1396 2147 1450 detur"
2177 1398 2234 1453 In
2261 1407 2415 1451 terrm
2439 1396 2671 1452 motibus
2695 1400 2764 1451 ita
2792 1397 3110 1452 scinduntur
3138 1400 3297 1462 muri,
3327 1409 3383 1453 ut
3410 1416 3566 1453 mor-

1951 1468 2018 1521 tis
2043 1469 2336 1535 periculum
2370 1468 2635 1531 inferant;
2670 1478 2725 1521 et
2758 1470 2825 1521 ita
2853 1468 3032 1521 denuo
3058 1471 3373 1539 junguntur.
3408 1482 3457 1524 ιιι
3486 1486 3562 1525 ne

1948 1540 2229 1606 vestigium
2263 1540 2477 1607 quidem
2508 1540 2781 1592 scissionis
2821 1552 3032 1592 maneat
3062 1556 3077 1594 :
3104 1550 3161 1593 et
3195 1545 3243 1592 in
3276 1551 3427 1609 partu
3462 1543 3557 1595 illo

1947 1610 2258 1676 incorrupto
2281 1610 2450 1663 nolles
2474 1611 2683 1663 vulvam
2712 1611 2851 1663 illam
2871 1610 3001 1663 solvi
3028 1611 3078 1661 in
3104 1612 3361 1664 honorent
3382 1613 3553 1666 infan-

1951 1681 2039 1744 tis,
2070 1692 2121 1733 et
2146 1681 2324 1733 denuo
2347 1681 2495 1749 juugi
2527 1690 2579 1734 et
2610 1682 2868 1747 copulari,
2890 1696 2951 1733 ac
2983 1681 3301 1747 virginitatis
3325 1682 3548 1736 formant

1948 1750 2188 1821 recipere
2246 1766 2341 1821 per
2390 1752 2637 1803 virtutem
2693 1750 3149 1819 operantisiNec
3199 1751 3327 1805 mihi
3378 1753 3546 1815 dicas,

1947 1820 2103 1895 Unde
2134 1820 2373 1895 sulis‘tilil
2398 1836 2525 1874 caro
2553 1832 2605 1895 et
2642 1823 2859 1895 sanguis
2890 1837 2997 1874 non
3029 1822 3272 1891 subjecto
3290 1824 3550 1895 semine?

1945 1890 2077 1945 Nam
2111 1908 2174 1946 ex
2206 1892 2291 1958 iis,
2317 1891 2605 1964 quarapnd
2653 1890 2761 1946 nos
2795 1892 2949 1953 liunt,
2985 1905 3269 1964 possumus
3290 1890 3372 1955 id,
3402 1896 3547 1964 quod

1945 1976 2105 2031 supra
2134 1978 2231 2016 nos
2261 1973 2365 2027 est,
2398 1961 2663 2016 ediscere.
2691 1964 2753 2015 Et
2781 1976 2949 2034 evoca
2982 1962 3111 2017 mihi
3139 1966 3205 2016 ad
3237 1961 3546 2034 exemplum

1946 2034 2201 2102 pictores,
2254 2034 2343 2103 qui
2399 2047 2542 2100 sarpc
2594 2034 2825 2101 plantas,
2858 2033 3103 2099 arbores,
3152 2044 3323 2102 prata,
3352 2033 3546 2091 ﬂuvios

1944 2106 2266 2174 depingunt;
2315 2114 2369 2158 et
2417 2119 2537 2156 eum
2590 2112 2831 2174 naturain
2890 2104 2990 2157 sibi
3038 2106 3390 2173 Opitulantctn
3439 2124 3544 2161 non

1947 2162 2162 2239 ltaiietit,
2184 2162 2297 2229 arte
2322 2186 2583 2229 conantur
2627 2190 2720 2243 per
2757 2162 2997 2228 coinrum
3037 2162 3323 2230 niixtiones
3365 2193 3544 2233 rerum

1944 2247 2201 2317 imagines
2249 2246 2736 2300 olierre.~l“luvium
2785 2246 2927 2299 enim
2960 2256 3368 2317 repra-settumt,
3415 2248 3544 2304 nihil

1920 2332 1970 2385 _a
2013 2316 2289 2371 ﬂuminum
2336 2319 2488 2371 alveo
2547 2318 2766 2370 mutuati
2802 2317 3120 2383 :ltontinem
3177 2316 3407 2382 faciunt,
3452 2336 3545 2373 na-

1944 2398 2059 2444 tura
2093 2390 2319 2442 humana
2354 2389 2479 2441 nihil
2514 2388 2616 2441 sibi
2647 2388 3044 2441 comtnodante.
3078 2389 3542 2453 Quemadmodum

1941 2476 2069 2529 ergo
2094 2461 2323 2529 pictores
2350 2460 2587 2512 colorum
2622 2473 2721 2526 ope
2753 2458 3047 2523 homim-m,
3068 2459 3289 2525 fontem,
3320 2458 3543 2516 ﬂuvium

1940 2531 2254 2601 depingunt,
2288 2546 2407 2585 cum
2442 2530 2573 2583 nihil
2603 2546 2630 2581 a
2662 2532 2827 2593 l'ontc,
2851 2529 3123 2601 ﬂuviovel
3154 2530 3367 2585 homine
3388 2547 3545 2587 acce-

1943 2599 2158 2668 perint:
2187 2603 2264 2655 sic
2289 2614 2341 2658 et
2374 2601 2606 2671 Spiritus
2636 2608 2853 2654 sanctus
2883 2601 2932 2653 in
2959 2599 3186 2671 Virgine
3216 2616 3323 2654 non
3348 2604 3546 2657 colori-

1942 2674 2058 2729 bus.
2090 2674 2180 2726 sed
2240 2669 2521 2725 volnniate
2575 2671 2863 2723 animatum
2912 2669 3214 2725 ellortuavit
3242 2671 3537 2740 hominem,

1940 2744 2255 2813 nullumque
2286 2753 2557 2797 mutuatus
2581 2750 2666 2796 est
2688 2743 2758 2794 ab
2788 2742 3016 2795 humana
3045 2752 3234 2796 natura
3262 2759 3445 2798 semen
3474 2750 3539 2799 ad

1940 2818 2079 2868 alius
2103 2816 2565 2867 constitutitmem.
2618 2813 2759 2866 Deus
2786 2824 3009 2882 accepto
3038 2814 3257 2881 pulvere
3286 2814 3352 2868 de
3394 2825 3537 2869 terra

1940 2901 2047 2955 non
2074 2887 2319 2939 humanis
2348 2885 2595 2938 manibus
2622 2885 2639 2952 (
2666 2884 3019 2955 incomposita
3047 2885 3245 2953 quippe
3270 2894 3353 2938 cst
3372 2886 3543 2940 deita-

1941 2954 2006 3009 ns
2039 2967 2223 3010 natura
2250 2956 2268 3026 )
2298 2954 2560 3010 Adamum
2612 2964 2670 3008 ut
2711 2955 2878 3008 voluit
2934 2954 3235 3026 ellortttavit
3269 2974 3282 3009 :
3312 2957 3543 3024 Spiritus

1940 3043 2069 3081 vero
2095 3024 2313 3081 sanctus
2337 3044 2441 3080 non
2474 3027 2748 3095 pulverem
2778 3028 3005 3094 accepit,
3031 3041 3136 3080 non
3167 3024 3397 3081 humana
3422 3029 3542 3097 lege

1939 3112 2123 3153 semen
2155 3099 2297 3165 injici
2328 3098 2618 3163 concessit,
2646 3098 2739 3151 sed
2781 3100 2956 3150 solum
3005 3097 3199 3163 illuxit,
3232 3113 3353 3152 ossa
3384 3114 3535 3154 cont-

1939 3170 2106 3237 pcgit,
2128 3184 2320 3222 nervos
2356 3168 2612 3231 tetendit,
2638 3183 2825 3231 nares,
2848 3183 3024 3233 aures,
3050 3174 3256 3239 oculos,
3284 3170 3535 3239 linguam,

1940 3255 2147 3301 manus,
2175 3241 2369 3308 pedes,
2402 3240 2636 3292 animam
2660 3280 2675 3300 ,
2708 3248 2945 3293 mentem
2966 3278 2980 3301 ,
3013 3238 3416 3307 cogitationem,
3444 3238 3539 3295 ra-I

1939 3311 2137 3363 tionem
2167 3311 2482 3372 constituit;
2513 3310 2616 3363 etsi
2651 3309 2699 3362 id
2735 3310 2969 3362 haeretici
3002 3309 3221 3362 tuinime
3255 3311 3439 3366 velint.
3474 3312 3541 3368 Ut

1936 3382 2077 3433 enim
2124 3380 2177 3445 ii,
2226 3382 2314 3450 qui
2371 3382 2421 3433 in
2468 3380 2686 3447 speculo
2738 3380 3066 3451 respiciunt,
3124 3380 3406 3451 imaginem
3455 3386 3539 3438 sui

1938 3452 2236 3520 npptlsilam
2260 3453 2431 3505 oculis
2463 3452 2663 3513 vident,
2693 3466 2756 3504 ex
2787 3450 3001 3521 informi
3032 3450 3251 3506 materia
3275 3464 3535 3521 paratam,

1939 3522 2222 3591 imaginem
2272 3536 2417 3589 swpe
2462 3521 2758 3593 ridentem,
2789 3520 3030 3585 ﬂentem,
3061 3520 3409 3590 eonttnotam,
3449 3541 3541 3578 Va-

1939 3596 2047 3646 rios
2077 3594 2394 3646 subeuntem
2450 3593 2656 3649 modos.
2691 3607 2754 3645 ac
2805 3593 3039 3647 viventis
3090 3594 3276 3663 forma:
3324 3594 3540 3649 habitus

1938 3664 2235 3717 imitantem
2272 3680 2284 3715 :
2317 3665 2394 3717 sic
2424 3675 2480 3716 et
2524 3664 2754 3731 Spiritus
2785 3673 3004 3717 saueius
3044 3664 3095 3717 in
3129 3679 3262 3732 puro
3292 3667 3536 3732 speculo,

1940 3733 2284 3786 immaculato
2335 3750 2537 3806 nempe
2592 3733 2824 3802 Virginis
2876 3748 3104 3801 corpore
3160 3735 3352 3799 illuxit,
3414 3752 3539 3806 per-

1940 3806 2240 3871 fectumque
2281 3807 2486 3859 creavit
2529 3805 2821 3866 hominem,
2864 3821 2971 3857 non
3007 3806 3123 3874 lege
3168 3805 3536 3872 natura:,hon

1945 3886 2207 3943 tempore,
2239 3888 2343 3928 non
2373 3875 2610 3929 humano
2634 3876 2841 3928 semine
2867 3889 3010 3937 usus,
3042 3877 3138 3930 sed
3160 3878 3277 3930 solo
3297 3888 3538 3945 aspectu,

1936 3961 1997 3999 ac
2026 3946 2302 4016 spirituali
2338 3958 2629 4016 sanctaque
2671 3948 2889 4007 virtute,
2920 3945 3193 4015 Virginem
3226 3948 3292 4001 ad
3322 3958 3534 4016 partum

1941 4017 2128 4080 movit,
2172 4014 2727 4085 itieﬂ‘abiliqueitnodo
2758 4014 3035 4071 infantem,
3054 4019 3105 4071 in
3140 4018 3225 4071 illa
3257 4014 3537 4074 contemnit

1943 4092 1998 4140 ut
2030 4087 2410 4157 vestimentum
2444 4129 2457 4148 ,
2487 4089 2550 4141 ad
2581 4088 2808 4141 salutem
2842 4090 3141 4141 hominum.
3176 4089 3300 4143 Haec
3326 4090 3544 4157 quidem

1938 4158 2007 4210 ita
2054 4172 2113 4211 se
2161 4156 2383 4212 habent.
2443 4159 2549 4211 Nos
2579 4159 2770 4213 autem'
2806 4174 2902 4226 pro
2956 4159 3061 4213 illis
3107 4176 3226 4228 quae
3285 4156 3540 4227 diitimus,

1933 4229 2157 4297 gloriam
2192 4230 2301 4283 Deo
2325 4269 2341 4292 ,
2371 4230 2459 4297 qui
2497 4242 2715 4297 propter
2742 4245 2841 4283 nos
2872 4229 3034 4283 homo
3065 4230 3237 4284 factus
3262 4240 3369 4296 est,
3396 4231 3533 4284 refe-

1936 4314 2117 4353 ramus
2142 4316 2156 4353 :
2180 4301 2306 4367 quia
2354 4300 2452 4367 ipsi
2498 4301 2691 4369 gloria,
2721 4315 2931 4355 necnon
2963 4300 3107 4354 Patri
3128 4310 3182 4356 et
3209 4313 3396 4355 sancto
3424 4302 3544 4369 Spi-

1935 4371 2057 4423 ritui
2078 4412 2093 4434 ,
2127 4371 2176 4424 in
2206 4373 2403 4425 saecula
2432 4372 2774 4425 saeculorum.
2804 4375 2999 4426 Amen.

1533 4573 1743 4583 ..——————
1766 4573 2607 4586 —-———-———-———-———-————-——-
2630 4576 3356 4591 ,ΕΞ-ΨΜ
2906 4590 2921 4591 7
2956 4590 2969 4591 γ
3014 4590 3041 4591 7,
3366 4582 3479 4591 ...ι-..ι

1446 4693 1887 4800 ΜΘΝ]
1911 4616 2463 4799 Tm?"

1328 4898 1436 4961 AD
1465 4898 1883 4961 HOMILIAM
1926 4900 2435 4976 SEQUENTEM.

300 5043 418 5100 Non
455 5053 538 5100 est
577 5044 719 5116 quod
764 5046 954 5101 lectori
999 5046 1308 5116 probemus,
1359 5054 1429 5116 et
1496 5044 1828 5113 argumentis

228 5117 682 5179 demonstremus,
709 5115 845 5172 hanc
868 5115 1141 5171 homiliam
1183 5115 1404 5186 perinde
1434 5124 1595 5183 atque
1624 5130 1829 5181 praece-

227 5189 419 5241 dentes
448 5199 725 5257 sermones
754 5189 1147 5257 supposititiam
1192 5201 1336 5241 esse.
1390 5186 1505 5255 Ipsa
1539 5199 1624 5257 res
1648 5200 1745 5254 per
1771 5200 1832 5257 se

227 5261 444 5311 clamat.
468 5255 691 5313 Ubinam
709 5254 1127 5329 Chr'ySostomus
1146 5260 1216 5311 ita
1241 5254 1485 5321 balbutit,
1506 5268 1563 5309 ut
1585 5254 1673 5310 hic
1693 5255 1831 5325 quis-

1936 5046 2302 5123 quistandem
2331 5049 2400 5123 sit
2436 5048 2752 5123 Grmculus?
2800 5054 2954 5121 cujus
2998 5057 3314 5123 opusculum
3348 5075 3452 5113 non
3490 5062 3541 5119 in

1938 5118 2209 5243 pgbdlicutp
2242 5120 2632 5185 emisisscmns,
2666 5122 2766 5176 nisi
2798 5118 3159 5196 Savilius'jatn
3208 5129 3348 5183 inter
3377 5131 3533 5185 dubia

1939 5204 1969 5242 e
2012 5206 2024 5242 ι
2067 5202 2173 5243 isse
2202 5230 2215 5243 .

939 5488 1003 5531 IN
1047 5485 1488 5530 PBODITIONEM
1532 5482 1947 5536 SERVATOBIS,
1997 5484 2077 5525 ΕΤ
2121 5484 2185 5529 IN
2222 5484 2549 5530 LOTIONEM
2590 5489 2835 5535 PEDUI.

1689 5627 1949 5649 ...-

299 5722 350 5775 l.
383 5721 589 5775 Vellem
630 5722 803 5777 erucis
828 5724 1223 5792 speeulationes
1255 5726 1306 5777 in
1334 5725 1493 5780 linem
1526 5724 1817 5790 deducere,

229 5808 333 5866 non
358 5792 509 5862 quasi
534 5806 693 5846 sensa
722 5805 1058 5866 asseqnutus.
1092 5796 1186 5849 sed
1217 5806 1274 5848 ut
1303 5810 1365 5849 ea
1391 5811 1486 5866 pro
1514 5796 1648 5850 virili
1683 5795 1817 5866 lide-

236 5864 373 5918 libus
402 5878 683 5927 exponam.
728 5863 841 5917 Non
882 5866 1255 5937 dccstqttippe
1302 5863 1480 5923 sermo
1524 5866 1591 5921 ad
1645 5864 1826 5922 divina

1936 5725 2152 5802 eloquia
2185 5726 2540 5802 explicanda;
2576 5746 2765 5787 verum
2802 5730 2946 5786 dieta
2977 5734 3279 5788 commetiri
3314 5745 3528 5802 oportet

1935 5812 2060 5852 cum
2092 5798 2329 5873 humana
2364 5798 2661 5873 facultate,
2685 5818 2791 5857 non
2833 5804 2991 5873 quasi
3034 5806 3149 5873 ipsa
3184 5798 3422 5859 sufﬁciat
3458 5810 3526 5861 ad

1934 5870 2521 5939 ceniprehensionent,
2572 5872 2664 5928 sed
2710 5870 2866 5943 quasi
2906 5874 3013 5927 Deo
3056 5870 3368 5948 prtebente;
3418 5895 3525 5934 non
