4194 6318
232 368 339 423 717

228 490 384 531 vuret
409 478 677 539 Serv-ator,
711 474 973 542 cogitabat
1006 475 1193 527 Petrus
1224 470 1534 542 dignitatem
1568 464 1776 542 Domini
1803 504 1817 526 ,

226 550 591 617 vilitatemque
615 536 885 617 horninum
908 561 921 608 ;
948 544 1203 597 vilitatem
1232 536 1507 617 hominum
1530 546 1582 591 et
1598 536 1823 617 gloriam

226 619 372 680 eius,
404 621 489 687 qui
507 605 719 685 'ubique
759 605 1089 687 celebratur;
1121 622 1180 687 et_
1209 609 1346 679 apud
1365 624 1435 687 se
1474 606 1713 687 decrevit,
1740 605 1821 687 lo:

228 680 434 743 tionem
463 705 568 742 non
596 680 895 741 admittere.
934 684 1091 737 Venit
1119 680 1182 734 ad
1210 696 1331 735 eum
1363 680 1637 736 Serv-ator,
1669 686 1721 728 et
1747 680 1824 728 ait

225 757 316 813 ille
342 778 356 813 :
408 758 616 812 Domine
635 799 650 823 ,
681 766 732 809 tu
760 757 883 809 mihi
913 756 1049 809 lavas
1078 753 1226 822 pedes
1253 749 1448 819 (Joan.
1479 747 1567 825 15.
1596 744 1817 825 6)]1ιυε

221 829 313 897 qui
365 844 417 881 ni
443 838 605 882 irtuos
638 814 904 898 suscitas,
944 825 1050 898 qui
1076 814 1314 898 leprosos
1360 814 1819 898 mupdas,_(illud

221 886 371 950 enim
406 898 512 959 't'u,
557 912 798 961 magnam
830 886 934 949 vim
965 886 1209 967 habet)“,
1252 904 1354 967 ιιιι
1381 886 1817 967 ςιιίρβιιιεειιίξ-

219 974 383 1020 ραιιιε
412 955 564 1030 sum,
606 955 684 1019 ru
714 982 764 1020 es
794 967 1058 1028 Christus,
1110 955 1272 1014 Filius
1317 960 1406 1011 Dei
1446 957 1539 1009 viri
1588 955 1815 1030 (statin.

219 1037 309 1091 16.
341 1034 464 1107 16).
490 1021 630 1093 δι’θι
660 1036 950 1104 ignorantia
974 1021 1244 1107 diiissem,
1272 1030 1321 1107 id
1347 1030 1629 1082 humanam
1654 1021 1818 1078 fuisse

217 1102 588 1176 eunjeciuram
616 1102 963 1176 contigisset:
992 1104 1037 1157 si
1061 1118 1183 1156 vero
1207 1112 1260 1154 tu
1287 1102 1403 1176 ipse
1428 1111 1613 1176 vocem
1644 1110 1819 1176 meam

216 1165 517 1246 obsiguasti
561 1165 791 1242 dicens:
829 1174 985 1228 Pater
1027 1190 1167 1226 meus
1204 1165 1414 1246 ca'leslis
1450 1165 1686 1246 revelat'it
1731 1165 1818 1246 tibi

216 1233 401 1310 (Ibid.
431 1264 480 1302 υ.
516 1248 580 1301 17
607 1248 644 1312 ),
677 1262 742 1300 au
764 1233 1056 1299 dominicis
1087 1242 1333 1315 manilius
1362 1238 1501 1315 servi
1536 1235 1697 1304 pedes
1739 1233 1815 1285 la-

214 1330 349 1370 vare
380 1309 702 1371 sustinebis?
747 1316 865 1369 Non
906 1315 1092 1368 lavabis
1122 1314 1241 1364 mihi
1284 1309 1433 1377 pedes
1472 1309 1523 1377 in
1570 1316 1815 1377 tetanum

216 1385 417 1457 (Joan.
451 1389 534 1441 15.
566 1390 613 1439 7.
646 1387 696 1440 8.
729 1384 816 1457 9)Ῐ
847 1386 981 1452 Quid
1008 1399 1135 1453 ergo
1154 1374 1443 1457 Servatur?
1473 1376 1671 1457 Vocem
1698 1374 1813 1455 ejps

214 1447 517 1511 confutavit
543 1457 725 1511 dicens
753 1447 938 1520 {enim
960 1472 1048 1524 ego
1072 1447 1207 1525 facio
1232 1462 1282 1504 tu
1309 1449 1468 1502 nescis
1495 1447 1664 1525 modo,
1688 1447 1813 1498 scies

214 1538 393 1597 {quem
424 1538 630 1595 postea;
660 1542 721 1580 ac
748 1527 793 1580 si
822 1526 1026 1580 diceret
1056 1543 1070 1579 :
1107 1524 1338 1597 Sceptnn
1369 1535 1547 1597 meum
1578 1524 1809 1597 ignoras.

213 1594 327 1668 Nec
360 1588 537 1668 tamen
573 1588 662 1651 ille
690 1611 964 1668 repressus
992 1604 1100 1658 est;
1146 1588 1241 1646 sed
1274 1592 1356 1668 his
1386 1588 1580 1668 auditis
1618 1588 1753 1665 dixit
1796 1602 1809 1638 :

214 1664 341 1737 Non
373 1667 562 1720 lavabis
590 1668 712 1718 mihi
742 1659 891 1735 pedes
930 1667 980 1718 in
1022 1674 1284 1737 attentum.
1306 1659 1551 1737 Ostendit
1580 1659 1811 1737 annnam

210 1736 503 1791 adamante
548 1729 839 1790 duriorem.
894 1736 1120 1789 Protulit
1167 1748 1292 1786 vero
1337 1729 1590 1785 Servator
1637 1729 1812 1795 ignem

210 1821 419 1873 suum,
466 1818 519 1861 et
556 1808 947 1860 adamantinam
980 1807 1208 1858 animam
1241 1800 1471 1875 reddidit
1509 1814 1628 1852 cera
1672 1796 1811 1875 mol-

208 1872 427 1931 lioreni.
461 1876 667 1945 Itaque,
704 1877 903 1944 inquit,
939 1887 991 1928 ιιι
1026 1877 1091 1927 itt
1136 1872 1349 1945 rebellis
1375 1872 1809 1945 etetinteutiose,

209 1947 370 2000 solve
396 1940 691 2000 institutum
727 1940 895 1999 ιιιιιιη.
925 1946 983 1999 Si
1028 1961 1127 1998 non
1156 1944 1322 1996 lavero
1354 1942 1440 1993 tibi
1480 1940 1628 2008 pedes
1656 1979 1669 1999 ,
1710 1952 1812 1989 non

210 2016 421 2071 habebis
451 2029 644 2083 partem
675 2032 885 2068 mecum.
920 2015 1011 2068 llle
1040 2025 1220 2068 autem
1258 2011 1472 2083 rebellis
1503 2018 1557 2063 et
1582 2015 1810 2083 conten-

212 2094 387 2140 tto~us
419 2079 553 2140 dixit
581 2102 597 2141 :
630 2084 847 2139 Domine
866 2128 880 2151 ,
923 2102 1026 2139 non
1056 2095 1251 2137 taittum
1279 2081 1427 2151 pedes
1451 2120 1466 2146 ,
1504 2079 1590 2133 sed
1620 2088 1666 2139 et
1698 2093 1809 2151 ma-

210 2171 307 2228 nas
335 2167 381 2209 et
413 2168 583 2228 caput.
612 2157 741 2209 Tota
764 2146 981 2228 summa
997 2154 1257 2228 privabat,
1279 2146 1339 2206 'et
1358 2164 1482 2205 cum
1508 2162 1665 2228 usura
1690 2146 1811 2201 red;

209 2225 367 2279 ditlil.
420 2226 534 2280 Non
581 2236 661 2279 est
708 2241 822 2280 mos
861 2226 1284 2279 Christianorum
1314 2236 1433 2276 esse
1467 2225 1805 2289 pervicaees;

210 2311 318 2348 non
348 2306 561 2363 oportet
590 2296 949 2350 Christianum
982 2295 1063 2349 sui
1092 2303 1357 2347 amantem
1386 2305 1546 2363 esse;
1574 2289 1808 2363 iuui‘de-

208 2377 295 2419 eet
334 2359 459 2420 esse
489 2367 552 2420 ad
582 2367 800 2421 insidias
830 2367 1094 2435 parandas
1121 2364 1392 2435 collidunt,
1420 2360 1515 2413 sed
1540 2362 1656 2435 sine
1689 2359 1809 2435 fuco

210 2435 466 2491 virtutem
512 2438 658 2491 adire
704 2454 715 2489 :
760 2430 917 2505 quem
958 2450 1079 2490 esse
1126 2443 1334 2503 Oportet
1380 2432 1559 2508 litatum
1610 2430 1809 2508 laxtitise

210 2517 490 2573 tempore,
522 2500 926 2562 iiitestum'vcro
964 2500 1203 2573 tempore
1233 2504 1533 2565 ιιιωειιιὶω,
1579 2509 1636 2553 ιιι
1670 2500 1809 2573 dicit

209 2571 411 2631 Paulus
431 2617 445 2641 ,
488 2576 718 2630 Gaudere
746 2593 861 2629 cum
891 2571 1241 2645 gaudentibus,
1267 2574 1507 2645 jejunare
1524 2587 1643 2645 eum
1662 2571 1803 2645 jeju-

208 2648 488 2710 nantibus,
514 2649 636 2714 [lere
654 2663 767 2699 cum
789 2641 1022 2768 rentibus
1052 2647 1236 2716 (Item.
1262 2644 1348 2698 12.
1382 2641 1491 2713 15).
1527 2642 1636 2695 Iloc
1662 2642 1806 2695 enim

208 2727 289 2768 est
334 2716 478 2768 uuod
522 2716 649 2768 dicit
678 2717 783 2768 Pau
812 2733 871 2768 us
903 2736 913 2768 :
947 2716 1066 2768 Sive
1097 2715 1436 2768 mandacatis.
1468 2712 1569 2765 sive
1595 2710 1761 2765 bibitis
1786 2750 1802 2768 .

207 2727 289 2769 est
334 2716 478 2784 quod
514 2710 649 2770 dicit
678 2710 871 2770 Paulus
903 2736 913 2768 :
947 2710 1069 2769 Sive
1097 2710 1571 2784 mandacatis,'sive
1595 2710 1802 2784 bibitis,

207 2782 383 2838 oumia
432 2788 498 2838 ad
526 2788 738 2855 gloriam
789 2786 883 2840 Dei
912 2787 1062 2855 facite
1091 2785 1180 2857 (1.
1211 2783 1328 2857 Cor.
1361 2783 1633 2857 1051).Δ
1662 2782 1806 2857 Nihil

206 2870 337 2924 ergo
370 2852 565 2923 profuit
597 2858 756 2925 Petro
798 2852 1140 2925 pervicacia":
1186 2856 1357 2909 soluta
1382 2856 1579 2924 quippe
1611 2852 1718 2925 fuit
1749 2860 1807 2925 ut

207 2922 437 2981 iu'aliis.
466 2926 687 2993 Quando
709 2922 951 2981 Christus
994 2927 1137 2981 venit
1174 2936 1230 2979 ut
1258 2922 1636 2993 baptizaretur,
1670 2922 1806 2977 dixit

206 2998 255 3048 ei
302 2996 538 3067 Baptista
569 3015 580 3050 :
615 2996 865 3063 Domine,
917 3014 1005 3067 ego
1033 3014 1063 3049 a
1106 3008 1151 3049 te
1180 2998 1333 3049 debeo
1362 2994 1639 3067 baptizari,
1672 3003 1715 3046 et
1751 3006 1805 3046 tu

206 3066 343 3119 venis
373 3068 443 3119 ad
475 3083 550 3119 me
589 3066 809 3133 (Matth.
844 3069 893 3121 5.
931 3066 1011 3121 14.
1046 3066 1190 3136 15)?
1218 3067 1350 3119 Dicit
1381 3066 1455 3119 illi
1502 3066 1755 3136 Servatur
1788 3084 1799 3117 :

209 3136 340 3189 Sine
366 3138 538 3190 modo.
589 3136 667 3192 Ne
711 3138 1023 3201 contendas,
1057 3135 1433 3205 ne'rcpugues,
1473 3137 1593 3204 quia
1626 3135 1801 3205 divina

203 3217 288 3261 ett
315 3207 598 3271 voluntas;
624 3222 689 3262 ne
716 3217 840 3262 ante
858 3217 1062 3276 tempus
1083 3203 1391 3277 dignitatem
1417 3203 1656 3267 reveles;
1686 3203 1804 3258 sine

206 3292 294 3331 tne
320 3277 564 3331 ordinem
597 3278 826 3346 replere,
862 3287 914 3332 ct
942 3292 1065 3331 vere
1102 3278 1385 3332 ostendere
1416 3292 1501 3331 me
1534 3278 1803 3328 hominem

204 3350 564 3415 aSsutnpsisse
585 3389 599 3412 ,
630 3358 688 3402 ut
717 3364 809 3415 per
840 3349 1107 3401 hominem
1164 3363 1347 3401 vermn
1369 3383 1384 3412 ,
1420 3348 1585 3401 Deum
1621 3361 1803 3400 verum

205 3419 513 3471 exhibeam.
563 3418 746 3473 Solum
779 3417 949 3485 dixit,
994 3418 1119 3473 Sine
1163 3419 1349 3483 modo,
1397 3428 1451 3471 et
1497 3418 1675 3470 statim
1730 3416 1804 3468 si-

203 3490 422 3555 gniﬁcat
443 3489 786 3557 evangelista,
838 3499 954 3541 tunc
1003 3490 1191 3541 dimisit
1218 3504 1331 3540 eum
1360 3488 1636 3555 baptizari.
1662 3487 1806 3540 Con-

209 3558 383 3612 tendit
410 3568 468 3611 ut
498 3559 635 3627 pius,
666 3568 721 3613 et
746 3558 981 3613 obedivit
1012 3570 1070 3613 ut
1100 3560 1400 3629 religiosus.
1442 3559 1530 3611 Sic
1568 3569 1621 3629 et
1656 3557 1806 3612 Jere-

208 3629 344 3683 mlas
376 3643 497 3681 cum
532 3630 638 3683 Deo
668 3629 938 3682 contendit
972 3646 985 3683 :
1023 3629 1121 3694 Qui
1150 3627 1537 3691 es'dominator,
1569 3627 1801 3692 Domine,

203 3706 257 3750 tu
288 3698 424 3751 nosti
434 3701 587 3820 [quod
614 3715 737 3769 puer
760 3700 875 3754 sim.
897 3698 962 3752 Et
991 3701 1116 3753 dixit
1148 3698 1393 3752 Dominus
1431 3699 1499 3750 ad
1521 3715 1596 3751 me
1638 3697 1805 3752 :Noli

204 3769 403 3820 dicere.
484 3786 573 3820 uer
597 3786 705 3820 sum
728 3809 742 3820 .
782 3770 900 3820 quia
926 3772 992 3820 ad
1019 3787 1142 3820 auos
1170 3780 1217 3820 te
1255 3770 1482 3820 mittam.
1515 3769 1605 3820 ibis
1648 3768 1800 3820 (Jer.

204 3769 403 3835 dicere,
434 3768 573 3838 Puer
597 3768 705 3821 sum
728 3809 742 3835 ,
782 3770 900 3838 quia
926 3772 992 3822 ad
1019 3787 1142 3837 quos
1170 3780 1217 3823 te
1255 3770 1482 3833 mittam,
1515 3769 1605 3821 ibis
1648 3768 1800 3838 (Jer.

205 3840 255 3892 1.
292 3839 348 3892 6.
380 3839 456 3913 7).
486 3836 655 3913 Solvit
682 3836 1037 3913 pervicaciam
1060 3840 1368 3913 auctoritas.
1399 3839 1633 3913 Rursum
1658 3836 1805 3909 Moy-

204 3924 292 3965 ses
324 3909 523 3962 restitit
546 3910 731 3963 dicens
760 3926 776 3961 :
807 3908 1062 3963 Cani’itue
1085 3911 1242 3962 alium
1270 3926 1286 3962 .'
1314 3927 1429 3961 nam
1457 3912 1661 3979 gracilis
1688 3908 1805 3963 rore

204 3980 458 4102 et‘talrdus
489 3979 664 4049 lingua
690 3997 801 4034 sum
832 3979 1035 4051 (Exod.
1070 3981 1122 4034 4.
1156 3982 1240 4035 13.
1276 3981 1401 4051 10).
1436 3984 1503 4034 At
1542 3998 1648 4035 non
1680 3996 1800 4035 ces-

204 4063 245 4102 s:
304 4064 415 4102 με.
1708 4086 1711 4089 .

203 4059 273 4104 snt
304 4059 415 4103 the.
1708 4086 1711 4089 .

274 4121 329 4174 5.
358 4119 463 4175 Sed
494 4120 559 4173 ad
591 4123 920 4189 propositum
952 4131 1306 4176 revertamur.
1342 4121 1477 4176 Dicit
1507 4121 1760 4175 Servator
1787 4140 1799 4176 :

206 4188 325 4261 Nisi
378 4190 544 4243 lavero
592 4188 742 4259 pedes
786 4202 925 4257 tuos,
972 4208 1074 4245 non
1124 4193 1325 4246 habebis
1375 4204 1566 4261 partem
1608 4209 1802 4246 mecum

206 4259 403 4326 (Joan.
441 4261 526 4315 15.
558 4262 651 4331 8).
688 4262 820 4317 lliuc
845 4264 1075 4316 sciamus
1101 4272 1311 4331 oportet
1334 4259 1537 4332 partem
1566 4263 1799 4317 ﬁdelium

204 4345 326 4385 esse
358 4333 545 4392 Deum,
574 4342 627 4385 ct
658 4344 861 4399 partem
891 4332 983 4387 Dei
1005 4348 1125 4388 esse
1149 4334 1349 4387 ﬁdeles.
1375 4334 1803 4399 Nimiruintotus

206 4400 440 4455 mundus
480 4401 573 4455 Dei
614 4398 728 4467 est,
779 4402 964 4457 ﬁdeles
1006 4414 1183 4458 autem
1232 4406 1380 4458 novit
1428 4403 1587 4457 Deus.
1636 4398 1803 4460 Totus

204 4471 459 4542 mundus,
492 4472 696 4540 inquit,
726 4489 754 4526 a
784 4489 869 4526 me
894 4484 1107 4542 creatus
1135 4484 1215 4528 est
1241 4488 1256 4529 :
1286 4485 1335 4527 at
1368 4475 1499 4527 nihil
1539 4472 1608 4527 ita
1648 4492 1798 4542 euro,

206 4550 261 4610 ut
288 4540 523 4594 ﬁdelium
554 4554 778 4610 partem.
812 4544 935 4597 Ideo
963 4540 1149 4598 lideles
1174 4546 1477 4598 clamabant
1506 4554 1555 4596 ut
1589 4545 1750 4598 David
1786 4540 1798 4599 ὲ

210 4609 391 4664 Portto
422 4628 532 4665 mea
557 4609 809 4667 Dominus
840 4614 893 4667 in
924 4624 1057 4667 terra
1086 4612 1396 4674 viventium;
1438 4624 1490 4667 et
1531 4629 1741 4669 rursum
1787 4637 1799 4671 :

206 4680 457 4757 Dominus
486 4699 604 4749 pars
630 4684 921 4757 hereditatis
945 4701 1068 4757 mea:
1098 4685 1115 4752 (
1144 4684 1289 4739 Psal.
1320 4686 1437 4738 1H.
1468 4689 1520 4738 t3.
1546 4695 1590 4737 et
1616 4688 1699 4741 15.
1722 4688 1798 4757 5).

204 4752 371 4824 Maria
400 4768 528 4824 vero
554 4756 749 4807 sedens
778 4755 843 4808 ad
886 4755 1047 4824 pedes
1078 4757 1282 4809 Domini
1310 4798 1323 4821 ,
1366 4757 1663 4809 doctrinam
1704 4752 1803 4813 au-

204 4823 361 4887 divit,
391 4831 447 4876 et
482 4823 565 4900 ait
593 4824 847 4900 Servatur
881 4823 1589 4900 tdiaria;optiutattt_pai'ttmt
1620 4829 1764 4900 elegit
1786 4874 1803 4897 ,

204 4909 318 4959 qua:
347 4908 450 4945 non
469 4898 727 4963 auferetur
745 4894 806 4947 ab
830 4912 885 4947 ea
908 4896 1069 4964 (Luc.
1091 4898 1176 4950 10.
1205 4896 1273 4951 42
1291 4895 1331 4965 ).
1357 4896 1543 4951 Viden‘
1571 4894 1803 4954 ﬁdelium

207 4973 414 5032 partem
431 4979 571 5035 esse
596 4965 803 5019 Deum?
834 4966 1062 5020 Necesse
1095 4969 1309 5021 demum
1351 4978 1433 5021 est
1472 4970 1763 5025 ostendere
1788 5012 1801 5035 ,

206 5032 695 5108 quomodoﬁdeles
726 5050 846 5103 pars
878 5038 971 5091 Dei
1001 5039 1125 5091 sint.
1168 5040 1257 5091 Ait
1298 5038 1507 5108 Moyses
1540 5057 1551 5091 :
1591 5032 1805 5103 Quando

206 5103 457 5176 dividebat
470 5104 755 5158 Altissimus
772 5116 959 5176 gentes,
983 5108 1215 5176 dispersit
1240 5109 1373 5174 ﬁlios
1385 5103 1553 5161 Adam
1578 5124 1597 5162 .'
1614 5112 1803 5165 consti-

208 5174 309 5259 (ait
318 5176 556 5228 terminos
578 5174 1042 5259 populoruutyuxta
1059 5174 1323 5259 nutrierunt
1336 5181 1645 5259 ἀιιρειιξειιιιι
1674 5179 1771 5236 Dei
1788 5203 1805 5248 ;

208 5254 251 5320 et
280 5248 419 5320 facta
445 5254 528 5320 est
542 5260 662 5314 pars
689 5245 899 5320 Domini
927 5250 1144 5315 populus
1172 5250 1281 5317 ejus
1320 5245 1483 5303 Jacob
1508 5249 1685 5320 (Deut.
1717 5245 1803 5307 5‘2.

209 5316 261 5368 8.
290 5314 365 5378 9)
398 5332 413 5368 :
442 5315 563 5383 quia
608 5314 836 5371 mundus
877 5314 1019 5372 totus
1060 5314 1203 5373 illius
1244 5330 1392 5383 erat,
1438 5314 1584 5375 Solus
1628 5334 1806 5378 autem

210 5384 441 5458 popul_us
471 5386 585 5458 ejus
611 5385 777 5458 Jacob
806 5389 1025 5441 audivit.
1056 5392 1145 5443 Sic
1173 5390 1403 5443 etAmos
1434 5392 1693 5458 prOpheta
1724 5397 1807 5447 di-

210 5455 278 5507 cit
316 5471 341 5532 :_
364 5454 432 5508 Et
460 5456 586 5532 vidi,
620 5455 680 5532 ljjt
716 5473 828 5511 ecce
845 5460 1000 5527 jussit
1028 5460 1277 5532 Dominus
1306 5454 1548 5512 ultionem
1575 5464 1625 5515 in
1658 5466 1771 5532 igne
1791 5507 1804 5528 ,

210 5536 276 5599 et
306 5526 561 5599 devoravit
598 5526 1095 5599 abyssum’multam,
1127 5542 1171 5583 ct
1195 5531 1453 5583 devorat-it
1482 5526 1806 5599 ριινιεηίυοξ

212 5596 361 5670 mini.
393 5611 584 5670 nempe
614 5598 882 5665 pupulum.
920 5599 982 5651 Et
1037 5602 1143 5653 dixi
1180 5617 1194 5651 :
1227 5600 1443 5663 Desine,
1482 5596 1740 5670 'Uomine,
1780 5623 1809 5658 a

210 5665 391 5741 {at-ob,
417 5667 537 5732 quia
563 5683 753 5741 parvus
772 5686 977 5721 numero
1008 5683 1078 5723 est
1102 5672 1276 5741 (Amos
1302 5673 1350 5723 7.
1385 5673 1437 5724 4.
1470 5673 1541 5740 5)
1564 5690 1577 5737 ;
1628 5676 1677 5728 id
1703 5665 1805 5740 est,

213 5735 287 5810 Ne
312 5739 564 5810 absumas
594 5753 709 5791 nos.
742 5740 864 5793 lla'c
894 5741 1033 5793 dicta
1066 5735 1189 5794 sunt
1213 5782 1225 5803 ,
1271 5735 1531 5810 quoniam
1556 5735 1809 5800 Servalor

213 5808 282 5861 ait
316 5824 327 5860 :
362 5806 482 5862 Nisi
513 5808 679 5860 lavero
709 5819 771 5869 te,
800 5827 897 5862 non
931 5810 1134 5864 habebis
1165 5806 1357 5879 partem
1386 5831 1598 5869 mecum.
1626 5817 1807 5874 Portio

545 5896 816 5960 PATROL.
866 5904 981 5965 tiu.
1032 5906 1191 5967 ΗΧ.

1176 314 1184 321 ’
1232 358 1294 413 IN
1338 349 1802 412 PRODITIONEM
1840 349 2292 413 SERVATORIS,
2338 349 2487 407 ETC.

3413 350 3521 407 718

1936 478 2064 533 ergo
2092 462 2325 535 ﬁdelium
2357 464 2497 518 Deus
2525 475 2624 528 est,
2670 474 2724 520 et
2753 465 2930 535 portio
2958 464 3052 519 Dei
3080 464 3280 519 ﬁdeles.
3317 467 3404 518 Ait
3433 466 3528 519 Pe-

1936 532 2048 587 trus
2079 551 2091 585 :
2123 532 2341 587 Domine
2360 576 2372 598 ,
2404 552 2504 587 non
2538 547 2736 606 tantum
2754 532 2916 606 pedes
2948 552 3085 589 meos
3112 536 3331 606 lavabis,
3357 538 3445 588 sed
3473 551 3519 590 et

1934 620 2116 657 manus
2140 614 2188 657 et
2216 615 2386 673 caput.
2410 606 2618 659 Putavit
2636 604 2828 662 Petrus
2848 607 3103 661 lationem
3133 604 3276 658 illam
3299 620 3422 659 esse
3446 622 3523 660 re-

1932 674 2243 730 missionem
2276 686 2636 743 peccatorum,
2680 686 2733 730 et
2761 686 2872 729 toto
2901 690 3127 744 corpore
3156 674 3528 729 remissionem

1932 747 2177 812 accipere
2203 745 2438 813 Optabat.
2461 746 2615 801 Lotio
2649 758 2829 800 autem
2861 761 2965 799 non
2989 756 3105 799 erat
3125 745 3372 798 remissio
3402 761 3526 813 pee-

1929 824 2209 885 catorum,
2265 816 2359 869 sed
2412 817 2624 885 pietatis
2677 828 3073 885 argumentum.
3138 815 3338 869 Deinde
3393 816 3523 869 dicit

1929 884 2185 954 Servatur
2220 903 2231 937 :
2271 886 2369 950 Qui
2399 884 2529 939 lotus
2559 898 2657 949 est,
2691 903 2791 939 non
2809 884 2955 954 ’Opus
2991 885 3135 938 habet
3165 886 3261 937 nisi
3290 896 3343 937 ut
3374 886 3524 952 pedes

1930 952 2077 1007 lavet.
2104 953 2225 1008 Jam
2253 971 2339 1008 vos
2373 958 2551 1026 mundi
2575 957 2691 1009 estis
2723 952 2927 1026 propter
2955 972 3234 1026 sermonem
3259 972 3405 1023 quem
3442 956 3521 1008 lo-

1925 1036 2109 1095 quutus
2133 1041 2245 1079 sum
2274 1027 2408 1080 vobis
2437 1025 2615 1095 (Joan.
2648 1023 2735 1080 15.
2766 1030 2853 1080 10.
2902 1038 2949 1079 et
2986 1027 3068 1079 15.
3116 1023 3209 1095 5).
3254 1026 3361 1079 Sed
3404 1026 3520 1080 haec

1925 1094 2141 1166 quidem
2172 1094 2475 1163 hujusmodi
2505 1098 2673 1151 fuere.
2709 1098 2993 1166 Postquam
3024 1094 3201 1149 autem
3235 1096 3437 1151 laverat
3462 1107 3520 1153 et

1924 1164 2256 1219 absterserat
2284 1208 2299 1229 ,
2330 1169 2536 1233 accepit
2564 1164 2878 1221 vestimenta
2902 1181 2995 1219 sua
3028 1176 3081 1219 et
3110 1166 3369 1221 recubuit.
3396 1168 3518 1221 Ser-

1924 1234 2065 1289 Vavit
2094 1238 2233 1291 Servi
2272 1237 2495 1291 fortnam
2520 1279 2531 1296 .
2560 1248 2614 1292 et
2653 1248 2835 1306 postea
2869 1247 2925 1290 ιιι
2966 1237 3220 1289 Dominus
3249 1238 3514 1304 recubuit,

1922 1312 2120 1376 etcum
2147 1309 2464 1361 auctoritate
2488 1306 2617 1361 dicit
2654 1326 2666 1360 :
2700 1306 2921 1361 Nescitis
2958 1308 3079 1376 quid
3106 1309 3309 1376 fecerim
3334 1309 3513 1362 vobis?

1923 1373 1999 1427 Ac
2027 1376 2069 1429 si
2100 1376 2336 1441 diceret,
2366 1377 2483 1431 Non
2517 1378 2876 1433 intellexistis.
2910 1373 3115 1430 Nonne
3134 1394 3219 1430 ros
3245 1378 3411 1431 dicitis
3435 1396 3516 1434 me

1924 1441 2228 1516 yagistrum
2266 1458 2311 1499 et
2350 1448 2663 1501 Dominam?
2700 1460 2744 1501 et
2768 1449 2890 1501 bene
2929 1450 3131 1511 dicitis;
3171 1464 3282 1501 sum
3304 1450 3503 1505 etenim.

1922 1512 2413 1587 llie'auctoritatem
2439 1519 2790 1573 demonstrat.
2813 1519 2985 1587 Ejecit
3016 1517 3239 1587 formam
3270 1518 3431 1579 servi,
3456 1528 3512 1570 et

1921 1584 2096 1657 ind_uit
2148 1588 2241 1642 Dei
2284 1590 2529 1642 lorniam.
2573 1588 2763 1643 Nonne
2788 1584 2873 1642 vos
2908 1605 2985 1641 me
3010 1589 3178 1642 dicitis
3209 1586 3512 1657 Magistrum

1920 1664 1966 1707 et
1994 1655 2309 1729 Dominum?
2347 1660 2408 1713 Si
2432 1660 2578 1729 igitur
2611 1677 2703 1729 ego
2744 1659 2993 1712 Dominus
3025 1669 3068 1711 et
3108 1655 3356 1729 Magis:er
3407 1661 3507 1711 lavi

1924 1726 2074 1800 pedes
2106 1739 2316 1800 vestros,
2343 1726 2531 1800 quanto
2560 1726 2719 1800 magis
2768 1746 2855 1783 vos
2903 1729 3087 1800 debetis
3127 1727 3255 1800 alter
3284 1728 3512 1800 alterius

1921 1797 2071 1865 pedes
2096 1799 2302 1852 lavare?
2335 1795 2809 1867 Exemplum'euim
2852 1800 2967 1852 dedi
2999 1795 3135 1851 vobis
3178 1798 3366 1868 (video
3396 1799 3510 1869 pie—

1922 1869 2045 1922 tatis
2091 1869 2393 1937 exemplum
2431 1869 2665 1938 fuisse),
2712 1880 2765 1922 ut
2809 1870 3231 1937 queritaduwdum
3275 1886 3365 1938 ego
3412 1870 3509 1937 feci

1919 1938 2177 2011 t‘obis,_ita
2206 1951 2252 2011 et
2283 1955 2368 1993 vos
2393 1942 2603 1994 invicem
2632 1943 2832 2011 faciatis
2868 1940 3044 2011 oan.
3074 1939 3158 2011 15.
3189 1940 3391 2011 12-15).

1990 2010 2042 2063 4.
2081 2009 2173 2062 llis
2205 2008 2273 2062 ita
2302 2012 2466 2077 gestis
2485 2008 2831 2065 incusserunt
2856 2008 2919 2063 ad
2941 2025 3061 2063 cum
3090 2010 3335 2077 discipuli
3366 2010 3504 2077 ejus,

1919 2086 1973 2149 et
1996 2080 2242 2133 dixerunt
2267 2098 2279 2133 :
2309 2078 2545 2143 Donune,
2566 2083 2644 2134 ubi
2678 2081 2748 2134 vis
2778 2098 3012 2149 paremus
3034 2080 3142 2149 tibi,
3162 2090 3212 2131 ut
3236 2082 3510 2135 ntanduces

1920 2148 2123 2203 Pascha
2145 2149 2171 2200 ?
2202 2149 2331 2204 Vide
2379 2150 2473 2204 Dei
2504 2148 2918 2218 prmscieutiam.
2950 2153 3031 2204 Ait
3056 2191 3070 2215 ,
3119 2148 3198 2203 Ite
3239 2150 3293 2201 in
3340 2152 3507 2202 civita-

1919 2230 2039 2291 tem,
2094 2230 2139 2273 et
2186 2230 2410 2273 occurret
2449 2223 2584 2274 vobis
2633 2224 2782 2275 homo
2835 2223 3066 2291 lagonam
3095 2235 3240 2289 aqua:
3278 2232 3503 2288 portans.

1919 2289 2201 2362 Sequimini
2246 2307 2361 2343 eum
2416 2308 2728 2362 quocumque
2769 2289 2999 2352 icritr:_et
3040 2290 3507 2362 iuﬂquamcumque

1917 2360 2123 2414 domum
2153 2362 2421 2425 introierit,
2452 2363 2601 2416 dicite
2629 2360 3028 2415 dominodomus
3052 2375 3069 2413 .·
3089 2360 3330 2429 Magister
3358 2363 3483 2413 dicit
3508 2400 3528 2426 ,

1919 2429 2135 2500 Tempus
2159 2448 2328 2502 meum
2344 2448 2502 2502 prope
2520 2444 2591 2487 est
2620 2448 2636 2486 :
2659 2433 2797 2499 apud
2822 2442 2867 2484 te
2899 2434 3032 2502 facio
3054 2430 3258 2483 Pascha
3279 2446 3393 2483 cum
3422 2432 3526 2486 dis-

1915 2506 2098 2569 cipulis
2127 2506 2270 2558 meis.
2306 2500 2371 2554 Et
2397 2504 2505 2572 ipse
2526 2504 2751 2557 ostendet
2780 2500 2917 2556 robis
2944 2502 3259 2555 cazuaculum
3288 2510 3503 2554 stratum

1915 2572 2108 2643 (Marc.
2139 2577 2223 2629 14.
2250 2574 2436 2633 12-15.
2460 2576 2646 2629 Matth.
2674 2574 2764 2627 26.
2802 2573 2912 2643 18).
2944 2573 3060 2626 Duo
3086 2572 3501 2643 observat,apo-

1914 2641 2175 2699 Stolorum
2196 2649 2332 2718 viam
2346 2647 2526 2718 dirigit
2548 2656 2603 2699 ut
2626 2641 2954 2718 interrogent
2970 2643 3245 2718 dominum
3268 2642 3461 2718 domus
3490 2664 3505 2706 ;

1913 2724 2056 2770 etne
2085 2726 2269 2782 puttmt
2296 2712 2477 2785 ipsum
2496 2718 2743 2785 ignorare
2788 2716 2987 2776 locum,
3022 2715 3095 2785 ait
3140 2712 3283 2765 illis:
3318 2714 3504 2768 Osten-

1913 2792 1995 2839 det
2015 2787 2150 2840 vobis
2167 2783 2478 2840 cwnaculum
2504 2783 2695 2901 qraude
2712 2795 2945 2840 stratum.
2964 2785 3020 2838 Si
3046 2783 3218 2836 locum
3234 2785 3501 2851 ρι-ωιιὶοιι,

1913 2858 2309 2901 mlrtliscinulig
2343 2858 2423 2901 nis
2531 2866 2836 2901 ιιιιιιιιοιιινςιιρ
2882 2856 2949 2901 tle
3000 2856 3157 2901 lucu?
3191 2854 3501 2901 l'tiustnmm

1912 2870 2013 2911 cur
2034 2858 2309 2926 discipulis
2343 2858 2453 2922 ais,
2505 2854 2836 2927 luterrogate
2882 2856 2949 2907 de
3000 2856 3157 2927 loco?
3191 2854 3506 2927 l'tiusquam

1914 2924 2389 2996 interrogaremus,
2410 2930 2518 2997 jam
2543 2924 2846 2982 didicimus.
2874 2927 3069 2989 Etiam,
3092 2924 3281 2993 inquit,
3298 2943 3381 2978 me
3409 2926 3505 2979 de-

1913 3007 2000 3052 cet
2041 3001 2335 3065 praedicere
2366 3011 2421 3053 ut
2471 3003 2659 3063 Deum,
2692 3008 2743 3052 et
2773 3014 2869 3050 vos
2903 3013 2996 3065 par
3036 3005 3117 3049 est
3169 2998 3503 3065 interrogare

1914 3078 1970 3121 ut
2001 3068 2267 3139 homines.
2298 3070 2568 3139 Nusquam
2588 3079 2765 3123 autem
2788 3068 3035 3123 Christus
3063 3068 3375 3136 mysterium
3402 3077 3505 3120 tra-

1912 3139 1991 3193 dit
2020 3141 2070 3193 iu
2104 3138 2397 3197 humilibus
2426 3138 2577 3204 locis,
2603 3140 2699 3193 scd
2724 3141 2775 3193 in
2797 3139 3088 3195 montibus.
3112 3145 3204 3189 aut
3230 3139 3281 3191 iu
3316 3151 3500 3191 cama-

1910 3210 2070 3264 culo:
2097 3210 2227 3264 nihil
2247 3214 2390 3264 enim
2417 3212 2467 3264 in
2498 3210 2713 3265 Christo
2745 3210 3007 3263 intimum.
3062 3206 3187 3261 Ideo
3226 3223 3345 3262 cum
3375 3222 3504 3276 apo-

1911 3280 2035 3335 stoli
2066 3282 2541 3349 supervenientcm
2589 3279 3199 3349 acceperuntSpiritum
3232 3288 3500 3343 sanctum,

1912 3352 1965 3433 in
2014 3346 2303 3433 ccen'ac‘ulo'
2338 3353 2645 3433 congregati
2692 3346 2866 3405 erant.
2913 3348 3084 3433 Tun'e,
3142 3346 3504 3433 ithuit,.ntisit

1912 3421 2039 3475 duos
2070 3438 2132 3475 ea:
2179 3418 2607 3491 discipulis'suis,
2639 3431 2694 3475 ut
2727 3432 2979 3491 pararent
3017 3418 3242 3491 Pascha.
3273 3420 3502 3486 Quinam

1913 3490 1965 3545 hi
1993 3501 2144 3546 erant
2163 3493 2186 3545 ἲ
2205 3488 2317 3547 Peti
2332 3502 2393 3547 us
2422 3505 2468 3547 et
2489 3488 2745 3559 Joannes;
2771 3494 2878 3547 Cur
2898 3506 2962 3546 ex
2983 3488 3263 3545 duodecim
3290 3492 3505 3545 Petrum

1912 3572 1967 3616 et
1991 3564 2251 3617 Joannem
2286 3564 2467 3617 misit?
2515 3564 2706 3618 Petrus
2728 3573 2844 3630 erat
2869 3563 2958 3630 qui
2994 3559 3275 3614 confessus
3293 3560 3501 3630 iuerat.

1913 3632 2046 3696 Quia
2086 3645 2140 3686 tu
2168 3650 2219 3687 es
2250 3634 2478 3689 Christus
2510 3632 2677 3688 Filius
2715 3628 2812 3687 Dei
2858 3628 2951 3686 rivi
2988 3630 3203 3756 (Matth.
3242 3629 3329 3684 16.
3365 3632 3457 3696 17)
3488 3648 3501 3683 :

1913 3703 2147 3756 Joannes
2176 3721 2304 3756 vero
2349 3708 2732 3756 nrazdieaturus
2777 3714 2926 3756 erat.
3023 3720 3055 3755 ιι
3103 3702 3350 3756 principio
3398 3712 3501 3755 erat

1910 3703 2147 3759 Joannes
2176 3721 2304 3759 vero
2348 3708 2732 3774 prazdieaturus
2777 3714 2926 3774 erat,
2988 3702 3055 3756 In
3096 3702 3350 3774 principio
3377 3712 3505 3774 erat

1920 3774 2156 3846 Verbum,
2177 3788 2223 3829 et
2259 3770 2475 3846 Verbum
2498 3787 2603 3830 erat
2632 3776 2773 3846 apud
2800 3770 2988 3840 Deum,
3009 3782 3054 3828 et
3083 3771 3220 3846 Deus
3245 3770 3505 3846 mayer-

1911 3845 2026 3899 bum
2055 3845 2235 3915 (Joan.
2266 3848 2316 3900 1.
2349 3843 2426 3917 1).
2457 3842 3043 3902 Mittitfundamenlum
3073 3843 3219 3917 ﬁdei,
3248 3842 3501 3917 etrlilium

1912 3917 2167 3987 tonitrui;
2198 3925 2253 3970 ut
2278 3918 2328 3970 in
2356 3916 2702 3973 fnudameuto
2730 3916 3271 3987 pietatismysterium
3296 3916 3503 3987 ﬁgeret,

1910 3997 1966 4041 ct
1992 3988 2042 4040 in
2076 3984 2188 4058 ﬁlio
2213 3989 2432 4043 tonitrui
2450 3988 2673 4058 iustitia:
2698 3984 3506 4058 prtcceptafulgur-arent.lter-

1908 4073 2003 4111 sus
2030 4073 2127 4111 cur
2149 4057 2364 4112 Petrum
2380 4068 2434 4113 et
2450 4055 2721 4114 Joannem
2756 4055 2953 4112 mittit?
2973 4055 3044 4113 Ut
3068 4055 3379 4111 ostenderet
3412 4057 3508 4107 lto-

1910 4129 2170 4182 norahilis
2197 4130 2430 4198 conjugii
2460 4140 2516 4185 et
2537 4130 2861 4199 virginitatis
2910 4128 3112 4199 donum
3145 4124 3414 4199 expandi;
3450 4136 3506 4180 et

1909 4198 2131 4253 Paschae
2163 4210 2441 4254 consortes
2478 4216 2597 4255 esse
2627 4198 2748 4254 tam
2787 4198 3135 4253 honorabiles
3164 4198 3503 4265 conjugatos,

1909 4284 2068 4339 quam
2100 4269 2355 4339 virgines,
2408 4272 2450 4324 si
2480 4282 2627 4327 recte
2655 4267 2857 4324 vivant.
2886 4267 3029 4322 Misit
3066 4266 3424 4336 virginitatem
3458 4281 3513 4339 et

1912 4337 2231 4394 lionorahil'e
2258 4342 2589 4410 COnjugium,
2639 4352 2695 4395 ut
2725 4350 2914 4410 parent
2940 4339 3039 4393 sibi
3070 4339 3273 4391 Pascha
3310 4355 3341 4410 ξΔ
3362 4346 3422 4391 ιιι
3460 4337 3513 4390 in

1909 4419 2092 4482 monte
2124 4407 2374 4482 rllloysen'
2399 4407 2453 4465 et
2486 4409 2655 4466 Ellam
2683 4407 2964 4474 exhibuit,
2997 4424 3252 4482 quorum
3276 4407 3413 4482 alius
3449 4424 3513 4462 ex

1910 4478 2550 4564 honorabili'conjugio,
2594 4481 2734 4563 alius
2772 4497 2840 4536 ex
2874 4478 3511 4564 virginitate‘lulgebat;

1913 4560 2046 4604 utet
2078 4548 2394 4633 honorabilia
2420 4548 2739 4633 coniugium
2770 4564 2823 4607 ct
2852 4548 3511 4633 virgiui1alehristo‘ad-

1910 4631 2132 4676 starent.
2155 4622 2283 4675 Nam
2308 4620 2572 4676 Desiderio
2587 4620 2867 4677 desiderari
2888 4625 2979 4675 hoc
3002 4620 3203 4675 Pascha
3231 4622 3517 4674 manduca-

1911 4710 1965 4746 re
1992 4692 2242 4745 vobiscum
2271 4692 2426 4763 (Luc.
2455 4692 2679 4764 22.15).
2712 4690 2830 4747 Non
2860 4696 2906 4745 vi
2936 4694 3165 4764 cogitur,
3196 4708 3301 4764 non
3322 4702 3511 4746 coacta

1910 4772 1993 4817 cst
2025 4764 2237 4830 passio;
2282 4762 2388 4819 sed
2424 4762 2760 4818 voluntarius
2787 4766 3020 4819 animus.
3063 4762 3117 4817 Si
3154 4763 3417 4817 DOminus
3459 4774 3515 4815 ut

1912 4834 2231 4914 beneﬁcium
2262 4845 2543 4914 praestaret
2572 4835 2727 4914 dixit,
2758 4835 3026 4890 Desiderio
3048 4834 3351 4914 desideravi,
3384 4832 3512 4914 quiti

1910 4905 2153 4957 dicemus
2183 4904 2322 4959 nos?
2346 4906 2517 4959 Voces
2545 4908 2743 4975 quippe
2769 4921 2981 4960 noswas
3008 4908 3233 4975 excipis,
3264 4903 3511 4975 Domine,

1914 4984 2095 5028 nostra
2128 4976 2357 5045 suscipis
2381 4973 2619 5045 peccata,
2641 4973 2729 5030 et.
2752 4977 3027 5032 beneﬁciis
3056 4973 3360 5044 pra'lulges.
3405 4973 3514 5028 Nos

1912 5048 2093 5099 dicere
2134 5045 2418 5111 debemus,
2452 5046 2831 5102 Desideramus
2864 5048 3050 5101 videre
3093 5048 3299 5101 Pascha
3326 5063 3341 5102 :
3370 5054 3427 5100 et
3456 5055 3509 5098 tu

1916 5132 2011 5170 nos
2038 5118 2360 5182 pt-znvertis?
2387 5134 2452 5169 an
2496 5118 2615 5171 fons
2644 5133 2877 5187 unquam
2910 5122 3115 5187 appetit
3144 5117 3411 5181 sitientes,
3444 5131 3512 5169 an

1913 5188 2158 5241 sitientes
2194 5188 2438 5240 fontem?
2478 5204 2543 5240 an
2588 5204 2772 5242 mensa
2824 5190 3029 5258 appetit
3075 5189 3396 5258 esurientes.
3444 5202 3511 5240 an

1914 5258 2211 5310 esurientes
2234 5272 2475 5310 mensam
2498 5259 2519 5309 ?
2544 5258 2651 5313 Nos
2675 5259 2855 5313 dicere
2882 5276 2974 5327 par
2999 5269 3079 5311 est
3102 5259 3231 5311 illud
3255 5257 3469 5311 Davidis
3500 5275 3512 5308 :

1917 5327 2357 5390 Quemadmodum
2383 5329 2631 5383 desiderat
2660 5346 2833 5383 cervus
2861 5330 2928 5382 ad
2952 5332 3113 5395 fontes
3141 5346 3409 5398 aquarum,
3444 5329 3515 5380 ita

1916 5399 2166 5450 desiderat
2197 5400 2369 5450 anima
2398 5417 2507 5452 mea
2539 5401 2605 5451 ad
2650 5411 2714 5463 te,
2760 5400 2898 5453 Deus
2930 5399 3104 5468 (Psal.
3154 5400 3242 5454 41.
3299 5400 3369 5464 1).
3405 5398 3511 5452 Sed

1916 5470 2037 5536 quia
2061 5470 2397 5541 propositum
2426 5481 2511 5523 est
2539 5472 2844 5524 Servatoris
2873 5471 3213 5541 mysterium,
3251 5470 3363 5539 ipsa
3393 5469 3510 5537 glo-

1916 5542 2056 5609 riosa
2084 5540 2280 5606 passio,
2324 5540 2439 5607 ipsa
2484 5543 2758 5609 passionis
2791 5540 3040 5600 traditio.
3072 5557 3253 5596 sermo
3284 5542 3511 5607 tempori

1916 5608 2073 5661 cedat
2106 5619 2349 5675 oportet;
2404 5621 2461 5664 ut
2484 5608 2562 5665 iet
2588 5613 2679 5677 qui
2723 5614 2913 5665 sitiunt
2942 5611 3211 5674 fruantur,
3244 5622 3297 5665 et
3328 5610 3514 5664 ﬁdeles.

1917 5679 2303 5753 conﬁrmentur
2332 5722 2345 5742 ,
2379 5692 2431 5734 et
2457 5684 2545 5750 qui
2590 5684 2922 5753 illuminandi
2960 5695 3105 5747 sunt,
3140 5684 3334 5753 pignus
3374 5684 3514 5753 act-i-

1922 5750 2089 5817 piant,
2113 5750 2402 5819 ﬁdelesque
2423 5752 2810 5807 custodiantur.
2834 5754 2909 5808 Ne
2936 5753 3062 5807 doni
3090 5750 3309 5806 obtentu
3328 5752 3514 5821 jejuuii

1920 5835 2137 5876 cursum
2169 5822 2366 5876 solvas.
2398 5824 2545 5879 Sicut
2576 5826 2664 5894 qui
2701 5827 2912 5895 longam
2944 5840 3197 5879 emensus
3225 5836 3311 5879 est
3348 5825 3510 5893 viam,

3075 5921 3151 5979 [s3
