4194 6318
263 399 349 455 ῚΞί
1374 386 1600 444 SERMO
1638 380 2160 441 CATECIIE'I‘ICUS
2204 381 2264 434 IN
2311 381 2591 436 PASCHA.

258 511 494 576 gratiam,
523 523 684 578 quam
714 503 836 560 dedi
860 501 950 578 tibi
973 521 982 556 :
1004 516 1094 578 vas
1115 503 1254 578 enim
1289 501 1557 578 indignum
1587 515 1828 578 unguen:

264 568 364 633 ium
395 568 609 633 cazieste
633 576 773 632 ferre
797 575 998 644 nequit.
1028 573 1164 639 Quid
1203 587 1360 639 porro
1386 568 1557 644 dicam
1575 568 1830 644 de_.luda?

262 649 446 702 Petrus
481 647 567 716 qui
594 647 823 716 clavem
840 639 999 716 regni
1048 644 1300 716 caelorum
1339 641 1581 716 accepit,
1630 639 1827 716 [iegem

260 719 442 786 gloria:
472 709 659 770 videns
683 709 991 786 crucifixum
1015 754 1029 777 ,
1062 712 1281 786 alijeetis
1311 709 1780 786 clavibusaufugit
1813 724 1826 759 :

259 779 310 840 Et
339 787 477 841 latro
497 787 587 855 qui
615 785 887 838 hominum
911 779 1371 855 foresaperiehat,
1399 783 1509 847 ipse
1531 779 1707 855 claves
1735 792 1826 855 pa-_

258 857 419 910 radisi
451 847 643 923 rapuit.
678 855 866 908 Petrus
894 852 982 923 qui
1015 847 1177 923 dixit,
1202 849 1569 923 S_i__oportuerit
1602 865 1680 901 me
1701 847 1828 923 mori

255 935 438 990 tecum,
465 918 563 978 non
593 933 639 977 te
671 924 860 992 negabo
879 918 1090 990 (Matth.
1113 920 1201 972 ‘26.
1237 920 1304 972 35
1379 961 1393 984 ,
1451 929 1531 971 ter
1576 918 1785 992 negavit
1813 933 1827 979 ;

262 1005 313 1048 et
342 989 478 1047 latro
509 996 596 1063 qui
621 989 1240 1063 non—vocepromiserat,
1261 989 1352 1063 sed
1378 1001 1578 1063 re_cum
1604 989 1714 1054 ipsa
1749 1002 1831 1038 re-

258 1057 590 1118 surrectione
629 1057 971 1122 moriebatur,
1022 1060 1268 1112 dicebat:
1305 1057 1534 1119 Domine,
1586 1064 1831 1108 memento

257 1135 375 1196 mei,
400 1150 513 1186 cum
541 1135 729 1186 veneris
755 1132 806 1182 in
835 1146 1039 1199 regnum
1090 1137 1248 1199 tuum.
1298 1128 1456 1199 Latro
1507 1126 1831 1199 principatus

254 1213 306 1256 et
336 1211 625 1266 potestates
654 1217 754 1254 non
788 1196 1004 1261 metuit;
1031 1207 1083 1250 et
1103 1198 1291 1250 Petrus
1315 1197 1500 1262 puellas
1528 1196 1699 1266 m_i_nas
1723 1208 1829 1266 non

257 1262 393 1325 tulit.
420 1272 580 1326 Latro
605 1269 890 1331 clamabat,
943 1268 1156 1320 Domine
1185 1285 1205 1330 ;
1237 1275 1288 1318 et
1315 1267 1527 1328 Petrus,
1563 1262 1682 1317 Non
1715 1264 1830 1316 novi

254 1343 388 1393 Itum:
416 1342 688 1403 hominem,
718 1352 872 1408 quem
895 1337 1050 1406 paulo
1080 1349 1202 1408 ante
1238 1335 1429 1408 Filium
1460 1332 1828 1408 Dei‘vocabat.

254 1410 446 1480 Petrus
479 1410 567 1480 qui
613 1401 771 1477 supra
817 1401 1299 1480 ma'reiambulavit,
1330 1403 1573 1480 eum_qui
1609 1401 1831 1480 pedibus

255 1472 525 1533 humidam
553 1472 794 1532 naturam
818 1477 1075 1535 caleabat.
1103 1476 1350 1543 negavit;
1383 1484 1436 1527 et
1466 1475 1602 1526 latro
1623 1472 1712 1543 qui
1741 1487 1832 1524 su-

255 1565 345 1616 pra
376 1550 533 1602 dorsa
557 1549 717 1600 maris
737 1561 840 1601 non
868 1538 1385 1616 ramliulaveratusod
1428 1538 1670 1616 divit_utn_
1688 1538 1831 1596 fores

251 1610 495 1682 adierat,
542 1617 824 1681 clamabat,
856 1615 1090 1669 Domine.
1125 1615 1243 1668 Filii
1267 1612 1511 1667 Zebedali
1539 1610 1792 1682 dicebant
1813 1650 1828 1676 ,

257 1679 535 1742 Possumus
564 1687 728 1740 bibere
768 1679 996 1749 calicem,
1047 1701 1192 1753 quem
1237 1684 1481 1737 bibiturus
1512 1697 1561 1735 es
1587 1686 1607 1751 (
1635 1679 1828 1733 Matth.

253 1755 339 1828 20.
365 1756 512 1828 22);
547 1759 628 1828 hic
649 1758 757 1824 jam
789 1757 924 1809 calix
956 1755 1160 1817 aderat,
1181 1754 1344 1828 atilli
1377 1753 1561 1828 caligis
1587 1763 1829 1828 tempore

253 1819 534 1895 fugerunt:
569 1819 704 1898 latro
730 1834 906 1898 autem
927 1839 990 1898 es
1022 1838 1181 1877 manu
1203 1823 1440 1898 filiorum
1472 1819 1718 1898 Zebedaei
1742 1833 1832 1898 ea-

252 1890 410 1950 lic'em
441 1896 689 1950 salutaris
715 1896 910 1962 rapuit,
939 1894 1121 1947 dicens
1147 1911 1158 1944 :
1193 1890 1671 1962 Caliceni_salutaris
1699 1890 1834 1962 acci-

252 1968 391 2034 piant
422 2005 436 2029 ,
479 1975 525 2019 et
575 1981 755 2018 nomen
781 1958 1008 2034 Domini
1060 1963 1298 2016 invocabo
1350 1959 1538 2034 (gPsal.
1564 1961 1689 2034 115τ
1727 1958 1828 2034 b).

251 2029 490 2090 Thomas
513 2078 528 2101 ,
561 2033 1108 2101 incomprehensibilis
1152 2029 1385 2102 mysterii
1414 2031 1655 2085 curiosus
1675 2029 1829 2083 inda-

250 2114 425 2173 gator,
451 2104 826 2173 condiscipulis
849 2104 1057 2158 dicebat
1088 2120 1098 2153 :
1136 2103 1326 2155 Eamus
1355 2110 1399 2155 et
1417 2118 1526 2173 nos,
1560 2109 1610 2152 ut
1639 2102 1829 2173 moria-

253 2168 366 2226 ntur
395 2168 508 2228 cum
537 2174 626 2226 illo
669 2168 862 2241 ('Joan.
902 2174 988 2226 Η.
1017 2174 1085 2226 16
1115 2173 1166 2241 );
1195 2181 1248 2226 et
1287 2187 1406 2226 cum
1436 2172 1582 2241 illum
1613 2168 1830 2241 crucifi-

254 2259 378 2297 xum
408 2244 554 2305 vidit,
576 2239 798 2311 attingit.
826 2239 1150 2297 Cruciﬁxum
1177 2241 1338 2311 videt,
1367 2251 1420 2294 et
1447 2239 1606 2308 fugit;
1639 2240 1831 2311 susci-

253 2326 425 2366 tatum
454 2313 630 2372 videt.
661 2309 965 2375 et'dubitat,
998 2312 1183 2366 dicens
1209 2332 1220 2365 :
1261 2309 1379 2364 Nisi
1404 2311 1585 2363 misero
1613 2309 1829 2378 digitum

251 2399 418 2436 meum
444 2385 497 2436 in
527 2384 745 2450 ﬁxuram
790 2381 1080 2445 clavorum,
1110 2391 1158 2435 et
1197 2397 1401 2433 manum
1445 2395 1604 2432 meam
1626 2379 1828 2450 inlatus

250 2454 383 2520 ejus,
422 2448 532 2504 non
560 2452 761 2506 credam
793 2449 963 2522 (Ibid.
994 2453 1082 2505 20.
1106 2451 1176 2522 ‘25
1199 2455 1236 2517 ).
1272 2453 1339 2503 At
1367 2451 1628 2522 benignus
1660 2448 1822 2514 Deus,

250 2518 337 2591 qui
395 2530 613 2591 propter
662 2518 818 2574 unam
862 2534 1011 2575 ovem
1042 2518 1310 2591 profectus
1350 2527 1470 2591 est,_
1501 2518 1639 2591 hanc
1668 2533 1824 2591 unam

249 2589 411 2646 ovem
452 2589 556 2660 non
604 2592 853 2660 negligit;
915 2591 1008 2645 sed
1061 2592 1204 2643 illam
1270 2589 1506 2660 humeris
1563 2589 1824 2660 imponit,

248 2670 303 2716 et
350 2661 472 2713 ait:
505 2659 652 2730 lnfer
680 2657 894 2712 manum
945 2670 1083 2713 luant
1132 2661 1263 2724 huc,
1308 2669 1354 2712 et
1395 2659 1544 2730 mitte
1583 2661 1640 2713 in
1692 2657 1827 2711 latus

249 2746 438 2784 mm.
491 2728 750 2784 Lanceam
790 2731 971 2783 militis
1017 2731 1264 2792 sustinui,
1295 2737 1350 2783 et
1377 2728 1655 2784 dexteram
1695 2741 1828 2795 apo-

249 2802 494 2854 stolicam
538 2815 643 2854 non
671 2800 875 2854 feram?
929 2799 1054 2861 Sed,
1102 2814 1134 2852 ο
1164 2799 1424 2853 bonorum
1451 2800 1589 2852 latro
1628 2808 1681 2853 et
1717 2810 1829 2864 rap-

251 2879 334 2940 tor
367 2869 387 2940 (
421 2880 470 2924 te
491 2870 632 2924 enim
662 2870 904 2940 alloquor
932 2869 972 2939 ),
1000 2869 1162 2940 furari
1195 2869 1446 2931 didicisti,
1471 2868 1692 2940 credere
1719 2881 1824 2922 non

251 2937 484 2994 didicisti
515 2957 528 2994 ζ
562 2954 664 2992 non
695 2937 837 2991 fuiSti
863 2937 1175 3007 diScipulus.
1205 2947 1259 2991 et
1287 2938 1555 3007 quomodo
1602 2937 1824 2992 Creato-

249 3025 362 3062 rem
394 3024 551 3063 vocas
580 3008 836 3062 dicendo:
864 3008 1094 3072 Domine,
1127 3017 1369 3060 memento
1397 3009 1511 3072 mei,
1539 3024 1654 3060 cum
1682 3022 1829 3060 vene-

249 3080 316 3148 ris
334 3079 388 3131 in
406 3095 612 3148 regnum
634 3089 773 3131 tuum
796 3078 821 3130 ?
848 3079 1014 3148 Recte
1039 3080 1286 3144 loquutus
1314 3092 1391 3142 es,
1415 3081 1498 3146 pie
1526 3077 1822 3132 credidisti.

248 3146 384 3201 Cum
432 3146 670 3217 periculo
710 3163 853 3215 smpc
879 3147 1086 3201 furatus
1107 3162 1166 3200 es
1188 3189 1202 3211 ,
1235 3148 1454 3200 divitum
1515 3149 1827 3214 plerumque

251 3218 535 3272 thesauros
573 3217 846 3286 aperuisti,
877 3227 931 3271 et
955 3219 1111 3270 talem
1144 3229 1430 3286 numquam
1485 3218 1824 3286 margaritam

252 3290 525 3360 invenisti.
551 3285 989 3360 qualithristus
1006 3299 1140 3360 erat.
1181 3285 1470 3360 Apostolus
1499 3300 1601 3360 non
1635 3285 1821 3360 fuisti,

250 3372 354 3410 non
407 3354 596 3412 audisti
629 3354 990 3428 legislatorein
1018 3356 1323 3411 dicentem:
1378 3354 1634 3410 Videbitis
1663 3354 1828 3409 vitam

3427 372 3529 429 72$.

1939 505 2167 552 vestram
2212 495 2530 564 pendentem
2561 494 2580 563 (
2618 493 2766 547 Deut.
2786 492 2876 548 98.
2900 492 2968 548 66
2999 494 3052 563 );
3084 503 3135 547 et
3167 493 3436 564 quomodo
3462 507 3527 547 es

1940 569 2085 636 ligno
2102 562 2261 620 vitam
2291 564 2774 636 excerpsistiiNon
2804 563 2994 636 audisti
3018 565 3205 636 lsaiam
3234 562 3524 636 dicentem:

1940 633 2130 691 Livore
2171 637 2435 700 passionis
2463 635 2599 700 ejus,
2635 633 2907 687 hominum
2937 635 3061 686 vitia
3089 634 3351 688 medelam
3379 637 3523 689 acci-

1940 706 2092 775 piunt
2120 706 2138 776 (
2167 703 2295 776 Isai.
2321 707 2426 776 53.,
2453 705 2486 758 5
2518 704 2569 776 )Α;
2603 714 2653 776 et
2687 703 2956 776 quomodo
2988 704 3130 757 vitiis
3152 704 3414 776 medelam
3441 707 3524 758 in-

1940 773 2175 829 venisti?
2203 775 2395 839 Etiam,
2416 774 2586 842 inquit
2610 775 2762 836 latro,
2792 774 2977 842 orbem
3012 781 3178 826 totum
3212 773 3363 827 video
3390 788 3522 829 con-

1939 860 2152 900 cussum
2206 855 2259 898 et
2301 841 2615 913 trementem
2643 883 2656 903 ,
2695 851 2749 896 et
2784 841 2930 896 orbis
2980 843 3263 896 Dominum
3303 843 3354 897 in
3384 842 3525 913 ligno

1938 914 2260 982 pendentem
2279 928 2531 981 agnosco.
2552 912 2661 965 Nisi
2689 913 2830 966 enim
2864 914 2948 968 hic
2962 913 3332 966 universorum
3359 912 3525 967 Crea-

1939 995 2023 1038 tor
2052 992 2215 1048 esset,
2236 983 2315 1036 sol
2350 983 2494 1036 illum
2529 983 2715 1036 videns
2746 982 2969 1042 nudum,
2995 996 3060 1035 ex
3088 982 3388 1036 reverentia
3417 999 3522 1036 non

1937 1055 2265 1108 occultasset
2291 1052 2470 1106 radios
2491 1066 2618 1105 suos
2647 1066 2746 1104 nec
2775 1052 2863 1106 Dei
2901 1053 3144 1105 inimicos
3173 1053 3524 1106 obtencbras-

1937 1132 2041 1177 set.
2071 1121 2184 1176 Nisi
2213 1132 2357 1176 esset
2387 1121 2474 1175 hic
2492 1122 2748 1175 Conditor
2776 1122 2890 1174 cmli
2911 1130 2963 1173 et
2994 1129 3148 1175 terra;
3172 1121 3413 1182 :cazlum,
3436 1121 3524 1175 ubi

1940 1191 2113 1255 ipsum
2143 1192 2272 1245 vidit
2298 1192 2633 1255 crucifixum,
2665 1190 2915 1245 tenebras
2948 1199 3005 1244 ut
3032 1207 3248 1245 saccum
3297 1207 3403 1245 non
3439 1193 3521 1244 iu-

1981 1262 2168 1317 uisset.
2197 1261 2309 1315 Nisi
2331 1270 2476 1316 esset
2503 1260 2588 1313 hic
2614 1260 2872 1314 universze
2902 1270 3054 1314 terrae
3085 1261 3365 1325 Dominus,
3415 1276 3523 1314 nou

1939 1330 2030 1385 illa
2060 1331 2374 1400 sanguinem
2403 1345 2470 1383 ex
2493 1329 2660 1400 latere
2684 1330 2799 1397 ejus
2823 1331 3117 1400 excipiens,
3147 1345 3177 1383 a
3200 1329 3524 1384 fundamen-

1939 1400 2010 1455 tis
2035 1398 2302 1454 comiuota
2326 1400 2531 1453 fuisset.
2555 1399 2663 1452 Nisi
2692 1408 2837 1453 esset
2868 1398 2952 1452 hic
2981 1401 3167 1454 mortis
3197 1409 3252 1454 et
3269 1400 3389 1453 vita:
3418 1401 3523 1453 Do-

1937 1471 2138 1534 minus,
2167 1484 2312 1524 mors
2336 1470 2402 1523 ad
2429 1469 2574 1522 illum
2602 1469 2865 1523 accedens
2890 1483 2994 1522 non
3022 1478 3284 1537 prostrata
3306 1471 3488 1523 fuisset
3508 1510 3527 1533 ,

1939 1554 2040 1595 nec
2067 1549 2411 1594 monumenta
2430 1547 2734 1593 sanctorum
2753 1547 2934 1606 aperta
2969 1538 3213 1593 fuissent.
3237 1538 3349 1592 Nisi
3380 1551 3527 1593 esset

1941 1608 2029 1663 hic
2061 1609 2241 1679 templi
2281 1608 2556 1679 Dominus,
2592 1608 2869 1679 templum,
2901 1608 2990 1662 ubi
3007 1607 3313 1679 viditillum
3352 1611 3527 1679 cruci-

1943 1679 2129 1743 fixum,
2163 1676 2266 1732 non
2313 1678 2490 1732 velum
2520 1693 2676 1731 suum
2705 1677 2969 1732 scidissct.
3006 1676 3114 1748 Nisi
3149 1678 3234 1731 hic
3263 1687 3408 1733 esset
3437 1678 3479 1730 is
3507 1721 3520 1741 ,

1937 1750 2027 1819 qui
2057 1763 2159 1802 non
2193 1749 2301 1801 vult
2335 1755 2560 1819 mortem
2589 1757 2967 1819 peccatorum,
2991 1762 3105 1819 non
3152 1763 3368 1802 causam
3402 1763 3522 1819 pec-

1938 1815 2179 1873 eatorum
2203 1817 2469 1887 precando
2499 1819 2698 1885 egisset
2728 1818 2914 1887 dicens
2943 1835 2953 1869 :
2991 1815 3524 1887 Paler,dimilteillis;

1938 1905 2040 1941 non
2067 1885 2217 1944 enini
2247 1888 2411 1940 sciunt
2453 1888 2575 1954 quid
2603 1887 2796 1956 faciunt
2841 1888 2859 1956 (
2889 1885 3015 1939 Luc.
3041 1887 3132 1941 25.
3174 1889 3242 1942 54
3271 1894 3308 1954 ).
3359 1886 3531 1954 Hujus

1938 1959 2135 2027 quippe
2162 1973 2305 2011 mors
2326 1957 2509 2027 omnia
2527 1958 2822 2010 constituit.
2848 1957 3132 2012 Descendit
3154 1958 3296 2011 enim
3324 1959 3390 2011 ad
3438 1959 3490 2012 iu
3511 1988 3525 1996 -

1937 2026 2100 2091 feros,
2127 2036 2180 2081 et
2200 2042 2322 2080 cum
2349 2026 2596 2080 omnibus
2646 2027 2801 2080 istinc
2822 2028 3082 2082 ascendit.
3113 2027 3314 2082 Idcirco
3343 2029 3524 2081 excla-

1939 2113 2057 2152 mo:
2093 2096 2325 2160 Domine,
2361 2105 2609 2149 memento
2639 2097 2757 2150 mei.
2785 2096 2898 2166 Non
2921 2097 3074 2165 quasi
3104 2113 3316 2151 servum
3356 2113 3484 2166 rogo
3508 2140 3521 2160 ,

1937 2167 2204 2223 Memento
2250 2167 2375 2232 mei,
2427 2180 2547 2219 cum
2571 2165 2706 2220 bene
2734 2167 2826 2221 tibi
2856 2165 3052 2228 fuerit;
3103 2167 3226 2227 sed,
3273 2165 3525 2220 Memento

1937 2240 2056 2308 ritei.
2112 2252 2226 2308 cum
2259 2236 2542 2308 venerisin
2573 2252 2782 2308 regnum
2815 2247 2983 2293 tuum.
3013 2238 3079 2290 Et
3117 2237 3242 2306 quid
3271 2238 3335 2292 ad
3375 2237 3522 2291 illum

1937 2304 2231 2378 Dominus?
2254 2308 2412 2378 Amen
2439 2306 2551 2359 dico
2582 2304 2688 2369 tibi,
2720 2309 2869 2378 hodie
2899 2324 3092 2361 mecum
3115 2304 3213 2362 eris
3241 2310 3293 2360 in
3321 2309 3527 2378 pararii-

1935 2392 2012 2431 so.
2030 2376 2214 2432 Dicant
2238 2376 2315 2430 illi
2337 2388 2442 2429 tam
2460 2379 2690 2432 accurati
2711 2377 3046 2448 iudagatores
3066 2376 3528 2448 incomprehensi-

1939 2448 2064 2502 bilis
2083 2447 2471 2517 generationis,
2497 2447 2767 2517 quomodo
2794 2447 2928 2502 dixit
2962 2450 3174 2511 latroni,
3227 2447 3395 2500 Hodie
3420 2462 3526 2499 me.

1937 2534 2049 2569 cum
2092 2515 2197 2571 eris
2227 2519 2277 2570 in
2306 2515 2544 2586 paradiso
2597 2517 2614 2586 (
2647 2515 2772 2570 Luc.
2796 2517 2886 2572 ‘23.
2919 2519 2988 2573 45
3023 2520 3039 2586 )
3066 2518 3088 2569 ἳ
3130 2517 3242 2572 Hoc
3293 2518 3523 2586 primum

1942 2587 2384 2655 interpretentur,
2420 2594 2474 2640 et
2516 2596 2640 2642 tunc
2682 2588 3093 2641 inenarrabilem
3142 2589 3259 2656 ejus
3317 2597 3526 2656 partum

1937 2658 2333 2726 aggrediemur,
2363 2670 2520 2724 quem
2550 2658 2857 2725 prophetice
2879 2659 3091 2726 quidem
3117 2655 3335 2721 clamat,
3368 2655 3529 2709 Gene-

1934 2730 2179 2780 rationem
2237 2728 2345 2796 eius
2392 2726 2503 2796 quis
2559 2726 2864 2796 enarrabit?
2907 2729 3024 2796 quia
3070 2727 3264 2780 tollitur
3304 2727 3367 2779 de
3396 2735 3530 2779 terra

1935 2798 2036 2849 vita
2072 2798 2184 2866 ejus
2217 2799 2233 2866 (
2263 2794 2515 2867 hat-55.
2543 2796 2575 2850 8
2604 2794 2643 2867 ).
2674 2797 2820 2850 Hauc
2855 2794 3010 2851 fidem
3049 2797 3238 2851 Patres
3271 2797 3529 2850 dilatave-

1938 2865 2194 2929 runt,’sic
2220 2865 2820 2933 incomprehensibilem
2850 2868 3019 2935 gloria
3043 2867 3340 2921 alfecerunt
3362 2907 3374 2929 ,
3406 2880 3525 2920 ene-

1936 2937 2160 3001 dentcs,
2223 2951 2326 2989 non
2359 2938 2568 2990 curiose
2627 2947 2944 2992 scrutantes.
2996 2936 3167 2990 Hodie
3210 2953 3401 2989 mecum
3434 2938 3529 2988 eris

1937 3007 1990 3059 in
2022 3006 2280 3074 paradiso.
2307 3006 2538 3067 Dictum,
2561 3016 2611 3061 et
2638 3008 2833 3062 factum
2859 3008 2976 3061 fuit.
3000 3007 3217 3072 Vetutn,
3251 3022 3284 3060 0
3302 3007 3538 3074 benigne

1945 3076 2165 3132 Domine
2191 3118 2204 3138 ,
2254 3076 2596 3145 omnesjusti
2655 3086 2807 3130 extra
2856 3076 3158 3145 paradisum
3190 3087 3337 3142 sunt,
3372 3084 3427 3129 et
3452 3077 3525 3128 la-

1944 3156 2150 3202 tronem
2177 3147 2228 3203 in
2257 3145 2559 3213 paradisum
2584 3146 2794 3200 inducis
2819 3147 2842 3199 ?
2870 3147 3042 3200 Etiam
3070 3187 3085 3210 ,
3112 3147 3379 3200 latronem
3414 3146 3528 3215 pri-

1943 3230 2086 3269 mum
2135 3217 2188 3270 in
2220 3215 2523 3283 paradisum
2555 3215 2767 3277 induco,
2801 3225 2858 3269 ut
2890 3215 3086 3269 mundo
3114 3215 3390 3280 suadeam,
3445 3227 3530 3267 ne

1938 3299 2046 3342 non
2067 3286 2277 3341 venisse
2306 3300 2497 3338 vocare
2517 3285 2712 3352 justas,
2735 3285 2828 3340 sed
2851 3295 3158 3353 peccatores
3182 3285 3247 3338 ad
3266 3287 3531 3354 paeniten-

1944 3357 2094 3410 tiam.
2117 3354 2643 3426 lpsiChristogloria
2660 3356 2711 3410 in
2736 3355 2931 3412 secula
2954 3355 3298 3411 saeculorum.
3329 3359 3521 3409 Amen.

259 3520 3499 3567 ξεῖ-ξω

1684 3746 2067 3809 MONITUM

250 3929 534 3995 uiolatum,
560 3931 763 3988 Christi
793 3946 919 3988 vere
953 3932 1075 4002 agni
1118 3947 1215 4001 pro
1253 3932 1644 3987 salutemundi
1670 3930 1933 3987 immolati
1981 3931 2204 4004 ﬁgurant
2234 3933 2438 4001 fuisse;
2471 3949 2660 3990 verum
2689 3935 2777 3989 hic
2802 3935 3049 4006 quisquis
3087 3938 3160 3993 sit
3197 3956 3533 4014 anouymus,

250 4044 334 4098 vel
359 4044 584 4099 minima
611 4062 839 4117 quicque
865 4048 916 4102 in
950 4050 1135 4104 Exodo
1162 4050 1452 4115 recensita,
1482 4052 1549 4105 ad
1583 4051 1864 4107 Christum
1889 4063 2204 4120 mactatum,
2240 4053 2324 4109 vel
2351 4054 2417 4108 ad
2448 4054 2673 4109 Pascha:
2704 4053 3141 4111 celebrationem.
3162 4058 3350 4124 refert,
3387 4075 3524 4129 qua-

248 4157 317 4212 lis
337 4159 484 4228 apud
513 4159 1204 4231 Christianospersolvitur
1232 4181 1242 4217 :
1269 4174 1324 4219 et
1357 4166 1471 4222 haec
1491 4167 1558 4220 ad
1588 4167 1859 4240 φλυαρίαν
1880 4186 2053 4240 usque
2082 4171 2336 4242 indagare
2357 4172 2571 4236 nititur,
2595 4188 2846 4243 saepeque
2862 4174 2975 4244 jam
3006 4174 3147 4230 dicta
3182 4177 3398 4246 repetit,
3425 4195 3528 4235 nec

249 4275 368 4328 sine
399 4275 621 4331 fastidio
659 4278 904 4349 legentis.
934 4281 1212 4349 Septimus
1252 4291 1434 4338 autem
1466 4299 1648 4339 sermo
1681 4292 1827 4342 totus
1853 4288 1996 4343 circa
2023 4287 2166 4343 diem
2195 4288 2576 4345 celebrationis
2612 4289 2909 4355 Paschatis,
2943 4301 3000 4348 et
3038 4293 3181 4348 circa
3214 4295 3526 4364 paschaleni

247 4393 463 4463 cyclum
489 4403 750 4451 versatur.
778 4397 926 4453 Hanc
952 4415 1065 4453 rem
1092 4402 1251 4456 unice
1279 4411 1515 4456 tractant
1549 4419 1642 4457 sex
1668 4405 1854 4474 primas
1884 4406 2177 4462 orationes.
2210 4406 2284 4462 De
2309 4408 2540 4478 septima
2569 4426 2718 4476 vero,
2747 4425 2865 4480 quae
2890 4419 2998 4465 tota
3030 4421 3112 4465 est
3142 4411 3196 4465 in
3221 4413 3547 4469 ordinando-

248 4512 403 4579 cyclo
440 4515 700 4583 paschali,
726 4533 953 4588 quaeque
980 4520 1048 4574 de
1073 4521 1158 4575 die
1189 4519 1470 4577 Paschatis
1495 4523 1725 4593 singulis
1753 4524 1914 4581 annis
1938 4526 2325 4583 constituendo
2348 4528 2595 4599 pluribus
2623 4529 2882 4601 disputat,
2914 4532 2972 4586 in
3001 4530 3180 4587 fronte
3216 4531 3357 4587 illius
3387 4532 3536 4588 infra.

249 4642 496 4696 agemus.

1175 4981 1385 5025 SERMO
1429 4982 1903 5030 CATECHETICUS
1936 4987 2000 5030 IN
2046 4987 2340 5035 SANCTUM
2383 4991 2642 5037 PASCHA.

315 5095 383 5173 _Si_
415 5095 536 5173 quis
567 5097 684 5173 pius
711 5107 768 5152 et
797 5099 1088 5173 religiosus
1112 5141 1128 5166 ,
1178 5102 1223 5173 is
1264 5102 1468 5158 fruatur
1510 5106 1609 5161 hac
1654 5118 1838 5165 sancta

250 5166 606 5248 celebritate:
639 5168 690 5248 si
722 5166 1069 5248 quis-servus
1111 5171 1307 5248 probus
1334 5214 1347 5235 .
1397 5176 1557 5248 intret
1602 5177 1837 5234 lietus‘in

252 5237 750 5314 gaudiumDomiui
792 5239 874 5314 sui
916 5256 928 5292 :
974 5239 1016 5293 si
1048 5237 1169 5314 quis
1205 5243 1496 5314 jejunando
1536 5247 1834 5314 laboravit,

253 5320 398 5388 nunc
427 5307 654 5388 accipiat
685 5307 972 5388 denarium
1007 5307 1099 5388 :_si
1127 5307 1300 5388 quisa
1334 5317 1500 5381 prima
1534 5317 1661 5371 hora
1707 5307 1838 5388 ope;

252 5384 525 5455 ratusest
543 5418 558 5440 ,
586 5378 811 5455 accipiat
840 5377 996 5455 hodie
1025 5379 1075 5433 id
1105 5377 1243 5449 quod
1266 5377 1470 5455 justum
1495 5394 1576 5439 est
1602 5403 1615 5449 ;
1646 5389 1690 5441 si
1718 5377 1836 5455 quis

253 5455 376 5510 [lost
407 5446 615 5499 tertiam
642 5449 816 5509 venit,
847 5449 1041 5516 gratias
1069 5446 1233 5517 agens
1260 5446 1450 5506 festum
1480 5446 1716 5511 celebret
1737 5446 1759 5510 ἐ
1790 5459 1834 5511 si

249 5530 372 5592 qius
404 5523 524 5582 post
543 5525 756 5592 sextam
787 5518 968 5592 horam
997 5522 1220 5592 accessit
1245 5563 1259 5586 ,
1307 5539 1375 5576 ne
1403 5524 1643 5592 dubitet;
1700 5529 1830 5581 nihil

250 5584 396 5661 enim
427 5585 656 5661 p_erdet__:
686 5588 875 5661 siquis
907 5588 1144 5661 tardavit,
1162 5584 1327 5658 usque
1356 5595 1420 5647 ad
1449 5584 1643 5651 nonani
1671 5640 1684 5661 ,
1733 5614 1825 5653 ac-

246 5654 405 5729 cedat
429 5655 548 5729 sine
576 5656 682 5709 ulla
707 5654 1036 5729 dubitatione
1066 5676 1076 5709 :
1105 5660 1147 5712 si
1175 5654 1292 5729 quis
1317 5665 1594 5721 undecima
1627 5654 1828 5723 tantum

247 5720 381 5778 hora
409 5724 555 5780 venit
576 5766 590 5797 ,
621 5741 690 5782 no
717 5727 786 5782 ob
814 5727 1115 5784 tarditatem
1143 5720 1363 5790 metuat.
1392 5735 1523 5792 Cum
1554 5720 1828 5798 enimiDo-i

1948 5113 2124 5167 minus
2169 5115 2404 5196 liberalis
2443 5118 2548 5197 sit,
2593 5120 2663 5172 ita
2682 5133 3026 5197 postremum
3066 5127 3294 5195 accipit,
3343 5137 3396 5181 ut
3429 5133 3508 5197 pri

1948 5198 2093 5265 tuum
2127 5203 2139 5238 :
2173 5187 2251 5239 sic
2281 5186 2330 5265 in
2362 5188 2864 5265 requiemadmittit
2891 5209 3011 5247 etun
3032 5237 3045 5258 ,
3092 5186 3495 5265 qui-undecima
3526 5241 3539 5262 ,

1947 5260 2149 5333 ut_eum
2179 5296 2193 5318 ,
2223 5259 2312 5325 qui
2345 5273 2374 5309 a
2406 5259 2574 5334 prima
2606 5258 2734 5313 hora
2765 5272 3020 5334 Operatus
3048 5258 3130 5320 esi
3158 5283 3172 5326 ;
3208 5258 3538 5334 postremum

1945 5331 2271 5409 miseratur,
2318 5335 2371 5380 ct
2402 5331 2628 5409 primum
2662 5342 2856 5395 curat;
2891 5333 2961 5385 illi
2991 5334 3122 5409 dat,
3163 5331 3249 5391 hic
3267 5339 3533 5409 largitur:

1940 5404 2306 5473 etqieractum
2349 5413 2483 5464 opus
2527 5400 2763 5473 honore,
2807 5411 2861 5456 et
2895 5408 3223 5471 propositum
3267 5400 3421 5463 laude
3456 5411 3537 5462 af-

1945 5464 2070 5543 licit.
2106 5461 2266 5543 igitur
2296 5461 2488 5521 intrate
2509 5485 2703 5543 omnes
2731 5461 3059 5543 iugatidium
3089 5476 3300 5531 Domini
3330 5461 3532 5539 inusti-7i.

1940 5541 1995 5586 et
2040 5536 2195 5602 primi
2238 5547 2291 5615 et
2322 5539 2540 5615 secundi
2589 5536 2892 5615 mercedem
2943 5546 3201 5615 reeipite,
3247 5548 3440 5603 divites
3485 5536 3538 5602 et

1942 5619 2202 5686 pauperes
2228 5608 2642 5686 sitnulmchureas
2664 5612 2834 5686 agite;
2867 5608 3226 5686 temperantes
3265 5629 3316 5672 et
3339 5635 3534 5686 segnes

1938 5673 2079 5757 diem
2115 5675 2316 5757 honore
2344 5677 2570 5757 afﬁcite;
2601 5673 2996 5757 qttijejuuastis'
3019 5728 3033 5751 ,
3068 5696 3122 5742 et
3149 5688 3236 5755 qui
3263 5706 3365 5742 non
3390 5673 3526 5757 ίῧὶη·

1940 5747 2103 5800 uastis
2132 5789 2143 5813 ,
2197 5747 2351 5804 hodie
2380 5747 2652 5806 LL-lamini.
2702 5747 2882 5812 lilénsa
2911 5747 3043 5812 cibis
3070 5747 3267 5816 referta
3296 5747 3418 5822 cst',
3441 5747 3536 5812 'its
