4194 6318
673 374 780 437 ἠδ

672 499 857 541 omnes
883 480 1171 550 frttatnini:
1199 476 1392 530 vitulus
1417 472 1634 550 grandis
1662 477 1743 550 est
1768 511 1781 533 ,
1812 479 1975 550 nemo
1996 468 2241 550 esuriens

671 535 854 613 ἑὲξέιῐῖ
886 535 1147 606 Ϊῖηιίηιὶηί
1193 560 1381 601 omnes
1419 535 1763 613 benignitatis
1807 538 2027 592 divitiis.
2072 535 2239 590 Nemo

673 608 846 695 [egeat
869 621 936 681 ob
964 625 1328 695 paupertatem
1353 630 1371 680 ς
1425 608 1811 695 prosjabetiittt
1830 619 2239 695 regnumfo‘tn:

678 676 834 747 aliine
865 710 880 744 :
925 676 1082 743 nemo
1107 689 1287 759 lapsus
1312 676 1444 738 suos
1465 682 1659 759 deﬂeat
1684 697 1697 741 ;
1730 691 1874 759 nam
1904 692 1965 729 ex
1992 676 2241 759 sepulcro

672 771 782 823 orta
803 768 883 815 est
902 759 1053 813 venia
1082 774 1096 808 :
1120 747 1295 810 nullus
1317 762 1539 808 mortem
1563 751 1762 812 timeat;
1787 747 2029 801 liberavit
2045 747 2241 813 quippe

671 845 767 885 nos
813 842 958 883 mors
997 826 1332 886 Servatoris;
1376 837 1405 875 a
1457 830 1626 874 morte
1664 828 1848 884 captus
1884 825 2105 886 mortem
2150 828 2241 867 ex-

669 884 891 962 stinxit;
929 897 1193 951 infernum
1220 884 1511 961 castigavit,
1538 890 1625 958 qui
1650 890 1698 942 in
1730 884 2240 962 infernumdescen-

671 954 786 1030 dit;
818 954 1056 1023 amarum
1085 963 1315 1037 reddidit
1340 954 1462 1016 dum
1487 1001 1523 1037 ε.
1546 954 1665 1037 cum
1696 963 1961 1037 gustasset
1987 954 2054 1008 de
2080 966 2244 1005 carne

670 1024 833 1107 ipsius
860 1054 874 1089 :
898 1037 1054 1103 idque
1074 1036 1197 1107 olim
1219 1027 1788 1107 clamanidixitlsaias
1812 1044 1824 1077 :
1847 1024 2084 1107 [alternus
2099 1037 2245 1107 amo-

670 1092 757 1177 ἡκ
776 1092 937 1177 factus
958 1092 1031 1159 est
1051 1103 1204 1177 (lani.
1228 1101 1311 1156 19.
1335 1099 1412 1169 9).
1441 1098 1573 1153 Cum
1600 1097 1689 1177 tibi
1710 1095 1959 1177 occurrit-
1976 1092 2108 1146 infra
2126 1176 2129 1177 ν
2146 1105 2241 1177 po:

675 1166 815 1239 suo;
867 1166 1080 1228 amarus
1118 1172 1286 1226 factus
1311 1166 1424 1234 est;
1457 1183 1577 1221 nam
1606 1166 1845 1219 sublatus
1870 1172 1953 1217 est
1982 1180 1995 1214 :
2027 1175 2243 1216 amarus

2147 348 2388 407 SPURIA
2400 388 2413 402 .

3830 344 3941 402 τξι

2345 465 2514 519 factus
2538 471 2591 518 et
2617 464 2799 517 illusus
2824 471 2926 515 est.
2956 460 3161 531 Corpus
3187 461 3395 530 accepit
3414 504 3429 526 ,
3459 470 3511 517 et
3539 462 3705 517 Deum
3733 478 3939 532 appre-

2347 534 2533 589 hendit
2566 551 2579 589 :
2608 533 2812 603 accepit
2840 540 3041 603 terram
3066 572 3095 603 ,ί
3122 542 3185 603 et
3213 532 3400 603 ca-lum
3433 532 3673 603 invenit:
3722 534 3938 603 accepit

2344 604 2395 673 id
2426 604 2565 673 quod
2608 602 2855 666 videbat,
2886 610 2962 673 ret
2996 600 3183 656 incidit
3210 604 3261 673 in
3290 600 3347 673 id,
3369 601 3514 673 quod
3542 618 3650 663 non
3691 600 3935 658 videbat.

2349 671 2577 737 Ubi‘est,
2614 689 2746 726 mors
2772 713 2785 731 .
2829 672 3067 741 stimulus
3088 672 3251 741 tuus!
3294 671 3414 735 ubi,
3460 672 3681 741 inferne.
3719 675 3937 727 victoria

2344 745 2481 815 ιιιαγ(
2505 745 2556 800 1.
2590 742 2708 815 Cor.
2741 742 2827 795 15.
2856 741 2925 795 55
2945 742 3010 809 )ἳ
3038 739 3296 815 Christus
3310 739 3546 796 surrexit
3568 782 3591 815 ,γ
3629 752 3682 797 et
3711 752 3767 798 tu
3796 744 3908 812 deji

2343 811 2484 869 ceris
2516 812 2803 866 :Christus
2844 812 3118 882 surrexit,
3166 820 3221 865 et
3264 811 3538 866 dtemones
3582 814 3711 882 lapsi
3759 811 3931 867 sunt:

2344 883 2579 936 surrexit
2604 883 2845 936 Christus
2870 889 2923 934 et
2941 880 3173 949 gaudent
3195 882 3369 949 angeli
3397 901 3411 935 :
3436 880 3669 937 surrexit
3687 882 3937 937 Christus

2345 959 2399 1005 ct
2429 952 2611 1005 nullus
2642 961 2883 1006 mortuus
2912 960 3092 1004 manet
3120 951 3172 1004 in
3200 952 3470 1019 sepulcro.
3513 951 3761 1007 Christus
3789 956 3936 1008 enim

2344 1034 2631 1102 resurgens
2656 1036 2719 1102 ex
2752 1019 2976 1102 mortuis
3000 1060 3016 1085 ,
3052 1019 3301 1101 primitiae
3327 1021 3706 1102 dormientium
3737 1022 3930 1102 factus

2345 1101 2426 1145 est
2461 1090 2603 1158 :ipsi
2643 1090 2812 1161 gloria
2840 1097 2896 1143 et
2940 1090 3221 1159 imperium
3254 1091 3306 1144 in
3347 1092 3544 1149 saecula
3589 1094 3931 1146 saeculorum.

2345 1162 2538 1215 Amen.

2049 1365 2113 1410 IN
2160 1364 2421 1410 PASCEA.
2469 1364 2513 1408 Ι.

742 1506 939 1562 Pascha
968 1514 1232 1558 terrenum
1254 1498 1523 1554 celebrant
1546 1495 1734 1561 Judaei,
1762 1496 1848 1560 qui
1872 1493 2081 1549 caeleste
2104 1494 2231 1546 Pas-

670 1579 765 1632 cha
800 1582 1057 1643 negarunt
1090 1590 1101 1624 :
1136 1585 1233 1624 nos
1263 1585 1388 1623 vero
1413 1569 1501 1644 qui
1527 1566 1736 1644 crclestc
1765 1562 2234 1644 Pascha_cclcbra-

670 1661 788 1700 Inus
809 1687 823 1707 ,
868 1632 1139 1703 Terrenum
1167 1632 1617 1705 exsuperavimus.
1658 1634 1725 1688 Et
1762 1635 1901 1707 quod
1932 1634 2003 1707 illi
2034 1632 2235 1707 Pascha

672 1702 950 1783 perﬁciunt
967 1702 1687 1783 ,7salutispritnogenitorutn
1709 1744 1723 1767 ,
1752 1702 1836 1783 qui
1862 1703 1998 1783 apud
2024 1702 2237 1782 Judaeos

672 1772 1171 1862 eratin-symbolum
1199 1772 1295 1831 fuit
1314 1820 1326 1840 ,
1358 1772 1706 1862 (ιῐιριιςιρᾲειξιιι

670 1844 951 1922 tnogcnitis
998 1850 1302 1922 Judaeorum
1358 1844 1704 1922 primogenita
1755 1859 1858 1895 non
1929 1844 2232 1922 per-ierunt,

669 1912 789 1989 qua":
815 1937 905 1988 per
931 1921 1239 1989 sanguinem
1272 1912 1781 1989 paschalisvictimre
1805 1912 2095 1989 symbolice
2113 1927 2236 1989 ser-

670 1981 788 2045 vata
816 1981 960 2045 'sunt
988 2007 1001 2044 :
1028 1981 1235 2042 Pascha
1269 1981 1395 2039 vero
1437 1999 1467 2039 a
1512 1983 1663 2036 nobis
1688 1981 2013 2035 celebratum
2050 1981 2236 2033 salutis

674 2062 1038 2113 universorum
1066 2056 1335 2110 hominum
1364 2069 1521 2110 causa
1545 2061 1626 2107 est
1644 2092 1659 2117 ,
1691 2050 1991 2117 incipiendo
2015 2064 2043 2101 a
2068 2051 2240 2118 primo

674 2130 886 2183 homine
905 2170 919 2192 ,
945 2129 1033 2198 qui
1064 2127 1115 2182 in
1147 2127 1391 2179 omnibus
1417 2132 1658 2176 servatur
1680 2130 1735 2173 et
1763 2121 2073 2198 viviﬁcatur.
2106 2118 2238 2175 Par-

676 2210 755 2257 tes
783 2189 1334 2266 anteiit.perlectnrutn
1358 2236 1373 2260 ,
1403 2201 1822 2266 et_temporat_tca
1854 2189 1937 2266 illa
1965 2230 1981 2253 ,
2014 2197 2237 2242 teterno-

676 2284 791 2325 rum
823 2259 1078 2336 imagines
1118 2276 1168 2319 et
1202 2264 1305 2337 typi
1326 2305 1339 2327 ,
1391 2264 1535 2337 prius
1565 2261 1859 2337 excogitata
1892 2259 2139 2337 fuerant,
2184 2267 2240 2311 ut

676 2330 954 2391 veritatem
985 2349 1123 2388 nunc
1152 2330 1409 2387 orientem
1438 2330 1811 2385 adttmbrarent
1839 2347 1851 2379 :
1884 2330 2107 2382 veritate
2138 2342 2234 2379 au-

680 2418 787 2459 tem
819 2414 1080 2475 praesente
1101 2446 1115 2469 ,
1150 2414 1303 2475 typus
1336 2400 1557 2470 tempori
1586 2398 1738 2475 cedat
1765 2406 2008 2475 Oportet;
2056 2407 2110 2451 ut
2139 2396 2235 2475 ad-

678 2468 925 2529 veniénte
957 2468 1119 2543 rege,
1171 2468 1379 2543 nullus,
1430 2468 1552 2539 rege
1592 2470 1817 2543 vivente
1848 2468 2034 2543 relicto
2058 2507 2071 2529 ,
2120 2468 2237 2534 ejus

676 2545 959 2613 imaginem
1008 2536 1725 2613 ado'rareidignatur.‘Hinc
1765 2552 1891 2613 vero
1929 2536 2101 2613 palam
2158 2543 2241 2589 est

675 2606 928 2685 quantum
975 2606 1567 2685 typus_ced_at'veritat_i
1593 2647 1607 2670 ,
1648 2609 1786 2685 quod
1828 2616 1982 2677 typus
2023 2606 2238 2685 brevem

675 2677 905 2736 celebret
937 2677 1094 2735 vitam
1120 2682 1457 2735 Judaicorunt
1489 2677 1955 2747 pritnugenitorunt
1980 2718 1995 2741 ,
2048 2677 2241 2747 veritas

678 2760 851 2805 autem
902 2761 1205 2821 perpetuam
1255 2745 1525 2803 hominum
1549 2748 1800 2821 omnium
1848 2745 2241 2821 vitam.§eque

676 2823 818 2874 enim
849 2815 1095 2889 maguum
1134 2830 1214 2874 est
1243 2828 1467 2889 mortem
1497 2817 1561 2871 ad
1591 2817 1746 2870 breve
1776 2826 1979 2889 tempus
2010 2815 2239 2889 eﬁ‘ugcre

678 2906 820 2951 eum,
854 2886 1125 2958 quifpaulo
1154 2897 1272 2958 post
1297 2888 1579 2958 moriturus
1609 2896 1710 2951 est,
1743 2886 1834 2958 sed
1862 2901 2105 2958 magnum
2133 2887 2239 2940 uti-

678 2976 782 3023 que
811 2955 892 3014 est
921 2955 1379 3013 mortctnbmnino
1405 2957 1651 3026 eil'ngcre;
1684 2955 1822 3026 quod
1850 2956 2003 3009 nobis
2028 2958 2239 3026 contin-

678 3032 749 3096 git
778 3072 790 3091 ,
837 3030 1028 3099 quibus
1069 3029 1267 3082 Pascha
1298 3024 1596 3099 immolaius
1633 3035 1716 3099 est
1754 3024 2015 3099 Christus.
2065 3024 2239 3093 Ipsum

682 3095 796 3155 [esti
829 3095 1019 3153 nomen
1043 3112 1284 3167 magnam
1313 3095 1524 3165 pra-fert
1552 3095 1939 3167 excellentiam,
1971 3097 2015 3148 si
2045 3109 2237 3148 secun-

678 3168 802 3229 dum
832 3171 906 3223 rei
937 3164 1208 3222 veritatem
1232 3164 1538 3233 explicetur.
1569 3166 1767 3219 Pascha
1794 3164 1935 3219 enim
1961 3168 2239 3221 transitum

680 3238 938 3318 signiﬁcat
961 3278 975 3303 ,
1006 3238 1153 3318 quod
1175 3237 1514 3318 Hebraeorum
1544 3235 1730 3318 domos
1758 3236 2119 3318 pertrattsierit
2148 3250 2241 3289 ex.

686 3304 994 3378 te'rminator
1025 3304 1132 3372 ille,
1162 3307 1253 3378 qui
1282 3306 1623 3378 primogenita
1655 3304 1997 3372 percutiebat.
2042 3304 2242 3378 Trans-

680 3377 786 3433 itus
806 3392 963 3445 porro
978 3374 1400 3445 exterminatoris
1416 3374 1551 3442 apud
1576 3388 1670 3426 nos
1693 3388 1846 3427 verus
1872 3386 1972 3445 est,
1998 3375 2119 3445 quia
2146 3389 2242 3429 nos

683 3442 905 3511 intactos
935 3448 1231 3516 pertransit,
1264 3444 1329 3499 ad
1357 3447 1513 3516 vitam
1558 3452 1807 3496 :eternam
1836 3458 1865 3495 a
1892 3442 2102 3516 Christo
2126 3460 2242 3500 sus-

681 3518 891 3571 citatos.
923 3513 1008 3572 Sic
1040 3525 1201 3570 totum
1226 3513 1441 3568 Pascha:
1461 3524 1823 3585 argumentum
1851 3514 2111 3585 speculari
2134 3517 2242 3585 spi-

682 3587 940 3642 ritualiter
968 3594 1177 3650 oportet
1196 3626 1209 3647 ,
1259 3594 1313 3639 et
1339 3581 1641 3650 apostolicis
1668 3584 2090 3639 enarrationibus
2119 3581 2239 3641 ore-

682 3601 940 3642 ritualiter
968 3602 999 3639 0
1043 3601 1177 3640 οτωι
1196 3626 1209 3647 ,
1259 3601 1313 3639 ει
1339 3601 1641 3650 προδιυιιειε
1668 3601 2090 3639 enarrauontbus
2119 3601 2238 3641 cre«

678 3657 827 3711 dere.
876 3601 1069 3709 Fideiis
1100 3670 1254 3723 porro
1289 3652 1554 3707 desiderat
1586 3660 1745 3723 tutam
1771 3653 1952 3720 ﬁgurae
1980 3655 2238 3710 rationem

682 3727 975 3794 intelligere
996 3766 1010 3792 ,
1058 3720 1322 3793 quomodo
1353 3735 1541 3794 nempe
1564 3736 1628 3794 se
1658 3720 1849 3794 habeat
1886 3737 2009 3792 erga
2041 3725 2236 3778 verita-

684 3809 810 3861 tem,
837 3791 1017 3866 a'tque,
1048 3791 1103 3849 ut
1126 3795 1194 3866 ita
1222 3792 1413 3866 dicam",
1446 3791 1731 3866 Spiritualia
1758 3805 1851 3866 sua
1880 3791 1973 3859 per
2002 3794 2087 3847 illa
2114 3794 2240 3866 olim

681 3861 936 3932 corporea
960 3865 1249 3933 speculari;
1281 3872 1335 3919 ut
1365 3861 1549 3931 legalia
1576 3861 1749 3915 omnia
1776 3862 1841 3916 ab
1866 3877 1923 3916 se
1952 3864 2239 3919 secundum

683 3935 948 3991 Christum
978 3943 1155 3988 mente
1187 3936 1569 4002 percipiantur,
1612 3938 1668 4002 et
1691 3946 1785 3998 per
1808 3933 2099 4001 spiritualia
2125 3935 2239 3989 cla-

682 4004 793 4058 rius
815 4004 1106 4071 corporalia
1138 4001 1520 4072 intelligantur,
1551 4012 1605 4055 et
1634 4001 1911 4056 invisibilia
1946 4004 2241 4063 visibilibus

682 4076 829 4141 quasi
875 4073 1081 4142 depicta
1125 4071 1429 4141 appareant.
1477 4073 1635 4142 lgitur
1666 4071 1804 4125 Deus
1834 4072 2093 4143 decimam
2123 4074 2236 4143 pla-

680 4160 799 4212 gum
830 4144 1094 4216 Egyptiis
1120 4144 1459 4216 iutlicturust
1482 4152 1620 4216 erat_
1633 4150 1811 4216 autem
1840 4142 1927 4216 illa
1956 4158 2097 4216 mors
2125 4142 2238 4216 pri-

680 4212 1061 4282 tnogenitorttm
1088 4214 1139 4282 ),
1180 4214 1342 4281 Moysi
1387 4212 1520 4268 dixit
1559 4212 1783 4282 :Hensis
1832 4212 1913 4267 hic
1964 4215 2102 4269 vobis
2128 4212 2240 4272 'erit

679 4281 875 4345 initium
905 4281 1145 4339 mensium
1175 4282 1368 4351 (Exod.
1402 4282 1488 4339 12.
1518 4282 1555 4334 2
1577 4281 1617 4351 );
1649 4283 1849 4351 primus
1880 4292 1962 4337 est
1998 4286 2147 4340 vobis
2184 4288 2237 4342 in

680 4355 949 4410 tnensibus
973 4355 1114 4407 anni.
1146 4355 1218 4406 Ac
1240 4354 1487 4421 deinceps
1513 4352 1759 4422 prtecepit
1792 4354 2106 4409 sacriﬁcium
2142 4355 2240 4412 Pa-

681 4422 899 4494 schalis,
942 4430 995 4476 et
1023 4422 1292 4491 sanguinis
1323 4424 1704 4494 unctionem‘in
1729 4423 1944 4491 jauuis;
1985 4432 2143 4494 atque
2172 4442 2235 4482 ex

681 4493 779 4547 hac
809 4495 1052 4547 unctione
1082 4492 1544 4561 priutogenitorum
1574 4492 1798 4546 salutem
1844 4492 2107 4560 pollicitus
2131 4507 2234 4552 est.

679 4564 811 4630 Quid
853 4563 947 4617 sibi
979 4563 1099 4632 vult
1128 4562 1254 4617 illud
1280 4604 1292 4626 ,
1339 4562 1382 4615 si
1424 4563 1599 4616 statim
1629 4562 1696 4615 ad
1722 4562 1962 4632 veritatis
1992 4567 2234 4632 specula-

680 4632 875 4686 tionem
908 4630 1183 4695 referatur,
1213 4632 1350 4700 quod
1374 4641 1579 4701 tempus
1610 4630 1736 4685 illud
1760 4633 1881 4685 anni
1909 4630 2115 4688 initium
2142 4636 2237 4690 de-

680 4702 912 4772 ﬁniatur,
944 4716 1048 4772 quo
1071 4701 1261 4769 pagella
1286 4701 1443 4772 ﬁebat
1468 4717 1529 4755 ac
1558 4703 2025 4772 primogenitorum
2051 4706 2237 4761 salus?

678 4771 811 4837 Quia
857 4771 1009 4824 nobis
1036 4773 1191 4823 etiam
1223 4771 1331 4825 veri
1372 4771 1639 4831 Paschatis
1668 4771 1979 4826 sacriﬁcium
2020 4783 2102 4828 est
2132 4778 2233 4829 ini-

680 4842 806 4924 tinm
834 4841 953 4918 vine
983 4849 1211 4924 interna).
1245 4842 1427 4924 Annus
1451 4842 1643 4924 quippe
1684 4852 1764 4924 est
1800 4844 1978 4896 saeculi
2008 4846 2230 4913 symbo-

680 4912 786 4963 hun
807 4951 819 4969 ,
850 4910 968 4977 quia
998 4910 1249 4981 circulum
1270 4910 1556 4981 decurrens
1580 4910 1635 4965 in
1666 4913 1895 4981 seipsum
1922 4910 2133 4981 semper
2154 4932 2237 4972 re-

676 4981 936 5051 volvitur,
958 4988 1021 5051 get
1049 4980 1101 5031 in
1129 4980 1281 5051 nullo
1297 4980 1517 5047 quiescit
1546 4981 1666 5035 ﬁne.
1700 4984 1869 5051 Atque
1897 4980 2051 5051 pater
2073 4984 2234 5041 futuri

676 5050 851 5122 sreculi
882 5049 1091 5102 oblatus
1120 5058 1200 5102 est
1225 5048 1463 5103 Christus
1492 5066 1584 5119 pro
1614 5053 1763 5107 nobis
1785 5048 1844 5106 in
1875 5048 2189 5109 sacriﬁcium
2215 5096 2231 5122 ,

674 5133 737 5192 ac
764 5120 995 5192 priorem
1026 5121 1199 5192 vitam
1215 5128 1450 5192 nostram
1478 5122 1627 5192 quasi
1653 5123 1847 5192 nullius
1879 5124 2135 5192 temporis
2159 5120 2237 5180 fa-

672 5191 851 5251 ciens,
898 5188 1115 5243 alterius
1153 5188 1273 5243 vitae
1301 5188 1612 5259 principium
1650 5192 1737 5249 dat
1771 5191 1920 5247 nobis
1956 5188 2051 5261 per
2088 5195 2233 5249 lava-

674 5273 824 5313 crum
846 5261 1279 5327 regenerationis,
1310 5262 1599 5315 secundum
1622 5262 2019 5317 similitudinem
2048 5266 2234 5321 mortis

674 5336 728 5384 et
770 5327 1171 5400 resurrectionis
1210 5344 1338 5382 suae.
1381 5329 1560 5399 Itaque
1587 5332 1821 5400 quisquis
1859 5332 2059 5387 Pascha
2090 5337 2235 5391 novit

675 5408 889 5465 propter
917 5412 975 5452 se
1003 5397 1346 5474 immolatum,
1381 5397 1487 5453 hoc
1505 5397 1750 5474 sibi—vitae
1776 5404 2085 5474 principium
2112 5419 2237 5474 sup-

674 5476 833 5535 ponat
858 5508 872 5533 ,
903 5480 935 5521 a
963 5481 1068 5540 quo
1095 5471 1390 5540 immolatus
1414 5486 1506 5538 pro
1538 5471 1652 5540 ipso
1682 5481 1763 5526 est
1785 5472 2043 5527 Christus.
2085 5471 2234 5531 Tunc

674 5547 847 5614 autem
878 5551 970 5605 pro
1002 5538 1115 5614 ipso
1143 5539 1463 5614 itttmolatur,
1493 5538 1701 5611 quando
1726 5544 1946 5614 gratiam
1974 5546 2231 5614 agnoscit,

675 5618 729 5661 et
760 5609 913 5661 vitam
946 5622 1049 5691 per.
1070 5608 1205 5662 istud
1235 5608 1554 5691 sacriﬁcium
1587 5608 1791 5691 partam
1818 5608 2089 5691 intelligit.
2142 5608 2233 5672 His

667 5692 834 5753 porro
862 5678 1082 5759 cognitis
1107 5721 1119 5741 ,
1154 5681 1455 5759 novrevitte
1486 5678 1688 5759 initium
1719 5678 1961 5753 accipcre
1988 5678 2229 5759 siatagat,

676 5749 848 5819 neque
888 5749 955 5807 ad
995 5757 1223 5816 veterem
1254 5749 1413 5806 vitam
1450 5751 1584 5807 ultra
1626 5749 1888 5824 recurrat,
1932 5757 2080 5828 cujus
2102 5749 2229 5815 ﬁnis

2344 1491 2579 1547 advenit.
2627 1488 2760 1545 Nam
2786 1531 2800 1554 ,
2855 1488 2957 1555 Qui
2998 1491 3183 1543 mortui
3228 1504 3403 1543 suum
3445 1500 3691 1558 peccato,
3725 1490 3934 1557 inquit,

2340 1560 2590 1642 quomodo
2619 1560 2787 1612 adhuc
2828 1561 3044 1639 uivemus
3089 1560 3141 1612 in
3172 1558 3263 1612 illo
3310 1558 3330 1681 ς
3355 1560 3505 1613 Rom.
3535 1561 3589 1614 6.
3616 1562 3653 1615 2
3679 1564 3697 1631 )
3722 1562 3747 1613 ?
3777 1561 3935 1643 Prin—

2341 1647 2537 1681 0.0mm
2602 1644 2729 1681 ergo
2798 1643 2921 1681 anm
2973 1628 3077 1681 tale
3118 1629 3309 1681 svmbo
3333 1646 3421 1681 um
3473 1630 3655 1681 habet.
3717 1632 3934 1681 Decima

2341 1628 2537 1699 c.pium
2584 1644 2729 1699 ergo
2798 1630 2921 1681 anni
2968 1628 3077 1699 tale
3118 1628 3421 1699 symbolum
3473 1628 3934 1685 habet.‘Decima

2340 1698 2515 1754 autem
2564 1698 2652 1753 dic
2708 1698 2907 1752 mensis
2959 1698 3109 1765 jubet
3153 1698 3399 1768 singulas
3444 1699 3635 1755 domos
3692 1702 3940 1768 singulos

2340 1784 2502 1839 agnos
2555 1783 2769 1822 sumere
2789 1809 2831 1839 ,_
2855 1776 2909 1821 et
2952 1776 3029 1822 tot
3067 1768 3269 1839 esscin
3301 1769 3463 1823 domo
3488 1770 3576 1839 qui
3605 1768 3890 1825 comedam
3912 1812 3929 1836 ,

2342 1837 2398 1893 ui
2432 1849 2597 1910 totum
2645 1837 2951 1910 comedaut,
2984 1847 3039 1892 et
3081 1837 3211 1892 nihil
3242 1841 3478 1910 supersit
3510 1837 3538 1892 ἧς
3588 1841 3826 1910 itemque
3879 1850 3937 1895 ut

2341 1924 2507 1973 agnus
2551 1908 2860 1961 immoletur
2900 1909 3103 1962 decima
3159 1908 3345 1977 quarta
3391 1909 3480 1964 die
3531 1909 3599 1964 ad
3630 1908 3938 1978 vesperam.

2343 1979 2505 2047 Igitur
2546 1980 2779 2046 quinque
2809 1978 2995 2034 diebus
3022 1979 3176 2032 simul
3230 1988 3316 2033 est
3364 1980 3575 2032 victima
3611 1981 3938 2039 immolanda

2341 2064 2459 2101 cum
2510 2049 2608 2107 iis,
2660 2048 2749 2116 qui
2778 2048 3037 2115 perillam
3071 2048 3316 2102 servandi
3346 2061 3508 2111 sunt;
3564 2050 3711 2103 ﬁnita
3756 2062 3937 2104 autem

2342 2119 2524 2185 quinta
2583 2117 2670 2172 die
2723 2116 2894 2171 hostia
2959 2118 3305 2178 immolatur,
3379 2132 3527 2173 mors
3604 2122 3935 2186 pertransit;

2346 2189 2435 2254 qui
2489 2203 2616 2241 vero
2682 2198 2946 2250 servatur,
2996 2197 3251 2255 perpetua
3298 2188 3416 2241 luce
3470 2188 3699 2248 fruitur.
3774 2202 3937 2245 noctu

2345 2256 2550 2310 lucente
2596 2257 2737 2320 luna,
2767 2266 2821 2309 et
2861 2258 2973 2310 sole
3022 2258 3199 2310 lunam
3241 2258 3542 2325 excipiente
3600 2277 3613 2311 :
3658 2260 3761 2314 hoc
3789 2262 3937 2317 enim

2344 2325 2412 2377 ita
2463 2326 2518 2379 ﬁt
2572 2327 2623 2379 in
2672 2326 2880 2379 decima
2906 2337 3091 2394 quarta
3141 2335 3192 2379 et
3250 2327 3404 2395 plena
3439 2328 3583 2385 luna.
3637 2328 3764 2382 Hmc
3805 2345 3939 2383 vero

2341 2396 2572 2467 quinque
2592 2397 2843 2463 temporis
2859 2398 3025 2467 Spatia
3051 2404 3216 2467 totum
3240 2398 3422 2450 mundi
3446 2405 3652 2467 tempus
3674 2399 3938 2453 denotant

2343 2465 2393 2517 in
2429 2466 2661 2535 quinque
2692 2476 2870 2537 partes
2898 2466 3239 2537 distributum
3266 2483 3283 2537 ς
3328 2468 3395 2537 ab
3427 2465 3593 2523 Adam
3625 2482 3817 2537 nempe
3848 2486 3940 2524 uss

2344 2534 2453 2601 que
2476 2538 2545 2591 ad
2568 2537 2709 2605 Nec.
2731 2549 2761 2587 a
2793 2534 2903 2589 Noe
2931 2550 3097 2605 usque
3121 2534 3187 2588 ad
3217 2536 3507 2600 Abraham,
3541 2538 3608 2591 ab
3629 2534 3939 2593 Abrahatno

2346 2617 2514 2672 usque
2561 2602 2626 2659 ad
2664 2604 2914 2675 Moysen,
2965 2602 3219 2675 aiMoyse
3262 2621 3452 2675 usque
3496 2606 3563 2660 ad
3623 2605 3937 2675 Christum,

2343 2675 2525 2740 quinta
2550 2688 2667 2741 pars
2694 2689 2721 2727 a
2743 2674 2935 2728 Christi
2969 2674 3218 2729 adventu.
3241 2674 3623 2745 Quotempore
3649 2678 3816 2732 cuivis
3840 2674 3941 2733 ho?

2344 2745 2472 2815 mini
2488 2746 2755 2815 proposita
2784 2755 2899 2799 erat
2920 2746 3061 2799 salus
3094 2760 3187 2813 per
3204 2746 3417 2799 beatum
3442 2747 3567 2800 illud
3590 2749 3937 2815 sacriﬁcium;

2342 2814 2437 2867 sed
2468 2814 2699 2886 nondum
2730 2815 3120 2883 perficiebatur.
3156 2816 3209 2867 in
3231 2816 3419 2886 quinto
3459 2829 3636 2871 autem
3675 2814 3939 2886 temporis

2344 2885 2515 2956 Spatio
2551 2899 2735 2937 verum
2769 2886 2968 2938 Pascha
3010 2884 3420 2950 immolabatur,
3454 2897 3503 2941 ct
3550 2889 3636 2956 qui
3672 2904 3766 2956 per
3790 2884 3939 2943 illud

2342 2954 2568 3028 salutem
2596 2956 3423 3028 consequebaturprimogenitus
3454 2954 3637 3028 homo,
3663 2954 3714 3012 iu
3740 2974 3938 3028 perpe-

2345 3029 2493 3096 tuam
2522 3024 2693 3096 lucent
2724 3024 2902 3078 exibat
2948 3024 3176 3096 (Matth.
3217 3024 3308 3079 20.
3341 3027 3393 3081 1.
3424 3027 3571 3096 ειμι).
3613 3024 3767 3094 Quod
3804 3024 3939 3084 vero

2343 3107 2449 3164 non
2484 3095 2533 3146 in
2564 3095 2674 3162 ipsa
2706 3109 2947 3160 veSpera,
2982 3094 3074 3149 sed
3105 3095 3169 3149 ad
3200 3094 3474 3164 vesperam
3496 3094 3707 3152 Pascha
3740 3099 3937 3154 immo-

2343 3161 2564 3234 laretur,
2594 3164 2923 3234 signiﬁcabat
2945 3179 3049 3219 non
3081 3166 3131 3219 in
3162 3167 3278 3234 ipso
3296 3161 3404 3219 ﬁne
3429 3169 3706 3232 praesentis
3725 3170 3931 3234 saeculi,

2343 3232 2447 3308 sed
2481 3232 2547 3286 ad
2595 3232 2753 3308 ﬁnem
2792 3248 3070 3308 passurum
3098 3232 3230 3308 esse
3266 3235 3559 3308 Christum.
3594 3238 3829 3308 Tempus
3856 3232 3936 3295 ita

2344 3301 2571 3378 divisum
2612 3303 2854 3378 exhibuit
2895 3304 3185 3372 parabola,
3216 3320 3353 3378 qua;
3366 3306 3423 3378 in
3467 3317 3643 3375 partes
3695 3301 3935 3378 qitinquc

2343 3371 2485 3426 diem
2514 3372 2814 3435 distribuit,
2843 3371 3136 3428 et’vocatos
3166 3371 3287 3429 esse
3326 3371 3547 3430 dicit—ad
3578 3371 3790 3433 vineam
3817 3371 3857 3442 ,’
3878 3382 3933 3434 id

2344 3451 2426 3495 est
2446 3484 2458 3505 ,
2496 3443 2802 3517 ad__justiti:e
2827 3444 3190 3517 Operationem
3214 3486 3233 3517 ,_
3242 3445 3391 3517 alios
3412 3448 3551 3501 circa
3580 3449 3804 3517 primam
3834 3450 3934 3504 lto-

2344 3526 2455 3564 ratn
2483 3554 2498 3578 ,
2530 3511 2662 3565 alios
2708 3511 3101 3567 circa’tcrtiam
3128 3555 3141 3575 ,
3184 3514 3319 3569 alios
3348 3516 3487 3570 circa
3516 3511 3723 3572 sextam
3743 3560 3759 3581 ,
3790 3520 3933 3575 alios

2342 3581 2479 3650 circa
2504 3596 2718 3645 nonam,
2737 3592 3038 3650 postremos
3062 3584 3201 3637 circa
3218 3585 3573 3641 undecimam.
3598 3588 3761 3642 Erant
3782 3592 3933 3645 enim

2343 3648 2426 3703 itte
2455 3651 2679 3706 diversae
2697 3648 3022 3715 vocationes,
3045 3663 3099 3707 et
3116 3654 3340 3709 diversa:
3358 3655 3767 3721 iustiﬁcationes
3787 3676 3801 3722 ;
3821 3661 3928 3714 alia

2345 3728 2585 3798 tempore
2613 3723 2857 3798 _Ad_ami,
2905 3723 3008 3776 alia
3048 3731 3302 3798 tempore
3348 3725 3481 3790 Noe,
3532 3729 3635 3781 alia
3686 3738 3932 3798 tempore

2342 3789 2649 3865 Abrahami,
2669 3793 2769 3846 alia
2791 3801 2894 3865 tem
2904 3808 3027 3865 pore
3045 3789 3241 3865 Moysis
3259 3811 3273 3859 ;
3300 3789 3561 3863 postrema
3575 3807 3629 3851 et
3646 3789 3931 3865 perfectis.

2340 3860 2471 3919 sima
2498 3860 2548 3936 in
2570 3861 2794 3936 adventu
2811 3860 3028 3936 Christi,
3046 3860 3259 3936 quando
3279 3860 3485 3919 merces
3508 3860 3728 3936 operum
3756 3869 3933 3929 reddi.

2345 3940 2430 3985 tur
2453 3933 2621 3998 primo
2640 3932 2724 3998 iis,
2742 3935 2830 4001 qtti
2859 3934 3109 4000 postremi
3132 3945 3285 3988 erant
3307 3932 3599 3990 secundum
3625 3938 3931 3995 Servatoris

2343 4002 2645 4084 parabolam
2674 4021 2691 4083 ξ
2719 4004 2841 4084 quia
2888 4018 2988 4057 nos
3017 4004 3183 4084 primi
3210 4005 3265 4058 in
3295 4006 3611 4084 baptismate
3639 4023 3931 4084 regenera-

2344 4073 2544 4126 tionem
2582 4072 2873 4140 accipimus
2896 4114 2910 4135 ,
2939 4072 3130 4146 quibus
3171 4072 3474 4146 immolatus
3507 4086 3592 4131 est
3632 4072 3885 4134 Ch'ristus
3906 4121 3926 4146 ,

2339 4158 2444 4213 quo
2486 4152 2723 4211 tempore
2752 4145 3079 4205 resurrexit,
3118 4153 3173 4198 et
3199 4145 3451 4212 Spiritum
3493 4155 3735 4201 sanctum
3766 4145 3929 4205 nobis

2340 4212 2406 4267 ad
2434 4213 2837 4268 renovationem
2866 4213 3171 4286 insumavit.
3205 4214 3331 4270 Haec
3360 4217 3537 4286 itaque
3562 4228 3747 4286 quarta
3777 4219 3928 4275 dcci.

2339 4298 2424 4361 tua
2450 4292 2532 4338 est
2555 4286 2778 4352 mystice
2795 4284 3161 4361 considerata,
3188 4294 3241 4338 et
3268 4286 3373 4361 tale
3400 4284 3486 4341 est
3511 4284 3754 4342 sacriﬁcii
3785 4304 3928 4361 sym-

2339 4353 2517 4427 bolum
2540 4396 2554 4420 ,
2588 4362 2642 4427 et
2666 4368 2768 4427 nox
2794 4354 2879 4407 illa
2907 4353 3095 4427 lucida,
3116 4364 3273 4424 atqtte
3300 4355 3414 4410 dies
3450 4373 3568 4427 qua:
3598 4353 3925 4416 sacriﬁcium

2339 4423 2553 4495 excipit.
2586 4422 2735 4490 Quod
2759 4435 2936 4477 autem
2979 4422 3208 4495 victima—7
3237 4435 3343 4479 tota
3375 4426 3426 4479 in
3465 4422 3686 4495 singulis
3713 4430 3926 4487 aedibus

2338 4493 2710 4563 comederetur
2729 4534 2743 4559 ,
2774 4508 2943 4563 neque
2972 4509 3161 4549 carnes
3191 4494 3331 4550 foras
3367 4493 3683 4552 eﬂ‘errcntur
3703 4539 3719 4563 ,
3753 4500 3805 4553 id
3840 4503 3925 4556 εἰ..

2338 4562 2551 4632 gniﬁcat
2580 4578 2735 4616 unam
2762 4562 2964 4617 tantum
2990 4579 3108 4620 esse
3136 4565 3351 4619 domum
3374 4567 3599 4622 salutem
3628 4568 3679 4621 in
3700 4562 3925 4627 Christo

2340 4633 2621 4687 habentem
2644 4674 2658 4697 ,
2692 4648 2883 4705 nempe
2913 4634 3203 4689 Ecclesiatn
3227 4651 3323 4705 per
3352 4644 3520 4690 totum
3548 4638 3733 4692 orbem
3756 4640 3922 4695 ditTu~

2338 4719 2452 4773 sam
2477 4743 2492 4765 ,
2521 4718 2638 4773 qua:
2667 4704 2795 4758 olim
2825 4704 2995 4759 aliena
3026 4720 3055 4759 a
3086 4706 3193 4759 Deo
3230 4704 3380 4771 erat,
3423 4722 3565 4761 nunc
3592 4720 3770 4762 autem
3802 4712 3922 4765 sola

2338 4772 2407 4846 ad
2453 4772 2617 4846 Deum
2662 4774 2875 4846 proprie
2914 4778 3175 4844 pertinet,
3205 4777 3327 4846 quia
3371 4776 3604 4846 suscepit
3640 4792 3735 4832 eos
3765 4782 3855 4845 qui
3889 4798 3921 4836 a

2340 4844 2563 4897 Domino
2581 4842 2706 4897 Jesu
2726 4844 2870 4897 missi
2895 4842 3067 4910 erant;
3091 4842 3543 4913 quemadmodum
3558 4848 3750 4901 domus
3774 4842 3921 4907 illius

2338 4913 2523 4968 Rahab
2548 4914 2673 4967 olim
2702 4914 3018 4985 meretricis,
3050 4931 3169 4985 qua:
3191 4916 3601 4983 cxploratoresa
3627 4916 3755 4972 Iesu
3784 4922 3921 4976 mis-

2338 4998 2427 5038 sos
2454 4985 2681 5051 excepit,
2706 4983 2921 5038 Jericho
2950 4983 3242 5046 devastata,
3276 4996 3484 5040 servata
3512 4988 3621 5040 sola
3654 4987 3772 5041 fuit.
3808 4989 3918 5044 lta-

2336 5069 2439 5123 que
2468 5054 2564 5108 etsi
2591 5055 2767 5122 plures
2792 5054 2901 5107 sint
2926 5053 3267 5109 Hebraeorum
3296 5054 3507 5122 domus,
3531 5057 3687 5112 unius
3711 5067 3919 5117 tantum

2336 5126 2440 5178 vim
2460 5124 2674 5188 habent,
2700 5123 3065 5180 utetdiversa:
3092 5140 3185 5193 per
3212 5125 3370 5179 urbes
3386 5136 3439 5179 et
3460 5128 3602 5180 vicos
3632 5127 3913 5194 Ecclesiae,

2336 5210 2453 5265 qua:
2494 5196 2671 5265 plures
2701 5209 2924 5248 numero
2967 5205 3126 5257 sunt,
3172 5210 3276 5249 una
3312 5206 3438 5250 sunt
3472 5195 3730 5252 Ecclesia.
3764 5196 3917 5255 Unus

2337 5263 2493 5335 enim
2520 5266 2570 5317 in
2613 5263 2715 5335 illis
2759 5265 3003 5317 Christus
3042 5265 3235 5333 ubique
3265 5276 3380 5331 est,
3423 5266 3689 5333 perfectus
3717 5267 3833 5335 ipse
3862 5280 3917 5327 et

2338 5334 2613 5391 indivisus.
2641 5332 2765 5388 Ideo
2795 5335 3021 5402 perfecta
3049 5332 3165 5389 erat
3204 5335 3254 5386 in
3282 5332 3502 5403 singulis
3527 5332 3917 5394 adibus—victi-

2336 5419 2418 5459 ma
2444 5445 2460 5470 ,
2490 5418 2589 5457 nec
2624 5404 2690 5457 ad
2729 5404 2968 5458 diversas
3000 5404 3353 5458 dividebatur.
3389 5405 3520 5459 Dicit
3544 5406 3685 5460 enim
3717 5406 3914 5466 Paulus

2337 5491 2434 5531 nos
2453 5488 2639 5529 omnes
2669 5490 2831 5528 unum
2857 5489 2977 5527 esse
3003 5478 3053 5528 in
3082 5475 3317 5535 Cltristo.
3342 5476 3462 5542 quia
3494 5474 3638 5529 Unus
3664 5475 3913 5535 Dominus

2337 5557 2408 5600 est
2434 5589 2450 5611 ,
2491 5556 2539 5599 et
2567 5560 2669 5626 una
2696 5545 2825 5626 ﬁdes
2853 5544 3085 5667 .SEpIm.
3195 5543 3285 5627 5‘).
3318 5543 3576 5625 _Unioncm
3603 5561 3729 5623 ergo
3762 5548 3910 5629 illam

2337 5618 2563 5667 victima:
2602 5615 2864 5667 IndWlStbt
2894 5631 2974 5667 em
3016 5616 3097 5667 lex
3128 5630 3177 5667 ιη
3210 5614 3418 5667 Christo
3447 5618 3558 5667 fore
3603 5632 3910 5667 necessario

2337 5618 2563 5670 victima:
2602 5614 2974 5670 indivisibilem
3016 5616 3097 5669 lex
3128 5615 3177 5667 in
3210 5614 3418 5669 Christo
3447 5618 3558 5671 fore
3603 5614 3913 5674 necessario

2338 5686 2707 5758 przeﬁgurabat
2730 5727 2745 5752 ,
2779 5701 2984 5758 necnon
3017 5685 3267 5758 Ecclesiae
3299 5688 3571 5758 unitatem.
3597 5686 3658 5758 lu
3694 5688 3912 5744 Christo

2338 5754 2516 5830 utique
2557 5764 2610 5814 ct
2640 5756 2695 5819 in
2737 5756 3001 5814 sacriﬁcio
3034 5754 3231 5811 Christi
3272 5755 3498 5814 salutem
3526 5755 3823 5820 habemus;
3854 5766 3910 5817 et
