4194 6318
231 364 335 419 729

228 478 379 535 illud.
414 474 531 528 Non
560 467 849 535 relinquetis
871 466 932 520 de
946 480 1003 518 eo
1025 480 1180 535 usque
1203 479 1347 515 mane
1369 463 1563 535 (Exod.
1590 465 1676 516 1‘2.
1699 465 1813 535 10).

226 532 583 603 illudPaulus
616 532 767 594 nobis
789 532 1169 604 interpretetur
1187 535 1390 596 dicens,
1419 532 1817 604 Commemora-

226 602 428 672 tionem
460 612 722 684 passionis
764 602 970 662 Domini
998 604 1110 684 ﬁeri
1138 647 1151 666 ,
1184 604 1354 657 donec
1386 602 1563 683 veniat
1592 605 1668 671 (l.
1695 604 1813 684 Cor.

226 691 312 744 11.
348 674 475 754 26).’
495 686 585 737 Illa
615 684 756 734 enim
791 692 957 745 usque
982 677 1046 754 ad
1076 684 1277 754 tantum
1312 674 1566 754 temporis
1587 675 1815 741 spatium

225 743 522 827 perticiiur,
549 762 603 804 et
620 757 796 803 servat
816 743 909 827 eos
930 747 1018 827 qui
1051 745 1329 827 perﬁciunt
1349 743 1559 827 {donec
1579 758 1817 827 praesens

224 812 329 883 imit
367 812 636 887 trans-eat,
688 829 742 873 et
789 812 1105 871 matutinum
1133 814 1419 887 adveniat,
1464 812 1816 880 Christusqne

222 901 411 952 vivens
440 894 593 948 nobis
622 892 689 944 de
723 887 856 943 etelo
890 888 1185 954 splendeat,
1220 898 1314 953 per
1344 886 1503 936 vitam
1535 899 1686 937 suam
1719 900 1813 936 no-

222 969 305 1021 bis
338 967 563 1019 salutem
595 962 806 1029 pariens
827 996 842 1021 ,
877 958 964 1029 qui
994 971 1089 1009 nos
1121 969 1405 1029 nune_per_
1430 962 1657 1006 mortem
1689 968 1816 1029 _s_er-_

221 1047 331 1091 vat.
367 1037 427 1091 Si
456 1024 606 1087 enim'
627 1045 739 1083 cum
770 1024 959 1080 inimici
985 1041 1202 1080 essemus
1223 1065 1237 1089 ,
1265 1025 1433 1092 inquit
1459 1064 1471 1085 ,
1500 1024 1815 1075 reconciliati

219 1124 401 1161 suntne
432 1121 543 1157 eum
571 1101 680 1155 Deo
712 1115 800 1167 per
829 1108 1039 1149 mortem
1089 1094 1223 1167 iiii
1259 1095 1365 1167 ejus
1389 1111 1407 1167 ;_
1434 1093 1638 1167 inulto“
1654 1094 1814 1167 magis

216 1174 567 1235 reconciliati,
608 1162 731 1223 salvi
769 1168 956 1221 erimus
983 1168 1033 1219 in
1070 1166 1169 1219 vita
1209 1162 1576 1233 ipsins(Rom.
1609 1164 1661 1215 5.
1697 1162 1809 1235 10).

218 1247 340 1301 Jam
376 1260 505 1315 ergo
526 1234 584 1315 in
618 1250 790 1294 morte
820 1236 1016 1315 Christi
1071 1250 1362 1315 servamur,
1413 1244 1553 1315 tunc.
1583 1248 1711 1285 vero
1760 1234 1829 1315 in,

217 1318 341 1384 ejus
372 1302 499 1368 viiii.
526 1312 694 1380 Hujus
723 1316 901 1384 autem
925 1306 1000 1360 rei
1030 1306 1304 1384 proprium
1345 1302 1648 1373 symbolum
1695 1312 1810 1367 est,

216 1374 364 1453 q'uod
389 1384 520 1438 nihil
545 1374 788 1453 servetur
816 1378 883 1431 de
904 1376 1157 1453 carnibus
1185 1374 1411 1427 victima:
1439 1388 1609 1440 usque
1632 1388 1810 1426 mane.

212 1448 350 1509 Nam
386 1470 484 1508 nos
512 1464 635 1506 tunc
665 1452 901 1503 viventes
923 1448 1123 1501 erimus
1145 1486 1159 1508 ,
1191 1454 1244 1498 et
1273 1454 1449 1496 nostra
1498 1457 1639 1496 nunc
1672 1458 1816 1495 mor-

215 1527 398 1578 talitas
429 1523 641 1587 transit,
674 1536 793 1574 cum
826 1534 930 1570 non
962 1517 1067 1569 alio
1098 1514 1255 1569 modo
1288 1528 1429 1567 nunc
1452 1513 1676 1587 salutem
1710 1512 1811 1565 ob-

212 1596 485 1649 tineamus
511 1636 525 1657 ,
554 1583 653 1646 nisi
678 1587 1179 1661 moi-tilicati__simus
1204 1600 1217 1648 ;
1251 1594 1374 1661 tunc
1396 1598 1523 1661 vero
1546 1583 1811 1661 viventem

212 1666 451 1718 habituri
480 1653 648 1717 simus
678 1661 928 1715 salutem.
974 1654 1057 1708 Ne
1081 1665 1299 1715 terrena,
1327 1654 1528 1722 inquit,
1556 1653 1769 1718 sapiatis
1794 1668 1812 1703 :

208 1736 403 1787 mortui
446 1736 580 1787 enim
616 1732 768 1793 estis,
820 1739 864 1782 et
904 1728 1004 1779 vita
1034 1734 1194 1779 vestra
1236 1725 1533 1776 abscondita
1586 1732 1656 1775 est
1699 1739 1814 1773 cunt

208 1803 419 1857 Christo
443 1806 495 1857 in
530 1802 653 1855 Deo.
688 1800 902 1865 Quando
948 1797 1180 1851 Christus
1217 1793 1551 1865 apparuerit,
1584 1793 1685 1865 vita
1732 1808 1815 1865 ve-

206 1886 338 1934 stra,
373 1885 493 1927 tunc
516 1885 562 1927 et
592 1889 675 1927 ros
694 1861 810 1922 cum
837 1870 948 1936 ipso
976 1865 1281 1935 apparebitis
1311 1868 1363 1936 in
1390 1863 1555 1933 gloria
1593 1862 1723 1931 (Col.
1755 1861 1809 1915 5.

206 1945 391 2011 10-4).
455 1947 792 2012 Quapropter
818 1935 864 1991 si
893 1938 1017 2007 quid
1066 1952 1133 2012 ex
1162 1935 1415 2012 carnibus
1465 1936 1692 2012 victima:
1724 1947 1812 1985 su-

205 2003 411 2084 persit,
446 2003 551 2085 igni
574 2003 867 2067 'ere'matur
890 2003 994 2072 {ut
1021 2007 1252 2070 sciamus
1284 2003 1553 2057 Christum
1592 2003 1643 2055 in
1680 2018 1815 2067 prie-

1624 344 1683 399 IN
1726 342 1991 402 PASCIIA
2037 347 2122 405 Ill.

3430 367 3531 422 730

1929 463 2287 538 sentiszrculo
2310 472 2577 538 mortuum
2599 464 2760 521 fuisse
2789 480 3012 538 peccato
3030 474 3193 527 semel
3222 486 3274 529 et
3303 491 3528 535 mortem

1926 549 2032 606 non
2056 534 2143 606 illi
2174 534 2308 587 ultra
2338 534 2638 597 dominari,
2676 534 3088 594 sed—aclusam
3123 544 3286 601 fuisse
3333 534 3529 606 virtute

1924 602 2187 680 Spiritus,
2230 606 2379 672 quasi
2417 606 2568 673 igne;
2616 622 2736 660 cum
2769 610 2959 662 mortis
2986 609 3134 679 signa
3168 616 3272 669 vita
3300 602 3519 680 supera;

1924 676 2079 760 verit.
2113 673 2182 754 0s
2199 684 2381 760 .autem
2409 692 2509 760 non
2537 679 2908 760 comminuetur
2929 696 2991 760 ea:
3014 673 3072 734 εὖ
3098 681 3310 760 (Exod1
3316 673 3526 760 1248),

1923 745 2013 827 Ait
2086 744 2301 824 quidem
2348 745 2536 799 beatus
2598 746 2837 827 Joannes
2873 750 2903 827 _(
2924 749 3051 820 Cap.
3106 744 3197 827 19.
3244 755 3350 827 55)
3397 744 3528 815 illu'd

1923 815 2081 867 etiam
2136 813 2187 898 ιιι
2238 829 2467 898 corpore
2499 828 2787 898 servatum
2814 813 3007 898 fuisse,
3046 822 3195 898 quod
3223 813 3376 898 crui-a
3410 813 3527 898 ejus

1922 900 2029 963 non
2048 883 2331 963 confracta
2376 884 2576 963 fuerint
2588 904 2616 963 _;
2647 888 2741 963 sed
2775 883 3145 963 habetuetiam
3195 883 3525 963 spiritualem

1923 955 2392 1022 signiﬁcationem,
2425 956 2546 1023 quia
2581 957 2803 1012 firmitas
2836 960 2887 1012 in
2922 961 3013 1014 illo
3056 955 3254 1018 mansit
3280 967 3474 1023 invicta
3512 990 3523 1024 :

1924 1024 2151 1099 ideoque
2172 1026 2447 1099 corruptio
2480 1040 2676 1099 corpus
2702 1029 2820 1099 ejus
2844 1042 2949 1083 non
2980 1031 3199 1099 invasit,
3244 1038 3388 1099 quod
3432 1040 3520 1092 lir-

1924 1093 2217 1146 missimam
2248 1104 2299 1145 et
2325 1093 2607 1174 infra-ctam
2633 1093 2853 1174 haberet
2880 1101 3069 1167 basim,
3090 1093 3213 1171 quia
3241 1093 3520 1174 divinitus,

1925 1178 2031 1245 non
2063 1166 2561 1245 autemicarnaliter
2585 1167 2867 1245 constabat
2894 1166 3137 1245 corpus,
3163 1183 3215 1228 et
3248 1178 3369 1245 quia
3402 1166 3524 1234 cum

1923 1232 2001 1316 dii
2018 1234 2160 1313 inam
2182 1235 2401 1287 haberet
2428 1239 2831 1316 generationem
2852 1281 2866 1303 ,
2894 1232 3169 1316 hominum
3189 1232 3522 1316 eoi‘rnptioni

1922 1304 2219 1379 subjectum
2249 1320 2355 1379 non
2388 1307 2683 1379 eAratiCaro
2715 1309 2825 1379 ejus
2849 1350 2863 1374 ,
2896 1311 3088 1379 inquit,
3124 1330 3225 1366 non
3250 1304 3372 1370 vidii
3412 1336 3525 1372 cor-

1922 1374 2206 1439 ruptionem
2240 1373 2373 1439 (Act.
2404 1374 2458 1427 2.
2494 1377 2604 1443 51).
2634 1373 2823 1431 llis'de
2851 1373 2988 1434 Sacri
3031 1373 3133 1437 cibi
3174 1400 3269 1438 usu
3302 1389 3523 1443 salutari

1925 1443 2201 1507 discussis,
2231 1444 2339 1511 jam
2372 1444 2581 1517 dicendi
2612 1445 2772 1500 {luem
2804 1448 3064 1505 iaciamus
3084 1494 3097 1517 ,
3124 1454 3189 1507 ad
3224 1457 3366 1512 aliud
3398 1475 3527 1513 exa-

1924 1528 2064 1589 meu_
2091 1514 2706 1589 cmtera_rel_iuquentes.
2754 1514 3112 1589 Petamusque
3143 1538 3172 1577 a
3203 1526 3431 1582 Domino
3470 1530 3522 1583 id

1923 1582 2073 1657 quod
2094 1582 2251 1657 petiit
2282 1584 2448 1657 David
2473 1582 2489 1635 Ξ
2522 1585 2706 1657 Reuela
2736 1590 2908 1643 oculos
2936 1582 3091 1657 meos,
3121 1606 3166 1647 et
3190 1582 3523 1652 considerabo

1924 1651 2177 1731 mirabilia
2218 1653 2281 1705 de
2308 1655 2416 1731 lege
2459 1665 2545 1731 tua
2577 1656 2747 1731 (Psul.
2778 1660 2899 1731 118.
2935 1662 3023 1731 18)
3060 1651 3087 1717 ε’
3108 1674 3164 1718 ut
3217 1651 3521 1723 nobisvilis

1922 1737 2043 1807 esse
2088 1722 2330 1803 videatur
2358 1722 2866 1807 ilegaliuinnlectio,
2918 1722 3071 1807 sint
3112 1734 3281 1791 Judaei
3325 1722 3521 1807 ﬁguras

1924 1792 2097 1846 solum
2118 1794 2481 1916 attingamus;
2506 1797 2599 1849 sed
2625 1797 2809 1851 divino
2836 1792 2995 1853 modo
3023 1803 3203 1857 divina
3225 1792 3524 1876 cogitantes

1924 1863 2188 1916 svmbola.
2210 1880 2235 1914 a
2304 1864 2693 1916 divinissimam
2725 1870 3397 1916 verilnlmnnnrvnninmnc
3467 1880 3519 1916 in

1921 1863 2188 1984 (sjymbola,
2210 1863 2274 1916 ad
2304 1864 2693 1921 divinissimam
2725 1870 3005 1925 veritatem
3024 1863 3429 1943 perveniamus,
3466 1863 3519 1933 in

1968 1933 2272 1984 hristoJesu
2295 1934 2840 1984 Domilmnostrnmer
2852 1955 3009 1984 mum.
3028 1954 3079 1984 ρι
3096 1962 3215 1984 ,ιιι-η
3230 1963 3335 1984 ιιι-η
3350 1950 3515 1984 ..ιηνςη

1968 1933 2272 2017 hristoJeSn
2295 1934 2840 2017 Dominoiiostromer
2852 1955 3009 2017 quem
3024 1933 3082 1996 et
3096 1962 3216 2017 cum
3230 1963 3335 2015 quo
3349 1933 3517 2017 gloria

1924 2003 2065 2056 Patri
2092 2014 2143 2057 et
2173 2012 2360 2058 sancto
2389 2004 2608 2073 Spiritui
2642 2008 2695 2062 in
2723 2003 2918 2064 sieeuia
2952 2003 3518 2075 sweulorumiAumcn.

212 2116 3521 2157 Μ

1230 2205 1293 2247 ΙΝ
1341 2205 1501 2247 IDEM
1546 2201 1997 2246 ARGUMENTUM
2042 2202 2320 2246 PASCBE.
2370 2203 2465 2245 HI.

270 2342 626 2397 Sattclitalem
647 2338 844 2392 Christi
868 2335 1240 2391 subindicabat
1261 2334 1483 2388 Pascha:
1505 2348 1625 2388 cum
1658 2347 1797 2401 agno

200 2411 549 2466 immaculato
588 2407 944 2471 sacriﬁcium;
985 2408 1211 2460 salutem
1252 2420 1379 2459 vero
1408 2404 1685 2457 hominum
1729 2419 1795 2457 ex

197 2482 406 2536 Christi
434 2481 689 2551 passione
713 2488 917 2551 partam
945 2475 1795 2551 significabat_primogenitorum

198 2555 349 2606 salus
381 2544 476 2621 per
522 2544 843 2604 sacriﬁcium
875 2544 1443 2621 Paselizeconciliata;
1494 2544 1798 2621 sanctifica-

198 2614 404 2678 tionem
453 2620 720 2675 indicabat
762 2618 1042 2673 comestio.
1097 2616 1221 2670 Hmc
1255 2616 1368 2685 jam
1399 2630 1426 2667 a
1457 2615 1611 2669 nobis
1653 2614 1794 2685 dicta

196 2702 327 2747 sunt
361 2708 375 2745 ε
412 2707 553 2746 nunc
580 2690 781 2759 reliqua
807 2690 859 2742 in
883 2690 998 2757 lege
1022 2687 1190 2759 posita
1212 2684 1790 2759 suntconsiderauda,

196 2761 474 2831 quomodo
505 2756 775 2830 nempe'se
812 2756 1115 2831 praeparare
1138 2757 1331 2831 debeat
1356 2758 1401 2809 is
1423 2797 1436 2819 ,
1478 2756 1567 2831 qui
1598 2757 1797 2831 sancti-

198 2827 446 2887 ticandus
488 2840 606 2895 est;
632 2827 912 2900 'quomOdo
939 2828 1196 2884 accedere
1223 2828 1418 2881 debeat
1443 2827 1511 2900 ad
1548 2828 1795 2880 sanctita-

198 2907 267 2956 tis
313 2897 781 2961 communionem,
814 2914 973 2967 quam
1006 2901 1167 2953 vitam
1216 2913 1376 2967 agere
1424 2897 1617 2951 debeat
1649 2906 1795 2967 post-

195 2988 359 3039 quam
390 2972 528 3026 sacri
567 2970 804 3041 mysterii
832 2966 1054 3025 consors
1084 2966 1433 3041 etiparticeps
1477 2966 1661 3041 factus
1688 2976 1789 3041 est.

194 3037 482 3107 Quomodo
507 3037 682 3095 autem
714 3055 771 3094 se
800 3054 1099 3109 praeparare
1125 3037 1316 3109 debeat
1346 3039 1391 3109 is
1410 3079 1426 3105 ,
1473 3038 1563 3106 qui
1594 3037 1790 3093 Christi

198 3114 472 3183 particeps
520 3111 730 3165 futurus
760 3121 843 3183 est
866 3151 882 3176 ,
916 3108 1024 3183 per
1053 3108 1519 3183 circumcisionem
1544 3109 1792 3183 ﬁgurate

196 3178 355 3241 nobis
381 3178 609 3237 ostendit
630 3181 897 3252 legislator
924 3180 1145 3252 dicens:
1178 3178 1303 3233 ch
1326 3188 1399 3233 est
1429 3180 1512 3232 lex
1535 3178 1751 3232 Pascha:
1773 3194 1790 3231 :

197 3253 383 3306 Omnis
404 3251 699 3324 alienigena
714 3263 821 3324 non
850 3251 1083 3324 comedet
1104 3265 1258 3312 exeo,
1287 3258 1344 3324 et_
1365 3264 1563 3303 omnem
1593 3265 1790 3324 servum

195 3335 240 3375 et
262 3318 931 3387 emptitium'circumcides,
963 3332 1007 3375 et
1034 3331 1152 3373 tunc
1170 3320 1391 3373 comedet
1416 3335 1479 3373 ex
1505 3335 1563 3374 eo
1592 3318 1787 3391 (Exod.

201 3393 291 3446 12.
327 3394 419 3447 45.
452 3394 567 3462 46).
596 3392 946 3448 Circumcisio
974 3403 1155 3445 autem
1189 3400 1317 3444 tunc
1343 3399 1549 3462 partem
1584 3400 1789 3445 tantum

194 3464 435 3532 aliquam
465 3461 771 3525 obtinebat,
803 3476 979 3529 neque
1020 3477 1115 3529 per
1144 3476 1203 3514 se
1232 3470 1435 3532 tantum
1465 3461 1612 3532 utilis
1648 3470 1785 3515 erat.

193 3530 385 3602 Neque
415 3534 555 3586 enim
598 3547 691 3601 per
718 3532 1182 3602 circumcisionem
1233 3530 1395 3602 homo
1438 3531 1627 3602 melior
1674 3540 1791 3602 erat

204 3600 627 3665 incircumciso’;
659 3603 765 3655 imo
796 3602 847 3655 id
888 3602 939 3655 in
970 3600 1314 3670 opprobrium
1343 3600 1598 3655 lsraelitis
1624 3617 1654 3654 a
1678 3600 1790 3655 Deo

194 3672 530 3737 vertebatur,
563 3673 695 3738 Quia
723 3688 895 3727 onmes
938 3681 1129 3741 gentes,
1162 3671 1367 3739 inquit,
1422 3670 1790 3725 incircumciste

191 3755 310 3797 sunt
333 3758 505 3807 carne,
530 3744 707 3796 domus
742 3754 911 3795 autem
949 3742 1116 3795 Israel
1140 3742 1504 3794 incircumcisw
1530 3751 1647 3794 sunt
1676 3757 1789 3795 cor-

192 3814 343 3867 dibus
369 3814 476 3868 suis
495 3811 627 3883 (Jer.
653 3814 704 3868 9.
727 3812 983 3882 26).Vera
1005 3812 1549 3883 autem_eireumcisio
1569 3826 1786 3867 carnem

194 3893 364 3937 totam
394 3880 600 3952 spectat
634 3903 646 3938 :
682 3880 909 3938 amicum
942 3897 1067 3937 vere
1096 3894 1149 3936 et
1174 3880 1493 3936 familiarem
1541 3882 1650 3936 Deo
1695 3897 1786 3936 os.

193 3953 366 4008 tendit
407 3970 552 4017 rum,
580 3954 668 4023 qui
697 3953 1040 4009 circumcisus
1070 3963 1150 4008 est
1177 3952 1367 4023 corde,
1409 3962 1463 4006 et
1486 3952 1572 4006 cui
1602 3954 1785 4007 subla-

192 4035 304 4077 tum
334 4033 414 4078 est
442 4022 830 4091 operimentum
859 4023 1071 4078 carnale
1092 4065 1107 4088 ,
1132 4022 1273 4094 quod
1312 4038 1377 4077 ex
1422 4032 1630 4091 patrum
1662 4039 1786 4077 suc-

189 4097 438 4149 cessione
470 4108 566 4148 nos
597 4096 813 4161 habere,
841 4104 894 4151 et
922 4095 1185 4149 sublatum
1208 4103 1477 4161 oportere,
1510 4094 1592 4148 lex
1622 4104 1779 4149 antea

191 4166 470 4228 indicavit,
498 4179 617 4219 cum
644 4167 900 4235 genitales
932 4174 1110 4233 partes
1137 4164 1503 4229 cii-eumcidit,
1539 4164 1661 4217 hinc
1690 4180 1785 4233 ge~

190 4237 487 4290 iterationis
513 4234 751 4307 Symbola
778 4247 1037 4300 statuens,
1068 4250 1273 4289 necnon
1306 4234 1619 4307 operimenti
1643 4236 1784 4303 quod

187 4311 406 4361 abortu
448 4305 553 4361 nos
574 4310 831 4375 sequitur.
867 4307 1034 4362 Nemo
1065 4307 1222 4376 igitur
1262 4318 1290 4357 a
1322 4305 1625 4376 carnalibus
1667 4321 1785 4361 mo-

190 4381 341 4430 ribus
368 4393 472 4431 non
500 4374 843 4432 circumcisus
868 4379 934 4433 ad
976 4374 1409 4433 connnuniOncm
1448 4374 1666 4437 Christi,
1690 4391 1784 4430 ac-

188 4450 369 4504 cedet.
404 4448 508 4503 Sed
542 4447 652 4501 Nos
680 4465 851 4502 sumus
875 4447 1210 4510 circumcisio,
1251 4446 1416 4513 inquit
1439 4485 1453 4509 ,
1484 4446 1571 4513 qui
1598 4447 1786 4499 Christi

188 4520 465 4588 participes
502 4534 703 4584 sumus,
718 4520 811 4640 Eni
839 4519 1055 4587 Spiritui
1092 4515 1189 4569 Dei
1228 4518 1502 4581 servimus,
1547 4532 1705 4586 neque
1732 4519 1785 4569 in

188 4606 343 4640 rarne
363 4590 666 4640 confidimus
692 4592 704 4640 l
765 4590 945 4640 hilinn.
962 4589 1013 4640 5.
1035 4589 1113 4640 5).
1138 4586 1243 4640 Cor
1259 4585 1403 4639 enim
1421 4586 1565 4638 omni
1592 4601 1647 4640 re
1664 4601 1782 4640 car-

185 4585 343 4643 carne
363 4585 666 4658 conﬁdimus
692 4585 945 4658 (Philipp.
962 4589 1013 4642 5.
1035 4589 1113 4658 5).
1138 4586 1243 4641 Cor
1259 4585 1403 4639 enim
1421 4586 1565 4638 omni
1580 4601 1647 4658 _re
1664 4601 1782 4641 car-

184 4661 294 4713 nali
324 4655 599 4723 nudatum,
626 4655 735 4712 Deo
762 4655 1115 4713 vere'servire
1140 4666 1335 4726 potest,
1360 4666 1411 4709 et
1426 4670 1546 4709 cum
1568 4655 1785 4711 Christo

186 4733 381 4798 spiritu
409 4730 764 4784 commisceri.
807 4729 972 4799 Hujus
997 4728 1417 4799 circumcisionis
1456 4727 1661 4799 initium
1702 4738 1786 4783 est

186 4797 372 4871 passio
393 4801 621 4864 Domini,
642 4801 731 4869 qui
760 4814 855 4869 pro
882 4797 1035 4854 nobis
1064 4813 1279 4871 carnem
1306 4798 1553 4871 deposuit
1575 4806 1628 4851 et
1649 4797 1785 4853 hanc

185 4863 892 4939 i-ircumcisionem'pro'pter
918 4884 1013 4924 nos
1034 4869 1297 4937 suscepit:
1328 4863 1585 4938 ﬁguratur
1603 4879 1783 4923 autem

184 4946 235 4995 in
298 4942 456 4996 nobis
498 4942 807 5011 mysterium
853 4941 902 4993 in
957 4941 1311 5011 baptismate,
1356 4949 1409 4992 et
1438 4954 1783 5011 consumma-

183 5023 273 5066 tur
320 5027 415 5081 per
442 5008 602 5066 vitam
648 5011 939 5065 secundum
986 5008 1253 5066 Christum
1295 5018 1636 5063 transactam.
1671 5008 1784 5062 Cir—

181 5083 400 5137 cumcisi
438 5082 590 5146 estis,
646 5082 853 5151 inquit,
920 5082 1298 5134 circumcisione
1348 5095 1448 5133 non
1498 5096 1653 5151 manu
1702 5084 1783 5148 fa-

180 5165 287 5213 ctu,
306 5153 358 5205 in
386 5150 750 5221 exspoliatione
797 5153 1022 5219 corporis
1057 5152 1223 5205 carnis
1243 5190 1257 5214 ,
1286 5150 1357 5221 fin
1400 5150 1783 5221 circumcisione

182 5223 399 5284 Christi,
424 5220 703 5293 consepulti
724 5224 769 5276 ei
785 5224 836 5276 in
858 5224 1101 5291 baptismo
1120 5222 1253 5291 (Col.
1273 5220 1566 5293 2.11.12).
1585 5221 1782 5286 Quant-

182 5296 278 5347 tiill
311 5307 440 5361 ergo
466 5291 815 5363 non'dcpouis
841 5293 1107 5347 carnalem
1140 5307 1365 5354 morem,
1394 5291 1696 5363 alienigena
1722 5306 1781 5346 es

181 5377 236 5417 et
266 5364 613 5431 peregrinus,
666 5361 767 5417 nec
815 5378 1036 5417 consors
1082 5366 1413 5432 particepsve
1453 5376 1573 5416 esse
1615 5361 1780 5415 debes

183 5433 362 5487 sancti
384 5436 471 5503 qui
494 5433 561 5487 de
581 5435 715 5487 casio
735 5434 886 5489 adest
908 5434 1103 5487 Christi
1131 5449 1143 5486 :
1169 5435 1437 5486 caelestem
1459 5433 1599 5486 enim
1622 5448 1782 5501 opor-

186 5514 262 5558 tet
287 5518 409 5557 eum
438 5519 557 5557 esse
596 5510 682 5574 qui
716 5504 781 5557 ad
820 5507 1088 5559 emlestem
1132 5505 1337 5559 accedit
1365 5519 1377 5556 :
1407 5505 1638 5557 cmlestis
1682 5517 1778 5574 au-

185 5586 295 5628 tem
326 5589 451 5647 esse
478 5589 583 5629 non
614 5573 805 5645 potest,
843 5579 929 5647 qui
965 5588 1175 5632 terrena
1205 5591 1307 5629 non
1334 5577 1525 5629 aufert.
1560 5574 1648 5647 Sic
1679 5573 1776 5643 igi-

187 5656 273 5699 tur
302 5646 550 5713 deposito
592 5650 758 5701 veteri
808 5646 1019 5701 hemine
1062 5649 1112 5701 in
1163 5647 1330 5716 gratia
1380 5646 1664 5715 baptismi,
1712 5658 1775 5716 ex

185 5716 367 5769 studio
398 5718 751 5789 spiritualium
789 5736 1007 5789 eperum
1038 5720 1261 5773 accedes
1289 5726 1341 5771 ct
1366 5716 1570 5789 Christi
1617 5715 1779 5789 parti-

190 5801 315 5859 ceps
346 5788 457 5843 eris
530 5789 779 5847 Secunde
812 5788 1099 5849 videndum
1123 5799 1223 5859 est,
1254 5788 1437 5859 quales
1484 5788 1774 5846 secundum

1909 2332 2081 2412 legem
2134 2336 2243 2389 sint
2276 2337 2331 2400 ii,
2366 2336 2455 2405 qui
2508 2336 2710 2393 Pascha
2740 2350 2997 2406 sumunt;
3045 2352 3100 2396 ut
3129 2357 3519 2412 cognoscamus

1906 2404 2091 2487 quales
2117 2422 2215 2487 nos
2237 2422 2356 2461 esse
2379 2404 2644 2487 Oporteat,
2670 2404 3286 2487 qui-Christipartieipes
3305 2430 3511 2471 sumus.

1906 2427 2091 2487 quartis
2117 2427 2215 2486 nos
2237 2427 2356 2461 esse
2379 2427 2644 2487 oporteat,
2660 2427 2757 2531 2m
2781 2427 2975 2466 bltrtstt
3000 2427 3286 2482 partietpes
3305 2430 3511 2471 sumus.

1906 2472 2017 2539 διε,
2047 2486 2247 2553 tuqmt,
2272 2478 2540 2553 comedetis
2563 2479 2653 2531 illu
2756 2481 2914 2534 lumbi
2938 2486 3087 2535 vestri
3107 2485 3322 2538 accincti
3344 2499 3511 2553 erunt,

1906 2546 2321 2617 et__calceamenta
2352 2559 2496 2601 eru'tt
2519 2550 2570 2601 in
2599 2550 2808 2617 pedibus
2832 2553 3028 2615 ves/ris,
3055 2565 3097 2607 et
3120 2554 3287 2608 baculi
3317 2556 3368 2609 in
3398 2546 3511 2612 ma;

1904 2614 2053 2701 nibus
2080 2619 2255 2701 vestris
2284 2618 2479 2701 (Exod.
2767 2622 2816 2701 Is
2850 2624 3110 2677 viatorum
3144 2624 3376 2690 habitus,
3412 2642 3507 2681 ac-

1906 2688 2135 2766 ci‘nCIus,
2172 2688 2475 2766 expeditus,
2505 2688 2808 2766 subindicat
2838 2701 3083 2766 paratum
3114 2709 3233 2749 esse
3256 2688 3511 2766 Oportere

1906 2754 1972 2807 ad
2019 2754 2343 2811 currendum
2386 2758 2438 2812 in
2490 2754 2899 2829 promissionem
2935 2762 3064 2828 Dei,
3098 2776 3153 2817 ut
3192 2754 3319 2820 tunc
3348 2766 3508 2823 Israel

1904 2834 2120 2893 paratus
2146 2829 2337 2903 _viator
2369 2831 2833 2903 transmittebatur
2878 2833 2944 2886 ad
2989 2834 3311 2903 promissam
3357 2837 3502 2893 illam

1904 2904 2099 2974 terram
2146 2896 2359 2951 bonam.
2416 2900 2707 2974 Considera
2759 2911 2939 2955 autem
2989 2896 3124 2957 inihi
3172 2906 3503 2972 spiritualem

1904 2971 2169 3047 viatorem
2190 3007 2205 3034 ,
2232 2979 2487 3047 quantum
2514 2971 2721 3025 scilicet
2745 2974 3029 3047 antecellat
3059 2976 3133 3047 illi
3159 2971 3347 3030 viatori
3370 2994 3383 3042 ;
3409 2982 3500 3047 qui

1902 3049 2008 3089 non
2037 3037 2101 3090 ad
2131 3039 2268 3112 hanc
2292 3040 2526 3093 infimam
2555 3050 2751 3102 .rram
2776 3044 3147 3111 promissionis
3171 3037 3500 3112 currit,'n'on

1903 3110 2217 3185 temppralia
2249 3111 2388 3163 bona
2420 3111 2682 3185 sequitur,
2715 3110 2819 3185 non
2850 3123 3045 3167 terram
3076 3130 3173 3185 pro
3204 3110 3354 3172 terra
3373 3134 3497 3173 tnu-

1903 3182 2012 3258 tat,
2043 3176 2409 3258 iudicatu-pro
2436 3176 2693 3250 .Egypto;
2727 3183 2821 3237 sed
2843 3186 2967 3251 quid
2990 3176 3157 3258 ait-de
3170 3186 3375 3258 itinere
3396 3203 3498 3245 suo

1899 3248 2073 3300 viator
2102 3249 2234 3302 ille?
2278 3248 2471 3303 Eorum
2495 3248 2654 3320 {qm
2678 3262 2812 3305 retro
2838 3248 2956 3307 sunt
2983 3296 2997 3320 ,
3028 3256 3296 3308 obliviscor
3314 3296 3330 3321 ,
3361 3269 3408 3311 et
3430 3262 3497 3313 ad

1898 3332 1979 3382 ea,
2007 3332 2121 3385 qua:
2145 3330 2261 3397 ante
2283 3336 2361 3397 me
2386 3331 2537 3386 sunt,
2564 3338 2642 3373 me
2665 3325 2915 3397 extendo,
2948 3327 3014 3376 ad
3045 3326 3351 3397 destinatum
3378 3346 3497 3397 per-

1898 3402 2099 3466 sequor,
2124 3389 2193 3466 ad
2220 3389 2449 3466 braoium
2475 3408 2712 3466 superna:
2732 3396 3010 3448 vocationis
3034 3394 3293 3466 (Philipp.
3319 3389 3390 3451 5(
3408 3402 3493 3455 15.

1900 3457 2010 3532 14).
2043 3459 2418 3532 Lumbiigitur
2447 3457 2555 3515 sint
2584 3466 2804 3517 veritate
2838 3457 3109 3532 praecincti
3132 3508 3147 3528 ,
3194 3457 3489 3523 secundum

1900 3477 2010 3526 uj.
2043 3477 2229 3512 Lumul
2261 3477 2418 3581 igitur
2447 3477 2555 3515 sunt
2584 3477 2804 3517 veritate
2838 3477 3109 3532 prarcmcu
3132 3508 3147 3528 ,
3194 3477 3489 3523 secundmn

1884 3524 2197 3594 Apostolum
2227 3530 2243 3597 (
2302 3530 2469 3599 Iphes.
2501 3532 2553 3585 6.
2590 3534 2693 3600 14)
2729 3549 2743 3596 ;
2773 3534 2853 3588 sic
2874 3537 3016 3588 enim
3050 3538 3157 3589 eris
3199 3536 3267 3589 ad
3294 3538 3493 3593 bomnn

1896 3610 2112 3671 cursum
2142 3600 2423 3668 expeditus
2444 3640 2459 3666 ,
2490 3603 2533 3655 si
2567 3604 2849 3671 praesentia
2882 3606 3061 3658 omnia
3093 3621 3227 3659 vana
3254 3617 3307 3661 et
3335 3624 3489 3663 men-

1896 3664 2045 3721 dacia
2076 3664 2286 3747 putans,
2316 3664 2610 3725 secundum
2640 3673 3097 3747 Davidetn_(l’sal.
3121 3675 3210 3730 58.
3244 3678 3323 3747 8),
3348 3678 3489 3732 futu-

1896 3750 2013 3812 ram
2036 3740 2311 3794 veritatem
2336 3757 2566 3811 quaeras,
2589 3752 2644 3797 et
2670 3746 2784 3812 ejus
2805 3740 3073 3799 desiderio
3104 3740 3355 3801 tenearis.
3387 3750 3485 3804 Pe-

1894 3805 2394 3888 des_vero_calccaii
2418 3852 2430 3875 ,
2468 3805 2668 3882 inquit,
2810 3818 3198 3888 pt'u'put'ulione
3228 3821 3488 3888 evangelii

1896 3881 2072 3948 pacis,
2098 3880 2165 3933 ad
2196 3896 2410 3958 omnem
2438 3880 2678 3958 cursum‘
2702 3880 2898 3938 bonum
2923 3880 3169 3958 'habiles,
3200 3904 3307 3957 quo
3336 3880 3489 3958 pacto

1896 3963 2079 4025 pacem
2106 3952 2244 4025 apud
2279 3954 2441 4005 Deum
2472 3954 2623 4025 nobis
2650 3955 2947 4021 ﬁrmamus,
2984 3968 3037 4009 ut
3060 3952 3443 4025 aitApost6lus
3474 3979 3487 4015 :

1896 4019 2086 4095 Pacem
2118 4019 2389 4095 habeamus
2419 4024 2485 4075 ad
2522 4023 2687 4095 Deum
2710 4042 2797 4095 per
2825 4019 3101 4080 Dominum
3128 4019 3357 4082 nostrum
3393 4030 3486 4085 Je-

1893 4108 2003 4145 sum
2024 4092 2280 4169 Christum
2313 4093 2485 4169 (Ilom.
2516 4096 2569 4147 5.
2602 4094 2673 4166 1);
2697 4092 2777 4169 et,
2810 4095 2915 4149 Per
2945 4099 3259 4169 patientium,
3293 4100 3483 4169 inquit,

1893 4177 2158 4242 currat-nus
2184 4164 2252 4215 ad
2283 4167 2594 4233 propositum
2622 4164 3045 4242 nobis-certamen
3072 4167 3260 4242 (Hebr.
3285 4164 3480 4242 12.1);

1892 4234 2101 4311 et,_§‘ic
2140 4249 2289 4311 curro
2316 4276 2328 4298 ,
2362 4245 2412 4286 ut
2444 4237 2868 4311 comprehendam
2898 4240 2972 4308 (1.
3007 4234 3124 4291 Cor.
3156 4238 3210 4293 9.
3233 4239 3348 4311 26).
3380 4234 3485 4295 Ba-

1893 4305 1999 4356 culi
2032 4305 2082 4357 in
2115 4304 2358 4376 manibus
2389 4314 2532 4371 sunt,
2560 4322 2684 4374 spes
2711 4308 2761 4359 in
2796 4304 2990 4372 Deum,
3019 4326 3136 4376 qum
3159 4304 3334 4364 lii-mat
3364 4313 3486 4365 ani-

1894 4388 2057 4447 mam,
2078 4389 2174 4428 nec
2193 4375 2317 4447 sinit
2333 4390 2450 4447 eam
2470 4392 2497 4428 a
2519 4377 2949 4430 tribulationibus
2970 4375 3125 4447 dejiei
3151 4380 3198 4446 (1
3221 4379 3399 4435 Thess.
3428 4384 3485 4436 5.

1893 4442 1982 4523 5).2
2019 4454 2077 4497 ut
2096 4444 2235 4523 dixit
2264 4444 2457 4523 Paullus
2477 4486 2491 4509 ,
2520 4448 2613 4499 sed
2636 4442 3052 4523 _l_iriii_itei'_i|l3ini
3075 4442 3223 4523 fulcit
3248 4490 3261 4513 ,
3288 4466 3359 4523 ne
3390 4468 3483 4503 va-

1892 4514 2059 4567 cillet.
2088 4514 2215 4567 Cum
2260 4516 2427 4565 studio
2470 4517 2713 4569 coniedite
2756 4519 2909 4582 illud;
2945 4516 3149 4571 Pascha
3174 4528 3245 4571 est
3276 4520 3485 4574 Domini

1894 4582 2087 4653 (Exod.
2128 4584 2211 4636 12.
2243 4584 2353 4657 11).
2385 4585 2501 4641 Non
2544 4587 2719 4639 mollis
2741 4629 2756 4652 ,
2790 4604 2887 4641 nec
2914 4589 2978 4641 ad
3008 4589 3331 4657 voluptatem
3362 4593 3482 4645 data

1892 4664 1973 4707 est
2002 4668 2145 4713 esca,
2178 4669 2283 4707 non
2314 4656 2669 4710 demissorum
2700 4673 2798 4711 uec
2828 4656 3232 4723 dccl;nantiuin,
3262 4660 3359 4715 sed
3388 4680 3483 4716 eo-

1893 4740 2007 4801 rum
2033 4767 2045 4788 ,
2067 4724 2168 4801 qui
2198 4725 2412 4791 vigilem
2441 4735 2494 4779 et
2531 4727 2793 4780 intentum
2828 4728 3026 4783 habent
3052 4730 3289 4801 animum
3316 4772 3330 4795 ,
3363 4733 3483 4801 quia

1893 4794 1943 4848 id
1992 4795 2144 4868 nobis
2184 4805 2430 4868 prwstat,
2478 4806 2540 4868 ut_
2584 4801 2873 4865 perniciem
2906 4811 2958 4852 et
3008 4794 3327 4868 supplicium
3356 4794 3486 4856 vite-

1892 4880 2030 4927 mus,
2063 4866 2289 4937 Domino
2306 4866 2486 4937 dante.
2511 4866 2850 4937 QuaprOpter
2871 4870 3018 4935 dicit,
3050 4866 3256 4927 Pascha
3281 4882 3351 4926 est
3381 4872 3485 4925 Do-

1890 4938 2046 5013 mini;
2092 4936 2235 5013 quod
2280 4936 2417 5013 alius
2461 4932 2745 5013 interpres
2768 4943 2957 5013 vertit,
3004 4932 3367 5013 Supergressio
3412 4957 3484 4997 est

1892 5006 2119 5083 Domino
2142 5008 2244 5083 (a).
2280 5006 2405 5061 Post
2448 5006 2797 5083 talesndiviui
2829 5011 2931 5064 cibi
2982 5006 3481 5083 participationem,

1892 5078 2050 5130 tertio
2076 5080 2352 5153 videamus
2383 5080 2597 5153 qualem
2620 5091 2833 5150 oportet
2870 5078 2997 5137 esse
3018 5078 3191 5136 vitam
3210 5086 3326 5153 ejus
3347 5124 3361 5148 ,
3396 5078 3484 5153 qui

1890 5162 2099 5201 sacrum
2122 5148 2300 5224 cibum
2323 5150 2536 5224 accipit.
2560 5148 2703 5203 lianc
2729 5153 3059 5206 subindicant
3086 5148 3273 5224 azyma
3293 5164 3348 5207 et
3368 5148 3485 5209 dies

1889 5234 2222 5293 azymorum.
2256 5218 2441 5293 Judazi
2469 5222 2663 5293 itaque
2696 5236 2887 5293 azyma
2936 5218 3167 5289 curent,
3192 5234 3483 5293 putentque

1889 5297 2094 5363 septem
2124 5290 2241 5342 dies
2292 5290 2535 5343 mirabile
2578 5290 2852 5359 quidpiam
2895 5293 2993 5346 sibi
3045 5290 3331 5361 praestare,
3360 5290 3483 5363 quia

1889 5359 2265 5412 fermentatum
2300 5375 2404 5414 non
2451 5363 2771 5426 comedunt,
2810 5379 2908 5417 nec
2936 5359 3075 5431 apud
3125 5381 3183 5420 se
3216 5359 3482 5428 retinent,

1890 5445 1987 5483 nec
2035 5440 2254 5497 possunt
2298 5431 2583 5485 ostendere
2628 5433 2861 5501 aliquam
2893 5434 2994 5487 sibi
3042 5434 3161 5489 hinc
3202 5437 3481 5489 utilitatem

1888 5502 2172 5569 provenire
2203 5519 2215 5553 :
2248 5509 2430 5571 typum
2459 5503 2599 5557 enim
2626 5504 2921 5571 celebrant,
2949 5522 3051 5559 non
3080 5508 3380 5562 veritatem.
3403 5506 3484 5559 Tu

1951 5666 2023 5735 (a_)
2046 5662 2402 5735 Interpresille
2421 5668 2506 5735 qui
2533 5664 2663 5717 W25
2684 5673 2828 5735 vertit
2852 5672 3180 5735 supergresss'o
3203 5670 3224 5731 (
3256 5668 3483 5735 concuti)

1890 5736 1965 5795 est
1981 5726 2171 5795 Aquila,
2196 5734 2251 5795 ut
2276 5726 2513 5795 videss’in
2533 5732 2761 5795 chaplis
2784 5726 2962 5785 nostris
2985 5726 3149 5785 Exod?
3173 5726 3338 5795 I2)“,
3366 5739 3415 5779 et
3440 5726 3485 5780 iit

1888 5790 2172 5857 Appendice
2198 5794 2245 5839 tn
2271 5792 2367 5842 line
2394 5792 2613 5854 ejusdem
2637 5790 2784 5845 Tomi.
