4194 6318
758 334 863 390 739
2200 327 2460 387 Spuma.

759 448 888 516 inde
915 447 1322 516 namqne'primi
1356 445 1574 500 fallacias
1599 446 1797 516 ﬂuctus,
1816 486 1829 507 ,
1855 445 2000 498 vituli
2033 453 2080 516 et
2109 449 2281 516 pisces
2299 482 2313 508 ,

755 513 884 571 fune
904 526 958 572 ct
976 513 1118 577 aves.
1139 513 1190 571 et
1206 516 1393 569 similia
1409 517 1586 570 omnia
1608 515 1854 570 animalia
1878 519 2015 569 inter
2034 514 2161 568 deos
2181 515 2316 567 rela-

757 599 806 640 ta
833 596 886 640 et
912 587 1073 642 culta.
1103 586 1234 640 Cum
1280 581 1453 640 autem
1488 587 1556 640 de
1583 586 1718 641 czelo
1747 585 1936 640 vindex
1979 587 2052 638 ira
2084 585 2312 639 revelata

753 658 943 721 fuerit,
967 665 1020 710 et
1047 655 1194 735 furor
1224 670 1443 735 magnus
1484 671 1646 726 super
1680 671 1890 735 omnem
1914 665 2116 735 terram
2158 654 2316 709 fuerit

752 741 1037 795 expansos,
1070 734 1193 778 tunc
1221 726 1444 795 primum
1463 725 2138 795 superstitiosusidolgrum
2161 740 2312 777 error

752 793 966 850 insanus
986 794 1280 862 dejicietttr.
1302 793 1366 848 In
1389 795 1639 859 omnibus,
1654 793 2312 863 inquit,diilegyptiornm

750 866 932 936 faciam
967 864 1235 936 vindictam
1255 880 1274 918 :
1300 880 1391 936 ego
1433 864 1678 918 Dominus
1772 863 1942 936 Exod.
1975 865 2058 918 12.
2090 863 2157 936 12
2182 864 2219 936 ).
2256 862 2309 916 lu

750 933 1095 1005 primogenita
1136 943 1313 1005 autem
1330 933 1516 989 omnia
1545 933 1762 988 sievitur
1791 973 1808 998 ,
1841 934 1963 1002 quia
2010 933 2307 1005 antiquiora

747 1003 988 1073 tempora
1013 1005 1112 1058 sibi
1144 1004 1490 1068 vindicantes,
1511 1005 1915 1059 vetustissimam
1929 1003 2166 1058 omnium
2191 1016 2306 1055 sero

749 1076 966 1129 vitutem
1004 1073 1158 1128 idolis
1206 1074 1544 1142 praisL'tbaut.
1591 1073 1893 1128 Tenebrosa
1941 1082 1997 1128 et
2049 1083 2303 1126 nocturna

742 1146 895 1211 plaga
916 1153 1063 1199 erat:
1086 1150 1204 1197 nam
1229 1145 1527 1207 tenebrosa,
1549 1145 1737 1207 tristia,
1758 1144 1981 1213 ingrata,
1999 1142 2305 1210 caliginosa,

745 1214 1052 1278 inhumana,
1077 1222 1233 1282 atque
1264 1214 1664 1268 tenebrosorum
1687 1227 1905 1281 operum
1928 1222 1981 1266 et
2006 1214 2304 1265 diemounm

747 1295 902 1338 erant
923 1283 1144 1354 judicia.
1181 1282 1344 1354 Dabo,
1379 1283 1562 1350 inquit,
1594 1284 1825 1352 prodigia
1842 1285 1892 1336 in
1919 1283 2040 1336 calo
2069 1297 2302 1346 sursum,

741 1363 790 1406 et
817 1353 960 1424 signa
985 1354 1040 1407 in
1062 1362 1200 1424 terga
1229 1353 1496 1424 deorsum.
1545 1354 1913 1424 sanguinem_et
1943 1353 2179 1424 ignentet
2218 1367 2302 1424 va-

743 1421 912 1490 porem
941 1423 1084 1493 fumi.
1117 1421 1182 1476 Et
1211 1422 1288 1474 sol
1313 1421 1702 1493 convertetur'iu
1728 1421 1956 1493 tenebras
1979 1463 1992 1493 ,
2018 1432 2060 1473 et
2101 1421 2220 1474 luna
2249 1422 2301 1473 in

741 1490 1036 1563 sanguinem
1066 1533 1089 1563 ,_
1113 1502 1383 1563 antequam
1401 1492 1586 1563 _veniat
1633 1491 1738 1563 dies
1783 1490 1988 1563 Domini
2016 1506 2228 1563 magna!
2253 1501 2301 1543 et

739 1559 1044 1635 manifestus
1069 1561 1089 1635 (
1114 1561 1230 1615 Joei
1269 1560 1326 1615 2.
1355 1561 1442 1635 ιο.
1471 1562 1528 1616 5i
1558 1563 1597 1626 ).
1629 1559 2013 1635 Cannabis/uec
2040 1559 2146 1635 dies
2188 1559 2299 1635 Do-

741 1633 864 1686 mini
879 1629 910 1686 ’2
940 1632 1009 1684 Et
1024 1629 1129 1685 Ιιὼο
1158 1642 1229 1684 est
1265 1629 1496 1694 tenebrae,
1533 1645 1579 1684 et
1601 1631 1832 1686 nonius.
1867 1629 2300 1696 Quemadmodum

737 1703 868 1755 enim
887 1704 929 1755 si
951 1702 1131 1773 fugerit
1150 1702 1285 1773 pira
1306 1702 1434 1770 facie
1466 1699 1640 1765 leonis,
1669 1709 1715 1753 et
1748 1702 2015 1773 occurrerit
2041 1701 2137 1773 ipsi
2180 1717 2296 1773 rur-

734 1789 841 1834 sus,
871 1783 916 1826 et
937 1769 1177 1825 introierit
1209 1769 1409 1822 domum
1431 1811 1442 1828 .
1468 1779 1513 1822 et
1536 1787 1689 1822 manu
1712 1788 1805 1824 sua
1839 1771 2041 1823 innixus
2069 1770 2220 1839 fuerit
2246 1769 2297 1822 in

736 1843 994 1909 parietem,
1018 1851 1063 1895 et
1089 1840 1407 1892 momorderit
1427 1857 1536 1892 eum
1561 1840 1762 1893 coluber
1793 1855 1811 1892 :
1841 1843 1913 1893 sic
1938 1840 2030 1893 erit
2055 1837 2162 1891 dies
2184 1837 2265 1909 Do
2281 1871 2293 1880 -

737 1908 862 1979 mini
887 1915 1098 1965 tenebrte
1120 1949 1134 1974 ,
1188 1920 1234 1962 et
1260 1926 1358 1961 non
1384 1909 1474 1962 erit
1503 1909 1590 1962 tua:
1616 1909 1668 1961 in
1694 1909 1957 1979 eutAmos
2004 1910 2056 1964 5.
2089 1908 2292 1979 18-20).

733 1977 960 2050 Sanguis
983 1995 1111 2050 vero
1141 1980 1191 2033 in
1233 1981 1437 2046 signum
1469 1979 1718 2047 signaculi
1745 1978 1936 2050 Christi
1972 2020 1986 2042 ,
2020 1995 2192 2032 meum
2215 1977 2295 2050 t-st

729 2048 1060 2118 mysterium.
1092 2048 1307 2116 Signum
1339 2058 1511 2102 autem
1542 2064 1646 2102 non
1670 2057 1794 2103 tunc
1821 2049 2015 2118 veritas
2041 2059 2173 2110 erat.
2197 2049 2289 2102 sed

737 2117 927 2175 futurze
973 2121 1211 2173 veritatis
1247 2119 1471 2187 signum.
1501 2118 1769 2187 Quotquot
1804 2119 1945 2172 enim
1986 2117 2182 2171 habent
2213 2121 2290 2172 si-

730 2204 891 2258 gnum
919 2190 1187 2259 sanguinis
1217 2188 1575 2259 inanimalius
1600 2228 1613 2245 .
1663 2198 1716 2259 ut
1748 2202 1777 2240 a
1808 2188 1922 2255 lege
1958 2189 2008 2240 iu
2046 2187 2290 2259 domibus

729 2256 960 2328 imprimi
1006 2256 1060 2313 et
1106 2260 1228 2327 ungi
1264 2256 1470 2328 jussum
1514 2267 1664 2317 erat.
1695 2257 1792 2328 hos
1836 2272 2020 2328 omnes
2068 2258 2288 2312 exitiosa

729 2275 960 2328 imprimi
1006 2273 1060 2313 et
1106 2273 1470 2380 nugilussum
1514 2273 1664 2317 erat.
1695 2273 1792 2310 nos
1836 2273 2020 2311 omnes
2068 2273 2286 2312 esitiosa

729 2333 880 2399 plaga
911 2329 1220 2399 pra-teribit.
1287 2345 1319 2379 n
1347 2327 1523 2396 quibus
1543 2367 1555 2386 ,
1591 2327 1760 2399 inquit
1788 2366 1803 2389 ,
1834 2327 2059 2399 domibus
2080 2329 2286 2395 sangui-

728 2397 842 2452 nem
869 2397 1058 2461 videbo,
1085 2413 1248 2467 tegam
1268 2413 1372 2461 tios,
1399 2406 1447 2467 et
1484 2413 1582 2449 non
1612 2397 1704 2450 erit
1731 2397 1956 2467 inioobis
2001 2397 2152 2467 plaga
2177 2413 2291 2466 qua:

726 2485 812 2522 vos
840 2478 1038 2534 atterat,
1068 2465 1182 2520 cuin
1216 2466 1489 2537 percutiam
1518 2467 1569 2519 in
1598 2476 1729 2520 terra
1746 2466 1962 2536 [Ἐφυριὶ
1982 2465 2172 2537 (Exod.
2192 2465 2285 2522 12.

725 2540 835 2610 15).
860 2537 1082 2608 Sanguis
1110 2536 1236 2607 ergo
1264 2546 1317 2590 ut
1344 2537 1548 2610 signum
1571 2537 1635 2610 ad
1661 2538 1953 2610 cusmdiam
1990 2557 2003 2591 :
2038 2537 2088 2589 in
2119 2536 2290 2610 domi.

725 2607 821 2663 bus
850 2607 1026 2664 autem
1053 2650 1068 2672 ,
1101 2618 1156 2661 nt
1193 2610 1241 2661 in
1270 2607 1564 2660 animabus.
1605 2608 1793 2659 Anima
1837 2607 1976 2660 enim
2003 2623 2065 2660 ex
2106 2607 2288 2662 divino

731 2681 928 2747 Spiritu
960 2688 1012 2733 et
1041 2694 1103 2732 ex
1137 2677 1240 2731 fide
1281 2691 1490 2747 sacrum
1541 2675 1599 2747 lit
1628 2675 2006 2730 habitaculum.
2059 2677 2167 2730 lloc
2209 2688 2284 2730 te-

727 2745 924 2817 guntur
952 2751 983 2802 ii
1015 2789 1030 2814 ,
1063 2749 1148 2812 qtti
1177 2747 1417 2802 credunt.
1452 2745 1652 2799 Pascha
1685 2762 1778 2815 per
1805 2748 2107 2800 universum
2135 2763 2288 2800 mun-

723 2821 848 2873 dum
883 2820 985 2890 tale
1009 2818 1315 2890 mysterium
1343 2825 1442 2871 est.

788 2891 839 2944 5.
872 2889 1006 2943 Audi
1043 2885 1213 2941 tamen
1245 2901 1341 2940 nos
1375 2901 1471 2955 pro
1501 2885 1634 2940 virili
1665 2895 1845 2940 nostra
1875 2895 2021 2955 parte
2047 2887 2279 2942 divinam

719 2960 1068 3013 initiationetn
1085 2957 1348 3025 sigillatiui
1367 2958 1709 3025 explicimles.
1735 2956 1841 3009 Res
1857 2957 1996 3010 enim
2018 2959 2283 3025 quomodo

717 3044 844 3084 vere
865 3044 921 3084 se
953 3027 1142 3082 habeat
1161 3068 1176 3089 ,
1209 3029 1345 3097 heus
1369 3027 1595 3080 Verbum
1625 3027 1768 3080 novit
1787 3066 1799 3088 ,
1830 3026 1916 3094 qui
1947 3027 2000 3080 iit
2029 3041 2089 3082 se
2109 3037 2161 3081 et
2189 3033 2283 3097 per

719 3114 777 3153 se
805 3112 1011 3152 sacrum
1039 3097 1240 3151 Pascha
1264 3096 1565 3150 adornavit:
1597 3097 1746 3150 nobis
1769 3111 1892 3150 vero
1913 3105 2090 3165 utpote
2112 3096 2280 3153 homi-

715 3169 870 3224 nibus
897 3167 1045 3223 venia
1090 3165 1261 3219 danda
1283 3206 1296 3223 .
1335 3169 1378 3219 si
1423 3181 1524 3219 i.ou
1555 3168 1732 3219 omnia
1759 3180 2120 3235 assequamur.
2149 3179 2202 3222 et
2235 3170 2281 3224 si

715 3239 968 3292 labantur.
1003 3238 1245 3290 Dicamus
1276 3245 1447 3288 tamen
1469 3276 1483 3298 ,
1515 3236 1686 3303 priora
1727 3247 2071 3290 resumentes.
2101 3236 2281 3292 Primo

711 3309 923 3369 dicitur,
953 3306 1146 3360 Mensis
1185 3305 1275 3357 ille
1303 3313 1384 3357 est
1409 3306 1610 3358 initium
1641 3306 1922 3358 mensium.
1949 3305 2056 3358 Cur
2083 3310 2281 3363 mensis

712 3378 931 3432 Pascha)
962 3377 1162 3444 primus
1187 3383 1268 3426 est
1298 3375 1555 3426 mendum
1580 3373 1741 3427 anni?
1771 3377 2008 3428 Arcanos
2033 3374 2280 3430 Heltrzeo-

714 3463 829 3498 rutn
861 3461 1034 3499 sermo
1060 3453 1173 3504 est.
1207 3444 1305 3495 hoc
1331 3458 1450 3497 esse
1480 3455 1686 3512 tempus
1713 3457 1817 3512 quo
1847 3453 2140 3511 temporum
2173 3448 2278 3501 Do-

715 3517 886 3569 minus
912 3526 966 3568 et
1006 3513 1227 3567 Creator
1257 3513 1391 3566 Deus
1435 3515 1738 3566 universum
1781 3514 2013 3565 creavit:
2041 3523 2095 3568 et
2139 3515 2279 3569 hunc

709 3599 830 3639 esse
860 3585 1082 3653 primum
1114 3583 1396 3653 creationis
1433 3582 1615 3636 ﬂorem
1635 3621 1651 3646 ,
1681 3583 1878 3653 _.munndi
1927 3583 2274 3650 pulchritudi-

713 3651 874 3717 nem,
904 3653 1114 3722 quando
1143 3651 1427 3722 fulgentem
1475 3662 1634 3706 totam
1678 3651 1956 3720 imaginem
2007 3653 2058 3706 in
2103 3665 2279 3710 mente

707 3725 933 3779 Creator
959 3723 1218 3777 concinne
1263 3722 1460 3775 moveri
1506 3722 1667 3783 vidit,
1699 3730 1753 3774 et
1794 3723 1968 3774 ornari
2011 3733 2159 3776 recto
2187 3725 2280 3778 illo

709 3795 959 3848 caelorum
985 3792 1194 3856 ordine,
1229 3801 1598 3858 tempestatum
1626 3791 1764 3846 bono
1793 3789 1998 3856 ordine,
2029 3791 2160 3845 solis
2189 3809 2271 3846 re-

708 3875 795 3917 cto
821 3879 976 3917 cursu
998 3904 1012 3926 ,
1046 3861 1176 3916 lucis
1213 3861 1443 3914 nondum
1482 3861 1771 3914 imminuta:
1797 3861 2036 3923 oriente,
2078 3871 2132 3914 et
2169 3863 2276 3928 jam

710 3942 948 3988 ornatam
995 3934 1256 3985 fructuum
1287 3941 1403 3984 ortu
1427 3972 1442 3994 ,
1493 3932 1789 3999 planL'irum
1835 3931 2236 3985 l'ructiﬁtxitioue
2259 3971 2274 3995 ,

707 4004 957 4058 arborum
995 4001 1222 4054 ﬂoribus
1268 4001 1694 4061 recurrentibus,
1728 4015 1944 4068 gregum
1977 4001 2227 4067 partubus
2260 4019 2276 4055 :

707 4073 920 4141 quando
945 4070 1100 4141 ﬂoret
1125 4071 1492 4140 germinatque
1520 4073 1763 4141 universa
1793 4079 1951 4141 terra,
1983 4079 2038 4123 et
2075 4069 2275 4124 ﬂoren-

710 4139 790 4196 tes
814 4142 1032 4195 arbores
1061 4140 1295 4202 fructus,
1335 4154 1466 4207 quos
1513 4139 1842 4207 parturiunt,
1881 4139 1989 4209 jam
2029 4142 2277 4209 pariturze

707 4221 832 4267 sunt
861 4231 873 4265 :
906 4211 1117 4280 quando
1141 4210 1262 4279 fuga
1289 4224 1352 4264 ex
1384 4219 1558 4280 aratro
1586 4209 1748 4263 solvit
1771 4208 2103 4280 agricola,“
2132 4211 2278 4277 quie-

706 4294 813 4336 tem
834 4277 1124 4335 dat—currui
1146 4277 1514 4348 mugientium,
1539 4294 1602 4332 ac
1629 4288 1906 4348 postquam
1931 4277 2138 4333 divinos
2163 4280 2276 4333 fru-

705 4363 825 4406 ctus
855 4352 905 4404 in
937 4360 1074 4405 terra
1101 4350 1250 4419 jecit,
1283 4351 1522 4403 caelestes
1548 4348 1743 4416 excipit
1768 4348 1942 4402 fontes
1965 4356 2018 4401 et
2046 4349 2273 4404 imbres:

704 4422 916 4490 quando
957 4429 1134 4490 pastor
1180 4419 1261 4472 lac
1303 4419 1726 4490 candiduin__jam
1777 4419 1976 4484 mulget
2007 4434 2035 4490 :7
2067 4422 2278 4485 quando

708 4487 824 4560 apis
850 4491 1032 4545 dulces
1061 4488 1209 4560 favos
1238 4497 1292 4542 et
1337 4503 1512 4542 ceram
1545 4487 1790 4560 eiIormat
1819 4504 1832 4540 :
1865 4489 2080 4555 quando.
2121 4501 2277 4544 nauta

707 4558 859 4616 huius
889 4574 1034 4613 mare
1075 4559 1184 4628 jam
1229 4568 1429 4612 tentare
1456 4558 1646 4620 audet,
1691 4567 1745 4611 et
1787 4561 2129 4613 amore‘lucri
2177 4561 2274 4614 ilu-

703 4641 884 4684 ctuum
927 4629 1157 4698 pericula
1200 4629 1450 4681 audacter
1493 4630 1644 4680 adit:
1699 4629 1946 4696 illamque
1997 4631 2105 4697 jam
2159 4632 2277 4684 uni-

703 4715 976 4754 versormu
1004 4700 1422 4769 consonantiam,
1453 4707 1504 4750 et
1530 4699 1723 4769 bonum
1745 4713 1981 4750 omnium
2011 4700 2274 4769 ordinent,

704 4777 958 4836 atque,ut
978 4769 1046 4820 ita
1075 4767 1281 4838 dicam,
1314 4767 1747 4838 beueplacitum,
1778 4769 2090 4838 principium
2119 4767 2274 4836 esse,

703 4839 913 4893 dulcem
953 4851 1146 4904 nempe
1176 4837 1314 4890 veris
1340 4837 1679 4903 voluptatem.
1708 4836 1823 4906 Ego
1847 4836 1975 4892 vero
2006 4839 2088 4893 his
2125 4839 2278 4896 dictis

705 4924 810 4964 non
841 4908 1054 4962 dil‘licile
1081 4905 1420 4971 crediderim,
1447 4906 1539 4960 sed
1564 4905 1777 4973 Opinor,
1807 4909 1912 4961 imo
1939 4924 2065 4963 vero
2094 4911 2274 4976 credo,

703 4995 801 5049 per
827 4977 1392 5049 l’ascliesiiiritualetti
1418 4977 1804 5049 solemnitatem
1837 4979 2173 5045 principium,
2197 4995 2280 5033 ca-

706 5047 798 5117 put
821 5063 883 5101 ac
908 5047 1056 5118 quasi
1083 5049 1272 5100 ducem
1303 5047 1477 5118 omnis
1507 5048 1756 5110 temporis
1783 5049 2023 5118 intelligi,
2053 5059 2106 5103 et
2139 5050 2279 5105 hunc

701 5115 822 5176 esse
852 5115 1068 5173 PaSchm
1095 5131 1354 5178 mensem,
1384 5115 1435 5168 in
1464 5130 1571 5183 quo
1598 5131 1844 5184 magnum
1873 5115 1997 5171 illud
2025 5133 2277 5173 consum-

703 5199 879 5248 matur
920 5196 976 5242 et
1013 5185 1310 5240 celebratur
1346 5187 1693 5255 mysterium;
1747 5196 1803 5238 ut
1847 5187 1979 5240 sicut
2027 5189 2280 5242 Dominus

702 5260 939 5314 omnium
971 5255 1377 5327 intelligibilium
1416 5265 1471 5308 et
1507 5255 1845 5327 invisibilium
1892 5258 2274 5327 primogenitus

704 5338 787 5383 est
815 5329 882 5380 ab
907 5328 1089 5388 initio;
1122 5341 1202 5379 etc
1229 5335 1283 5379 et
1311 5325 1392 5378 hic
1421 5326 1617 5378 mensis
1640 5365 1656 5390 ,
1687 5327 1774 5394 qui
1805 5340 1953 5380 sacra
1987 5325 2278 5381 honoratur

705 5398 1034 5462 initiatione,
1085 5396 1286 5463 primus
1330 5403 1473 5448 esset
1501 5395 1551 5447 in
1595 5410 1769 5458 anno,
1815 5406 1868 5448 et
1894 5398 2070 5449 omnis
2095 5398 2275 5451 smculi

703 5469 1042 5540 principium.
1071 5469 1257 5540 Aunus
1285 5474 1460 5540 autem
1489 5463 1573 5518 hic
1598 5475 1703 5540 est,
1727 5481 1883 5540 quem
1911 5465 2089 5517 divina
2128 5465 2275 5540 Scri-

706 5533 856 5606 ptura
883 5533 1080 5592 ciatt'tat
1108 5552 1121 5587 :
1161 5533 1444 5588 Pradicare
1466 5551 1650 5586 annum
1683 5533 1882 5606 Domitii
1919 5536 2277 5603 acceptabitent

707 5605 854 5674 (Luc.
882 5609 936 5661 4.
966 5607 1074 5675 i‘J).
1106 5608 1284 5674 Agnus
1310 5616 1391 5659 est
1419 5607 1624 5657 victima
1656 5621 1824 5658 sacra.
1858 5605 1970 5673 Ipse
1998 5607 2137 5657 enim
2157 5647 2172 5669 ,
2197 5606 2278 5660 iti-

706 5683 840 5750 quit,
871 5677 1013 5732 Sicut
1029 5677 1132 5729 ouis
1158 5675 1225 5727 ad
1251 5675 1551 5750 occisionem
1572 5677 1858 5750 ductusntlst,
1887 5684 1935 5750 et
1958 5675 2084 5750 sicut
2111 5692 2275 5746 agnus

706 5745 874 5803 (orant
905 5752 1138 5802 tondente
1173 5761 1224 5799 se
1271 5757 1431 5798 mutus
1476 5747 1627 5817 (Act.
1656 5751 1706 5802 8.
1738 5745 1849 5817 52),
1898 5745 1960 5799 Et
1990 5745 2221 5801 Joannes
2259 5764 2273 5802 :

3912 338 4020 389 Tib

2435 447 2759 517 [iccc‘agntts
2792 443 2915 511 Dei,
2955 447 3041 513 qui
3078 446 3206 499 tot/it
3235 458 3495 514 peccatum
3534 450 3707 501 mundi
3741 447 3915 517 (Junii.
3965 454 4012 500 1.

2425 511 2543 586 29).
2570 511 2868 569 Perfectum
2912 511 3091 568 autem
3127 511 3319 583 quiairit
3355 532 3546 586 agnum
3584 529 3637 572 et
3663 511 3971 575 anniculam
3996 565 4014 584 ,

2426 585 2715 652 perfectum
2739 595 2794 638 ut
2821 587 2870 638 in
2905 595 3044 656 terra
3077 586 3318 638 habetur.
3356 585 3538 640 Annus
3569 590 3822 656 temporis
3850 607 4008 646 men-

2423 669 2600 708 suram
2631 656 2849 724 initerra
2878 655 2976 709 sibi
3005 656 3202 719 sumit,
3232 671 3403 711 anuus
3446 657 3497 710 in
3528 672 3586 710 se
3615 655 3920 724 revolvitur,
3954 671 4014 716 et

2425 724 2508 777 illa
2563 723 2894 780 revolutione
2951 725 3384 779 immensurabile
3438 727 3689 781 smculum
3745 723 4007 783 imitatur.

2420 795 2864 880 §u'mitur‘autem_
2882 794 3093 880 decima
3112 796 3333 880 mensis.
3363 795 3828 880 idque'adt'nodiim
3854 815 4010 880 sym-

2423 863 2594 938 bolice
2622 881 2636 917 :
2669 863 2750 917 lex
2780 865 2921 938 enim
2969 863 3141 938 distat
3174 865 3255 938 ab‘
3289 863 3586 934 evangelio.
3620 867 3776 936 [θεὶς
3805 863 4012 938 quippe

2421 935 2741 1002 [mrciputtm
2770 933 2960 1002 dogma
2989 943 3071 987 est
3109 933 3393 1002 decalogus
3417 933 3441 987 ;“
3463 947 3578 1002 post
3609 933 3792 990 decem
3821 933 4007 993 auiam

2420 1001 2550 1074 legis
2596 1013 2852 1072 praecepta
2899 1012 3023 1058 tunc
3064 1019 3230 1072 agnus
3262 1001 3515 1074 mysticus
3559 1007 3628 1060 de
3670 1009 3803 1060 ea-lo
3834 1013 4003 1062 venit.

2419 1073 2674 1149 Servatur
2697 1084 2870 1149 amem
2913 1089 3008 1142 per
3037 1074 3292 1141 quosdam
3308 1073 3678 1149 _’_iptermedios
3711 1077 3826 1149 dies
3847 1120 3859 1140 ,
3893 1094 4008 1149 quo

2417 1142 2713 1195 Subindicat
2745 1143 3018 1215 Scriptura
3047 1155 3256 1215 tempus
3305 1144 3433 1197 illud
3484 1160 3648 1212 usque
3682 1147 3756 1198 ad-
3794 1142 4004 1215 pass-io-

2415 1225 2558 1273 nem,
2588 1213 2798 1280 quando
2825 1212 3240 1281 comprehensus
3262 1215 3514 1268 Servatur
3542 1218 3591 1267 in
3620 1212 3998 1272 doniiistiniiiti

2415 1283 2676 1349 puntilicis
2705 1282 2948 1335 detentus
2975 1292 3075 1336 est.
3104 1283 3204 1348 Qui
3247 1293 3422 1337 autem
3467 1287 3753 1339 assumitur
3792 1289 4007 1342 vicinus-

2414 1351 2479 1424 ad
2527 1352 2910 1424 comedendum
2960 1368 3188 1421 agnum,
3233 1369 3332 1422 ego
3379 1370 3514 1406 sum.
3561 1355 3604 1408 Α
3653 1367 3702 1408 te
3739 1359 3920 1424 enim,
3967 1377 3999 1408 n

2413 1417 2596 1486 Israel,
2620 1437 2785 1493 agnus
2815 1438 2917 1475 non
2944 1417 3130 1491 captus
3155 1417 3549 1489 estheinceps
3575 1439 3700 1477 vero
3727 1417 4000 1493 aguus‘ad

2411 1505 2687 1558 vesperam
2721 1491 3044 1546 immolatur.
3080 1493 3208 1546 Nam
3248 1493 3314 1545 ad
3353 1493 3680 1546 occidentem
3710 1491 3882 1550 solem
3910 1513 3996 1550 sae

2409 1573 2501 1630 cer
2528 1563 2997 1630 agnusjuguhitur.
3027 1561 3259 1616 Mactant
3283 1572 3456 1615 autem
3488 1563 3633 1617 ilium
3658 1567 3830 1618 omnis
3857 1571 3997 1620 mul-

2411 1629 2581 1700 titudo
2629 1629 2910 1700 synagoga:
2971 1631 3198 1685 ﬁliorum
3246 1631 3424 1686 let-ael.
3482 1633 3788 1688 lucrednlus
3846 1638 3998 1691 enim

2408 1699 2570 1774 lsrael
2597 1699 2740 1774 _reus
2794 1700 2960 1774 factus
3005 1712 3088 1774 est
3132 1701 3618 1774 lmjusuvencramli
3668 1707 3945 1774 sanguinis
3976 1724 3996 1761 ;

2407 1769 2698 1841 tianiidem
2740 1772 2964 1841 populus
2989 1771 3114 1841 ol_im
3148 1769 3372 1832 oet-idit,
3411 1773 3655 1841 idemque
3693 1769 3832 1827 nunc
3884 1790 3998 1830 non

2404 1838 2591 1908 credit.
2624 1837 2744 1892 Ideo
2782 1840 2994 1908 divinus
3022 1839 3254 1908 Spiritus
3282 1850 3466 1894 contra
3501 1837 3643 1907 ipsos
3674 1845 3992 1898 testiﬁcatur

2403 1916 2456 1982 et
2495 1907 2690 1982 clatum
2721 1925 2733 1960 :
2793 1907 2984 1982 Manus
3007 1907 3184 1962 vesti-te
3211 1912 3374 1982 plena:
3409 1923 3527 1964 sunt
3553 1915 3798 1982 sanguine
3828 1915 3986 1982 (lsai.

2404 1979 2455 2052 l_.
2487 1977 2606 2052 15).⁸
2628 1977 2855 2047 Sanguis
2885 1989 3067 2052 autem
3100 1977 3257 2048 supra
3299 1980 3457 2034 limen
3488 1992 3600 2040 est.
3645 1977 3794 2051 quasi
3825 1977 3988 2052 supra

2403 2047 2732 2121 Ec_clesi_a_m;
2764 2057 2830 2121 et
2845 2061 3008 2121 super
3035 2047 3179 2121 duos
3201 2060 3378 2121 postes
3402 2091 3414 2112 ,
3449 2062 3507 2104 ut
3532 2047 3697 2119 super
3723 2053 3864 2108 deos
3895 2047 3989 2121 po-

2404 2117 2572 2192 pnlos.
2605 2117 2715 2192 Non
2747 2119 3043 2192 enimsatis
3069 2117 3235 2192 habet
3246 2119 3522 2192 Servatur,
3554 2117 3809 2185 o'lsrael,
3839 2117 3988 2192 quod

2399 2186 2464 2240 ad
2502 2198 2552 2241 te
2583 2189 2808 2256 primum
2842 2190 3037 2242 missus
3063 2190 3171 2242 sit:
3207 2187 3325 2242 Non
3352 2194 3492 2244 enim
3517 2193 3702 2244 missus
3727 2186 3872 2254 sum,
3904 2197 3986 2246 iti-

2398 2257 2541 2328 quit,
2573 2259 2640 2310 ad
2677 2273 2792 2319 vos,
2824 2258 2913 2312 sed
2937 2261 3003 2310 ad
3031 2273 3145 2312 oves
3177 2274 3289 2324 qua:
3312 2260 3565 2328 perierunt
3599 2263 3778 2314 domus
3816 2261 3985 2317 Israel

2399 2327 2606 2397 (Matth.
2636 2329 2721 2397 15.
2744 2328 2856 2397 24).
2887 2328 2999 2397 Ego
3020 2344 3144 2383 vero
3169 2339 3225 2382 ut
3244 2329 3463 2383 catellus
3483 2331 3546 2383 ad
3569 2331 3796 2385 alienam
3825 2349 3979 2386 men-

2397 2396 2509 2450 s:im
2551 2396 2869 2469 assidebam,
2901 2396 3021 2452 cum
3054 2397 3287 2452 nondum
3321 2413 3504 2465 panem
3535 2401 3816 2455 comedere
3857 2418 3982 2469 pos-

2397 2482 2509 2519 sem
2531 2507 2544 2531 ,
2575 2466 2667 2520 sed
2708 2468 2962 2540 cadentes
3001 2470 3165 2523 micas
3195 2470 3457 2536 parasitus
3482 2470 3803 2540 colligerem.
3843 2466 3984 2538 Quia

2396 2551 2524 2610 vero
2557 2548 2610 2589 tu
2648 2552 2840 2610 manna
2877 2537 2944 2590 de
2980 2542 3114 2610 cmlo
3157 2553 3262 2592 non
3303 2537 3628 2610 cognovisti,
3674 2541 3726 2594 in
3771 2537 3982 2610 me’pa-

2397 2607 2476 2658 nis
2511 2623 2603 2673 per
2643 2607 2796 2660 tidem
2827 2609 3113 2662 translatus
3150 2619 3263 2669 est,
3305 2619 3356 2660 et
3378 2607 3530 2662 canis
3568 2610 3683 2664 loco
3724 2611 3863 2663 lilitts
3887 2607 3974 2664 ei-

2397 2677 2582 2740 fectus,
2612 2693 2799 2732 carnes
2843 2678 3086 2732 comedo.
3127 2676 3333 2732 Occidit
3373 2680 3513 2732 enim
3561 2681 3644 2734 lux
3688 2680 3870 2733 mundi
3923 2683 3974 2733 in

2395 2760 2586 2814 magno
2610 2761 2832 2814 corpore
2851 2747 3069 2800 ChriSti.
3096 2747 3332 2814 Accipite,
3358 2750 3618 2812 comedite,
3648 2751 3742 2802 hoc
3767 2759 3838 2802 est
3864 2766 3979 2803 cor-

2394 2831 2486 2887 pus
2514 2833 2674 2868 meum
2703 2815 2910 2887 (Matth.
2938 2817 3027 2870 26.
3053 2817 3168 2887 26).
3197 2818 3384 2871 Comes
3409 2830 3574 2887 certas
3599 2820 3720 2886 igni.
3755 2818 3974 2887 Igneum

2392 2885 2535 2938 enim
2572 2895 2653 2940 est
2689 2885 2998 2939 rationabile
3018 2885 3216 2958 corpus
3241 2887 3458 2942 ChriSIi.
3499 2885 3676 2958 Ignem
3717 2885 3828 2941 veni
3857 2892 3976 2941 mit-

2394 2965 2495 3027 (εἶθ
2527 2958 2580 3027 in
2612 2966 2822 3027 terram,
2867 2967 2918 3027 et
2940 2957 3062 3025 quid
3100 2958 3212 3010 volo
3248 2958 3293 3009 si
3309 2959 3422 3027 jam
3455 2957 3693 3011 accensus
3726 2959 3788 3010 sit
3816 2958 3971 3027 (Luc.

2394 3023 2481 3078 12.
2513 3025 2765 3096 49)?Non
2795 3023 3012 3080 crudam
3040 3041 3254 3079 carnem
3275 3042 3290 3091 ;
3309 3023 3393 3080 'ut
3422 3029 3639 3080 verbum
3667 3030 3732 3081 sit
3775 3023 3967 3096 opera-

2393 3097 2538 3166 tione
2560 3095 2728 3166 l’acile,
2759 3096 2903 3159 utile,
2929 3097 3256 3164 acceptabile
3280 3115 3292 3148 :
3319 3113 3423 3151 nou
3447 3112 3579 3166 aqua
3604 3095 3838 3150 assatum
3861 3115 3875 3160 ;
3906 3114 3974 3153 ne

2393 3163 2694 3236 humidum,
2726 3181 2952 3236 aqueum
2983 3163 3073 3219 vel
3095 3166 3384 3220 resolutum
3417 3163 3509 3220 sit.
3548 3167 3710 3235 Caput
3738 3185 3851 3220 cum
3884 3186 3968 3236 pe-

2389 3236 2534 3306 dibus
2561 3244 2606 3286 et
2629 3235 2892 3306 intestinis.
2925 3235 3244 3306 Principium
3275 3247 3328 3291 et
3356 3238 3584 3306 medium
3607 3278 3621 3298 ,
3653 3240 3804 3306 quasi
3837 3235 3971 3290 invi-

2389 3304 2542 3376 sibile
2567 3305 2880 3376 consilium;
2915 3306 3074 3376 pedes
3101 3316 3155 3358 ut
3183 3305 3361 3360 homo.
3397 3305 3567 3376 Caput
3594 3304 3713 3376 cum
3745 3308 3972 3375 pedibus

2389 3385 2442 3427 et
2473 3375 2735 3427 intestinis
2765 3391 2777 3426 ξ
2815 3375 3126 3442 principium
3163 3387 3214 3430 et
3243 3375 3560 3429 metliuui’et
3585 3375 3702 3429 ﬁnis
3740 3394 3752 3431 :
3786 3380 3970 3430 omnia

2387 3444 2645 3514 continet,
2677 3446 2994 3514 constringit
3010 3453 3064 3499 et
3087 3447 3411 3514 conglutinat
3435 3447 3487 3499 in
3516 3446 3693 3514 seipse
3717 3448 3970 3502 insolubi-

2387 3511 2525 3566 libus
2554 3513 2795 3578 vinculis,
2825 3511 2953 3568 verc
2979 3512 3146 3568 lactus
3174 3511 3434 3568 mediator
3467 3516 3555 3568 Dei
3585 3511 3640 3569 et
3667 3518 3971 3572 hominum.

2376 3580 2555 3655 (iaput
2583 3598 2702 3655 cum
2735 3583 2953 3655 pedibus
2981 3593 3034 3638 et
3066 3585 3348 3638 intestinis.
3378 3585 3671 3638 Altitudine
3692 3627 3705 3647 .
3741 3589 3961 3655 profun-

2385 3649 2569 3725 ditate,
2599 3649 2891 3725 latitudine,
2921 3670 3050 3725 quze
3065 3663 3188 3706 sunt
3211 3664 3363 3725 terrae
3395 3655 3618 3708 radices.
3650 3649 3815 3725 Caput
3845 3673 3965 3712 cum

2387 3720 2607 3788 pedibus
2631 3730 2684 3774 et
2710 3723 2998 3779 intestinis.
3031 3722 3138 3778 Lex
3161 3764 3174 3784 .
3204 3724 3422 3778 verbum
3443 3765 3458 3789 ,
3493 3735 3550 3778 ut
3573 3735 3629 3778 et
3659 3720 3963 3780 consiliarii.

2389 3791 2552 3866 Quam
2571 3793 2781 3858 speciosi
2805 3792 2955 3861 pedes
2976 3794 3574 3866 euangelizantium_bona
3595 3793 3746 3866 (Isai.
3771 3797 3862 3850 52.
3885 3800 3963 3866 7,".

2389 3858 2459 3911 0s
2488 3870 2656 3912 autem
2689 3877 2787 3914 non
2806 3858 3158 3935 comminuet—is
3184 3879 3246 3916 ea:
3283 3879 3340 3916 eo
3375 3863 3578 3935 (Exod.
3603 3858 3706 3919 te.
3739 3866 3866 3935 b6);
3912 3858 3966 3922 ut

2385 3939 2733 4008 cognoscatur
2760 3933 3081 4008 resurrectio
3104 3947 3224 3986 cum
3251 3947 3494 4008 corpore.
3516 3934 3656 4008 _N_am
3687 3933 3967 4008 Mitte,_in-

2385 3999 2534 4075 quit,
2564 3999 2744 4075 digitos
2767 4002 2976 4075 tuos‘in
3005 4003 3197 4068 ﬁxurus
3223 3999 3479 4056 clavorum
3507 4001 3700 4075 (Joan.
3731 4005 3820 4061 20.
3840 3999 3965 4075 '27),

2387 4075 2442 4147 nt
2463 4071 2598 4147 scias
2619 4109 2632 4130 ,
2670 4071 2807 4147 Δριιίιι
2833 4070 3042 4147 spiritus
3069 4088 3269 4147 carnem
3295 4081 3342 4125 et
3368 4090 3483 4147 ossa
3509 4070 3610 4127 non
3636 4077 3780 4147 habet
3807 4070 3944 4147 (Luc

2384 4136 2473 4209 ει.
2503 4137 2613 4209 59).
2640 4140 2850 4209 γΔιςιηιι
2877 4155 2996 4193 cum
3026 4140 3206 4196 herbis
3229 4144 3426 4196 amaris
3449 4146 3734 4198 comedite.
3768 4136 3964 4200 Ainara

2385 4207 2528 4260 enim
2559 4207 2650 4283 tibi
2671 4249 2685 4270 ,
2708 4207 2762 4262 et
2783 4225 3086 4283 amarorum
3107 4214 3326 4281 operum
3355 4216 3781 4283 suntmysteria.
3806 4213 3969 4269 Terra

2385 4287 2545 4330 vestra
2571 4277 2782 4353 deserta,
2805 4281 3027 4353 civitates
3049 4277 3497 4353 vcst'rtesuccrnstz
3520 4277 3646 4353 igni,
3675 4296 3862 4337 terram
3888 4303 3967 4339 re-

2385 4357 2540 4400 stram
2557 4348 2707 4401 alieni
2723 4365 2889 4401 coram
2907 4351 3041 4402 vobis
3063 4352 3348 4414 comedunt,
3363 4364 3408 4404 et
3421 4348 3616 4406 deserta
3631 4348 3707 4408 est
3727 4357 3967 4410 subversa

2385 4418 2940 4495 a-popttiisfatnttneis.
2975 4420 3252 4495 Comedetis
3281 4419 3480 4495 Pascha
3505 4439 3621 4476 cum
3648 4427 3966 4495 festinatione

2390 4485 2538 4562 (Istti.
2576 4488 2624 4540 1.
2655 4490 2731 4558 7).
2768 4489 2985 4562 Υἰειιριη
3031 4491 3226 4558 quippe
3253 4501 3306 4562 et
3339 4485 3881 4562 excitatum'oportet
3907 4499 3971 4550 i.-

2387 4557 2493 4629 Ium
2525 4572 2643 4629 esse
2662 4599 2676 4622 ,
2702 4557 2788 4625 qui
2815 4557 2881 4612 ad
2907 4557 3109 4613 tantum
3141 4561 3263 4614 illud
3296 4577 3490 4629 corpus
3517 4575 3596 4616 est
3624 4557 3963 4619 accessurus.

2385 4625 2567 4680 Lumbi
2583 4629 2726 4681 vestri
2743 4631 2979 4682 succincti
3000 4631 3116 4683 sint.
3138 4631 3359 4684 Cessent
3377 4625 3636 4697 genitales
3652 4645 3704 4687 et
3722 4636 3965 4689 dissoluti

2386 4697 2563 4750 carnis
2589 4698 2784 4760 ﬂuxus,
2811 4711 2862 4752 et
2893 4699 3123 4753 sordida:
3148 4703 3472 4768 voluptates.
3503 4701 3859 4757 Calceamenta
3886 4722 3970 4759 oe-

2385 4769 2561 4822 strain
2587 4768 2794 4834 pedibus
2819 4785 2838 4822 :
2868 4779 2927 4824 ut
2954 4770 3081 4824 reeti
3109 4786 3322 4838 gressus
3347 4772 3476 4837 sint,
3499 4783 3554 4826 et
3577 4773 3743 4826 fulcra
3769 4777 3920 4827 lirma
3957 4801 3966 4833 ι

2387 4853 2508 4914 nam
2532 4838 2767 4914 veritatis
2792 4849 2914 4893 sunt
2943 4840 3164 4914 radices.
3189 4840 3762 4914 Calceauientavestra
3792 4845 3844 4897 in
3877 4860 3966 4914 pe-

2387 4909 2540 4980 dibus
2571 4911 2757 4980 vestris
2785 4926 2799 4964 :
2829 4927 2946 4977 qua:
2976 4909 3181 4980 Moyses
3207 4911 3421 4979 quidem
3445 4913 3621 4973 solvit.
3648 4911 3806 4967 Jesus
3839 4909 3967 4968 vere

2389 4978 2565 5045 ligavit
2610 4978 2765 5050 _Nam,
2795 4980 2965 5044 Solve,
2997 4978 3198 5050 inquit,
3229 4978 3618 5034 calceamentum
3649 4985 3834 5050 pedum
3856 4993 3959 5036 tuo-

2387 5065 2499 5100 rum
2538 5048 2739 5120 (at'xod.
2789 5051 2851 5120 5.
2883 5051 2986 5119 5),
3037 5059 3094 5102 ιιι
3138 5049 3306 5119 legem
3355 5048 3796 5120 pertransituram
3847 5068 3964 5108 esse

2385 5118 2771 5192 ostenderetur.
2814 5118 2970 5192 Cujus
2995 5134 3093 5172 non
3109 5118 3228 5192 sunt
3247 5118 3448 5192 (dignus
3476 5123 3745 5192 corrigiam
3765 5123 3966 5176 calceu-

2385 5197 2662 5262 mentorum
2687 5189 2875 5241 solvere
2905 5188 3066 5259 (Luc.
3088 5189 3160 5262 _5.
3196 5188 3335 5258 i6),'
3351 5199 3413 5262 ιιι
3459 5188 3686 5262 Verbum
3731 5194 3968 5262 undique

2387 5258 2726 5310 constrictum
2767 5272 2886 5311 esse
2913 5257 3304 5312 ustetideretur.
3339 5257 3515 5313 Bucuti
3549 5264 3698 5314 vestri
3726 5264 3776 5314 in
3806 5257 3968 5315 mani-

2385 5325 2666 5398 busioestris
2693 5343 2712 5381 :
2737 5327 2930 5398 divina:
2955 5330 3164 5382 virtutis
3189 5329 3338 5398 signa
3359 5371 3373 5390 .
3407 5331 3735 5385 rationabilis
3759 5332 3968 5386 innitu-

2385 5396 2522 5473 d_inis
2544 5396 2730 5450 fulcra.
2765 5397 2919 5473 Virga
2952 5413 3047 5467 per
3070 5396 3334 5473 Moyse-“tu,
3365 5400 3508 5470 virga
3523 5415 3632 5473 per
3665 5404 3962 5473 Aaron-eiu,

2385 5465 2530 5540 yirga
2561 5481 2720 5520 uucea
2744 5508 2756 5530 ,
2781 5465 2934 5540 virga
2954 5465 3077 5540 qua;
3107 5465 3362 5540 profunda
3401 5465 3564 5524 tn'ari's
3591 5471 3816 5536 dividit,
3849 5465 3967 5540 qua}

2387 5535 2605 5589 fontium
2652 5535 2996 5610 acerbitatem
3046 5535 3256 5610 dulcem
3303 5540 3566 5604 reddidit,
3613 5542 3757 5609 virga
3805 5535 3965 5610 supra

2385 5621 2541 5674 quam
2570 5618 2770 5674 septem
2802 5609 3021 5674 Spiritus
3044 5611 3211 5662 sancti
3235 5609 3326 5662 Dui
3353 5612 3761 5678 requievcrnnt:
3792 5609 3963 5678 Spiri-

2387 5687 2467 5758 tus
2491 5679 2746 5757 sapientia:
2772 5689 2818 5759 et
2850 5679 3167 5760 intellectu-sn
3183 5680 3388 5760 spiritus
3406 5681 3607 5760 consilii
3619 5691 3678 5760 ἐι
3704 5683 3962 5760 fortitudi-

2388 5747 2498 5813 nis,
2539 5749 2743 5817 spiritus
2779 5749 2972 5801 timoris
3014 5746 3110 5801 Dei
3152 5746 3370 5819 isnptebit
3399 5750 3542 5803 illum
3581 5746 3734 5820 (leui.
3771 5753 3855 5806 11.
3884 5747 3958 5812 ἃ).
