4194 6318
317 372 422 427 753

285 484 463 542 hodie.
497 489 556 536 ut
582 477 894 535 exhibentur
934 469 1209 526 Dominica
1254 466 1414 542 rexi
1444 463 1646 542 {erigis
1695 463 1868 542 minas

286 535 558 610 intentans
584 553 748 604 Amos
771 547 868 607 ait,
909 544 1212 614 passionem
1238 537 1420 614 dilecti
1452 536 1544 591 Dei
1565 535 1869 614 Servatoris

281 602 650 692 633183.131}:
675 602 867 692 eorum
895 602 1228 692 iniquitatem
1256 609 1355 692 ipsi
1381 602 1872 692 opponensiioc.

289 676 443 751 ridet
461 676 567 745 sol'
582 690 633 743 in
666 685 907 749 meridie,
957 676 1011 738 et
1046 676 1422 751 obscurabitur
1451 676 1502 730 in
1527 676 1618 731 die
1644 676 1863 730 lumen:

282 749 336 820 et
362 769 674 820 ctmvertam
710 755 1082 824 solemnitates
1110 765 1299 808 eorum
1328 750 1380 802 in
1410 749 1635 824 luctum,
1671 755 1724 800 et
1751 760 1869 798 oin-

287 818 384 890 nia
411 833 618 888 cantica
663 844 851 883 eorum
885 829 935 879 in
966 818 1239 894 planctum
1274 838 1286 873 :
1317 828 1373 873 et
1407 818 1670 872 adducam
1711 830 1872 894 super

283 887 501 959 ornnem
532 901 792 962 lumbum,
838 887 1160 970 saecularpt
1191 905 1355 960 super
1381 895 1734 970 omnecaput
1759 887 1872 967 cal:

286 976 471 1030 vilicm
508 989 520 1024 :
553 981 606 1025 et
633 984 826 1041 ponam
869 983 988 1041 eum
1020 975 1076 1018 ut
1099 965 1329 1041 luctum,
1350 965 1636 1041 unigeuiti,
1682 965 1873 1041 etmqut

292 1027 416 1097 cum
461 1045 576 1111 ipso
629 1027 771 1111 sunt,
809 1045 865 1090 ut
894 1037 1034 1111 diem
1080 1032 1282 1111 doloris
1312 1027 1490 1110 (Amos
1519 1031 1573 1083 8.
1605 1027 1811 1111 9.10).
1848 1043 1866 1111 ξ

287 1115 418 1169 Nam
442 1097 591 1183 signa
623 1097 823 1183 posuit,
849 1105 988 1183 quod
1021 1105 1103 1159 sol
1126 1097 1406 1183 occideret
1449 1101 1503 1154 in
1544 1097 1790 1183 meridie,
1820 1105 1876 1183 et

287 1171 696 1238 conversionem
729 1171 1129 1233 solemnitatum
1155 1174 1206 1226 in
1236 1171 1608 1242 planetum,_et
1638 1172 1875 1242 cantico-

287 1273 404 1310 rum
441 1257 493 1308 in
525 1255 763 1306 luctum:
795 1262 847 1302 ct
892 1249 1004 1301 hare
1043 1238 1252 1306 omnia,
1289 1243 1481 1311 inquit,
1533 1240 1674 1295 Deus
1715 1238 1876 1293 faciet

287 1336 508 1394 promer
535 1323 788 1377 dilectum
812 1335 989 1394 suum.
1023 1316 1192 1394 Talis,
1240 1314 1431 1394 inquit,
1467 1313 1644 1365 luctus
1667 1313 1788 1371 erit,
1822 1316 1878 1388 et

288 1384 409 1450 talis
431 1409 494 1447 ac
525 1403 629 1446 tam
659 1389 959 1444 necessaria
986 1387 1151 1460 ultio,
1184 1384 1729 1460 qttaletii_corigrucre
1759 1384 1875 1460 exi-

286 1465 525 1520 stnnabit
551 1462 794 1522 dignitati
817 1459 995 1513 dilecti
1013 1450 1335 1511 contumelia
1356 1450 1695 1506 alfecti.Vide
1720 1451 1878 1520 igitur

286 1550 464 1589 annoa
489 1550 552 1588 ex
588 1521 837 1602 passione
858 1524 1516 1602 Sert'atoriscalamitates
1551 1531 1876 1602 sequantur;

285 1622 466 1660 annon
489 1591 856 1658 solemnitates
872 1614 1056 1653 eorum
1091 1599 1140 1650 in
1167 1597 1363 1648 luctum
1395 1608 1562 1646 versa;
1579 1591 1792 1652 fuerint,
1823 1605 1880 1645 et

292 1677 502 1731 cantica
527 1689 710 1727 eorum
733 1673 782 1724 in
801 1671 1090 1738 planctum;
1111 1663 1392 1738 anm‘in'sol
1412 1663 1673 1738 occiderit
1690 1662 1741 1716 in
1767 1677 1879 1738 me:

288 1746 601 1811 ridie.Quod
619 1745 659 1797 si
680 1731 942 1809 conspicis
960 1751 1207 1812 magnum
1231 1733 1359 1812 illud
1382 1735 1722 1812 miraculum,
1737 1731 1880 1812 quod

290 1819 341 1870 in
361 1803 698 1870 sole~mnitate
724 1803 936 1864 Pasblnn
954 1803 1236 1863 crucifixus
1261 1803 1700 1865 fueritChristus,
1735 1803 1882 1858 ideo-

287 1904 393 1957 quc
418 1888 546 1957 ultio
565 1885 928 1957 solemnitates
951 1876 1276 1957 converterit
1300 1875 1599 1957 inductum,
1626 1873 1882 1957 Romanis

290 1945 690 2016 invadentibus,
720 1953 1027 2020 Jtltltltlsqlle
1053 1948 1303 2020 omnibus
1346 1945 1703 2020 fugientibus;
1735 1953 1790 1997 et
1830 1945 1881 2020 in

287 2043 625 2080 communem
668 2024 914 2092 laqueum
942 2016 1192 2074 inciderit
1224 2016 1542 2092 _J_erusalen_i
1570 2016 1777 2092 ,_id_qtre
1803 2016 1880 2092 _in

289 2099 419 2166 ipsis
443 2086 890 2167 solemnitatibus,
923 2099 1194 2167 ut_nart_'at
1223 2087 1470 2167 historia,
1502 2087 1724 2167 Judaais,
1766 2086 1880 2167 gla-

286 2157 398 2231 dio,
431 2168 551 2235 igne
579 2177 634 2218 et
664 2165 828 2217 inutili
859 2163 1060 2235 gemitu
1082 2157 1419 2235 absurnptis_;_
1442 2158 1510 2210 ita
1544 2168 1599 2210 ut
1622 2164 1701 2210 tot
1727 2157 1884 2235 malis

289 2225 434 2307 ipsos
451 2225 907 2308 "opprimentibus
945 2234 1089 2286 clare
1117 2231 1326 2308 eveniat
1366 2227 1456 2280 illa
1499 2227 1779 2308 conversio
1803 2225 1879 2284 fe-

287 2299 490 2363 storum
511 2299 744 2375 ipsorum
768 2307 819 2359 in
843 2305 1062 2375 luctum,
1085 2311 1136 2375 et
1158 2299 1500 2375 canticorum
1518 2299 1567 2375 in
1590 2299 1880 2375 planctum;

289 2369 628 2433 manifestum
661 2385 761 2447 est,
793 2375 933 2447 quod
971 2373 1054 2427 his
1078 2373 1148 2447 ob
1179 2369 1361 2447 oculos
1389 2370 1599 2447 positis,
1627 2369 1883 2447 solnocci-

288 2451 430 2504 derit
474 2450 525 2501 iri
572 2439 823 2501 meridie.
861 2445 972 2498 Hoc
1001 2441 1327 2513 quippejam
1371 2439 1519 2513 dicta
1558 2439 1882 2513 significant.

293 2522 529 2573 Duorum
565 2533 693 2586 ergo
721 2530 982 2568 annorum
1003 2509 1174 2586 spatio
1205 2509 1402 2586 bellum
1422 2509 1635 2563 Judmos
1662 2510 1883 2586 absum—

310 2593 415 2653 isit,
446 2599 497 2643 et
521 2579 687 2656 usque
709 2587 774 2640 ad
807 2585 942 2639 hanc
962 2579 1104 2656 dicm
1131 2582 1330 2656 Judu'a:
1349 2579 1531 2656 luctus
1557 2581 1882 2656 esteuditur.

342 2649 548 2714 liienim
568 2649 648 2712 est
667 2657 962 2726 templum?
987 2654 1072 2708 ubi
1097 2649 1496 2726 sacerdotium?
1508 2652 1607 2726 _ubi
1627 2651 1886 2726 regnum?

291 2733 378 2784 ubi
414 2733 646 2800 impetus
677 2721 886 2781 illorum
913 2728 934 2779 ’ἰ
964 2728 1050 2780 uhi
1084 2727 1271 2800 civitas
1303 2721 1701 2800 leg_is?_0rnnia_
1735 2723 1887 2800 abie-

291 2809 437 2868 runt,
461 2791 638 2854 omnia
661 2800 921 2854 exstincta
945 2806 1090 2860 sunt,
1111 2795 1290 2868 munia
1312 2810 1346 2868 _a
1374 2792 1734 2868 fundamentis
1761 2791 1890 2845 sub-

293 2864 577 2925 lata'sunt
625 2869 951 2923 :occidente
999 2870 1112 2920 sole
1143 2907 1158 2931 ,
1208 2866 1261 2919 in
1311 2866 1510 2921 luctum
1566 2864 1708 2916 versi
1739 2871 1884 2915 sunt.

291 2943 424 3010 Quia
473 2956 602 3013 ergo
641 2941 739 3013 ista
787 2953 1098 3008 magnorum
1154 2942 1703 3013 mySIei-iorumcausa
1749 2932 1886 3013 facta

289 3005 436 3077 sunt,
470 3005 608 3081 quod
635 3005 1265 3081 Salvator—passusiesset
1291 3009 1452 3081 :_ideo
1483 3017 1535 3058 et
1562 3020 1658 3058 nos
1688 3005 1739 3058 in
1769 3005 1888 3057 sin-

290 3085 431 3152 gulis
458 3078 673 3136 Pascha:
697 3081 871 3152 festis,
899 3080 1134 3149 mysterii
1163 3078 1600 3152 significationem
1625 3090 1890 3131 renovare

293 3150 550 3208 conantes
570 3194 585 3218 ,
612 3151 824 3205 definita
858 3161 1096 3219 tempora
1138 3150 1438 3217 colligimus
1468 3155 1731 3216 quantum
1761 3159 1886 3219 pos-

293 3239 479 3278 sumus
503 3263 517 3286 ,
545 3231 600 3278 et
638 3223 898 3275 decimam
941 3218 1185 3289 quartam
1216 3222 1542 3274 assumimus
1574 3232 1680 3289 non
1713 3218 1886 3289 solum

294 3297 363 3348 ob
410 3294 541 3348 alias
585 3307 773 3346 causas
818 3286 984 3345 dictas
1016 3301 1069 3345 et
1112 3290 1182 3344 ob
1221 3291 1354 3344 alias
1400 3305 1504 3342 non
1555 3287 1758 3351 dictas;
1791 3286 1888 3340 sed

293 3369 453 3420 etiam
480 3364 621 3436 quod
645 3363 725 3416 sol
754 3362 1008 3436 occiderit
1030 3376 1081 3436 in
1106 3360 1433 3436 meridie,_ut
1455 3367 1889 3436 appareretnnon

297 3454 360 3491 ex
391 3427 513 3488 arte
532 3434 738 3498 Grmca,
771 3434 865 3486 sed
895 3447 959 3486 ex
991 3432 1193 3484 ultione
1225 3433 1473 3485 tenebras
1500 3427 1797 3499 prolicisci,
1833 3436 1890 3482 ut

294 3523 439 3575 sa'pe
467 3505 718 3566 diximus,
751 3511 1233 3575 nonconcurreute
1257 3502 1512 3575 lu_na,sed
1540 3500 1610 3550 ita
1641 3499 1850 3575 oriente
1870 3537 1885 3560 ,

296 3588 352 3630 ut
376 3567 505 3628 solis
530 3574 706 3628 cursui
736 3588 799 3626 ex
842 3567 1102 3626 dianietro
1133 3572 1377 3638 opposita
1402 3579 1567 3632 esset,
1598 3577 1653 3620 et
1684 3569 1764 3638 sic
1787 3607 1802 3627 ,
1834 3576 1894 3623 ut

295 3645 651 3717 quisidixerit,
681 3654 855 3717 mota,
889 3651 946 3696 ut
975 3637 1388 3717 quartadecima
1419 3648 1604 3706 esset,
1635 3637 1883 3694 miraculi

296 3711 440 3792 qugd
474 3714 738 3792 acciderat
761 3711 1253 3792 εἰεηυιιιρηιιιίὺυε
1283 3720 1565 3792 mter-muri.

367 3789 420 3844 5.
465 3780 953 3840 Assumitnus'item
985 3784 1339 3850 Parasceven,
1375 3782 1667 3836 Sabbatum
1695 3789 1749 3833 et
1784 3780 1892 3834 Do-

299 3858 551 3913 minicani
584 3856 652 3910 ob
696 3870 854 3924 supra
893 3855 1064 3924 dictas
1092 3859 1282 3907 causas
1307 3893 1322 3915 ,
1355 3863 1409 3907 et
1437 3861 1606 3907 totam
1650 3851 1893 3924 mysterii

301 3931 562 3983 rationem
609 3927 659 3979 in
703 3922 967 3981 concursu
1015 3923 1360 3978 delinitorum
1397 3933 1702 3992 temporum
1749 3922 1892 3976 cele-

302 4003 536 4060 brantes,
567 3996 874 4050 Judmorum
916 3997 1196 4060 insaniam,
1230 4004 1429 4049 etcum
1462 3995 1592 4062 ipsis
1620 4007 1725 4046 non
1757 4007 1890 4046 eon-

303 4071 642 4124 sentientium
672 4067 1044 4120 hacreticorum
1074 4066 1310 4119 furorem
1334 4067 1660 4133 rcSpuimus,
1696 4072 1890 4118 totum-

303 4155 405 4209 que
452 4141 815 4191 characterem
869 4138 1275 4209 restaurationis
1337 4136 1590 4209 universi
1615 4137 1667 4188 in
1739 4150 1892 4209 sacra

305 4206 526 4263 Pascha:
567 4209 927 4262 celebratione
962 4207 1299 4276 proferimus.
1335 4208 1468 4260 Cum
1507 4206 1649 4262 enim
1676 4206 1776 4259 sub
1805 4207 1890 4261 liis

303 4281 549 4335 Omnibus
587 4288 885 4347 temporum
936 4279 1230 4331 rationibus
1271 4277 1515 4330 Christus
1548 4291 1739 4346 passus
1783 4278 1888 4342 sit,

306 4365 527 4406 necesse
553 4359 635 4403 est
661 4360 713 4402 et
762 4364 858 4402 nos
890 4349 968 4402 sic
996 4347 1200 4401 Pascha
1250 4350 1556 4416 pcrsiilvere
1585 4387 1601 4412 ,
1629 4358 1889 4416 quantum

307 4436 590 4491 possumus
616 4439 628 4472 :
653 4419 792 4488 quod
816 4421 986 4491 si_qua
1014 4434 1083 4491 ex
1109 4419 1212 4491 illis
1239 4419 1473 4491 deliciat,
1500 4434 1619 4491 cum
1653 4419 1892 4491 periculo

304 4489 563 4545 claudicat
586 4491 825 4543 imitatio.
852 4489 1112 4556 Quoniam
1139 4489 1296 4557 igitur
1326 4490 1392 4542 de
1414 4490 1498 4542 his
1523 4489 1653 4541 satis
1672 4489 1890 4555 audisti,

305 4577 485 4631 opera:
516 4561 742 4629 pretium
771 4559 934 4613 fuerit
969 4575 1111 4613 nunc
1131 4561 1332 4623 dicere,
1358 4576 1453 4613 cur
1476 4559 1695 4613 Pascha:
1717 4560 1894 4613 decla-

306 4635 444 4686 ratio
476 4647 614 4684 nunc
644 4632 719 4684 sic
752 4633 874 4692 tiat,
908 4641 964 4684 ut
1002 4631 1053 4684 in
1083 4631 1306 4684 exordio
1337 4631 1604 4698 pollicitus
1631 4645 1767 4683 sum.
1802 4631 1895 4684 Di-

307 4703 507 4767 ximus,
540 4702 724 4764 frater,
759 4711 1007 4769 Oportere
1034 4701 1085 4754 in
1114 4703 1363 4768 passione
1387 4742 1403 4767 ,
1433 4710 1487 4754 et
1514 4702 1892 4768 mqninoctium

306 4772 894 4836 vernum,etdccimam
923 4781 1162 4838 quartam
1194 4773 1406 4835 lunam,
1436 4788 1543 4825 non
1573 4782 1698 4826 ante
1727 4774 1894 4842 acqui-

307 4848 542 4898 noctium
587 4854 641 4896 et
688 4845 976 4896 Salihatnm
1024 4853 1076 4896 et
1119 4843 1448 4896 Dominicam
1497 4858 1792 4897 assumere.
1837 4845 1892 4898 Si

306 4930 435 4982 ergo
474 4914 764 4981 aliquando
793 4915 1077 4981 contigerit
1116 4912 1380 4966 decimam
1425 4925 1669 4982 quartam
1711 4914 1893 4968 lunam

307 4994 433 5038 ante
463 4985 838 5052 a:quinoctium
874 4985 1128 5048 incidere,
1161 4985 1303 5036 illam
1329 4984 1620 5051 rejicimus,
1651 4995 1705 5037 et
1730 4986 1890 5038 aliam

308 5059 750 5127 qna:rinurs,qutc
776 5053 936 5127 debet
962 5065 1080 5127 post
1103 5056 1479 5121 :cquinoctium
1506 5071 1624 5108 βεδε
1649 5073 1662 5107 :
1696 5066 1750 5111 et
1773 5067 1897 5110 tunc

311 5126 569 5194 contingit
599 5140 836 5178 mensem
866 5126 1179 5193 injectitiunr
1212 5141 1352 5190 esse,
1375 5127 1544 5179 donec
1571 5130 1772 5180 oriatur
1801 5127 1897 5182 de-

309 5198 446 5249 cima
481 5206 664 5262 quarta
698 5203 816 5262 post
844 5196 1238 5263 aequinoctium.
1272 5196 1422 5251 Nunc
1448 5208 1622 5252 autem
1647 5240 1661 5262 ,
1696 5200 1894 5265 frater,

315 5269 366 5320 in
397 5267 646 5335 prassenti
678 5265 936 5318 Paschate
979 5278 1162 5334 quarta
1206 5266 1410 5320 decima
1455 5269 1638 5322 incidit
1684 5270 1898 5326 duobus

311 5339 521 5408 circiter
542 5336 729 5389 diebus
751 5345 872 5408 ante
897 5337 1291 5401 aequinoctium,
1319 5353 1414 5391 nec
1434 5339 1673 5392 adhiberi
1699 5350 1892 5408 potest.

314 5406 434 5460 Ideo
457 5408 742 5478 quau'imus
768 5416 822 5458 ut
851 5407 1051 5460 lunaris
1080 5409 1278 5461 mensis
1312 5409 1547 5473 liniatur,
1583 5421 1639 5463 ut
1666 5406 1898 5478 sequen-

314 5476 954 5548 temquartamdecimam
975 5493 1328 5541 assumamus,
1350 5489 1402 5532 et
1424 5481 1473 5532 in
1501 5482 1583 5534 illa
1600 5476 1899 5539 Servatoris

314 5547 550 5618 mensem
609 5547 966 5602 celebremus.
1003 5548 1182 5602 Mense
1228 5550 1385 5618 igitur
1432 5554 1769 5618 einbadismo,
1804 5569 1897 5608 seu

312 5617 592 5693 injectitio,
615 5631 746 5684 Opus
769 5617 1047 5693 habemus.
1068 5617 1274 5693 Etenim
1301 5631 1355 5693 ut
1377 5623 1622 5693 vidimus,
1649 5624 1691 5676 si
1714 5617 1899 5693 quarta

314 5688 517 5761 decima
547 5689 667 5740 luna
698 5699 821 5740 ante
847 5689 1219 5761 aequinoctium
1250 5691 1468 5755 incidat,
1503 5708 1603 5747 nos
1634 5688 1745 5746 non
1767 5695 1853 5749 illa
1881 5736 1895 5761 ,

315 5760 406 5812 sed
451 5765 710 5828 sequente
749 5767 869 5825 post
916 5759 1297 5828 mquinoctium
1348 5775 1483 5827 Opus
1535 5765 1776 5818 habere:
1821 5759 1900 5819 sic

315 5842 522 5884 rursum
552 5828 597 5883 si
625 5839 809 5897 quarta
840 5829 1044 5884 decima
1070 5830 1194 5884 luna
1222 5845 1344 5886 cum
1370 5833 1643 5890 Uominica
1668 5850 1896 5890 concur-

1638 349 1701 406 [Ν
1742 346 2015 406 PASCIIA
2057 346 2168 405 \‘ll.

3484 346 3586 403 7M

1981 472 2088 528 rat,
2114 460 2255 516 hanc
2286 475 2391 516 non
2419 460 2756 517 celebramus
2783 457 3117 515 Dominieam
3144 459 3580 517 resurrectionis.

1979 534 2074 586 sed
2109 541 2424 601 sequentem
2458 532 2792 601 Dominicam
2833 531 3160 586 assumimus
3183 571 3199 596 ,
3228 531 3358 600 quia
3389 541 3581 601 quarta

1977 600 2199 657 decima
2220 603 2485 671 passionis
2527 611 2613 658 est
2645 621 2658 657 :
2689 603 2743 657 in
2774 600 2876 657 bac
2919 602 3066 656 enim
3096 615 3288 671 passus
3317 612 3404 656 est
3429 600 3585 656 etin.

1978 687 2120 739 stus,
2147 674 2442 729 l'arasceve
2463 683 2854 737 concurrente;
2884 682 2940 726 et
2961 671 3100 727 sicut
3120 671 3454 728 Parasceven
3479 687 3589 728 non

1979 753 2039 798 ut
2067 745 2209 799 diem
2245 743 2659 800 resurrectionis
2685 742 3052 815 agnoscimus,
3097 744 3177 798 sic
3205 753 3585 815 nec_quartant

1979 816 2243 869 decimam
2274 829 2397 870 eum
2431 816 2516 869 illa
2544 813 2976 871 concurrentcm.
3000 814 3130 882 Quae
3159 828 3290 870 vero
3312 813 3592 870 Dominica

1981 901 2081 966 pro
2108 887 2504 966 resurrectione
2531 887 2873 966 assignatur,
2894 900 3034 966 .pura
3067 884 3136 966 sit
3161 893 3375 966 oportet
3405 900 3436 940 a
3463 900 3592 955 pas-

1980 961 2154 1013 sione.
2185 957 2244 1012 Si
2268 971 2400 1028 ergo
2441 956 2494 1028 in
2550 955 2931 1028 illa’inciderit
2981 955 3249 1028 passionis
3290 971 3548 1011 numerus
3573 993 3593 1022 ,

1979 1028 2071 1097 qui
2100 1036 2184 1082 est
2221 1026 2425 1098 quarta
2453 1027 2679 1083 decima:
2710 1029 2871 1092 lunc,
2902 1026 3185 1098 haetnissa
3211 1026 3320 1090 die,
3354 1041 3592 1095 sequen-

1984 1096 2091 1153 tem
2124 1107 2181 1152 ut
2212 1096 2462 1166 passione
2488 1113 2674 1167 puram
2701 1096 3113 1168 sequimur.Cur
3137 1098 3280 1168 enim
3309 1098 3364 1151 in
3392 1111 3595 1167 propo-

1982 1170 2088 1224 sito
2128 1169 2284 1224 nobis
2313 1171 2382 1224 sit
2413 1169 2696 1224 Dominum
2728 1167 2923 1222 imitari
2957 1169 3008 1222 in
3044 1167 3293 1237 passione
3321 1177 3378 1223 et
3412 1182 3595 1222 resur-

1983 1240 2247 1305 rectione,
2271 1240 2626 1306 Dominicam,
2643 1255 2804 1310 quam
2824 1240 3205 1310 resurrectioni
3228 1239 3590 1310 assignamus,

1983 1324 2012 1363 a
2031 1311 2279 1381 passione
2292 1325 2499 1381 puram,
2521 1320 2571 1364 ut
2592 1309 2847 1365 Dominus
2860 1309 3006 1374 fecit,
3025 1309 3399 1377 observamus,
3416 1309 3598 1381 indie-

1985 1379 2086 1435 bns
2109 1397 2229 1450 quze
2251 1379 2393 1434 illam
2425 1381 2729 1449 prmeedunt
2749 1381 3054 1450 passionem
3079 1381 3436 1450 assignantes.
3457 1379 3596 1448 Quia

1985 1466 2123 1524 vero
2134 1449 2234 1506 hoc
2262 1451 2536 1524 intelligis,
2547 1452 2600 1522 ja
2609 1449 2828 1524 indictis
2843 1450 3085 1506 attende.
3101 1449 3264 1506 Biduo
3279 1461 3405 1506 ante
3426 1454 3595 1520 tequi-

1985 1523 2245 1583 noctium,
2276 1522 2476 1586 utdixi,
2502 1522 2918 1577 acciditdecima
2948 1529 3136 1590 quarta
3166 1524 3289 1576 luna
3321 1537 3334 1574 :
3365 1537 3589 1578 necesse

1985 1604 2263 1649 autemest
2284 1594 2420 1647 hanc
2441 1595 2791 1656 ditnittere,et
2807 1603 3269 1663 sequentem,qu:e
3290 1603 3412 1662 post
3428 1595 3598 1663 arqui-

1987 1665 2222 1718 noctium
2252 1665 2468 1730 accidit,
2499 1678 2799 1718 assumere.
2848 1664 3040 1718 Verum
3071 1664 3187 1717 ha:c
3227 1679 3441 1719 rursum
3471 1680 3593 1733 quze

1987 1739 2266 1788 concurrit
2301 1750 2423 1789 cum
2475 1734 2929 1806 vigesimaisexta
2972 1734 3061 1788 die
3104 1735 3309 1789 mensis
3353 1735 3595 1806 septimi,

1986 1808 2259 1860 concurrit
2325 1808 2487 1860 etiam
2539 1805 2670 1860 cum
2735 1805 3030 1876 Dominiea.
3087 1807 3221 1872 Quia
3275 1805 3426 1876 ergo
3467 1822 3588 1863 rur-

1988 1891 2081 1931 sus
2137 1877 2364 1950 decima
2396 1886 2583 1950 quarta
2635 1877 2757 1950 luna
2798 1890 2920 1930 cum
2955 1875 3588 1950 Demitur-accucurrit,

1988 1948 2399 2012 resurrectionis
2427 1947 2618 2002 festum
2644 1948 2693 2000 in
2719 1957 3035 2016 sequentem
3060 1947 3390 2001 Dominicam
3411 1957 3591 2002 trans-

1992 2017 2216 2072 ierimus
2240 2059 2254 2080 ,
2300 2034 2418 2087 quae
2448 2033 2477 2072 a
2512 2019 2776 2086 passionis
2817 2033 3042 2075 numero
3073 2020 3235 2072 libera
3263 2030 3346 2072 est
3371 2059 3390 2084 ,
3431 2033 3480 2072 et
3512 2020 3594 2074 sic

1990 2090 2266 2158 vigesinue
2293 2098 2459 2144 sexta:
2488 2090 2702 2159 septimi
2735 2091 2938 2144 mensis
2963 2088 3356 2144 hebdomadam
3383 2091 3594 2146 adden-

1992 2160 2305 2232 tes,_octavi
2351 2162 2557 2215 mensis
2601 2159 2838 2232 secunda
2868 2161 3323 2232 resurrectionem
3354 2162 3589 2232 agimus.

1993 2227 2062 2283 Et
2093 2229 2207 2283 [nec
2233 2245 2392 2285 causa
2421 2240 2503 2285 est
2531 2232 2766 2298 hujusce
2787 2229 3187 2286 declarationis.
3222 2232 3376 2298 Quod
3390 2227 3448 2288 'si
3478 2235 3598 2301 quis

1990 2301 2360 2374 contradicere
2387 2303 2511 2356 relit
2533 2303 2676 2356 circa
2700 2302 3010 2374 vigesiman
3037 2310 3245 2357 sextam
3273 2305 3416 2358 diem
3440 2303 3599 2374 hujus

1992 2372 2214 2435 mensis,
2244 2381 2297 2425 et
2326 2373 2508 2428 dicere
2530 2414 2544 2439 ,
2578 2388 2718 2426 nunc
2749 2373 3083 2428 Dominicam
3111 2390 3232 2428 cum
3274 2383 3464 2441 quarta
3493 2372 3592 2430 de-

1991 2443 2130 2516 cima
2157 2443 2370 2516 mensis
2407 2445 2608 2498 lunaris
2628 2457 2956 2499 concurrere
2977 2485 2995 2512 ,
3029 2445 3074 2498 is
3105 2446 3368 2511 mittatur,
3396 2446 3442 2501 si
3471 2446 3595 2516 qui-

1991 2513 2115 2567 dem
2138 2514 2286 2580 velit,
2309 2514 2375 2568 ad
2397 2529 2458 2567 ea
2482 2530 2602 2583 qua:
2628 2524 2817 2569 contra
2842 2517 2997 2570 allata
3025 2524 3184 2578 sunt;
3209 2527 3262 2569 et
3281 2513 3594 2574 Grzecorum

1993 2585 2264 2653 sapientes
2302 2585 2369 2638 ad
2401 2584 2504 2639 hoc
2535 2595 2700 2641 testes
2727 2587 2990 2654 accipiat,
3035 2587 3176 2654 quod
3218 2596 3382 2642 totam
3413 2586 3600 2644 Domi-

1994 2655 2170 2709 nicam
2215 2665 2270 2710 et
2299 2654 2439 2728 hanc
2468 2665 2523 2710 et
2571 2665 2888 2725 sequentem
2917 2667 3128 2711 noctem
3162 2659 3274 2712 fere
3316 2673 3487 2728 usque
3527 2659 3596 2714 ad

1998 2735 2313 2794 sequentem
2346 2727 2489 2782 diem
2523 2737 2713 2795 quarta
2741 2728 2949 2797 decima
2993 2729 3113 2782 luna
3143 2727 3588 2797 comprehendat.

1995 2798 2073 2866 Ac
2096 2810 2253 2850 nemo
2278 2797 2436 2862 dicat,
2462 2812 2752 2866 numquam
2781 2796 2883 2852 hoc
2907 2800 3010 2852 ritu
3038 2799 3239 2854 Pascha
3267 2796 3599 2856 celebratum

1995 2865 2180 2933 fuisse.
2219 2867 2451 2934 llujusce
2476 2869 2554 2922 rei
2585 2865 2782 2923 multos
2813 2869 3072 2924 habemus
3114 2879 3278 2925 testes
3312 2881 3366 2925 et
3396 2887 3602 2926 memo-

1997 2951 2103 2990 res.
2134 2937 2331 3012 Deinde
2352 2954 2568 3012 ca,qua:
2596 2955 2886 3009 numquam
2912 2956 3035 2996 vera
3059 2951 3204 3006 sunt,
3221 2958 3510 3012 numquam
3528 2960 3601 2999 ex

1997 3010 2226 3082 scientia
2253 3011 2644 3075 conciliantur;
2687 3012 3030 3079 sedsemper
3072 3015 3331 3082 qua'ritnr
3359 3010 3599 3068 sitientia:

2002 3080 2163 3154 ratio,
2185 3089 2237 3134 et
2262 3094 2406 3151 sa'pe
2433 3095 2520 3134 res
2548 3082 2656 3134 cito
2681 3082 2897 3154 accidit,
2925 3097 3070 3154 saepe
3092 3080 3288 3152 citius,
3304 3092 3360 3139 et
3388 3099 3602 3139 sursum

1999 3149 2235 3224 tardiu§i
2288 3149 2543 3224 et'_nemo
2587 3152 2790 3222 peritus
2832 3149 3612 3224 ina-qualitatemitemporum.

1996 3221 2243 3297 attendit,
2272 3221 2365 3275 sed
2395 3222 2664 3297 rationum
2691 3221 3278 3297 concentum.Quoties
3297 3221 3453 3297 putas
3470 3241 3599 3297 prae-

2000 3290 2172 3343 teritis
2195 3290 2526 3360 temporibus
2541 3292 2742 3366 dictum
2760 3292 2949 3366 fuisse,
2967 3296 3059 3348 sed
3082 3290 3378 3366 numquam
3394 3290 3596 3354 fac-turn

1996 3371 2076 3413 est
2104 3401 2117 3422 ,
2150 3370 2201 3413 et
2236 3369 2412 3414 tamen
2450 3375 2539 3414 ars
2565 3362 2810 3418 obtinet?
2854 3364 2991 3429 Quid
3041 3362 3611 3424 autem—discriminis

1997 3430 2266 3508 est‘mam
2284 3432 2373 3501 qui
2395 3442 2581 3486 contra
2611 3441 2775 3508 stant,
2811 3432 3048 3508 fatentur
3064 3451 3209 3508 saepe
3234 3438 3607 3507 accidisse,ut

1996 3501 2253 3575 vigesima
2294 3516 2433 3557 nona
2465 3502 2679 3575 mensis
2709 3505 2920 3575 septimi
2956 3501 3161 3562 Pascha
3206 3501 3595 3566 celebraretur.

2001 3570 2228 3650 _l)c_mu_r_n
2258 3576 2437 3650 agitur
2481 3573 2550 3629 de
2595 3570 2891 3650 trib‘us'aut
2935 3587 3165 3650 quatuor
3193 3580 3419 3646 diebus,
3463 3597 3613 3650 quas.

1999 3641 2124 3696 huic
2153 3641 2454 3721 disciplinae
2480 3641 3069 3721 concedererenuimt.
3103 3649 3259 3706 Unde
3284 3641 3417 3721 ergo
3445 3641 3598 3707 inex-

1998 3723 2246 3794 spectata.
2261 3715 2411 3794 venit
2442 3715 2557 3770 haec
2581 3715 2891 3794 dubitatio?
2917 3717 3322 3794 Sed‘mirantur
3345 3715 3489 3794 quod
3524 3723 3606 3778 sic

1999 3785 2336 3858 inrequalit‘er
2362 3796 2634 3858 quantum
2674 3788 2740 3841 ad
2771 3797 2984 3858 tempus
3028 3790 3232 3846 Pascha
3277 3785 3602 3848 celibretur.

2003 3854 2202 3930 Verum
2249 3855 2375 3910 illud
2399 3854 2596 3930 peritis
2619 3859 2817 3912 mirum
2863 3854 2969 3914 non
3009 3870 3111 3916 est.
3163 3861 3327 3916 Vides
3352 3905 3367 3927 ,
3398 3864 3562 3919 frater
3587 3905 3608 3930 ,

1999 3927 2240 4048 poeticos
2261 3937 2352 3980 aut
2374 3928 2605 3997 tragicos
2627 3940 2869 3994 ornatus,
2893 3933 3163 4000 quomodo
3185 3934 3263 3987 illi
3286 3934 3393 3988 sint
3414 3927 3604 4000 eriles,

2019 3997 2052 4048 ri
2076 3996 2350 4048 exiliores.
2378 3999 2468 4048 alii
2492 4012 2621 4048 vero
2644 3999 2881 4048 latiores.
2915 4003 3023 4048 llos
3044 4019 3174 4048 vero
3204 4005 3435 4048 inrnprili
3460 4020 3604 4048 mm.

2019 3997 2052 4048 ii
2076 3996 2350 4077 exiliores,
2378 3999 2468 4052 alii
2492 4012 2621 4077 vero
2644 3996 3023 4077 latiores._llos
3044 4019 3174 4077 vero
3204 4005 3436 4077 imperiti
3460 3996 3608 4075 proo-

1999 4081 2093 4122 sus
2139 4070 2436 4143 mirantur,
2471 4070 2629 4143 ut‘ita
2671 4073 2989 4140 simpliciter
3036 4070 3366 4143 dispositos;
3413 4070 3606 4134 artifex

2001 4149 2131 4215 vero
2161 4140 2249 4206 qui
2282 4149 2513 4215 metrum
2541 4138 2835 4197 harmonia:
2865 4145 3012 4199 novit
3037 4186 3052 4209 ,
3081 4138 3212 4200 artis
3246 4138 3458 4215 planam
3499 4152 3612 4204 scit

2000 4209 2285 4287 rationem,
2320 4211 2420 4264 etsi
2451 4210 2713 4287 linearum
2743 4225 3070 4287 conspectus
3110 4209 3388 4287 inmqualis
3417 4219 3605 4274 videa-

2000 4287 2108 4333 tur.
2136 4279 2309 4352 _Nunc
2335 4289 2486 4336 certe
2512 4323 2528 4347 ,
2560 4282 2728 4340 frater
2752 4326 2766 4352 ,
2797 4279 2914 4340 die's
2945 4279 3360 4347 resurrectionis
3405 4300 3486 4345 est
3516 4306 3605 4344 se-

2007 4350 2182 4435 cunda
2213 4352 2661 4435 mensispctavi;
2696 4350 2838 4435 anno
2871 4366 3060 4412 autem
3079 4361 3324 4435 sequenti
3348 4402 3364 4424 ,
3396 4360 3616 4435 decima

2009 4427 2236 4505 septima
2269 4427 2471 4502 mensis
2497 4427 2752 4505 septimi,
2777 4438 2832 4481 et
2862 4445 3073 4505 rursum
3103 4427 3173 4483 ῆι(
3188 4433 3430 4505 sequenti
3463 4447 3604 4486 nona

2000 4501 2214 4560 septimi
2244 4501 2446 4574 mensis
2471 4501 2572 4548 erit
2598 4536 2612 4559 ,
2645 4512 2706 4550 ac
2733 4513 2918 4574 rursus
2950 4503 3111 4574 tertio
3140 4517 3283 4574 anno
3302 4543 3316 4568 ,
3349 4503 3604 4573 vigesima

2002 4577 2142 4644 nona
2161 4565 2359 4644 mensis
2381 4564 2496 4644 dies
2509 4569 2927 4644 resurrectionis
2940 4564 3320 4640 assignabitur':
3340 4564 3608 4644 neiuoque

2003 4633 2103 4688 hac
2130 4635 2182 4715 in
2211 4650 2269 4689 re
2300 4635 2532 4702 larditur,
2563 4640 2938 4715 nemo_dolet_;
2973 4633 3078 4715 sed
3094 4659 3288 4698 omnes
3318 4646 3450 4698 artis
3475 4633 3610 4699 har-

2004 4710 2240 4758 moniam
2287 4716 2577 4773 quaerunt,
2612 4720 2666 4762 et
2713 4710 2780 4764 de
2825 4712 2902 4766 rei
2954 4713 3176 4766 scientia
3227 4715 3498 4770 laetantur.
3550 4716 3616 4771 Id

2003 4777 2145 4858 enim
2176 4777 2349 4858 solum
2372 4787 2664 4858 spectatur,
2697 4791 2755 4834 ut
2779 4781 2986 4858 decima
3014 4795 3203 4853 quarta
3236 4786 3360 4858 luna
3389 4786 3476 4840 illa
3500 4803 3608 4843 non

2001 4855 2126 4900 ante
2155 4854 2535 4914 aequinoctium
2569 4865 2788 4905 vernum
2816 4854 2916 4918 sit,
2940 4864 2993 4907 et
3019 4865 3078 4909 ut
3112 4856 3385 4910 llominica
3415 4858 3482 4910 ad
3511 4874 3603 4914 re-

2005 4923 2394 4993 surrectionem
2442 4920 2708 4993 assignata
2750 4938 2779 4975 a
2806 4924 3015 4978 decima
3053 4937 3241 4993 quarta
3284 4927 3404 4980 luna
3438 4929 3606 4983 libera

2003 4987 2090 5041 sit.
2120 4989 2232 5054 Qua
2259 4990 2503 5069 deleatrsa
2525 4987 2853 5069 quaestiones
2868 4987 3104 5060 movent,
3128 5000 3214 5065 qui
3239 4998 3426 5052 calculi
3456 5002 3611 5069 periti

2005 5069 2280 5137 non_sunt.
2317 5061 2537 5137 Oportet
2567 5063 2711 5115 enim
2740 5065 3002 5120 decimam
3030 5061 3274 5137 quartam
3309 5071 3363 5124 in
3392 5061 3608 5124 lie-bdo-

2006 5131 2164 5206 tuada
2192 5131 2618 5206 autedelinitam
2653 5131 3100 5206 resurrectionem
3131 5143 3461 5206 centingere.
3500 5143 3605 5195 Sed

2005 5202 2048 5255 si
2073 5201 2376 5281 rquidenrin
2406 5201 2762 5281 hebdomadte
2783 5209 2958 5281 Spatia
2984 5209 3263 5281 acciderit,
3293 5201 3419 5266 tunc
3441 5212 3610 5268 facilis

2005 5280 2087 5326 est
2116 5272 2389 5346 inventio;
2417 5275 2460 5346 si
2492 5290 2615 5329 vero
2646 5275 2696 5328 in
2728 5272 3063 5346 Dominie-mr
3089 5272 3306 5346 incidat,
3334 5284 3422 5336 hic
3452 5300 3612 5338 accu-

2006 5353 2123 5423 rate
2155 5343 2543 5423 providendum
2575 5355 2681 5400 est.
2725 5345 2857 5400 Nam
2885 5349 2981 5416 qui
3019 5365 3133 5423 rem
3167 5366 3271 5423 non
3295 5343 3607 5423 inquirunt,

2007 5415 2276 5494 interdum
2293 5429 2400 5468 non
2415 5414 2680 5495 decimam
2696 5414 2962 5495 quartam,
2977 5419 3074 5495 sed
3093 5421 3356 5477 decimam
3372 5414 3611 5495 quintam

2007 5485 2208 5562 erroris
2238 5499 2454 5562 causam
2483 5485 2685 5562 faciunt
2752 5490 2898 5559 quod
2923 5492 3084 5545 etiam
3113 5495 3164 5546 in
3196 5485 3452 5562 prmeeriti
3473 5512 3608 5551 eon-

2009 5557 2145 5625 ligit.
2179 5556 2440 5634 Debettrus
2479 5571 2619 5634 ergo
2644 5557 2694 5634 in
2724 5556 2808 5614 his
2844 5570 3026 5634 stare,
3057 5573 3111 5616 et
3156 5556 3462 5634 agnoscere
3496 5583 3608 5622 rem

2009 5641 2148 5707 nunc
2169 5627 2432 5680 concinne
2459 5627 2785 5707 dispositam
2801 5645 2949 5707 esse._
2971 5633 3095 5707 Haec
3109 5627 3341 5691 sciamus
3361 5647 3575 5707 oportet
3595 5655 3607 5668 ·

2007 5706 2064 5750 et
2085 5709 2235 5775 ante
2258 5708 2601 5775 _sequcntem_
2648 5699 3042 5757 hebdomadam
3073 5705 3173 5760 hac
3202 5708 3271 5761 de
3316 5724 3374 5762 re
3398 5699 3609 5764 'certam

2008 5768 2232 5836 quisque
2258 5765 2858 5847 habeat_opiniou_em,et
2881 5775 3053 5847 sciant
3084 5775 3220 5831 hanc
3244 5781 3466 5847 primum
3487 5795 3609 5836 esse

2018 5854 2083 5892 ex
2122 5847 2329 5909 septem
2381 5840 2829 5912 hebdomadibus,
2878 5846 2928 5900 in
2953 5862 3055 5917 qua
3093 5840 3301 5918 oportet
3343 5851 3607 5920 jejeiiare.
