4194 6318
569 251 675 312 759

570 385 710 424 mam
740 363 1191 436 longsnirnitatem
1233 362 1798 436 segniscvatlasnncn
1830 370 1881 415 te
1924 375 2141 436 semper

566 431 922 506 voluptatibus
937 435 1118 489 dedas.
1145 434 1218 489 Ne
1235 431 1404 498 dicas,
1427 433 1638 506 Interim
1652 431 1807 506 fruar
1831 432 2139 506 cupiditate,

573 502 780 564 interim
826 515 942 559 utar
975 506 1252 573 jnventute
1289 521 1301 556 :
1334 505 1508 558 veniet
1547 502 1774 555 subinde
1817 503 2143 573 ptnuitentite

567 589 806 646 tempus;
838 591 956 630 cras
978 571 1345 646 paniteutiam
1371 589 1552 646 agam;
1586 571 1883 646 senectutis
1903 582 2144 646 tempore

569 642 729 702 vitam
759 642 1095 714 componam.
1119 645 1278 698 Vana:
1300 655 1422 698 sunt
1449 642 1747 709 hujusniodi
1772 643 2142 714 cogitationes;

569 718 706 772 findi
757 717 842 769 illa
876 713 962 768 tua
1003 713 1573 785 cupiditatisiconsilia
1609 729 1622 764 :
1653 715 1794 766 malo
1839 713 2142 785 consiliario

569 788 733 843 uteris
758 787 1048 854 voluptate.
1076 783 1265 850 _Dicis,
1296 784 1471 838 IIodie
1519 795 1794 854 peccatum
1834 783 2143 854 admittam,

569 872 687 913 cras
705 851 1068 926 ptpuitentiam
1087 870 1257 924 agam.
1277 856 1357 910 Au
1381 851 1713 926 domi’iniscs
1738 853 1842 907 diei
1866 851 2146 926 cras-tium?

571 930 691 996 quis
706 921 815 981 'ti'bi
843 927 947 980 diei
977 921 1224 980 crastinre
1251 924 1518 996 sponsor?
1547 923 1601 980 Si
1627 923 1910 996 diligenter
1936 921 2144 986 audias,

572 994 905 1066 nequetotus
937 996 1224 1048 hodiernus
1250 995 1365 1049 dies
1400 1003 1478 1049 est
1511 1004 1630 1048 tuus
1665 1011 1676 1045 :
1709 994 1826 1060 ejus
1859 1007 1979 1066 pars
2011 1007 2147 1061 pra:-

573 1063 714 1122 teriit
740 1108 754 1131 ,
788 1081 905 1135 pars
933 1075 1180 1135 superest
1215 1082 1227 1117 :
1262 1065 1347 1118 illa
1370 1067 1478 1134 jam
1509 1081 1611 1119 non
1632 1076 1716 1118 tua
1741 1075 1840 1127 est,
1879 1063 1991 1117 haec
2014 1077 2150 1116 non-

571 1139 698 1191 dum
732 1133 839 1188 tua.
871 1136 962 1189 Ais
997 1133 1009 1188 ὲ
1040 1133 1208 1188 Fruar
1228 1133 1387 1190 hodie
1417 1135 1706 1203 voluptate,
1739 1149 1858 1188 cras
1879 1135 2148 1202 pmniten-

574 1210 699 1260 tiam
745 1222 916 1274 agam.
954 1205 1106 1272 Quod
1159 1205 1322 1260 habes
1352 1207 1641 1274 voluptati,
1691 1204 1832 1273 quod
1865 1219 1966 1258 non
2000 1215 2146 1256 tuum

571 1285 676 1339 est,
708 1275 1035 1345 poenitentia:
1056 1276 1317 1344 deputas?
1346 1276 1460 1329 Meo
1493 1277 1666 1344 potius
1696 1275 1922 1329 consilio
1950 1282 2100 1328 utere
2129 1289 2142 1325 :

578 1346 887 1400 hodiernam
918 1346 1058 1399 diem
1091 1347 1415 1413 ptenitentize
1435 1384 1451 1410 ,
1507 1356 1722 1414 peccato
1750 1361 1817 1398 ne
1861 1346 2148 1398 crastinam

574 1416 788 1484 quidem
815 1415 1030 1484 deputa.
1055 1415 1178 1468 Ideo
1209 1415 1426 1483 pulchre
1467 1415 1644 1469 divina
1675 1415 1946 1485 Scriptura
1972 1415 2152 1469 diver-

575 1488 651 1540 sis
677 1501 779 1540 nou
813 1487 982 1540 modis
1025 1501 1052 1537 a
1087 1497 1302 1551 peccato
1332 1496 1544 1540 revocat
1589 1509 1601 1536 :
1651 1485 1835 1548 Ilodie,
1886 1486 2073 1553 inquit,
2106 1485 2153 1538 si

574 1573 741 1610 vocent
771 1557 878 1627 ejus
925 1555 1205 1627 audieritis,
1246 1557 1410 1627 nolite
1449 1557 1714 1627 obdurare
1766 1557 1920 1609 corda
1965 1567 2147 1618 vestra.

574 1628 701 1680 sicut
716 1627 767 1679 in
793 1626 1186 1680 rexacerbatione
1233 1626 1402 1697 (Psal.
1437 1626 1522 1682 94.
1558 1629 1658 1697 8)}
1691 1635 1764 1691 et,
1797 1626 2152 1678 Adhortamini

577 1697 898 1766 vosmetipsos
925 1695 1252 1769 donecliodie
1276 1699 1564 1769 nominatur
1586 1695 1840 1769 (Περι-ηδ.
1875 1697 1983 1764 I3).
2018 1697 2150 1750 Nam

579 1773 680 1821 hoc
708 1783 917 1835 quoque
944 1767 1078 1820 mala
1109 1781 1250 1835 saepe
1278 1767 1520 1821 diabolus
1549 1767 1663 1821 arte
1691 1767 1836 1820 facit.
1869 1769 2001 1820 Cum
2032 1769 2151 1820 atii-

582 1783 680 1821 noc
708 1783 917 1889 quoque
944 1783 1078 1820 mzna
1109 1783 1250 1835 saepe
1278 1783 1520 1821 uianotus
1549 1783 1663 1821 arte
1691 1783 1836 1820 iacit.
1869 1783 2001 1820 hum
2032 1784 2149 1820 ani-

582 1852 725 1891 mum
759 1838 805 1888 vi
849 1847 902 1890 et
930 1838 978 1889 in
1010 1848 1344 1903 peccatorum
1371 1852 1585 1891 sensum
1615 1839 1815 1902 venire,
1844 1853 1905 1890 ac
1945 1838 2149 1905 suppli-

575 1908 645 1962 cii
675 1905 833 1960 finem
875 1907 1127 1977 cogitare,
1161 1907 1292 1962 tales
1316 1909 1548 1961 immittit
1572 1911 1919 1977 Cogitationes
1942 1908 2154 1962 :Juuior

583 1991 740 2038 sum,
785 1978 886 2030 erit
932 1976 1258 2044 paenitentia:
1291 1989 1527 2046 tempus,
1577 1976 1785 2030 interim
1836 1979 1994 2032 hodie
2036 1988 2154 2031 utar

581 2047 965 2115 prmsentibus,
1018 2047 1232 2100 interim
1282 2048 1419 2101 hanc
1467 2049 1719 2102 obtinebo
1769 2049 1948 2114 litem,
2008 2049 2153 2101 illum

582 2118 741 2188 talem
771 2118 1013 2179 ulciscar,
1038 2117 1146 2188 hac
1172 2117 1637 2188 cupiditatefruar,
1658 2133 1718 2171 ac
1745 2118 1956 2172 demum
1984 2120 2156 2186 potni-

588 2187 808 2240 tentiam
834 2202 1007 2253 agam.
1035 2186 1190 2240 Venit
1217 2186 1407 2242 iterum
1432 2187 1547 2241 dies
1609 2191 1858 2250 crastina,
1914 2189 2158 2242 easdem—

579 2271 687 2327 que
734 2257 822 2311 tibi
861 2257 1097 2309 immittit
1139 2258 1508 2327 cogitationes,
1561 2258 1746 2310 iisdem
1799 2268 1849 2311 te
1892 2258 2159 2326 intercipit

583 2325 865 2398 diabolicis
937 2325 1264 2380 ratiociniis:
1298 2326 1532 2380 futurum
1583 2329 1856 2393 ostendit,
1921 2325 2158 2398 praesens

585 2395 851 2449 subtrahit
881 2409 896 2448 :
949 2405 1110 2462 atque
1140 2398 1207 2450 ita
1238 2399 1494 2465 quotidie,
1526 2398 1577 2451 in
1609 2399 1858 2466 pricsenti
1909 2395 1959 2453 te
2006 2399 2158 2452 volu-

587 2467 814 2532 ptatibus
833 2467 1100 2530 detinens,
1131 2469 1178 2519 iu
1201 2469 1434 2521 crastino
1467 2470 1787 2537 pcenitentim.
1811 2484 1959 2537 spem
1985 2478 2164 2523 osten-

585 2537 920 2607 deus,_vitaiu
943 2547 1082 2589 tuam
1110 2539 1432 2605 quotidianis
1463 2543 1515 2591 in
1549 2540 1776 2607 peccatis
1806 2540 2088 2593 consumit.

657 2605 706 2658 2.
742 2605 819 2658 Τιι
853 2621 978 2659 vero
1020 2617 1202 2678 cootra
1233 2605 1559 2678 voluptatein
1587 2607 1752 2662 milita
1785 2623 1798 2660 :
1828 2610 1948 2663 audi
1985 2610 2167 2664 Domi-

587 2692 712 2729 num
740 2678 1098 2756 epulantem:
1127 2677 1248 2730 Esto
1279 2677 1716 2756 hodielienet'olus
1737 2679 2026 2756 aduersario
2054 2691 2160 2756 tuo,

590 2746 829 2811 quamdiu
855 2762 906 2799 es
934 2749 986 2799 in
1012 2748 1108 2820 acia
1152 2763 1265 2800 cum
1312 2747 1614 2820 eo(.l!zittlt.
1660 2749 1714 2805 5.
1759 2750 1888 2819 25).
1938 2750 2164 2820 Expedit

587 2831 716 2869 sane
745 2827 852 2869 tum
881 2819 1146 2889 omnibus,
1173 2827 1282 2870 tum
1314 2819 1377 2872 iis
1401 2820 1488 2887 qui
1521 2820 1744 2889 negotiis
1767 2821 1929 2874 dediti
1960 2819 2083 2874 sunt
2111 2833 2168 2877 ut

588 2900 655 2940 ne
682 2886 1062 2958 contentiosins
1096 2888 1212 2940 lites
1250 2886 1552 2943 exerceant.
1587 2886 1809 2943 Prazstat
1830 2891 2093 2958 siquidem
2117 2903 2167 2946 te

595 2958 643 3007 in
679 2957 851 3010 litibus
881 2957 1135 3029 incertum
1163 2959 1359 3011 exitum
1388 2961 1557 3011 amico
1588 2958 1784 3014 findere
1811 2957 2164 3029 praevertere,

589 3041 743 3094 quam
772 3040 865 3094 spe
891 3028 1068 3080 nixum
1103 3029 1336 3081 victorim
1362 3029 1564 3082 incerto
1593 3032 1724 3083 mari
1753 3028 2039 3085 conlidere.
2070 3032 2168 3086 Le-

589 3098 671 3164 gis
696 3097 1023 3165 syngraphas
1056 3107 1168 3150 tuas
1189 3140 1201 3162 ,
1235 3099 1460 3151 faustum
1501 3113 1690 3164 Speras
1717 3101 1916 3154 exitum
1949 3119 1960 3154 :
1998 3103 2168 3157 advo-

585 3175 734 3219 catus
762 3169 906 3239 lucro
934 3182 1144 3220 manum
1180 3169 1454 3239 porrigens
1484 3169 1753 3224 victoriam
1784 3173 2077 3239 promittit,
2112 3183 2171 3228 ut

590 3238 887 3310 mercedem
919 3246 1168 3310 reportet.
1206 3238 1473 3310 Interdum
1502 3240 1659 3292 etiam
1697 3242 1859 3308 judex
1888 3238 2170 3310 corruptus

594 3307 794 3359 exitum
827 3321 1000 3359 causa:
1034 3307 1328 3378 pollicetur.
1363 3309 1562 3362 Incerta
1595 3307 1707 3378 spe
1729 3311 1929 3364 niteris.
1964 3307 2092 3365 Nam
2126 3315 2170 3367 si

591 3384 647 3448 tu
673 3377 1284 3448 antevertensJudicem
1306 3379 1606 3445 corrupisti,
1628 3377 1920 3448 alienisque
1939 3385 2170 3436 muneri-

594 3445 691 3498 bus
738 3446 987 3512 aperuisti
1032 3447 1285 3517 junuam;
1349 3450 1546 3517 c0gites
1597 3451 1754 3503 velim
1810 3445 2168 3508 adversirium

593 3523 742 3568 tuum
772 3517 996 3584 idipsum
1011 3516 1278 3582 meditari,
1303 3516 1549 3587 smpeque
1573 3521 1663 3572 tibi
1689 3524 1968 3590 tranquillo
1993 3539 2169 3577 rerum

593 3592 801 3656 tuarum
833 3600 988 3640 cursu
1030 3590 1292 3656 navgauti
1324 3601 1600 3642 suaserunt
1623 3601 1676 3642 ut
1700 3594 1811 3644 vela
1840 3593 2170 3647 deiuilteres.

595 3655 960 3730 Numquamne
1000 3655 1170 3730 vidisti
1214 3674 1367 3730 more
1405 3659 1454 3711 in
1505 3661 1678 3713 littore
1709 3663 2078 3730 traiiquillum,
2119 3665 2173 3716 in

592 3725 701 3778 alto
732 3726 974 3803 fluetibus
1003 3728 1230 3803 agitari}
1255 3728 1394 3803 Quot
1427 3731 1712 3803 tranquillo
1739 3725 1870 3784 mari
1911 3725 2164 3803 navigan-

594 3805 706 3873 tes,
739 3798 790 3848 in
821 3797 928 3849 alto
951 3797 1432 3873 .pelagoAIInctilms
1467 3797 1860 3873 repentinisque
1892 3797 2175 3873 teniposta-

595 3867 731 3918 tibus
759 3866 1003 3942 excepti,
1037 3868 1366 3942 naufragium
1409 3866 1688 3924 fecerunt?
1733 3866 2174 3942 Tiilisre-t'hnjus

598 3938 790 4008 negotii
820 3936 956 3990 linis.
989 3936 1258 3991 Interdum
1287 3940 1433 3992 initia
1465 3956 1612 4007 Spem
1647 3957 1753 4008 pne
1780 3958 1838 3996 se
1870 3941 2064 4008 ferunt,
2086 3936 2173 3996 ἰι-

598 4007 677 4080 nis
707 4021 833 4080 vero
853 4010 1173 4080 contrarium
1199 4011 1398 4077 profert
1420 4007 1692 4064 eventum.
1727 4011 1767 4064 E
1797 4029 1852 4066 re
1879 4015 2034 4080 igitur
2057 4014 2170 4068 fue-

598 4077 666 4127 rit
688 4114 701 4138 ,
731 4088 789 4153 n_t_
805 4077 940 4153 dixi,
973 4081 1301 4153 pecuniarias
1329 4082 1443 4153 lites
1469 4085 1638 4136 amice
1663 4077 1998 4153 componere,
2037 4094 2090 4138 ut
2123 4087 2173 4138 in

596 4148 792 4214 negotii
825 4150 928 4202 liue
953 4151 1177 4202 amicum
1211 4151 1299 4202 tibi
1324 4152 1591 4205 devincias
1619 4170 1632 4205 :
1665 4148 1966 4208 criniinales
1995 4167 2170 4208 autem

597 4233 700 4268 non
730 4218 886 4271 modo
933 4234 1034 4271 non
1065 4236 1387 4287 componere
1411 4263 1423 4282 ,
1480 4223 1571 4276 sed
1606 4225 1763 4276 etiam
1815 4242 1880 4278 ne
1912 4227 2174 4280 intentare

595 4287 809 4360 quidem
860 4289 1014 4342 liccat
1047 4305 1058 4340 :
1093 4290 1186 4343 sed
1216 4291 1264 4342 in
1299 4291 1377 4342 Ιιίς
1419 4293 1575 4345 etiam
1624 4295 1810 4347 melius
1846 4304 1926 4348 est
1964 4297 2128 4350 venire
2156 4338 2169 4360 ,

595 4372 752 4423 quam
784 4358 875 4411 ira:
898 4360 1071 4412 locum
1099 4361 1243 4413 dare.
1270 4360 1464 4414 Verum
1485 4363 1566 4415 hic
1593 4380 1694 4416 non
1725 4365 1928 4416 videtur
1957 4367 2083 4418 mihi
2105 4358 2172 4421 de

599 4442 656 4479 re
685 4429 992 4502 pecuniaria
1017 4431 1184 4483 solum
1215 4433 1319 4500 agi.
1357 4431 1500 4496 Esto,
1546 4434 1742 4502 inquit,
1771 4434 2031 4487 benevolus
2078 4437 2174 4488 atl-

596 4501 812 4551 vcrsario
839 4509 921 4552 tuo
948 4500 1066 4566 cito,
1091 4503 1209 4553 dum
1237 4518 1288 4555 es
1308 4503 1360 4555 in
1381 4503 1459 4554 via
1486 4518 1598 4556 cum
1619 4500 1694 4557 eo.
1719 4505 1830 4558 Hoc
1847 4506 2180 4560 additamen-

603 4572 938 4646 tlttnhpl’il-lbel
983 4571 1110 4646 mihi
1154 4578 1497 4646 occasionem
1534 4576 1703 4643 majus
1732 4576 1998 4644 quidpiam
2035 4579 2178 4646 cogi-

601 4638 762 4718 tandi.
795 4639 996 4718 Namvsi
1135 4638 1664 4718 pecuniariishlitibus
1705 4638 1875 4700 solum
1903 4638 2168 4716 ageretur,

600 4713 683 4785 vel
710 4707 773 4760 de
800 4707 1160 4785 criminalibus
1209 4707 1739 4785 insensibilibusque;
1791 4731 1886 4770 cur
1915 4707 2172 4784 avdderet',

607 4775 736 4855 Qum
755 4795 806 4830 es
828 4780 878 4855 in
901 4781 980 4855 via
1005 4797 1118 4855 cunt
1146 4800 1203 4834 ε.)
1221 4785 1251 4855 2
1271 4785 1386 4851 quis
1416 4775 1751 4840 adversarius
1781 4804 1899 4841 cum
1927 4775 2176 4841 ailvvrsa;

600 4849 683 4926 rio
711 4849 810 4902 iter
838 4850 1118 4926 instituat?
1145 4854 1262 4920 quis
1288 4849 1357 4908 se
1380 4858 1580 4908 socium
1611 4857 1813 4912 itineris
1849 4858 2054 4912 dederit
2084 4861 2130 4912 ei
2158 4900 2172 4924 ,

596 4921 686 4983 qui
735 4934 856 4972 cum
907 4921 1084 4975 animo
1114 4939 1217 4977 non
1267 4927 1569 4979 consentit?
1615 4944 1718 4981 non
1775 4929 1922 4982 timet
1953 4921 2176 4985 tabellas

597 4987 698 5064 sibi
747 4988 897 5064 [ιιιίοΔ
923 4994 1115 5064 aiiICrri
1139 5034 1152 5056 ,
1187 5002 1347 5047 testes
1398 4999 1700 5064 corrumpi,
1753 4999 1967 5052 insidias
2011 5002 2061 5052 in
2094 5002 2174 5055 via

599 5059 697 5109 sibi
729 5059 939 5125 parari?
970 5063 1209 5138 Invenire
1250 5079 1376 5138 ergo
1405 5059 1657 5120 debemus
1686 5059 2046 5123 adversarium
2082 5073 2168 5138 qui

598 5142 694 5206 nos
727 5143 935 5198 semper
958 5135 1258 5206 comitetur,
1295 5137 1447 5202 cujus
1469 5139 1774 5192 societatem
1797 5181 1811 5206 ,
1844 5146 1942 5194 etsi
1984 5135 2171 5194 admo-

597 5198 722 5277 dinn
749 5215 1028 5277 cnveamus
1049 5244 1062 5267 ,
1104 5204 1335 5274 ell‘ugere
1361 5198 1473 5259 'non
1509 5211 1771 5276 possimus
1830 5224 1881 5264 et
1915 5213 2054 5265 hunc
2080 5228 2173 5265 co-

595 5271 766 5334 gitare
815 5271 1234 5344 advers-muni;
1264 5278 1476 5344 quicum
1509 5271 1616 5330 nos
1668 5271 1923 5335 benewle
1977 5283 2174 5337 versui

602 5343 898 5414 conveniat.
924 5343 1051 5409 Quis
1075 5360 1201 5414 ergo
1243 5343 1324 5399 ρει
1363 5363 1519 5402 verus
1565 5350 1652 5403 ille
1696 5352 2076 5406 adversarius?
2117 5354 2174 5408 Si

599 5411 880 5480 diligenter
910 5411 1158 5485 quietus,
1177 5432 1369 5485 corpus
1395 5421 1585 5472 anima:
1620 5438 1632 5472 :
1681 5422 1763 5475 hic
1793 5432 1874 5476 est
1923 5424 2172 5477 adversa-

599 5497 707 5534 rius
737 5486 851 5550 ejus
882 5484 969 5552 qui
1005 5484 1054 5536 in
1085 5494 1131 5563 te
1159 5500 1238 5563 est
1262 5484 1282 5552 ,ί
1302 5489 1538 5563 spiritUs.
1569 5491 1644 5544 Ne
1672 5508 1795 5546 vero
1818 5505 1969 5563 putes
1999 5510 2172 5548 meum

598 5567 715 5630 esse
739 5568 1062 5630 sermonem,
1089 5555 1276 5630 Paulus
1296 5555 1574 5615 ciuilirmet
1596 5563 1645 5615 id
1668 5555 2024 5630 quod-alienun
2052 5576 2133 5619 est
2158 5583 2170 5617 :

599 5626 727 5673 Caro
752 5626 1056 5702 concupiscit
1083 5628 1316 5702 adversus
1335 5632 1594 5702 spiritum,
1625 5626 1902 5702 etspiritus
1932 5637 2170 5689 adversus

600 5709 796 5747 carnem
827 5711 847 5748 :
896 5697 1002 5753 lucc
1023 5707 1187 5752 autem
1208 5701 1298 5753 sibi
1328 5701 1533 5755 invicem
1561 5697 1888 5758 adversantur
1917 5706 2070 5777 (Gal.
2117 5709 2170 5762 5.

2044 245 2312 305 SPURIA.

3750 243 3858 302 760

2258 361 2368 428 17).
2396 359 2501 414 Nec
2522 357 2934 414 Manicbzeorum
2955 356 3146 412 induco
3166 356 3485 428 doctrinam,
3505 371 3677 427 neque
3696 357 3859 411 alium

2255 427 2498 498 corporis
2557 441 2857 484 creatorem
2905 437 3084 482 statuo
3127 446 3138 481 :
3197 427 3291 481 sed
3345 441 3474 482 caro
3527 430 3858 492 concupiscit

2252 501 2513 553 adversus
2532 499 2800 561 soiritum,
2822 499 3094 567 voluptate
3117 507 3274 552 utens
3297 499 3600 551 consiliario
3624 515 3638 564 ;
3669 511 3721 551 et
3739 514 3849 565 sps-

2252 572 2388 624 ritus
2408 571 2666 624 adversus
2692 584 2932 631 carnem,
2967 584 3064 638 spe
3105 571 3263 622 nixus
3292 567 3611 622 futurorum.
3647 569 3856 623 Adver-

2252 651 2439 694 santur
2493 641 2721 693 invicem
2762 639 3196 709 concupiscentia
3226 639 3448 702 mundi,
3496 647 3550 693 et
3597 640 3858 709 concupi-

2253 711 2458 765 scentia
2501 709 2652 779 regni
2696 708 2970 764 crelomm.
3018 709 3111 764 Hic
3157 719 3242 764 est
3293 710 3678 779 adversarius,
3726 708 3857 778 qui,

2253 782 2411 835 velim
2439 778 2624 841 nolim,
2655 795 2738 834 me
2767 781 3054 834 comitatur
3082 797 3094 833 :
3129 781 3212 833 via
3243 781 3442 850 quippe
3465 789 3549 834 est
3574 778 3690 835 llaec
3717 779 3845 833 vita.

2253 851 2446 906 Anima
2476 851 2764 920 imaginem
2792 866 2943 905 suam
2977 851 3170 904 imitari
3193 851 3391 916 studet,
3416 865 3543 920 caro
3567 850 3620 904 in
3664 851 3850 918 pulvc'

2255 936 2367 975 rem
2408 918 2615 975 deﬂuit.
2649 920 2775 976 [hec
2813 932 2990 975 autem
3041 921 3140 974 sibi
3196 921 3422 975 invicem
3472 919 3849 974 adversantur.

2255 991 2389 1045 Huic
2406 992 2714 1046 adversario
2734 1001 2825 1045 tuo
2841 1002 2958 1046 esto
2973 990 3283 1046 benevolus.
3305 991 3697 1057 Quandouam?
3719 987 3858 1044 Duas

2253 1079 2319 1134 es.
2333 1063 2386 1115 in
2407 1064 2485 1114 tria
2503 1078 2694 1134 cunteo
2717 1060 2930 1134 (Matth.
2959 1063 3013 1117 5.
3045 1062 3161 1134 9.5),
3193 1062 3318 1134 dum
3350 1062 3401 1114 in
3436 1061 3534 1134 hac
3560 1062 3663 1115 vita
3684 1061 3854 1131 dcgis.

2254 1128 2385 1186 Nam
2410 1134 2452 1186 si
2471 1134 2576 1186 vita
2601 1128 2761 1186 ﬁnem
2781 1132 2991 1196 habeat,
3016 1128 3218 1185 nullum
3251 1132 3387 1186 ultra
3409 1132 3501 1186 tibi
3530 1128 3858 1201 paenitentia:

2256 1211 2484 1272 tempus,
2513 1201 2762 1268 Quoniam
2789 1219 2891 1256 non
2919 1213 2990 1256 est
3019 1203 3072 1256 in
3099 1214 3258 1256 morte
3277 1202 3362 1272 qui
3390 1204 3664 1272 memorsit
3685 1203 3782 1266 tui,
3805 1203 3858 1256 in

2253 1270 2465 1344 inferno,
2487 1283 2655 1326 autem
2683 1274 2795 1343 quis
2848 1273 3167 1340 conﬁtebitur
3187 1275 3277 1344 tibi
3288 1270 3470 1344 (Psal.
3502 1274 3555 1344 δέ.
3579 1270 3682 1341 ϐΠ
3724 1273 3858 1326 Huic

2255 1358 2384 1408 ergo
2403 1343 2712 1397 adversario
2734 1353 2849 1399 esto
2871 1345 3183 1398 benevolus.
3209 1343 3323 1398 Non
3340 1343 3492 1408 dixit,
3511 1343 3854 1407 Gratiticans,

2259 1411 2373 1475 sed,
2393 1411 2689 1467 Benevolus.
2708 1413 2784 1467 Ne
2801 1429 2963 1469 suave
2981 1413 3106 1483 quid
3126 1415 3284 1469 facias
3302 1413 3612 1468 adversario
3630 1422 3743 1479 tuo,
3761 1413 3856 1468 sed

2258 1493 2317 1556 ut
2353 1484 2640 1556 benevolus
2665 1499 2695 1538 a
2725 1485 3084 1556 voluptatibus
3126 1485 3192 1556 ad
3236 1484 3603 1556 paenitentiam
3630 1499 3847 1539 revoca.

2256 1554 2372 1609 Non
2406 1565 2457 1610 te
2500 1554 2651 1623 jubet
2682 1564 2739 1608 ut
2781 1554 3245 1608 salsamentarium
3276 1555 3455 1609 omnia
3499 1554 3564 1608 ad
3609 1556 3858 1622 corporis

2261 1626 2586 1694 voluptatem
2637 1625 2842 1690 facere;
2890 1625 2986 1680 sed
3013 1637 3069 1680 ut
3096 1625 3360 1681 medicum
3406 1640 3585 1693 agere.
3619 1623 3859 1680 Medicus

2258 1697 2401 1750 enim
2452 1711 2596 1764 smpe
2622 1711 2862 1750 amatum
2905 1697 3126 1759 miscet,
3175 1706 3354 1760 secat,
3407 1697 3547 1759 urit,
3592 1705 3648 1750 et
3696 1694 3859 1749 illam:

2262 1767 2522 1837 molestia:
2549 1767 2847 1821 mercedem
2872 1767 3084 1835 accipit.
3111 1767 3257 1822 Licet
3275 1768 3416 1822 enim
3437 1768 3615 1837 aliquo
3637 1781 3857 1820 sensum

2259 1836 2746 1907 dolorealfecerit,
2779 1840 2966 1907 tcgroti
2999 1848 3179 1891 tamen
3225 1839 3451 1892 salutem
3484 1836 3536 1890 in
3568 1851 3733 1904 scopo
3761 1837 3861 1890 ha-

2265 1907 2396 1979 buit.
2428 1906 2514 1979 _Ne
2542 1908 2673 1975 forte
2701 1906 2869 1979 tradat
2895 1918 2941 1960 te
2969 1909 3287 1961 aduersarius
3321 1909 3490 1978 judici
3533 1907 3760 1979 (Matth.
3803 1908 3857 1963 5.

2259 1977 2354 2045 35)
2377 2019 2390 2040 ,
2421 1977 2595 2030 futuro
2625 1993 2816 2045 nempe
2844 1978 3015 2032 Judici
3052 1997 3065 2032 :
3099 1977 3426 2033 Adversarius
3459 1994 3477 2031 :
3522 1977 3606 2032 cui
3638 1979 3682 2032 si
3716 1994 3862 2032 nch

2260 2049 2596 2116 gratiﬁceris,
2626 2059 2749 2101 tunc
2769 2049 2936 2101 ludes
2965 2059 3016 2102 te
3041 2049 3330 2103 traditurus
3361 2059 3447 2104 est
3469 2049 3738 2113 ministro,
3771 2049 3855 2103 ul-

2266 2119 2488 2172 tricibus
2533 2119 2737 2172 scilicet
2767 2119 3118 2186 potestatibus
3149 2139 3160 2173 :
3192 2129 3246 2174 et
3275 2121 3326 2173 in
3374 2135 3648 2174 carcerem
3693 2121 3862 2184 conji-

2267 2189 2465 2251 cieris,
2513 2188 2564 2240 in
2602 2189 2848 2242 tenebras
2894 2191 3229 2255 exteriores,
3279 2190 3455 2244 locum
3505 2190 3861 2246 horrendum.

2268 2256 2388 2329 Non
2414 2259 2570 2311 exibis
2598 2259 2732 2321 inde,
2758 2259 2915 2312 donec
2941 2260 3126 2313 reddas
3155 2260 3477 2314 novissimum
3506 2260 3860 2329 quadrantes».

2267 2327 2322 2382 Si
2351 2340 2474 2383 ante
2502 2338 2726 2383 mortem
2775 2329 3012 2383 debitum
3044 2332 3272 2384 solveris
3292 2370 3308 2396 ,
3363 2327 3593 2384 solutum
3642 2331 3862 2384 omnino

2267 2409 2348 2453 est
2383 2418 2396 2452 :
2428 2400 2472 2453 si
2499 2400 2707 2453 debitor
2753 2401 3020 2462 moriaris,
3055 2401 3215 2454 etiam
3245 2402 3515 2455 residuum
3545 2401 3630 2455 vel
3657 2401 3864 2456 minimi

2273 2469 2436 2552 debiti
2465 2471 2866 2552 ante‘exigetur.
2893 2470 3155 2552 Quidcst.
3176 2472 3330 2552 illud,
3361 2470 3706 2552 Noviasintum
3734 2488 3862 2552 qua-

2270 2541 2526 2591 drantem?
2555 2541 2806 2605 Quoniam
2848 2543 3086 2610 cogitatio
3135 2543 3353 2596 hominis
3397 2541 3718 2606 conﬁtebitur
3744 2543 3865 2607 tibi,

2272 2620 2325 2683 et
2344 2613 2572 2683 reliquit:
2595 2613 2911 2677 cogitationis
2931 2614 3058 2683 diem
3086 2617 3268 2682 festum
3291 2622 3437 2683 agent
3465 2613 3554 2665 tibi
3574 2611 3748 2680 (Psal.
3774 2613 3864 2666 75.

2272 2679 2382 2750 il).
2417 2679 2540 2754 Ihec
2567 2696 2688 2754 cum
2713 2684 2912 2754 sciatis.
2949 2679 3174 2750 fratres,
3214 2679 3530 2754 comparate
3561 2679 3866 2750 voluptates

2270 2766 2390 2803 cum
2440 2751 2616 2803 futuro
2657 2751 2838 2818 judicii
2871 2752 2991 2817 die,
3025 2765 3080 2808 et
3124 2753 3325 2808 Judicis
3347 2751 3659 2808 sententia:
3707 2765 3868 2822 atque

2275 2831 2399 2874 tunc
2430 2823 2607 2874 scietis
2633 2837 2788 2889 quam
2819 2837 2999 2876 amara
3049 2825 3117 2878 sit
3151 2826 3412 2892 voluptas,
3446 2839 3569 2878 cum
3612 2826 3871 2878 noveritis

2273 2902 2485 3014 quanta:
2513 2893 2881 2946 amaritudinis
2909 2895 2977 2946 sit
3004 2896 3357 2949 conciliatrix.
3385 2895 3657 2960 Voltisne,
3696 2903 3752 2948 ut
3800 2910 3868 2948 ex

2313 2963 2479 3014 Uubus
2520 2964 2842 3014 evantzelicis
2869 2966 3131 3014 conviviis
3161 2965 3291 3014 nuit]
3323 2965 3704 3014 admonitionis
3745 2980 3868 3014 mu-

2313 2963 2479 3016 uobus
2520 2964 2842 3035 evangelicis
2869 2966 3131 3019 conviviis
3161 2965 3291 3035 quid
3323 2965 3704 3035 admonitionis
3745 2980 3868 3017 mu-

2276 3043 2508 3094 tuemur,
2562 3034 2681 3106 quis
2701 3049 2903 3106 nempe
2957 3034 3486 3106 sitvoluptuosorum
3534 3034 3697 3099 linis,
3748 3040 3873 3102 quis

2276 3118 2403 3156 vero
2432 3104 2802 3172 pmnitenlium
2848 3107 3087 3160 fructus?
3128 3104 3206 3161 ne
3239 3122 3366 3161 vero
3393 3107 3606 3160 mireris
3649 3109 3691 3161 si
3721 3106 3872 3161 Scri-

2279 3184 2428 3247 ptura
2457 3175 2890 3247 voluptuosorum
2915 3179 3156 3247 convivia
3176 3193 3320 3247 saepe
3349 3177 3617 3232 describat
3646 3194 3658 3229 :
3689 3178 3871 3231 omnia

2276 3244 2471 3317 quippe
2517 3243 2791 3307 describit,
2823 3246 2948 3314 quid
2979 3262 3192 3310 caveas,
3221 3243 3346 3317 quid
3376 3248 3621 3301 imiteris.
3660 3248 3873 3302 Descri-

2375 3316 2737 3388 voluptnosos,
2770 3313 3103 3388 ut’perpetua
3129 3313 3251 3372 illos
3277 3318 3489 3372 infamia
3513 3327 3683 3382 notet,
3708 3328 3874 3388 utque

2278 3385 2396 3459 illos
2424 3385 2615 3459 imitari
2640 3400 2832 3459 caveas
2858 3405 2871 3440 :
2897 3387 3153 3442 describit
3184 3389 3486 3459 religiosos,
3514 3397 3571 3441 ut
3597 3389 3664 3442 ad
3687 3385 3875 3443 excin-

2279 3455 2419 3528 pluin
2455 3456 2776 3523 pmnitentim
2804 3471 3054 3512 accurras
3075 3500 3090 3525 ,
3143 3455 3309 3528 utque
3332 3460 3704 3528 voluptuosum
3738 3461 3870 3513 reli-

2276 3526 2426 3592 gioso
2479 3541 2830 3593 comparans,
2884 3529 3028 3581 illum
3077 3526 3375 3592 averseris,
3433 3526 3572 3583 hunc
3622 3530 3872 3584 imiteris.

2278 3597 2461 3668 Sitque
2479 3598 2588 3668 hoc
2613 3596 2988 3651 documentum
3016 3600 3385 3666 prudentibus,
3412 3611 3468 3654 ut
3490 3615 3556 3653 ne
3586 3611 3868 3668 spectacuc

2280 3665 2344 3718 lis
2370 3666 2591 3731 publicis
2617 3670 2812 3739 oculos
2839 3665 3056 3736 pascant
3076 3711 3089 3732 ,
3123 3687 3257 3725 neve
3298 3670 3452 3726 facile
3481 3673 3547 3724 ad
3577 3665 3873 3739 hippodro-

2281 3750 2422 3787 mum
2453 3746 2666 3788 currant
2689 3776 2703 3800 ,
2736 3737 2815 3790 vel
2845 3748 3003 3793 noctu
3041 3741 3316 3809 spectandi
3369 3743 3542 3795 locum
3572 3737 3873 3796 in'theatro

2280 3814 2540 3872 occupent
2563 3823 2579 3880 _:
2613 3808 2824 3880 vesania
2855 3811 3050 3878 quippe
3072 3808 3156 3865 est
3188 3813 3417 3880 turpium
3441 3813 3870 3880 spectaculorum

2280 3878 2628 3942 exsiicctatio.
2677 3876 2827 3931 Diem
2873 3876 3019 3933 enim
3076 3876 3418 3937 antevertunt
3453 3876 3520 3936 ex
3566 3884 3871 3937 vehementi

2281 3945 2572 4022 desiderio,
2606 3958 2764 4022 noctu
2788 3953 3124 4022 tenebrarum
3151 3953 3324 4007 locum
3354 3962 3638 4022 occupant,
3669 3963 3726 4006 ut
3754 3964 3871 4006 tur—

2284 4017 2435 4084 pibus
2472 4019 2788 4084 Spectaculis
2817 4021 3000 4074 oculos
3026 4024 3296 4078 oblectent
3318 4066 3330 4084 ,
3361 4040 3421 4077 ac
3455 4017 3684 4078 ferarum
3722 4037 3873 4077 cum-

2280 4101 2384 4154 que
2430 4086 2557 4140 feris
2590 4094 3009 4164 concertantium
3042 4109 3240 4162 pugnas
3271 4096 3484 4148 videant
3515 4115 3528 4148 :
3575 4095 3873 4164 sedentque

2280 4171 2423 4225 smpe
2470 4169 2799 4224 Spectatores
2827 4202 2841 4226 ,
2885 4163 3314 4218 benevolentiam
3349 4166 3603 4234 majorem
3641 4181 3766 4234 erga
3788 4163 3872 4218 lc-

2281 4243 2397 4301 t‘:_ts,_
2417 4243 2572 4301 quam
2601 4245 2724 4298 erga
2753 4248 3080 4301 eongeneres
3108 4237 3447 4290 exhibentes.
3476 4236 3594 4288 Non
3636 4238 3866 4290 misere-

2284 4298 2356 4350 ris
2388 4298 2655 4352 infelicent
2689 4301 2834 4352 illum
2859 4298 2878 4363 ξ
2904 4305 2990 4372 qui
3023 4314 3079 4356 ut
3106 4316 3345 4361 ventrem
3376 4307 3618 4375 impleat,
3650 4309 3701 4359 in
3733 4310 3873 4358 fera-

2282 4383 2399 4446 rum
2455 4379 2693 4446 ventrem
2743 4385 2943 4446 sponte
2977 4376 3087 4427 abit
3131 4393 3144 4430 :
3204 4387 3364 4446 utque
3431 4378 3566 4446 gnlte
3622 4378 3868 4430 morbum

2282 4439 2774 4517 expleat‘,__libenter
2803 4444 2900 4495 sibi
2934 4445 2986 4497 in
3022 4456 3209 4517 ventre
3243 4439 3534 4501 bestiaritm
3561 4450 3867 4517 sepulcrum

2284 4518 2452 4577 parat.
2491 4511 2579 4563 Ille
2624 4512 3065 4579 intemperantem
3100 4516 3259 4572 habet
3286 4531 3523 4572 ventrem
3550 4559 3564 4580 ,
3597 4511 3649 4571 tn
3693 4533 3760 4572 ne
3792 4519 3869 4570 in-

2285 4589 2666 4658 temperantem
2699 4584 2912 4658 oculum
2966 4587 3180 4658 habeas.
3219 4589 3368 4641 Alius
3396 4589 3588 4641 mimus
3630 4590 3868 4658 ingredi-

2285 4659 2389 4712 tur,
2417 4651 2493 4726 ad_
2513 4653 2894 4726 turpitudinem
2935 4657 3171 4711 membra
3197 4673 3525 4726 componens
3544 4699 3558 4723 ,
3591 4651 3724 4717 risui
3752 4674 3871 4714 sese

2284 4721 2530 4775 mercede
2576 4724 2792 4798 locans,
2827 4741 2984 4793 quem
3019 4729 3181 4794 pudet
3225 4721 3333 4782 nisi.
3357 4721 3567 4798 publice
3612 4731 3867 4798 vapulet,

2285 4800 2660 4870 portarumque
2691 4793 2902 4870 fragore
2944 4793 3107 4870 genas
3136 4793 3418 4867 praeparat,
3446 4793 3705 4854 novacula
3737 4801 3873 4870 pilos

2282 4861 2558 4936 detondet,
2580 4861 2640 4916 ιιι
2663 4880 2730 4918 ne
2758 4861 2896 4933 pilus
2921 4861 3497 4936 quidem'con'tumeliis
3520 4870 3680 4925 obsit.
3719 4861 3871 4924 illius

2283 4933 2528 5011 muliebri
2577 4936 2859 5012 sal_tatione
2911 4933 3214 5012 emollitos,
3249 4941 3443 5010 illaque
3494 4942 3707 4995 imitans
3754 4957 3872 5012 qua:

2283 5005 2453 5056 virum
2482 5019 2585 5080 non
2635 5005 2860 5080 decent,
2905 5009 3198 5079 dolensque
3225 5005 3371 5080 quod
3412 5027 3517 5065 non
3560 5005 3872 5066 femina'sit

2281 5087 2475 5152 natus,
2507 5076 2808 5152 simulatam
2835 5088 3033 5133 naturae
3061 5076 3405 5152 mutationem
3427 5082 3612 5137 ambit.
3642 5083 3871 5152 limoque

2281 5145 2461 5198 Omnia
2495 5147 2693 5199 ventris
2723 5160 2777 5201 et
2801 5162 3034 5217 qumstus
3065 5168 3222 5205 causa
3254 5150 3399 5218 facit,
3437 5169 3522 5208 res
3551 5145 3871 5208 fmdissitnas

2284 5230 2611 5290 persequens
2643 5236 2654 5270 :
2685 5219 2752 5272 de
2791 5221 2980 5288 quibus
3015 5224 3127 5276 lucc
3159 5224 3306 5277 Pauli
3353 5225 3517 5278 verba
3544 5225 3725 5278 dicere
3776 5241 3871 5290 par

2282 5296 2362 5365 est
2392 5303 2404 5339 :
2439 5287 3024 5365 Quo‘raniudeusventer
3050 5302 3155 5359 est,
3205 5304 3249 5347 et
3273 5294 3436 5364 gloria
3484 5297 3534 5346 in
3573 5287 3872 5365 confusione

2282 5356 2506 5432 ipsorum
2539 5357 2795 5432 (Philipp.
2819 5361 2872 5415 5.
2902 5362 3010 5431 19).
3039 5365 3119 5416 Ad
3143 5356 3367 5420 ilnecvne
3395 5356 3734 5420 coucurraiis
3759 5407 3774 5432 ,
3807 5384 3872 5421 ne

2287 5429 2691 5505 _\'eloces_p_edes
2712 5432 2783 5484 'ad
2836 5429 3138 5505 huiusmodi
3170 5451 3384 5505 gressus
3427 5438 3682 5501 vertatis,
3735 5429 3878 5491 neve

2284 5498 2334 5574 in
2367 5501 2608 5574 convivia
2642 5511 2814 5574 v_estra
2846 5498 3014 5558 faidas
3041 5498 3341 5574 voluptates
3381 5498 3679 5562 inducatis.
3700 5507 3872 5561 luter-

2282 5569 2408 5647 dum
2438 5570 2571 5624 dicis
2596 5590 2616 5647 _:
2651 5571 2936 5626 Theatrum
2978 5569 3218 5642 aversor,
3253 5593 3584 5646 nequaquam
3636 5577 3703 5637 ad
3747 5594 3871 5647 8η·

2283 5641 2382 5719 dus
2413 5643 2649 5719 ascendo
2676 5662 2689 5706 ;
2734 5647 3032 5699 convivium
3083 5657 3162 5702 est
3207 5641 3510 5717 laetitiaeque
3539 5641 3775 5719 tempus.
3805 5655 3868 5704 At

2284 5711 2389 5766 illic
2419 5714 2586 5782 turpia
2618 5716 2946 5771 theatrorum
2978 5719 3280 5786 spectacula
3304 5711 3588 5776 cxbi'betis.
3611 5711 3747 5790 Quid
3776 5721 3866 5775 tibi
