4078 6480
217 395 274 450 ,5
1453 366 1514 421 IN
1553 363 1831 422 JOANNE!

1942 367 2144 426 IOMIL.
2189 372 2228 427 l.

219 512 358 575 ﬁant,
388 515 568 559 omnes
594 502 916 562 accurrunt,
939 501 995 548 ut
1019 489 1135 562 ejus
1160 499 1387 560 pugnas,
1417 490 1610 546 artem,
1636 477 1802 534 robur

220 573 433 675 spectare
453 593 695 667 possint;
719 589 953 659 hincque
984 582 1160 640 videas
1189 581 1597 636 innumerorum
1626 573 1802 628 homi-

222 664 330 751 num
372 664 671 750 theatrum,
721 681 817 753 qui
865 680 915 734 in
958 692 1018 733 ea
1051 689 1112 731 re
1154 681 1209 730 et
1251 670 1446 725 mentis
1475 675 1530 723 ct
1558 664 1804 738 corporis

223 787 374 843 oculis
399 783 492 839 tuti
521 779 878 842 incumbunt,
908 782 964 827 ut
991 769 1122 825 nihil
1149 766 1215 822 ad
1242 761 1606 837 spectaculum
1635 758 1802 830 perti-

225 896 337 936 nens
362 892 419 935 se
459 872 740 948 praeterire
770 866 958 939 possit.
988 864 1125 920 Tum
1153 861 1198 915 si
1225 858 1348 930 quis
1376 856 1608 912 eximius
1640 851 1806 906 musi-

220 987 302 1029 cus
317 945 695 1027 adventaverit,
719 962 772 1017 hi
796 973 983 1017 omnes
999 954 1250 1011 similiter
1266 950 1535 1031 theatrum
1560 945 1804 1016 implent,

225 1065 480 1134 missisque
505 1058 759 1116 omnibus
799 1069 919 1125 quae
947 1065 1060 1123 pne
1092 1046 1343 1104 manibus
1369 1041 1590 1110 habent,
1614 1038 1716 1134 etsi
1743 1052 1807 1092 ea

220 1173 344 1228 smpe
381 1131 685 1212 necessaria
712 1148 822 1206 sint
849 1156 900 1204 et
935 1141 1180 1215 urgentia
1204 1181 1221 1207 ,
1263 1148 1566 1194 conscenso
1597 1131 1808 1187 theatro

221 1252 405 1317 sedent,
426 1245 774 1315 studioseque
793 1247 1012 1296 cantum
1034 1245 1090 1292 et
1107 1235 1598 1289 instrumentorum
1613 1237 1807 1280 sonum

219 1342 558 1416 excipientes,
591 1337 662 1394 de
687 1344 1044 1404 utrorumque
1087 1318 1359 1385 concentu
1385 1323 1685 1392 disputant.
1732 1317 1809 1416 ita

220 1410 412 1509 quidem
440 1431 624 1498 multi.
651 1430 753 1499 Qui
783 1435 962 1484 autem
991 1424 1046 1479 in
1071 1417 1357 1478 rhetoricis
1377 1415 1532 1488 periti
1552 1421 1700 1509 sunt,
1730 1410 1813 1466 id-

221 1503 372 1601 ii‘aum
410 1541 534 1598 erga
574 1521 851 1594 sophistas
881 1515 957 1592 (a)
995 1520 1273 1586 praestant.
1304 1507 1439 1564 Nam
1480 1503 1623 1578 apud
1669 1505 1812 1601 istos

219 1596 412 1694 quoque
437 1596 651 1673 theatra
679 1620 883 1670 suntet
906 1607 1203 1672 auditores,
1235 1603 1480 1673 plausus,
1509 1596 1772 1668 strepitus
1791 1637 1808 1662 ,

219 1691 266 1775 et
299 1691 556 1772 dictorum
587 1722 824 1766 examen
848 1701 1198 1776 exquisitum.
1231 1696 1386 1767 Quod
1418 1694 1464 1750 si
1484 1691 1765 1784 rhetorum
1793 1730 1809 1756 ,

221 1807 472 1866 tibicinum
498 1802 941 1869 athletarumque
972 1809 1068 1851 seu
1098 1800 1456 1864 spectatores,
1478 1800 1576 1842 seu
1602 1781 1815 1839 audito-

220 1915 298 1958 res
321 1897 473 1956 simul
501 1905 557 1952 et
584 1900 939 1964 Spectatores,
957 1901 1081 1943 cum
1100 1893 1250 1939 tanta
1269 1880 1458 1938 sedent
1475 1876 1776 1933 attentione
1796 1890 1810 1926 :

219 1999 450 2063 quantum
481 1985 671 2052 studii,
704 1988 962 2056 quantum
984 1975 1279 2048 diligentia:
1305 1987 1403 2028 vos
1430 1969 1691 2063 adbibere
1715 1981 1815 2063 par

220 2057 293 2142 est
315 2126 330 2152 ,
361 2097 478 2140 cum
511 2080 627 2151 jam
657 2091 763 2132 non
795 2074 994 2130 tibicen
1019 2110 1037 2138 ,
1067 2085 1176 2125 non
1203 2065 1443 2137 sophista
1470 2103 1489 2130 ,1
1515 2059 1612 2117 sed
1641 2059 1724 2115 vir
1747 2057 1818 2114 de

219 2175 337 2232 celo
361 2173 561 2229 tonitru
588 2168 877 2226 clariorem
908 2163 1166 2220 emittens
1201 2171 1394 2214 vocem
1420 2155 1436 2186 ¹
1459 2195 1475 2221 ,
1501 2152 1570 2209 ad
1602 2159 1816 2221 specta-

219 2268 378 2323 culum
403 2278 499 2319 vos
519 2259 751 2318 evocet?
780 2256 976 2314 Totum
1005 2253 1207 2324 quippe
1232 2249 1420 2304 orbem
1450 2245 1554 2300 hoc
1581 2244 1820 2302 clamore

220 2357 498 2429 occupavit,
519 2348 960 2424 comprehendit;
984 2329 1246 2417 implevit,
1279 2356 1388 2396 non
1417 2336 1674 2394 clamoris
1706 2349 1820 2389 ma-

219 2451 498 2524 gttitudine,
520 2447 618 2504 sed
653 2446 832 2516 lingua
849 2457 918 2499 ex
944 2441 1142 2497 divinas
1165 2436 1356 2510 gratiae
1375 2440 1522 2489 motu
1541 2432 1817 2501 loquente.

219 2542 461 2613 Quodque
485 2541 690 2596 mirum
721 2543 804 2594 est
827 2575 844 2604 ,
885 2542 1065 2591 tantus
1099 2529 1192 2586 ille
1234 2528 1440 2584 clamor
1464 2566 1479 2592 ,
1526 2537 1632 2579 non
1662 2535 1823 2592 asper

221 2645 308 2702 cst,
339 2651 443 2691 non
471 2631 750 2698 insuavis,
783 2627 879 2685 sed
910 2625 1058 2684 omni
1091 2622 1296 2679 musica
1324 2617 1608 2676 harmonia
1629 2616 1825 2688 jucuno

221 2730 326 2785 dior
375 2737 431 2785 et
473 2721 896 2783 desiderabilior
963 2715 1330 2789 captandique
1390 2711 1655 2781 majorem
1714 2708 1823 2764 vim

225 2821 411 2878 habens
430 2841 445 2877 :
467 2828 735 2892 pnnterea
763 2814 1140 2871 sanctissimus
1166 2816 1251 2865 est
1273 2849 1289 2875 ,
1314 2814 1370 2863 et
1393 2803 1685 2861 admodum
1720 2813 1828 2857 tre-

224 2917 436 2974 tuendus
458 2957 475 2984 ,
501 2923 589 2970 tot
615 2909 834 2967 arcanis
861 2909 1056 2980 plenus
1078 2947 1093 2971 ,
1128 2913 1207 2960 tot
1236 2903 1375 2960 bona
1401 2897 1694 2956 conferens
1721 2939 1736 2962 ,
1771 2905 1829 2952 ut

224 3010 302 3081 qui
327 3009 617 3079 diligenter
645 3004 796 3060 illum
823 3000 1104 3072 excipiunt
1128 3005 1290 3067 atque
1315 3001 1646 3051 conservant
1671 3033 1685 3058 ,
1718 3005 1828 3046 non

225 3103 315 3174 iam
345 3101 594 3159 homines
620 3099 748 3164 sint,
772 3110 881 3152 non
897 3094 1009 3166 jam
1037 3095 1090 3149 in
1121 3101 1264 3148 terra
1294 3096 1582 3153 maneant;
1613 3085 1712 3143 sed
1738 3101 1833 3142 su-

226 3210 310 3266 pra
333 3193 616 3251 saecularia
640 3189 826 3246 omnia
851 3196 906 3242 et
933 3200 1055 3246 cum
1078 3182 1289 3254 angelis
1310 3191 1514 3239 sortem
1546 3177 1828 3245 habentes,

226 3296 407 3344 terram
440 3283 600 3358 quasi
629 3281 824 3339 ea-lum
858 3277 1117 3335 incolant.
1147 3268 1363 3332 Etenim
1405 3272 1496 3328 ille
1521 3269 1740 3326 touitrui
1771 3267 1829 3323 li-

226 3379 320 3438 lius
339 3377 536 3454 (ﬂare.
569 3377 623 3431 '5.
659 3373 774 3448 l7),
791 3371 1010 3428 Christo
1031 3369 1292 3435 dilectus,
1318 3367 1570 3424 columna
1589 3361 1833 3418 omnium

227 3491 334 3546 qute
360 3471 412 3530 iu
441 3472 583 3529 orbe
611 3476 741 3525 sunt
766 3465 1156 3530 Ecclesiarum,
1184 3461 1274 3532 qui
1302 3460 1418 3516 (εωιί
1442 3458 1624 3514 claves
1643 3455 1830 3525 habet,

228 3569 306 3639 qui
325 3568 389 3625 de
417 3567 594 3623 calice
622 3561 820 3620 Christi
854 3560 1019 3627 bibit,
1051 3566 1107 3614 et
1136 3556 1254 3626 ejus
1291 3554 1558 3625 baptismo
1590 3550 1833 3621 baptiza-

229 3671 305 3717 tus
327 3669 443 3730 est,
477 3657 578 3730 qui
609 3669 732 3713 cum
758 3667 952 3727 magna
983 3649 1174 3709 lldncia
1207 3662 1371 3722 supra
1406 3657 1593 3718 pectus
1623 3641 1836 3702 Domini

231 3753 484 3819 recubuit,
516 3749 612 3806 hic
643 3748 754 3820 jam
779 3761 878 3802 nos
898 3743 1172 3812 convenit;
1196 3759 1301 3798 non
1333 3741 1567 3798 fabulam
1593 3749 1834 3806 acturus,

233 3861 328 3902 non
356 3851 686 3916 personatus
715 3839 927 3896 accedit
954 3838 1158 3913 (neque
1187 3837 1332 3894 enim
1365 3837 1490 3890 talia
1521 3834 1840 3906 loquuturus

233 3939 350 4011 est),
380 3953 490 3994 non
531 3937 591 3993 in
617 3943 931 4007 suggestum
961 3931 1227 3998 ascendit,
1254 3946 1360 3985 non
1388 3928 1722 3985 orchestram
1747 3943 1842 3998 pe-

233 4031 295 4088 de
318 4030 574 4104 percutit.
597 4043 704 4084 non
729 4042 893 4082 aurea
923 4025 1140 4081 indutus
1167 4031 1252 4079 est
1275 4034 1449 4088 veste;
1479 4022 1575 4078 sed
1603 4021 1842 4093 ingredi-

237 4134 313 4180 tur
325 4139 446 4181 cum
470 4119 768 4194 singularis
786 4116 1205 4191 pulchritudinis
1224 4116 1445 4171 amictu.
1462 4114 1680 4172 Christo
1697 4115 1841 4171 enim

237 4212 441 4272 indutus
471 4211 813 4282 conspicitur
835 4207 989 4283 (Gal.
1035 4209 1090 4265 3.
1116 4206 1235 4278 27),
1267 4206 1434 4277 pedes
1462 4207 1720 4278 speciosos
1736 4207 1848 4262 cal-

240 4321 410 4366 ceatos
439 4309 652 4365 habens
680 4307 735 4363 in
758 4304 1159 4379 pmparatione
1189 4303 1456 4373 evangelii
1487 4302 1635 4374 pacis
1665 4295 1844 4372 (Rom.

244 4403 320 4460 l0.
349 4404 438 4476 l5)
470 4420 487 4470 ;
519 4414 663 4456 zona
691 4413 800 4455 non
830 4405 1019 4470 pectus
1043 4437 1059 4462 ,
1090 4395 1185 4451 sed
1240 4394 1452 4450 lumbos
1482 4392 1809 4465 praecinctus
1828 4434 1844 4460 ,

245 4507 338 4550 non
363 4511 430 4552 es
451 4505 730 4567 purpurea
761 4489 904 4562 pelle
929 4530 944 4555 ,
983 4503 1159 4559 neque
1186 4502 1421 4557 superne
1450 4501 1586 4540 auro
1616 4498 1804 4541 ornata
1832 4527 1846 4552 ,

244 4585 330 4642 sed
359 4587 475 4657 ipsa
510 4583 747 4640 veritate
775 4589 1028 4638 contexta
1058 4590 1113 4636 et
1141 4579 1483 4636 concinnata.
1517 4575 1666 4632 Talis
1708 4591 1853 4632 nunc

247 4682 388 4737 nobis
426 4680 662 4737 oﬂertur
683 4677 803 4734 sine
830 4676 976 4732 larva
1007 4694 1021 4731 ε
1054 4674 1198 4731 nulla
1228 4673 1374 4729 enim
1407 4669 1549 4742 apud
1579 4671 1755 4742 ipsum
1781 4671 1853 4726 si-

249 4777 483 4843 mulatio,
514 4772 664 4829 nulla
695 4770 840 4828 ﬁctio
862 4770 943 4827 vel
973 4769 1174 4834 fabula;
1205 4767 1300 4822 sed
1333 4765 1480 4822 nudo
1505 4765 1684 4836 capite
1707 4807 1722 4832 ,
1756 4781 1856 4820 nu.

249 4870 361 4925 dam
391 4868 616 4925 nuntiat
655 4866 961 4921 veritatem.
991 4862 1179 4934 Neque
1209 4876 1333 4916 cum
1374 4860 1553 4929 reipsa
1580 4857 1720 4912 alius
1749 4858 1854 4923 sit,

251 4963 342 5017 alia
372 4979 437 5019 es
472 4959 689 5024 habitu,
716 4957 911 5024 oculis,
943 4970 1077 5011 voce
1105 4952 1446 5010 auditoribus
1469 4951 1740 5017 suadebit;
1761 4965 1861 5007 nec

251 5052 623 5112 instrumentis
647 5050 715 5106 ad
763 5051 881 5105 bzec
906 5045 1201 5103 nuntianda
1233 5060 1372 5118 Opus
1402 5044 1600 5110 habet,
1633 5058 1740 5127 non
1779 5042 1858 5099 ci-

255 5149 397 5205 tbara
424 5191 441 5218 ,
477 5163 586 5204 non
619 5147 734 5217 lyra
763 5186 778 5211 ,
811 5159 917 5199 non
945 5142 1054 5199 alio
1099 5145 1290 5214 quovis
1319 5139 1693 5212 hujuscemodi
1719 5155 1734 5205 ;
1765 5138 1860 5193 sed

255 5243 426 5297 nuntia
474 5255 570 5312 per
617 5239 856 5310 linguam
896 5243 1152 5307 operatur
1176 5276 1189 5298 ,
1219 5246 1275 5290 et
1302 5234 1494 5305 quavis
1539 5233 1747 5289 cithara
1779 5231 1864 5287 vel

257 5336 453 5390 musica
504 5332 813 5389 suaviorem
861 5330 1238 5401 utilioremque
1280 5343 1468 5384 vocem
1517 5326 1737 5383 emittit.
1768 5325 1867 5382 Est

257 5474 381 5512 nam
404 5461 758 5514 Cornmeotarti
787 5465 1000 5523 partem.
1024 5460 1159 5506 inter
1180 5451 1728 5523 homiliastet‘quidem
1746 5453 1864 5523 jure

258 5526 452 5583 merito,
472 5514 820 5580 recensentes,
849 5514 1163 5583 tituliinstar
1183 5518 1400 5583 habent:
1426 5514 1560 5580 ὀμιλξ
1575 5514 1660 5577 α’;
1686 5514 1862 5566 Mdrel.

260 5597 395 5648 vero,
419 5580 473 5636 in
489 5583 975 5649 superscriotionem
1000 5582 1149 5649 eti‘ert
1177 5580 1482 5649 ιπροοὶαιον.

320 5652 394 5714 (a)
416 5650 664 5714 Sophista
686 5647 989 5714 dicebantur
1014 5647 1264 5714 rhetores,
1292 5648 1475 5714 artium
1503 5647 1727 5714 magistri
1747 5662 1867 5714 ,Asa-

262 5708 716 5779 pientes,doctores
738 5725 754 5774 ;
781 5708 1191 5779 tliaﬂautemipsa
1207 5722 1303 5779 vox
1324 5708 1662 5779 aliquandoin
1685 5711 1864 5779 malam

472 5771 842 5886 acclipitur,'pro
861 5774 924 5824 iis
940 5771 1027 5835 qui
1043 5771 1293 5822 simulatis
1309 5771 1586 5822 ratibciniis
1607 5774 1864 5824 veritatem

347 5852 536 5886 omuen
569 5875 581 5886 .

323 5845 603 5907 ἓοῖίῖυείὶικ
903 5897 916 5907 .
986 5894 998 5907 .
1241 5896 1252 5905 .

325 5903 339 5934 ι
373 5897 504 5954 titius
530 5902 698 5962 habet.
721 5915 844 5957 uoce
869 5897 1136 5953 clariorem
1155 5897 1378 5961 emittant
1397 5910 1583 5953 vocem.

3458 359 3532 415 26

1916 481 1991 536 illi
2016 483 2382 554 proscenium,
2413 483 2603 538 Ctelttnt
2633 489 2841 548 totum;
2872 478 3167 546 theatrum,
3199 473 3383 542 orbis;
3408 488 3534 542 ξιιμ

1912 583 2150 632 statores
2175 585 2229 630 et
2259 574 2538 632 auditores
2561 615 2578 643 ,
2609 589 2799 630 omnes
2819 571 3018 644 angeli,
3043 580 3098 627 et
3123 584 3186 625 ex
3219 565 3531 622 hominibus

1911 675 2175 738 quotquot
2214 667 2392 739 angeli
2419 676 2579 735 sunt,
2608 674 2703 722 aut
2739 665 2853 721 fieri
2893 661 3137 734 cupiunt.
3171 659 3235 715 lli
3295 671 3533 724 namque

1912 761 2012 816 soli
2044 770 2270 832 possunt
2320 759 2461 816 hane
2489 759 2829 815 harmoniam
2860 766 3118 814 accurate
3143 751 3364 809 auribus
3405 766 3535 822 per-

1912 852 2118 920 cipere,
2149 863 2202 909 et
2225 853 2483 924 operibus
2510 851 2793 920 exhibere,
2823 861 2989 921 atque
3016 847 3317 912 auditores,
3346 844 3537 916 quales

1911 956 2166 1019 oportet,
2195 962 2321 1004 esse
2351 948 2391 1003 ⁸.
2425 948 2529 1003 Alii
2575 962 2705 1003 vero
2727 960 2925 1001 omnes
2946 987 2961 1011 ,
3005 958 3107 999 ceu
3129 941 3391 1006 iul'autcs,
3415 937 3536 1012 [au-

1914 1037 2071 1094 diunt
2093 1039 2334 1110 quidem,
2359 1055 2459 1097 nec
2493 1049 2671 1095 tamen
2699 1038 2888 1095 audita
2911 1035 3242 1107 intelligunt,
3265 1029 3390 1105 sed]
3422 1031 3541 1102 pla-

1915 1134 2090 1188 centis
2122 1133 2533 1203 puerilibusque
2562 1132 2702 1188 ludis
2727 1132 2918 1186 intenti
2943 1137 3074 1185 sunt
3102 1145 3115 1183 :
3143 1129 3213 1183 ita
3249 1128 3300 1182 hi
3323 1139 3544 1197 quoque

1916 1223 2070 1287 risui.
2102 1223 2314 1279 deliciis
2335 1266 2349 1289 ,
2381 1225 2575 1295 opibus
2597 1265 2612 1291 ,
2644 1224 2906 1296 potentiae
2935 1220 3126 1286 dediti,
3153 1221 3434 1290 vcntrique
3466 1218 3548 1273 vi-

1915 1326 2128 1382 ventes,
2153 1315 2296 1371 dicta
2319 1317 2538 1385 quidem
2568 1314 2838 1371 interdum
2870 1314 3117 1380 audiunt;
3139 1311 3236 1368 sed
3263 1311 3397 1368 nihil
3425 1326 3545 1366 ma-

1914 1421 2080 1478 gnum
2107 1410 2191 1462 vel
2223 1409 2457 1464 sublime
2483 1408 2744 1480 operibus
2781 1406 3077 1471 exhibent,
3108 1404 3252 1478 quod
3282 1419 3344 1461 se
3372 1401 3546 1460 semel

1917 1501 2154 1557 lateritio
2177 1503 2331 1574 operi
2377 1513 2434 1559 et
2458 1503 2572 1559 luto
2604 1502 2936 1558 dediderint.
2966 1500 3108 1557 Huic
3153 1499 3412 1572 apostolo,
3447 1499 3546 1554 atl-

1918 1605 2064 1651 stant
2090 1611 2342 1668 superna:
2369 1598 2622 1665 virtutes,
2653 1598 2799 1653 illius
2829 1597 3025 1652 animae
3058 1596 3543 1668 pulchritudinem,

1919 1689 2259 1760 prudentiam
2292 1691 2616 1762 virtutisque
2643 1690 2883 1762 speciem
2910 1690 3174 1745 mirantes
3199 1729 3214 1755 ,
3258 1704 3354 1759 per
3385 1704 3547 1758 quam

1921 1785 2099 1856 ipsum
2128 1782 2404 1841 Christum
2436 1786 2694 1851 attraxit,
2735 1793 2792 1841 et
2816 1784 3159 1855 spiritualem
3188 1784 3401 1854 accepit
3430 1799 3554 1854 gra-

1922 1877 2074 1932 tiam.
2111 1876 2325 1933 Etenim
2360 1893 2459 1933 ecu
2493 1877 2665 1952 lyram
2693 1877 2984 1949 quamdam
3015 1876 3322 1948 speciosam
3355 1869 3555 1948 lapillis

1922 1968 2215 2041 aureisque
2264 1969 2460 2026 {idibus
2491 1953 2736 2026 ornatam
2764 2012 2779 2038 ,
2814 1970 2894 2026 sic
2939 1970 3178 2025 animam
3220 1983 3557 2040 componens

1923 2076 2078 2116 suam
2103 2101 2119 2126 ,
2164 2060 2216 2117 id
2245 2060 2427 2118 eﬂ‘eeit
2459 2070 2518 2117 ut
2558 2076 2814 2134 magnum
2860 2069 2917 2119 et
2953 2059 3233 2117 excelsum
3280 2060 3556 2132 quidpiam

1925 2153 2132 2226 Spiritu
2160 2164 2400 2213 sonaret.

1997 2247 2053 2302 2.
2081 2247 2306 2303 Joannis
2334 2248 2644 2303 sublimitas.
2677 2247 2950 2316 Quomodo
2992 2247 3313 2319 evangelium
3348 2247 3460 2317 ejus
3495 2247 3562 2301 sit

1926 2344 2264 2401 audiendum.
2294 2374 2367 2386 —
2397 2344 2584 2416 Itaque
2616 2360 2723 2400 non
2770 2353 2830 2400 ut
2859 2344 3177 2415 piscatoris,
3217 2356 3320 2399 nec
3364 2350 3422 2398 ut
3464 2342 3560 2398 lilii

1929 2436 2202 2502 Zebedaei.
2228 2437 2323 2495 sed
2348 2438 2540 2510 utejus
2555 2439 2645 2510 qui
2670 2439 2934 2510 profunda
2965 2438 3059 2494 Dei
3088 2438 3262 2507 novit,
3289 2436 3554 2506 Spiritum

1929 2530 2053 2586 dico
2077 2531 2218 2586 hanc
2247 2531 2426 2604 lyram
2449 2532 2778 2603 pulsantem,
2811 2533 2891 2587 sic
2911 2531 3218 2587 audiamus.
3240 2530 3385 2587 Nihil
3415 2530 3562 2586 enim

1931 2623 2232 2680 humanum
2263 2625 2431 2692 dicet,
2464 2625 2559 2682 sed
2587 2625 2850 2697 quidquid
2882 2626 3136 2698 loquetur
3162 2641 3228 2681 cx
3257 2625 3561 2697 spirituali-

1933 2716 2034 2773 bus
2059 2717 2274 2789 abyssis
2301 2717 2553 2774 haustum
2586 2727 2692 2785 est,
2727 2735 2794 2773 ex
2821 2718 3037 2774 arcanis
3058 2718 3188 2785 illis,
3219 2734 3341 2789 qua:
3369 2734 3437 2774 ne
3464 2735 3565 2775 an-

1933 2810 2038 2881 geli
2062 2809 2306 2880 quidem,
2336 2821 2626 2882 antequam
2653 2810 2743 2866 illa
2777 2811 2995 2877 tierent,
3024 2819 3312 2868 noverant.
3343 2811 3477 2868 Nam
3510 2820 3567 2868 et

1938 2904 2041 2975 ipsi
2073 2904 2358 2960 nobiscum
2385 2920 2481 2976 per
2508 2905 2735 2963 Joannis
2765 2920 2956 2961 vocem
2973 2947 2989 2974 ,
3011 2913 3070 2962 et
3099 2921 3195 2978 per
3218 2923 3320 2964 nos
3356 2906 3566 2964 didice-

1937 3007 2066 3054 t‘unt
2092 3013 2156 3054 ea
2181 3014 2305 3070 quae
2334 3015 2436 3055 nos
2465 3000 2739 3054 novimus.
2774 2999 2840 3054 Et
2869 2999 2972 3055 hoc
2993 3015 3212 3072 quoque
3241 3001 3570 3072 significavit

1936 3091 2080 3146 alius
2102 3089 2384 3161 apostolus
2415 3089 2500 3145 his
2541 3090 2760 3146 verbis:
2789 3089 2858 3146 Ut
2892 3091 3178 3146 innotescat
3206 3108 3344 3146 nunc
3374 3091 3569 3163 princi-

1941 3183 2146 3252 patibus
2177 3193 2224 3238 et
2256 3181 2592 3254 potestatibus
2642 3200 2734 3254 per
2778 3180 3068 3238 Ecclesium
3107 3183 3443 3255 multiformis
3487 3201 3574 3240 sa-

1941 3275 2136 3348 pientia
2157 3273 2258 3331 Dei
2294 3274 2515 3348 (Epltes.
2546 3276 2600 3332 5.
2631 3275 2745 3347 10).
2776 3275 2833 3331 Si
2862 3290 2995 3346 ergo
3019 3276 3354 3347 principatus
3379 3318 3393 3338 .
3419 3285 3576 3348 pote-

1940 3379 2130 3436 states,
2153 3370 2452 3427 Cherubim
2480 3379 2534 3427 et
2565 3370 2851 3441 Seraphim
2886 3372 3003 3427 hinc
3032 3386 3130 3441 per
3155 3370 3455 3427 Ecclesiam
3485 3371 3574 3426 tli-

1943 3461 2190 3519 dicerunt
2215 3505 2228 3529 ,
2263 3463 2441 3534 palam
2471 3473 2556 3534 est
2597 3463 2719 3519 illus
2748 3479 2939 3535 magna
2969 3479 3094 3519 cum
3123 3462 3424 3518 attentione
3461 3463 3578 3518 lia‘c

1943 3556 2254 3618 edidicisse.
2283 3556 2446 3619 Certe
2498 3575 2603 3618 non
2642 3575 2812 3635 parvo
2856 3559 2984 3616 hinc
3008 3559 3225 3620 honore
3267 3560 3573 3634 allicimttr,

1945 3656 2089 3728 quod
2135 3657 2312 3729 angeli
2345 3672 2407 3714 ea
2435 3657 2720 3714 nobiscum
2771 3657 3015 3725 audiant,
3049 3675 3174 3731 qua:
3201 3660 3517 3731 ignorabant
3559 3679 3572 3716 :

1945 3749 2090 3822 quod
2117 3757 2298 3806 autem
2324 3750 2487 3806 etiam
2521 3765 2618 3821 per
2643 3766 2762 3818 nos,
2801 3750 3041 3806 nondum
3073 3752 3248 3807 dicam
3278 3751 3577 3823 quomodo.

1947 3841 2175 3898 Multum
2219 3857 2352 3914 ergo
2392 3842 2750 3900 adhibeamus
2779 3857 2903 3899 eum
2947 3843 3213 3900 modestia
3256 3845 3536 3902 silentium
3563 3887 3579 3909 .

1949 3952 2056 3993 non
2084 3936 2246 3994 hodie
2275 3946 2505 4004 tantum,
2537 3948 2626 3994 aut
2657 3954 2724 3994 eo
2746 3938 3032 3997 dumtaxat
3059 3956 3169 4012 quo
3198 3941 3448 3998 audimus
3467 3942 3579 4007 die.

1950 4030 2045 4087 sed
2075 4045 2174 4101 per
2204 4038 2373 4087 totam
2407 4033 2593 4098 vitam;
2625 4033 2749 4104 quia
2779 4032 2934 4089 illum
2963 4033 3113 4090 omni
3145 4044 3391 4105 tempore
3419 4035 3582 4091 audi-

1952 4141 2014 4182 re
2045 4125 2382 4182 fructuosum
2412 4121 2513 4182 est.
2546 4126 2679 4182 Nam
2711 4126 2755 4182 si
2784 4134 2847 4182 ea
2878 4142 3000 4198 quae
3023 4128 3076 4183 in
3103 4129 3249 4198 regia
3275 4138 3539 4201 geruntur
3564 4171 3581 4196 ,

1952 4220 2097 4276 scire
2122 4228 2395 4290 optamus;
2428 4235 2625 4290 nempe
2655 4218 2785 4290 quid
2813 4218 3115 4290 Imperator
3143 4219 3323 4288 faciat,
3355 4221 3482 4292 quid
3511 4221 3584 4279 de

1958 4311 2188 4367 subditis
2214 4311 2498 4377 consulat,
2530 4311 2743 4366 etiamsi
2773 4326 2920 4381 saepe
2956 4309 3012 4366 id
3056 4311 3189 4367 nihil
3215 4312 3283 4367 ad
3325 4327 3425 4368 nos
3453 4316 3584 4369 atti-

1957 4414 2084 4459 neat
2115 4421 2129 4460 :
2163 4405 2337 4460 multo
2365 4403 2536 4474 magis
2574 4417 2696 4474 qua:
2729 4403 2872 4457 Deus
2901 4402 3039 4458 dixit
3063 4404 3254 4459 audire
3283 4407 3584 4475 eptandum

1957 4509 2043 4555 est
2071 4515 2086 4553 :
2118 4513 2240 4554 cum
2283 4496 2521 4552 maxime
2571 4496 2661 4551 illa
2704 4495 2887 4550 omnia
2915 4496 2984 4551 ad
3027 4511 3126 4552 nos
3156 4498 3589 4569 spcctent..ll:irc

1961 4607 2125 4664 porro
2151 4602 2342 4648 cuncta
2375 4600 2632 4646 accurate
2658 4590 2749 4646 ille
2780 4589 2938 4646 nobis
2968 4591 3277 4659 enarrabit,
3324 4593 3468 4663 quod
3502 4608 3589 4650 re-

1961 4684 2043 4756 gis
2069 4685 2278 4740 amicus
2318 4683 2410 4748 sit,
2442 4683 2551 4737 imo
2578 4680 2723 4754 quod
2754 4695 2940 4753 regem
2971 4681 3024 4737 in
3056 4697 3116 4737 se
3145 4683 3459 4754 loquentem
3489 4683 3593 4740 lia-

1963 4781 2090 4838 beat
2118 4779 2410 4849 omniaque
2432 4777 2500 4832 ab
2522 4776 2614 4832 illo
2634 4775 2838 4840 audiat,
2872 4791 2993 4846 qua:
3016 4775 3149 4832 illea
3170 4777 3331 4833 Patre
3353 4779 3546 4849 accipit
3575 4799 3589 4836 :

1967 4888 2090 4928 nam
2133 4871 2208 4927 ait
2233 4913 2247 4937 ,
2307 4868 2408 4925 Vos
2435 4869 2546 4924 dixi
2573 4870 2767 4924 amicos
2791 4910 2805 4934 ,
2855 4869 2978 4941 quia
3017 4871 3191 4924 omnia
3217 4886 3332 4943 qua
3362 4872 3536 4926 audivi
3563 4889 3594 4927 α

1968 4963 2127 5020 Patre
2156 4980 2290 5030 meo,
2324 4973 2448 5018 nota
2475 4963 2729 5037 feciuobis
2761 4959 2944 5034 (Joan.
2977 4963 3067 5020 l5.
3092 4963 3206 5037 15).
3229 4964 3596 5033 Quemadmo-

1964 5057 2096 5113 dum
2126 5056 2291 5129 igitur
2313 5097 2328 5123 ,
2370 5055 2418 5112 si
2447 5069 2610 5125 quem
2635 5070 2666 5110 e
2693 5069 2911 5110 summo
2939 5055 3075 5110 cazlo
3105 5071 3337 5127 pronum
3369 5071 3597 5129 repente

1968 5149 2300 5214 videremus,
2329 5147 2416 5218 qui
2444 5146 2787 5217 promitteret
2808 5161 2869 5202 se
2899 5146 3058 5202 nobis
3083 5148 3321 5204 etulestia
3345 5161 3599 5209 accurate

1970 5241 2260 5308 dicturum,
2290 5255 2483 5297 omnes
2513 5254 2928 5296 accurreremus
2956 5256 2969 5293 :
3004 5241 3075 5296 ita
3104 5258 3248 5298 nunc
3268 5258 3485 5313 quoque
3513 5246 3600 5300 af-

1973 5332 2101 5390 fecti
2131 5334 2324 5390 simus.
2354 5333 2430 5392 Ex
2464 5332 2600 5388 caelo
2629 5348 2867 5404 namque
2897 5334 2980 5388 vir
3005 5334 3097 5390 ille
3125 5350 3226 5390 nos
3256 5335 3551 5407 alloquitur
3583 5356 3597 5393 :

1975 5441 2084 5483 non
2109 5427 2254 5482 cnim
2282 5434 2453 5483 estex
2487 5425 2589 5482 hoc
2617 5426 2844 5494 mundo,
2871 5435 2927 5482 ut
2952 5427 3117 5483 etiam
3146 5427 3280 5483 dicit
3307 5429 3421 5500 ipse
3441 5429 3601 5485 Chri-

1974 5528 2092 5579 stus
2123 5538 2137 5576 :
2180 5522 2282 5576 Vos
2310 5520 2373 5576 de
2400 5521 2495 5577 ltoc
2524 5521 2718 5576 mundo
2759 5538 2862 5577 non
2888 5523 3007 5578 estis
3038 5520 3224 5597 (least.
3257 5523 3346 5581 15.
3377 5523 3467 5593 l9)
3495 5539 3513 5590 ;
3543 5534 3601 5580 et

1977 5615 2318 5672 Paracletum
2348 5619 2402 5670 in
2451 5629 2513 5672 se
2557 5615 2868 5687 loquentem
2901 5614 3105 5687 habet,
3137 5616 3339 5691 ubique
3364 5629 3604 5689 praesen.

2047 5773 2064 5805 ι
2090 5780 2232 5837 Haec,
2267 5779 2413 5837 atque
2437 5770 2688 5837 auditores
2708 5811 2721 5832 ,
2749 5771 2919 5833 quales
2940 5777 3161 5837 oportet,
3188 5783 3291 5837 esse
3307 5807 3321 5831 ,
3347 5770 3528 5837 desunt
3555 5771 3604 5823 in

1978 5835 2144 5896 Savil.,
2168 5843 2220 5897 et
2253 5838 2301 5886 iu
2328 5833 2624 5898 Quibusdam
2671 5842 2778 5886 Mss.
2822 5843 2938 5898 Quae
2971 5833 3126 5897 paulo
3167 5833 3379 5886 inferius
3414 5833 3604 5885 uncinis

1979 5897 2291 5960 clauduntur,
2318 5897 2668 5949 desiderantur
2693 5900 2742 5948 in
2763 5905 2869 5947 Mss.
2895 5897 3141 5963 plurimis.
