4078 6480
541 414 614 471 g7
1261 394 1316 450 S.
1356 388 1635 448 JO.\NNIS
1671 380 2150 444 CIIRYSOSTOMI
2189 377 2508 439 ARCINEP.
2548 374 3088 435 CONSTANTIXOP.
3767 374 3844 430 98

544 535 673 587 nun,
702 518 788 589 qui
821 517 891 572 ita
920 512 1068 571 novit
1094 523 1300 589 eaquae
1322 507 1418 563 Dei
1441 515 1586 570 sunt,
1610 514 1670 560 ut
1691 502 1868 558 anima
1890 497 2135 589 hominis

544 626 632 666 res
661 588 786 664 suas
808 607 975 670 novit;
1003 588 1260 673 Spiritum
1291 613 1486 669 nempe
1513 597 1812 653 sanctitatis
1833 635 1848 660 ,
1877 588 2137 664 Spiritum

542 711 780 762 rectum,
811 698 902 770 qui
929 696 1109 766 dirigit
1134 703 1190 750 ct
1211 692 1360 749 ducit
1389 692 1440 746 in
1482 689 1674 746 cmlum
1697 730 1710 753 ,
1739 688 1828 760 qui
1860 698 2030 742 novos
2049 683 2142 738 dat

543 792 751 856 oculos.
781 792 872 862 qui
901 789 952 846 id
982 788 1145 846 el‘ﬁcit
1167 795 1226 842 ut
1255 785 1429 842 futura
1453 795 1723 856 tamquam
1752 778 2030 852 [ll'iBSCIllia
2062 776 2142 832 vi-

541 886 766 942 deamus
790 926 807 951 ,
839 892 894 939 et
921 883 973 938 in
1003 895 1165 937 carne
1193 879 1428 936 crelestia
1469 879 1797 933 intueamur.
1835 873 1935 929 Per
1973 880 2138 927 totam

539 993 674 1051 ergo
697 979 858 1032 vitam
888 989 989 1032 nos
1014 975 1063 1030 ei
1085 972 1273 1030 sedato
1293 981 1349 1029 ct
1371 971 1661 1042 tranquillo
1685 969 1864 1025 animo
1889 966 2138 1022 exhibea-

545 1085 695 1126 mus:
717 1082 875 1125 nemo
892 1069 1146 1138 ignavus,
1179 1079 1336 1121 nemo
1357 1063 1772 1128 somniculosus,
1807 1059 1890 1114 vel
1921 1058 2146 1115 maculis

548 1174 826 1233 respersus
853 1157 941 1214 hic
959 1164 1171 1212 maneat
1192 1154 1314 1210 :sed
1334 1155 1385 1210 in
1403 1155 1595 1210 crelum
1615 1168 1712 1210 nos
1730 1151 2138 1217 transferamus,

545 1254 635 1309 ubi
652 1251 980 1323 evangelista
995 1249 1230 1321 loquitur
1253 1249 1317 1304 iis
1337 1248 1427 1320 qui
1446 1247 1566 1304 istic
1583 1263 1682 1302 con
1691 1253 1992 1301 versantur.
2007 1243 2061 1300 Si
2089 1243 2143 1298 in

548 1355 692 1399 terra
725 1355 1057 1408 maneamus,
1096 1340 1223 1396 hinc
1250 1339 1381 1395 nihil
1411 1339 1540 1394 lucri
1565 1337 1846 1394 referimus
1878 1356 1891 1390 :
1923 1334 2146 1391 Joannis

547 1435 746 1505 quippe
774 1431 1054 1502 disciplina
1074 1430 1207 1486 nihil
1225 1431 1419 1486 attinet
1436 1428 1500 1484 ad
1519 1443 1634 1496 eos,
1659 1427 1750 1499 qui
1777 1443 1806 1481 a
1832 1427 1938 1481 vita
1969 1427 2149 1498 porcis

548 1525 706 1595 digna
726 1539 832 1581 non
855 1524 1152 1590 absistunt,
1185 1521 1638 1593 quemadmodum
1666 1519 1798 1576 nihil
1822 1519 2048 1574 attinent
2078 1515 2148 1572 ad

551 1631 674 1670 eum
703 1630 792 1671 res
814 1614 1085 1670 humanas.
1113 1613 1335 1669 Tonitru
1357 1612 1597 1683 quidem,
1632 1610 1963 1667 inconditum
1987 1607 2146 1664 emit-

551 1715 671 1760 tens
703 1719 895 1760 sonum
917 1746 932 1772 ,
979 1704 1190 1760 animos
1235 1713 1448 1760 nostros
1489 1702 1894 1774 perterrefacit;
1925 1700 2149 1756 Joannis

550 1807 741 1872 autem
761 1813 865 1852 vox
895 1798 1162 1852 neminem
1187 1796 1422 1852 ﬁdelium
1455 1795 1656 1862 turbat,
1691 1795 1799 1850 imo
1827 1809 1892 1850 ex
1919 1792 2151 1849 tumultu

550 1900 606 1945 ct
637 1890 1044 1962 perturbatione
1064 1891 1286 1958 eximit,
1315 1889 1553 1961 solisque
1580 1889 1915 1944 dmmonibus
1959 1886 2150 1943 terrori

554 1991 659 2046 est,
688 1989 743 2037 et
768 1981 1071 2038 daemonum
1092 1982 1284 2039 servis.
1304 1977 1375 2038 Ut
1402 1981 1677 2055 videamus
1704 1994 1833 2052 ergo
1864 1994 1972 2052 quo
1999 1987 2154 2051 pacto

560 2073 681 2129 illos
710 2081 928 2139 terreat,
956 2084 1012 2131 et
1036 2074 1215 2130 animo
1244 2074 1502 2130 sileamus
1529 2083 1586 2130 et
1613 2089 1726 2136 ore,
1757 2072 1940 2129 animo
1972 2082 2154 2128 tamen

555 2165 808 2221 maxime.
841 2164 1097 2233 Quaenam
1128 2165 1328 2220 utilitas
1348 2205 1362 2230 ,
1392 2180 1515 2219 eum
1548 2172 1760 2220 tacente
1787 2177 1913 2230 ore,
1940 2163 2155 2218 animus

561 2256 950 2311 tumultuatur?
980 2256 1188 2311 Auitus:
1233 2256 1468 2327 quietem
1499 2268 1684 2325 quaero
1708 2295 1724 2318 ,
1753 2253 1879 2325 quia
1920 2255 2154 2317 animam

557 2347 860 2404 audlcntem
892 2358 1106 2418 exopto.
1139 2344 1290 2402 Nulla
1333 2360 1465 2416 ergo
1503 2360 1602 2402 nos
1629 2353 1968 2402 commoveat
1993 2359 2157 2416 pecu-

560 2440 664 2494 niae
685 2439 972 2509 cupiditas,
1007 2438 1184 2494 nullus
1204 2437 1392 2510 gloria:
1421 2452 1592 2502 amor,
1621 2452 1729 2492 non
1752 2437 1846 2492 irae
1876 2437 2116 2509 tyrannis
2138 2478 2154 2505 ,

556 2546 664 2586 non
689 2530 915 2587 aliorum
938 2530 1228 2588 aﬁ'ectuum
1250 2528 1528 2586 tumultus.
1551 2528 1666 2585 Non
1688 2537 1866 2600 potest
1888 2529 2030 2585 enim
2047 2543 2157 2586 non

559 2634 815 2696 purgatus
839 2624 1052 2680 auditus
1079 2623 1349 2679 dictorum
1388 2621 1796 2688 sublimitatem,
1830 2632 2011 2694 utpar
2033 2631 2114 2677 cst
2138 2661 2154 2687 ,

564 2719 647 2773 vel
697 2733 925 2789 capere,
977 2717 1063 2774 vel
1112 2731 1364 2773 arcanam
1417 2725 1474 2772 et
1518 2714 1853 2772 tremendam
1898 2715 2157 2772 horumce

561 2812 938 2882 mysteriorum
962 2811 1247 2876 rationem,
1279 2819 1611 2880 exterasque
1640 2809 1867 2865 virtutes
1893 2823 2080 2864 omnes
2102 2809 2154 2863 in

563 2904 646 2957 his
676 2903 909 2958 oraculis
951 2910 1233 2958 contentas
1271 2911 1522 2956 accurate
1551 2914 1897 2971 cognoscere.
1925 2897 1981 2955 Si
2011 2900 2156 2955 enim

561 2993 690 3050 tibia
721 3003 771 3050 et
803 2993 1006 3050 cithara
1047 2992 1232 3050 ludere
1263 3007 1421 3050 nemo
1460 2991 1746 3055 didicerit,
1791 2991 1893 3046 nisi
1933 2991 1996 3046 iis
2040 2992 2155 3046 ani-

564 3101 707 3142 mum
735 3085 1061 3150 adhibuerit,
1082 3085 1351 3154 quomodo
1377 3087 1632 3156 mysticas
1651 3098 1812 3140 voces
1830 3083 1948 3154 quis
1966 3081 2159 3139 sedens

561 3177 762 3240 audiat,
792 3177 836 3232 si
866 3177 1074 3232 animus
1105 3177 1155 3230 in
1182 3176 1408 3246 segnitie
1431 3175 1632 3246 degat?

631 3271 684 3324 5.
734 3267 859 3323 Ideo
897 3267 1141 3324 Christus
1187 3269 1268 3322 his
1304 3281 1401 3323 nos
1444 3267 1622 3323 verbis
1661 3266 1949 3322 admonet:
1986 3264 2161 3320 Nolite

557 3363 682 3415 dare
709 3371 886 3416 sancta
911 3360 1151 3424 canibus,
1184 3376 1345 3427 neque
1383 3359 1668 3430 proﬁciatis
1704 3359 2015 3428 margaritas
2044 3367 2162 3414 ante

559 3469 740 3522 porros
775 3454 792 3521 (
818 3451 1006 3507 Matth.
1041 3452 1097 3507 7.
1129 3450 1223 3524 6).
1257 3451 1566 3522 Margaritas
1592 3452 1707 3507 luec
1733 3451 1894 3507 verba
1926 3453 2156 3521 vocavit,

559 3545 685 3600 licet
713 3544 829 3600 haec
856 3544 1158 3616 margaritis
1186 3543 1340 3615 longe
1380 3544 1696 3615 pretiosiora
1725 3544 1833 3598 sint
1854 3585 1868 3609 ,
1909 3544 2029 3615 quia
2060 3546 2161 3600 hac

560 3638 783 3692 materia
830 3636 976 3692 nulla
1021 3636 1380 3707 praestantior.
1435 3636 1557 3692 Ideo
1606 3635 1797 3692 horum
1847 3651 2156 3693 sermonum

557 3728 871 3784 suavitatem
889 3728 1031 3784 melli
1057 3741 1370 3798 comparare
1385 3729 1544 3793 solet,
1569 3743 1674 3784 non
1692 3729 1834 3800 quod
1861 3730 1966 3784 mel
1989 3729 2159 3800 ipsam

560 3835 773 3890 :equare
825 3820 1015 3890 possit,
1036 3819 1132 3876 sed
1186 3820 1326 3891 quod
1379 3821 1508 3876 nihil
1556 3822 1715 3877 melle
1763 3821 1971 3877 dulcius
2017 3823 2160 3893 apud

556 3926 658 3965 nos
697 3912 786 3966 sit.
826 3911 957 3966 Nam
997 3911 1141 3983 quod
1171 3921 1580 3983 ergemmarum
1609 3913 1860 3982 pretium.
1897 3921 1954 3968 et
1983 3914 2160 3970 mellis

557 4004 870 4058 suavitatem
902 4004 1061 4073 longo
1090 4004 1371 4059 intervallo
1398 4016 1672 4075 superent,
1693 4006 1815 4060 audi
1841 4006 2154 4078 prophetam

559 4096 677 4151 hare
697 4107 1026 4151 asscrentem
1050 4095 1132 4152 his
1158 4096 1335 4151 verbis
1359 4113 1373 4153 :
1407 4096 1775 4153 Desiderabilia
1797 4115 1950 4169 super
1975 4119 2156 4156 aurum

550 4197 603 4242 et
642 4188 864 4257 lapidem
905 4189 1177 4262 pretiosum
1207 4187 1452 4253 multum,
1500 4198 1547 4244 et
1585 4191 1818 4245 dulciora
1861 4207 2014 4260 super
2059 4195 2158 4247 mel

553 4289 601 4334 et
645 4280 863 4350 [avum(
898 4278 1044 4334 Psal.
1092 4279 1177 4335 18.
1219 4280 1306 4335 ll.
1354 4281 1496 4348 l2);
1545 4281 1639 4336 scd
1678 4282 1814 4336 bene
1853 4283 2158 4340 valentibus

557 4381 794 4437 tantum;
827 4371 948 4428 ideo
969 4371 1236 4436 subdidit,
1267 4371 1472 4428 Etenim
1494 4389 1667 4428 seruus
1692 4383 1809 4428 tuus
1831 4377 2049 4430 custodit
2072 4393 2154 4431 ea.

555 4462 625 4518 Et
655 4464 778 4518 alibi
805 4479 1052 4534 quoque,
1083 4477 1205 4519 cum
1237 4463 1411 4519 dulcia
1449 4463 1711 4532 dixisset,
1744 4465 1981 4532 addidit,
2014 4467 2158 4522 Fau-

549 4557 692 4610 cibus
719 4558 863 4613 meis.
899 4557 1064 4622 Quam
1085 4557 1277 4623 dulcia,
1312 4555 1504 4628 inquit,
1534 4557 1768 4629 faucibus
1797 4560 1920 4613 meis
1953 4559 2155 4631 eloquia

549 4656 678 4711 tua;
701 4658 753 4703 et
799 4649 1176 4704 excellentiam
1206 4648 1434 4705 eﬂ‘erens
1463 4649 1645 4714 addit,
1677 4650 1848 4721 Super
1873 4652 1973 4706 mel
1996 4663 2041 4706 et
2067 4653 2152 4722 fa-

549 4757 670 4794 vum
692 4743 768 4796 ori
799 4760 906 4797 meo
935 4741 1108 4811 (Psat.
1131 4744 1154 4797 l
1174 4743 1254 4798 18.
1277 4743 1423 4812 105),
1447 4745 1570 4814 quia
1599 4759 1728 4799 sana
1761 4755 1937 4802 mcntc
1959 4748 2150 4817 pta-di-

551 4844 638 4887 tus
673 4843 806 4888 crat.
834 4833 913 4890 Ne
942 4835 1117 4905 itaque
1149 4835 1338 4890 morbo
1377 4836 1548 4893 aﬁ‘ecti
1578 4837 1694 4895 haec
1735 4839 2010 4910 adeamus,
2054 4841 2148 4897 sed

550 4934 670 4994 post
725 4937 1071 4996 cxpurgatum
1112 4929 1380 4994 aninutm,
1437 4928 1579 4985 hunc
1623 4931 1800 4986 cibum
1852 4947 2147 4991 sumamus.

551 5017 676 5072 hleo
720 5032 950 5088 namque
994 5027 1069 5072 tot
1113 5019 1293 5076 verbis
1323 5022 1614 5091 prmmisus
1653 5024 1890 5079 nondum
1937 5026 2002 5079 atl
2034 5025 2150 5083 haec

544 5111 872 5166 devenerant
893 5153 909 5178 ,
935 5121 992 5166 ut
1031 5111 1223 5184 singuli
1256 5117 1400 5168 omni
1428 5116 1652 5184 depulso
1683 5119 1904 5186 morbo,
1932 5134 1993 5175 ac
2023 5120 2066 5176 si
2096 5121 2148 5176 in

547 5203 736 5258 czelum
767 5205 1062 5270 intrarent,
1098 5207 1175 5260 sic
1203 5207 1302 5272 ira,
1323 5208 1487 5277 curis,
1511 5211 1961 5268 sollicitudinibus
1982 5224 2146 5271 caete-

550 5295 730 5364 risque
783 5296 945 5349 animi
996 5298 1274 5355 affectibus
1343 5302 1492 5356 vacui
1547 5303 1973 5374 ingrederentur.
2029 5306 2145 5362 Non

551 5399 837 5454 possumus
856 5387 998 5443 enim
1025 5387 1149 5444 hinc
1174 5391 1298 5460 quid
1329 5408 1574 5464 magnum
1615 5397 1843 5460 lucrari,
1877 5398 1976 5454 nisi
2001 5401 2146 5469 prius

549 5479 780 5534 animam
812 5483 878 5535 ita
913 5484 1333 5554 purgaverimus.
1363 5485 1470 5544 Nec
1499 5489 1628 5545 mihi
1651 5492 1771 5562 quis
1792 5491 1954 5556 dicat,
1982 5492 2142 5550 breve

550 5583 762 5643 tempus
809 5576 947 5632 inter
992 5577 1129 5634 hanc
1183 5589 1239 5635 et
1278 5592 1588 5651 sequentem
1635 5586 1950 5641 concionem
1997 5602 2138 5644 esse.

552 5663 698 5720 Licet
721 5667 864 5722 enim
906 5683 1014 5723 non
1062 5670 1236 5724 solum
1277 5671 1483 5727 dierum
1529 5675 1765 5745 quinque
1808 5677 2003 5746 Spatio,
2046 5678 2138 5734 scd

548 5762 705 5814 etiam
755 5777 860 5817 uno
907 5758 1167 5833 temporis
1213 5775 1485 5821 momento
1525 5769 1689 5822 vitam
1725 5779 1887 5824 totam
1933 5781 2138 5828 mutare

547 5853 940 5925 Qttitl/1tt;t'sn,
978 5858 1183 5912 latrone
1212 5869 1260 5912 et
1297 5859 1558 5914 homicida
1589 5862 1910 5918 scelestius?
1952 5881 2129 5921 annon

2247 505 2548 554 extremum
2575 493 2679 549 hoc
2703 485 3063 562 improbitatis
3081 501 3252 560 genus
3282 487 3405 543 est?
3434 489 3679 543 Attamen
3711 489 3850 542 hum

2247 589 2337 642 ille
2362 588 2429 643 ad
2457 601 2726 642 summum
2751 585 2964 639 virtutis
2987 582 3195 652 apicem
3218 583 3401 637 statim
3427 583 3690 652 pervenit.
3719 594 3769 637 et
3798 585 3847 638 in

2249 678 2550 751 paradisum
2591 675 2758 741 abiit,
2805 689 2906 731 nec
2948 672 3194 745 plurimis
3222 672 3432 737 diebus,
3481 687 3582 728 nec
3627 671 3851 728 dimidio

2247 772 2334 827 dic
2362 784 2496 842 opus
2523 767 2738 834 habuit,
2767 767 2861 824 sed
2895 766 3045 822 brevi
3092 773 3302 821 tantum
3327 774 3624 820 momento.
3669 765 3852 835 Itaque

2248 864 2374 920 licet
2397 869 2618 932 repente.
2647 860 2865 927 mutari,
2894 868 2950 916 et
2977 873 3202 914 aureum
3233 873 3298 914 ex
3346 857 3492 914 luteo
3525 856 3686 914 efﬁci.
3717 858 3851 914 Cum

2249 956 2393 1012 cnim
2420 969 2592 1025 neque
2622 961 2814 1019 virtus,
2863 966 3037 1021 neque
3085 950 3274 1006 vitium
3312 965 3376 1006 ex
3425 958 3614 1005 natura
3663 949 3848 1017 insint,

2252 1049 2424 1104 facilis
2458 1055 2544 1104 est
2572 1047 2828 1114 mutatio,
2859 1047 3004 1101 onmi
3035 1044 3359 1101 necessitate
3387 1044 3576 1100 libera.
3601 1043 3663 1099 Si
3684 1044 3856 1098 eoluc-

2250 1142 2363 1196 ritis
2406 1152 2454 1197 et
2500 1143 2760 1197 audieritis
2808 1157 2921 1206 me,
2957 1140 3163 1211 ittquit,
3214 1139 3345 1194 bona
3387 1147 3534 1194 terra:
3584 1138 3856 1194 comedetis

2255 1232 2276 1306 (
2303 1232 2434 1288 Isai.
2467 1235 2516 1289 i.
2554 1232 2677 1306 l9).
2717 1231 2901 1289 Viden‘
2928 1231 3043 1288 sola
3090 1246 3227 1301 opus
3273 1246 3396 1288 esse
3425 1231 3730 1287 voluntate:
3766 1245 3860 1286 vo-

2256 1326 2494 1389 luntate.
2537 1328 2791 1398 inquam.
2840 1341 2945 1382 non
2985 1325 3194 1398 vulgari
3226 1325 3315 1380 illa
3346 1339 3467 1395 qua:
3498 1323 3856 1395 plurimorum

2255 1430 2369 1483 est,
2398 1421 2494 1478 sed
2524 1420 2784 1492 diligenti.
2816 1419 2940 1478 Scio
2961 1419 3159 1491 quippe
3197 1432 3385 1474 omnes
3412 1417 3464 1472 in
3504 1417 3691 1472 etclam
3723 1431 3858 1471 avo.

2257 1513 2370 1570 lare
2421 1513 2602 1577 velle;
2659 1511 2754 1567 sed
2805 1511 3054 1566 voluntas
3107 1510 3364 1582 operibus
3406 1507 3707 1566 exhibenda
3752 1517 3856 1564 est.

2257 1603 2530 1676 Siquidem
2554 1612 2823 1660 mercator
2844 1602 2956 1660 vult
3000 1602 3295 1667 ditescere,
3324 1617 3498 1674 neque
3525 1601 3774 1658 voluntas
3806 1603 3858 1658 in

2256 1695 2580 1767 cogitatione
2607 1703 2812 1751 tantum
2837 1694 3117 1760 consistit;
3143 1693 3238 1750 sed
3265 1695 3442 1750 navim
3470 1703 3638 1764 parat,
3670 1703 3861 1747 nautas

2257 1791 2420 1862 cogit,
2467 1791 2883 1862 gubernatorem
2931 1791 3197 1857 accersit,
3244 1791 3562 1861 ueterisque
3609 1791 3860 1847 omnibus

2261 1883 2436 1940 navim
2469 1883 2719 1947 instruit,
2746 1898 2936 1940 aurum
2976 1891 3268 1949 mutuatur,
3312 1883 3533 1955 pelagus
3561 1883 3775 1954 trajicit,
3809 1885 3859 1938 in

2260 1973 2595 2047 peregrinam
2617 1983 2814 2031 terram
2841 1974 3222 2046 proficiscitur,
3247 1975 3484 2046 pericula
3507 1975 3672 2031 multa
3694 1974 3860 2042 subit,

2259 2068 2472 2138 aliaque
2515 2067 2738 2138 plurima
2768 2068 2989 2139 patitur,
3021 2083 3145 2139 qute
3183 2075 3383 2123 norunt
3427 2068 3460 2123 ii
3487 2067 3579 2139 qui
3611 2067 3863 2138 navigare

2259 2161 2455 2218 solent.
2495 2160 2568 2218 Ita
2597 2176 2698 2218 nos
2735 2170 2948 2234 oportet
2973 2161 3302 2218 voluntatem
3329 2160 3603 2218 exhibere.
3634 2159 3864 2232 Naviga-

2261 2269 2382 2310 mus
2411 2263 2465 2312 et
2490 2269 2590 2311 nos
2614 2269 2846 2327 quoque,
2877 2269 2988 2311 non
3012 2255 3081 2311 ab
3103 2255 3212 2310 alia
3239 2254 3292 2310 in
3319 2254 3478 2309 aliam
3508 2262 3730 2320 terram,
3762 2253 3860 2310 sed

2262 2366 2292 2407 a
2340 2359 2482 2408 terra
2533 2351 2586 2408 in
2633 2349 2844 2406 etelum.
2889 2349 2998 2407 Nos
3044 2363 3175 2422 ergo
3219 2357 3403 2406 mente
3446 2363 3768 2420 apparcmus
3796 2347 3866 2404 ad

2262 2444 2726 2517 gubernationem,
2753 2459 2874 2515 quae
2915 2459 3014 2500 nos
3052 2457 3287 2513 superne
3329 2442 3520 2507 ducat,
3564 2455 3630 2501 ac
3676 2449 3868 2497 nautas

2263 2537 2642 2608 obsequentes,
2663 2537 2980 2608 ﬁrmamque
3001 2536 3178 2592 navim
3202 2534 3359 2591 nobis
3376 2549 3774 2606 comparemus,
3797 2550 3866 2590 ne

2263 2629 2569 2686 calamitate
2597 2629 2826 2701 quadam
2874 2628 3123 2685 saeculari
3171 2630 3254 2686 vel
3301 2627 3556 2685 maestitia
3587 2626 3869 2698 demerga-

2263 2738 2405 2790 mur,
2429 2737 2568 2779 neve
2591 2723 2912 2794 arrogantia:
2940 2722 3131 2794 spiritu
3167 2721 3478 2789 eﬁ'eramur,
3509 2721 3606 2778 sed
3641 2722 3785 2777 leves
3813 2729 3869 2777 et

2264 2813 2497 2884 expediti
2528 2813 2719 2869 simus.
2742 2813 2798 2870 Si
2828 2813 2897 2869 ita
2918 2814 3093 2868 navim
3114 2855 3130 2882 ,
3155 2813 3572 2885 gubernatorem
3596 2821 3653 2869 ct
3676 2822 3868 2869 nautas

2263 2921 2536 2979 paremus,
2564 2905 2802 2963 secundo
2827 2914 2990 2962 vento
3012 2905 3399 2977 navigabimus,
3420 2904 3722 2976 Filiumquc
3751 2905 3868 2970 Dei,

2263 3016 2450 3057 verum
2481 3000 2928 3072 gubernatorem,
2969 2999 3034 3055 ad
3083 3013 3183 3054 nos
3230 2997 3582 3065 attrahemus,
3617 2997 3708 3070 qui
3759 3013 3866 3054 non

2267 3095 2409 3149 sinet
2437 3094 2692 3165 scapham
2725 3102 2960 3148 nostram
2993 3091 3233 3164 demergi
3263 3110 3276 3147 :
3306 3091 3402 3148 sed
3448 3091 3571 3147 licet
3599 3091 3866 3148 innumeri

2266 3186 2472 3256 spirent
2499 3185 2678 3251 venti,
2707 3192 2898 3239 ventos
2932 3184 3021 3239 ille
3049 3185 3348 3254 increpabit
3375 3193 3430 3238 et
3468 3198 3638 3250 mare,
3671 3193 3727 3240 ct
3754 3186 3870 3240 vice

2267 3280 2517 3351 procella
2547 3279 2985 3349 tranquillitatem
3015 3279 3212 3335 eflicict
3238 3293 3506 3349 magnam.

2337 3374 2392 3430 4.
2435 3372 2719 3442 Descriptio
2756 3373 3144 3442 dispositionum
3178 3386 3292 3445 qua:
3324 3372 3393 3425 ad
3421 3370 3736 3443 evangelium
3775 3388 3866 3428 au-

2266 3466 2507 3522 diendum
2528 3468 2868 3536 requiruntur.
2899 3465 3236 3520 Tlteatrornnt
3264 3465 3554 3534 spectacula
3600 3464 3868 3536 fugienda.

2269 3557 2444 3614 Paetis
2459 3575 2572 3612 cum
2592 3557 2700 3613 Deo
2716 3568 2762 3612 et
2796 3556 3025 3614 Ecclesia
3038 3543 3174 3612 initis
3194 3556 3453 3612 standum.
3472 3556 3704 3610 Attealas
3719 3573 3871 3613 aures

2267 3652 2611 3722 pmbendum.
2638 3680 2710 3692 -—
2729 3650 2819 3707 Sic
2847 3649 3142 3720 comparati
3168 3649 3235 3703 ad
3277 3657 3588 3720 sequentem
3628 3648 3872 3704 accedito

2267 3743 2582 3797 concionem
2605 3781 2621 3806 ,
2650 3741 2695 3796 si
2722 3752 2898 3796 tamen
2927 3740 3153 3812 eupiatis
3181 3740 3312 3797 utile
3338 3739 3610 3811 quidpiam
3643 3741 3834 3796 audire.
3854 3782 3871 3806 ,

2267 3843 2323 3890 et
2364 3835 2416 3890 In
2463 3842 2643 3890 mente
2687 3848 2971 3902 reponere.
3019 3832 3189 3887 Nemo
3236 3833 3306 3887 sit
3350 3833 3454 3896 via,
3509 3847 3666 3887 nemo
3696 3843 3867 3902 petra,

2267 3942 2426 3984 nemo
2453 3925 2619 3995 spinis
2666 3926 2926 3997 repletus.
2975 3924 3256 3980 Faciamus
3289 3939 3386 3981 nos
3416 3925 3561 3995 ipsos
3599 3928 3867 3984 novales:

2266 4019 2447 4083 sicque
2482 4019 2649 4075 libent
2691 4018 2870 4072 animo
2895 4018 3100 4074 semina
3137 4018 3429 4087 jaciemus,
3459 4018 3503 4073 si
3538 4033 3728 4088 nempe
3761 4029 3870 4076 ter-

2267 4130 2379 4167 ram
2408 4128 2595 4183 puram
2625 4112 2935 4176 videamus;
2979 4111 3062 4166 sin
3087 4121 3275 4167 contra
3306 4122 3578 4183 petrosam
3607 4122 3661 4168 et
3703 4129 3869 4185 aspc-

2267 4220 2381 4260 ram
2402 4245 2418 4271 ,
2449 4203 2710 4275 ignoscite
2753 4203 2798 4258 si
2828 4203 3061 4259 nolimus
3104 4202 3300 4260 frustra
3342 4205 3629 4262 laborare:
3663 4222 3790 4264 nam
3823 4210 3868 4264 si

2273 4311 2305 4352 a
2327 4297 2559 4353 serendo
2581 4296 2926 4364 dcsistentes,
2971 4298 3299 4368 cmperimus
3354 4298 3537 4369 spinas
3595 4299 3830 4357 evellere
3851 4343 3867 4368 ,

2266 4399 2394 4446 tunc
2454 4397 2708 4446 extrema:
2737 4387 3026 4446 dementire.
3069 4400 3213 4447 esset
3259 4391 3310 4446 in
3364 4403 3561 4448 terram
3609 4393 3866 4450 iuculunn

2264 4482 2470 4538 semina
2497 4482 2697 4552 jacere.
2731 4481 2900 4552 Hujus
2925 4484 3205 4539 concionis
3231 4484 3556 4552 auditorem,
3602 4501 3708 4541 non
3737 4486 3870 4544 licet

2262 4589 2464 4630 mensa:
2515 4573 2907 4631 daemoniorum
2952 4591 3072 4632 esse
3122 4579 3457 4650 participem.
3513 4577 3667 4647 Quod
3718 4581 3868 4638 enim

2261 4667 2590 4722 Consortium
2612 4665 2873 4736 justitiam
2906 4668 3046 4723 inter
3070 4678 3120 4724 ct
3145 4669 3524 4739 iniquitatem?
3549 4669 3669 4725 Stas
3696 4670 3835 4726 Joau
3852 4704 3870 4716 ς

2262 4758 2346 4813 nis
2366 4757 2596 4824 auditor,
2626 4772 2690 4813 ae
2714 4774 2808 4828 per
2830 4760 2975 4814 illum
2997 4776 3058 4816 ea
3083 4776 3202 4831 qua:
3223 4761 3453 4832 Spiritus
3475 4772 3601 4818 sunt
3627 4763 3864 4821 cdiseis:

2260 4860 2316 4905 et
2362 4857 2544 4921 postea
2584 4849 2828 4906 abscedis
2879 4853 3190 4908 meretrices
3242 4853 3554 4919 auditurus,
3606 4855 3865 4915 obscaena

2262 4943 2577 5013 loquentes,
2610 4941 2945 5000 obscceuiora
2972 4955 3424 5016 reprteseutantcs
3455 4947 3582 5019 (a),
3629 4959 3686 5005 et
3733 4951 3867 5007 eﬁ‘e-

2261 5036 2492 5091 miuatos
2518 5035 2604 5106 qui
2651 5050 2709 5092 se
2741 5045 2926 5092 mutuo
2959 5038 3129 5106 alapis
3160 5039 3417 5094 credunt?
3447 5041 3730 5108 Quomodo
3763 5059 3860 5113 po-

2262 5131 2388 5184 teris
2415 5130 2581 5201 probe
2605 5131 2745 5186 ablui
2769 5141 2822 5187 et
2845 5134 3079 5201 purgari,
3111 5134 3162 5188 iu
3195 5141 3340 5188 tanto
3365 5149 3522 5191 emno
3551 5128 3826 5195 volutatus
3842 5143 3864 5193 1'

2257 5222 2397 5290 Quid
2424 5238 2558 5293 OptlS
2598 5233 2680 5278 est
2705 5224 3112 5281 obscaenitatem
3147 5226 3291 5282 illam
3339 5237 3504 5283 totam
3552 5229 3860 5287 minutatim

2259 5317 2577 5369 recensere?
2605 5313 2793 5370 Omnia
2817 5319 2919 5373 illic
2949 5318 3109 5381 risus,
3133 5323 3310 5376 omnia
3339 5323 3708 5394 opprobrium,
3729 5339 3864 5381 con-

2258 5408 2514 5468 tumelim,
2541 5406 2762 5461 dicteria
2790 5410 3000 5463 :omuia
3023 5411 3325 5481 dissolutio,
3357 5416 3534 5470 omnia
3564 5417 3856 5486 pernicies.

2257 5500 2394 5554 liceo
2449 5497 2680 5567 prcedico
2734 5511 2790 5554 et
2843 5503 3103 5557 annuntio
3147 5505 3398 5561 omnibus
3445 5509 3635 5562 vobis:
3694 5525 3856 5565 nemo

2252 5607 2464 5659 eorum,
2511 5593 2599 5663 qui
2637 5593 2732 5648 hac
2760 5611 2942 5651 mensa
2976 5593 3246 5664 fruuntur,
3281 5599 3512 5654 animam
3554 5616 3707 5656 suam
3735 5605 3855 5660 exi-

2303 5749 2376 5820 (al
2414 5748 2871 5825 Illi-sti'ioau‘rnimore
2907 5755 2954 5825 tu
2974 5751 3174 5822 theatro
3197 5767 3613 5825 repraisctttantes
3632 5798 3644 5822 ,
3668 5760 3715 5808 in
3741 5775 3853 5825 qua;

2249 5808 2405 5924 :u'rpia
2446 5808 2751 5922 titeatrallum
2785 5815 3096 5864 meretricum
3123 5808 3402 5877 spectacula
3445 5808 3575 5885 smpti
3602 5808 3850 5874 "bonum?

2275 5912 2286 5924 .
2308 5886 2457 5936 trysos
2479 5886 2633 5922 omns.
