4078 6486
194 404 259 462 ευ
1346 399 1409 455 IN
1448 399 1763 456 JOAKNE.“
1810 395 2041 453 IlOMlL.
2088 396 2147 453 ﬂ.
2193 399 2267 454 al.
2302 402 2342 468 l.

202 522 336 580 tiosis
363 520 462 576 illis
506 517 847 591 spectaculis
876 526 1203 588 corrumpat.
1249 514 1340 571 Illa
1384 517 1583 587 quippe
1613 515 1797 572 omnia

197 618 318 671 tiieta
346 611 622 693 etcfacta,
673 626 873 683 pompa
919 612 1157 666 satauica
1209 618 1351 664 sunt.
1400 608 1561 664 Scitis
1613 621 1794 662 autem

196 714 433 779 qautquot
459 704 655 760 initiati
682 706 820 760 estis
839 747 853 771 ,
886 720 1007 775 qua:
1030 712 1184 774 pacta
1214 700 1495 757 nobiscum
1526 700 1791 765 inieritis;

193 802 288 858 imo
322 814 438 869 quae
478 814 605 854 cum
648 797 897 857 Christo.
937 795 1156 866 quando
1178 794 1268 851 ille
1301 794 1419 865 ipse
1461 801 1547 849 est
1572 793 1662 863 qui
1696 800 1794 847 vos

193 894 381 950 initiat:
423 892 555 964 quid
601 893 679 948 illi
725 890 1004 955 dixeritis;
1034 905 1155 961 qum
1199 890 1269 946 de
1315 888 1555 944 sataniea
1595 902 1790 958 pompa

187 1004 294 1043 cum
339 986 426 1041 illo
474 987 639 1042 verba
671 984 1004 1046 habueritis;
1036 980 1313 1053 quomodo
1364 990 1421 1036 ct
1472 988 1681 1035 satana:
1735 987 1789 1032 et

186 1079 372 1148 angelis
397 1078 516 1148 ejus
543 1076 708 1132 simul
736 1074 1247 1132 abrenuntiareritis
1267 1115 1282 1139 ,
1312 1071 1787 1143 promiseritisqne

186 1188 267 1226 vos
308 1170 371 1226 ad
421 1170 511 1225 illa
557 1185 667 1225 non
708 1168 1016 1230 deﬂexuros
1062 1169 1231 1225 esse?
1280 1166 1604 1223 'l‘imendum
1652 1179 1785 1235 ergo

183 1264 448 1319 admodum
502 1279 572 1320 ne
604 1265 727 1335 quis
774 1263 860 1320 his
889 1262 1102 1319 violatis
1153 1260 1627 1334 promissionibus,
1659 1273 1783 1315 sese

181 1354 253 1409 his
279 1354 554 1425 indignum
590 1355 862 1427 mysteriis
902 1353 1166 1410 olfecerit.
1204 1354 1398 1408 Annon
1452 1350 1604 1405 rides
1647 1365 1783 1421 quo-

182 1446 324 1501 modo
368 1447 420 1502 in
452 1447 891 1519 regiis.a:dibus,
925 1462 1030 1501 non
1064 1446 1097 1501 ii
1130 1446 1222 1517 qui
1256 1444 1309 1499 iu
1341 1444 1523 1512 aliquo
1547 1441 1782 1498 offende-

177 1547 286 1595 runt
304 1581 320 1605 ,
347 1538 439 1594 sed
466 1540 559 1611 qui
596 1540 649 1595 in
681 1538 890 1595 honore
918 1537 1211 1604 habentur,
1236 1534 1456 1592 consilii
1487 1534 1780 1604 participes

177 1631 521 1696 admirentur,
576 1641 633 1688 et
692 1632 835 1689 inter
880 1631 1086 1686 amicos
1135 1631 1281 1701 regis
1336 1626 1778 1684 constituantur?

175 1722 384 1795 Legatus
428 1724 591 1782 nobis
618 1724 690 1781 de
728 1724 864 1780 aulo
914 1724 1094 1788 venit,
1120 1722 1193 1778 ab
1235 1723 1355 1793 ipso
1395 1722 1510 1777 Deo
1554 1719 1770 1784 missus,

170 1816 233 1871 de
266 1818 585 1873 necessariis
613 1833 716 1874 nos
754 1817 917 1874 rebus
940 1812 1343 1887 altuquuturus.
1391 1814 1463 1869 At
1511 1827 1608 1868 vos
1636 1812 1775 1885 nihil

170 1919 403 1967 curantes
426 1909 623 1967 audire
662 1910 792 1982 quid
816 1909 966 1975 velit,
1000 1908 1199 1981 quidve
1246 1906 1518 1979 loquatur,
1564 1905 1769 1961 sedetis

3472 416 3542 472 $0

1901 513 2102 571 mimos
2128 514 2434 571 audientes.
2466 515 2534 572 Et
2560 526 2694 588 quot
2721 530 3050 593 quantisque
3077 521 3393 583 i‘ulmimbus
3421 529 3538 585 haec

1902 605 2062 679 digna
2107 623 2213 664 non
2262 609 2501 664 iuerint?
2551 608 2622 666 Ut
2668 611 2816 666 enim
2869 629 2976 669 non
3026 614 3157 672 licet
3208 620 3537 690 participare

1868 729 1876 739 ι
1903 714 2104 755 mensas
2132 700 2561 769 daemoniorum,
2596 703 2675 758 sic
2704 720 2804 760 nec
2836 704 2927 759 illa
2972 705 3309 767 daintoniaca
3338 712 3533 769 audire

1898 792 1981 848 fas
2004 802 2108 860 est,
2144 809 2318 865 neque
2341 794 2560 851 sordida
2592 807 2744 853 veste
2765 797 2833 853 ad
2862 798 3066 857 lautam
3107 798 3263 859 illam"
3282 820 3532 863 incusant

1898 894 1977 941 tot
2028 887 2197 943 bonis
2232 887 2489 944 refertam
2537 891 2840 957 accedere,
2888 908 3051 964 quam
3101 899 3381 967 apparavit
3414 900 3533 971 ipse

1898 980 2061 1038 Dens.
2110 982 2284 1039 Tanta
2316 984 2462 1040 enim
2504 984 2622 1055 ejus
2667 986 2749 1042 vis
2792 996 2911 1052 est,
2962 995 3023 1043 ut
3061 1000 3285 1060 repente
3331 1007 3431 1047 nos
3462 994 3529 1049 ad

1890 1075 2093 1131 cat-lum
2137 1077 2311 1148 ipsum
2342 1078 2555 1149 rapiat:
2586 1079 2635 1136 si
2668 1089 2847 1137 tamen
2878 1080 3025 1152 vigili
3054 1091 3238 1137 mente
3272 1086 3526 1141 attenda-

1894 1185 2035 1227 mus.
2080 1171 2267 1244 Neque
2294 1174 2440 1230 enim
2472 1174 2565 1246 qui
2591 1174 2792 1231 divinis
2822 1176 3172 1232 sermonibus
3208 1175 3525 1248 frequenter

1891 1266 2167 1323 institutus
2194 1275 2307 1336 est,
2325 1269 2383 1324 in
2411 1267 2516 1324 hoc
2540 1268 2630 1324 vili
2655 1278 2797 1324 statu
2822 1279 3005 1325 manet
3035 1288 3047 1325 :
3076 1269 3173 1326 sed
3205 1273 3516 1328 necessario

1888 1360 2068 1415 statim
2091 1361 2294 1428 evolat,
2323 1369 2378 1417 et
2408 1361 2697 1418 sublimem
2722 1362 2873 1418 illum
2900 1365 3034 1434 petit
3054 1364 3257 1433 locum,
3287 1365 3520 1422 innuen-

1886 1450 2071 1523 sisque
2118 1453 2323 1523 potitur
2370 1453 2681 1511 thesauris:
2730 1469 2869 1525 quos
2923 1456 3127 1512 utinam
3182 1472 3281 1514 nos
3326 1473 3522 1517 omnes

1883 1559 2304 1616 consequamur,
2360 1548 2532 1619 gratia
2590 1557 2646 1605 et
2694 1548 3031 1621 benignitate
3088 1551 3299 1609 Domini
3346 1554 3518 1609 nostri

1881 1635 2009 1694 Jesu
2053 1638 2293 1707 Christi,
2330 1656 2426 1711 per
2465 1657 2627 1711 quem
2675 1652 2729 1698 ct
2772 1656 2897 1698 cum
2947 1658 3057 1715 quo
3105 1643 3254 1701 Patri
3306 1644 3515 1719 gloria,

1881 1744 2096 1801 unaque
2124 1740 2314 1787 sancto
2341 1731 2588 1803 Spiritui,
2618 1749 2766 1789 nunc
2792 1743 2847 1790 et
2871 1748 3113 1806 semper,
3138 1748 3193 1792 et
3224 1737 3276 1792 in
3309 1738 3511 1793 stecula

1878 1824 2224 1880 seculorum.
2250 1826 2448 1881 Amen.

1934 2045 2485 2054 “mu—c-
2498 2046 2508 2050 δ
2526 2045 2584 2052 -—--
2598 2048 2605 2051 -
2622 2048 2715 2056 ..ο-ο

1983 2046 2335 2054 ο-σ--αα-ι

1591 2117 1946 2182 ΗΟΜΠΑΙΑ
1994 2121 2076 2182 Π.

354 2299 486 2355 Car.
512 2300 563 2355 1.
599 2315 651 2353 v.
688 2300 739 2354 1.
772 2295 835 2351 lu
872 2295 1127 2368 principio
1155 2302 1265 2349 erat
1292 2289 1537 2345 Verbum.

226 2393 269 2446 i.
292 2391 351 2449 Si
391 2392 632 2448 Joannes
664 2407 765 2447 nos
790 2390 1166 2461 alloqnuturus
1194 2393 1340 2442 esset
1359 2426 1375 2449 ,
1420 2392 1475 2439 et
1504 2397 1602 2438 sua
1630 2398 1758 2437 nar.

163 2494 375 2553 raturas,
399 2498 431 2540 e
458 2499 523 2540 re
554 2482 717 2549 foret,
742 2481 860 2554 ejus
880 2495 1054 2554 genus
1074 2521 1089 2545 ,
1125 2478 1354 2551 patriam
1386 2484 1441 2531 ct
1471 2474 1757 2532 educatio-

163 2592 267 2632 nem
295 2591 599 2634 recensere.
633 2575 771 2644 Quia
810 2590 940 2631 vero
986 2588 1094 2630 non
1140 2572 1288 2645 ipse,
1341 2569 1438 2626 sed
1469 2584 1567 2640 per
1606 2566 1757 2624 illum

162 2666 282 2723 Deus
308 2668 600 2723 humanam
632 2667 925 2739 alloquitur
952 2675 1227 2731 naturam.
1259 2662 1593 2736 superﬂuum
1622 2660 1756 2715 mihi

162 2761 346 2817 videtur
375 2762 491 2817 hzec
528 2760 871 2833 disquirere;
909 2760 1017 2816 imo
1056 2774 1187 2816 vero
1215 2758 1267 2814 id
1293 2773 1400 2813 non
1429 2769 1756 2827 supervaca-

160 2870 296 2911 neum
324 2855 501 2921 fuerit,
541 2855 637 2911 sed
668 2854 824 2911 \alde
848 2853 1238 2910 necessarium.
1269 2848 1404 2907 Cutn
1445 2850 1589 2906 enim
1618 2848 1758 2904 didi-

160 2949 275 3003 t‘eris
302 2948 421 3020 quis
439 2990 457 3018 ,
508 2945 656 3004 unde
676 2988 692 3015 ,
722 2962 753 3002 a
793 2946 989 3018 quibus
1018 2956 1173 3001 ortus
1194 2986 1208 3012 ,
1242 2942 1418 3016 qualis
1444 2942 1529 2998 vir
1557 2940 1717 2997 fuerit
1736 2980 1752 3006 ,

159 3039 430 3113 deindeque
477 3039 721 3097 audieris
760 3038 878 3110 ejus
904 3054 1091 3095 vocem
1120 3036 1625 3109 philosophiamque
1667 3044 1754 3125 tof-

160 3142 246 3186 tam
265 3174 278 3197 ,
305 3143 429 3190 tunc
460 3133 635 3204 probe
665 3133 806 3190 scies
832 3132 949 3189 haec
990 3130 1151 3187 verba
1181 3144 1288 3185 non
1326 3128 1444 3200 ejus
1482 3141 1625 3194 esse,
1654 3127 1752 3181 sed

157 3224 325 3282 divina:
374 3226 630 3295 virtutis,
677 3226 795 3297 ejus
834 3225 1072 3282 animam
1119 3226 1406 3280 moventis.
1463 3222 1579 3290 Qua
1622 3235 1754 3294 ergo

158 3317 233 3373 luit
252 3320 455 3389 patria?
475 3318 634 3375 Nulla
652 3318 867 3389 quidem
886 3319 1055 3390 patria
1082 3315 1161 3386 (a)
1177 3334 1194 3382 ;
1212 3313 1310 3371 sed
1322 3329 1388 3372 ex
1401 3315 1527 3372 vico
1546 3313 1754 3389 prodiit

155 3420 201 3465 et
224 3413 428 3484 regione
471 3412 689 3481 abjecta
712 3452 726 3476 ,
759 3426 881 3480 qua:
924 3410 1059 3466 nihil
1086 3409 1318 3481 alicujus
1346 3407 1505 3481 pretii
1558 3404 1744 3463 ferret.

155 3505 402 3563 Galilaeam
434 3509 587 3563 enim
616 3515 971 3564 contemnunt
995 3504 1188 3561 scriba:
1216 3520 1340 3561 cum
1371 3504 1521 3559 aiunt
1545 3522 1558 3557 :
1578 3500 1752 3585 Iniere

154 3615 257 3670 toga
306 3610 352 3656 et
398 3601 540 3668 vide,
592 3599 733 3671 quod
777 3614 841 3653 ea:
886 3598 1106 3655 Galilth
1148 3613 1251 3653 non
1293 3598 1457 3669 surgit
1500 3596 1778 3667 prop/tem.

155 3690 333 3755 (Joon.
364 3695 419 3750 7.
448 3693 527 3750 52
554 3690 599 3765 ).
650 3691 816 3748 Nihili
866 3690 1163 3750 facit‘eam
1208 3692 1300 3747 ille
1354 3706 1569 3763 qunque
1623 3705 1750 3746 vere

156 3783 365 3842 lsraelita
410 3786 610 3842 dicens
639 3805 652 3840 :
686 3785 772 3841 Ea:
802 3784 1030 3841 Nazaret
1058 3794 1220 3857 potest
1250 3783 1448 3856 aliquid
1476 3784 1596 3839 boni
1640 3800 1749 3839 esse

152 3881 322 3947 (Joan.
354 3885 406 3940 1.
437 3883 514 3939 46
538 3881 595 3952 )?
623 3880 813 3954 Neque
840 3882 1001 3954 igitur
1025 3897 1091 3939 ex
1126 3881 1321 3951 insigni
1350 3880 1602 3953 quopiam
1628 3880 1747 3949 ejus

154 3974 361 4044 regionis
385 3975 510 4032 loco
537 3984 678 4030 erat.
707 3973 813 4031 Sed
846 3989 1023 4046 neque
1062 3988 1259 4029 nomen
1286 3972 1404 4045 ejus
1434 3972 1505 4028 ibi
1535 3981 1741 4039 notum,

148 4079 279 4136 patre
318 4070 595 4141 piscatore
641 4082 923 4139 paupere:
955 4065 1086 4138 quin
1126 4068 1198 4123 ita
1230 4082 1467 4138 paupere
1512 4076 1564 4123 ut
1605 4066 1747 4123 ﬁlios

148 4163 310 4219 eadem
335 4165 391 4221 in
417 4175 548 4222 arte
562 4175 875 4221 exerceret.
903 4163 1064 4221 Scitis
1100 4179 1266 4236 porro
1293 4180 1506 4232 omnes,
1538 4164 1745 4223 nullum

147 4254 381 4313 artiﬁcem
398 4272 607 4329 cupere
634 4256 803 4313 tilium
832 4270 945 4312 sua:
968 4258 1100 4313 artis
1126 4256 1382 4315 heredem
1411 4259 1741 4333 relinquere,

148 4347 233 4403 nisi
259 4364 465 4405 summa
497 4359 819 4421 paupertate
844 4360 1127 4418 coactum;
1160 4352 1396 4408 maxime
1422 4368 1552 4407 vero
1581 4353 1626 4407 si
1652 4369 1745 4408 ars

144 4440 201 4493 sit
235 4441 370 4498 vilis.
423 4440 797 4498 Piscateribus
858 4458 990 4500 vero
1046 4444 1178 4500 nihil
1230 4446 1555 4518 pauperius,
1607 4446 1742 4504 nihil

144 4531 412 4602 abiectius;
443 4535 565 4591 imo
585 4534 719 4591 nihil
746 4535 1018 4593 indoctius
1042 4557 1057 4594 :
1081 4547 1319 4595 attamen
1352 4540 1492 4597 inter
1510 4556 1629 4609 eos,
1651 4542 1741 4599 alii

144 4624 373 4697 majores,
404 4628 503 4683 alii
536 4628 777 4685 minores
805 4638 953 4687 sunt.
984 4632 1279 4701 Apostolus
1302 4647 1432 4689 vero
1463 4634 1607 4691 inter
1636 4639 1742 4692 nti-

142 4729 282 4774 tiores
303 4718 727 4792 computabatur
748 4736 766 4776 :
786 4737 957 4793 neque
984 4722 1127 4779 enim
1159 4724 1213 4780 in
1244 4727 1378 4782 mari
1409 4727 1738 4799 piscabatur,

140 4811 221 4865 sed
251 4814 300 4868 in
329 4814 553 4874 modico
596 4825 789 4888 stagno
823 4835 838 4872 :
865 4817 1046 4890 ibique
1076 4830 1383 4877 versantem
1413 4837 1537 4879 cum
1588 4834 1740 4897 patre

138 4904 401 4964 etiacobo
455 4906 658 4976 lratre,
696 4908 1012 4980 quibuscum
1056 4913 1191 4968 retia
1237 4911 1515 4971 reﬁciebat
1543 4915 1566 4990 (
1594 4918 1739 4988 quod

137 5007 237 5052 erat
264 5010 530 5057 cauernae
576 5003 906 5074 paupertatis
952 5003 1269 5078 indicium),
1300 5006 1549 5065 Christus
1577 5026 1738 5068 voca-

136 5088 222 5144 vit.
269 5090 404 5151 [line
452 5092 771 5166 intelligitur
816 5111 978 5168 quam
1023 5113 1223 5170 expers
1273 5100 1436 5157 fuerit
1492 5113 1738 5164 externa:

138 5178 439 5255 disciplinac.
500 5186 751 5259 Alioquin
798 5204 929 5246 vero
968 5189 1142 5246 Lucas
1195 5192 1517 5253 testificatur
1560 5198 1735 5269 ipsum

140 5288 231 5327 non
282 5278 447 5334 modo
501 5278 723 5336 idiotam
759 5323 775 5347 ,
829 5282 924 5338 sed
988 5285 1151 5341 etiam
1204 5286 1516 5347 illiteratum
1569 5294 1737 5353 fuisse

142 5364 278 5433 (τίει.
307 5370 364 5426 4.
396 5371 553 5443 l3);
600 5384 658 5429 et
689 5373 816 5444 jure
853 5376 1092 5448 quidem.
1124 5378 1256 5435 Nam
1292 5382 1381 5454 qui
1426 5386 1497 5441 ita
1529 5401 1736 5460 pauper

137 5469 270 5526 erat,
313 5472 374 5519 ut
414 5480 594 5538 neque
643 5464 819 5524 fotum
866 5470 1075 5537 adiret,
1121 5489 1297 5545 neque
1334 5492 1457 5533 cum
1490 5477 1735 5541 honestis

138 5549 325 5609 ritibus
344 5569 679 5629 versaretur,
708 5560 806 5617 sed
838 5576 964 5619 cum
991 5566 1122 5622 solis
1148 5568 1374 5638 piscium
1398 5576 1735 5643 cauponibus

191 5688 260 5801 (3
282 5698 425 5743 mna
445 5696 733 5771 W?m,ﬂ
754 5700 920 5762 8³τηιι
937 5711 1045 5765 [ποθι
1060 5718 1231 5757 vocem
1250 5710 1427 5773 patria,
1454 5713 1733 5765 subintelli-

138 5760 207 5805 FC!
255 5767 334 5803 mn
358 5766 439 5805 εει
458 5796 472 5805 .
494 5770 677 5805 nimam
705 5775 724 5805 .'
760 5777 910 5805 nmm
949 5780 1080 5805 mum
1126 5774 1234 5805 einn
1262 5775 1413 5805 ηιιινί..
1440 5786 1512 5805 ..ει
1564 5779 1731 5805 u..t:.._.

705 5757 1082 5837 :-netn_o"en_.m
1124 5757 1733 5837 sinepatria,esl'alclius
1812 5790 1815 5793 '

137 5810 428 5895 e_
450 5810 904 5895 (“optumast
916 5810 1730 5895 alii'miiva'smii‘ualidi?i132

348 5889 467 5937 tunc
493 5891 623 5939 enim
644 5870 927 5957 legeretur,
951 5907 1017 5944 ea?
1039 5870 1174 5949 nullo
1198 5870 1626 5967 quitle’ni‘gi‘i‘tute,

434 6041 703 6110 Ριτιιοι..
753 6050 875 6113 Cn.
933 6051 1070 6113 LIX

1872 2297 1926 2343 et
1951 2291 2177 2362 coqu'is,
2210 2308 2317 2364 qua
2350 2294 2403 2349 in
2435 2309 2493 2350 re
2518 2293 2652 2351 feris
2672 2304 2734 2351 et
2764 2294 2934 2352 brutis
2958 2299 3205 2370 praeferri
3231 2304 3508 2372 pomerii!

1868 2385 2142 2454 quomodo
2171 2400 2280 2443 non
2312 2388 2539 2459 piscium
2572 2387 2740 2443 instar
2766 2398 2949 2458 mutus
2975 2392 3173 2448 fuerit?
3202 2393 3301 2459 llic
3316 2405 3502 2453 tamen

1871 2477 2126 2546 piscator,
2151 2480 2242 2551 qui
2275 2481 2419 2537 circa
2449 2491 2661 2553 stagna,
2689 2483 2824 2537 retia
2855 2491 2911 2539 et
2938 2483 3116 2556 pisces
3143 2489 3463 2547 versabatur
3487 2537 3502 2561 ,
3538 2548 3539 2551 η

1868 2584 1933 2624 ex
1957 2570 2249 2627 Bethsaida
2294 2571 2555 2640 Galilaea»,
2594 2583 2747 2646 patre
2788 2575 3060 2647 piscatore
3095 2596 3334 2653 paupere
3352 2626 3375 2652 ,ν
3397 2600 3501 2642 ex-

1869 2669 2040 2717 trema
2084 2660 2265 2736 inopia
2312 2665 2632 2734 laborante,
2685 2668 2775 2739 qui
2822 2668 2971 2727 rudis
3014 2682 3136 2729 erat
3185 2683 3244 2731 ct
3286 2691 3502 2737 summe

1868 2754 2168 2825 imperitus,
2202 2759 2295 2830 qui
2320 2759 2505 2817 literas
2533 2777 2635 2818 nec
2659 2773 2808 2831 ante,
2841 2781 2943 2823 nec
2964 2780 3252 2840 postquam
3276 2772 3500 2833 Christo

1868 2844 2041 2913 hmsit,
2092 2848 2336 2918 edidicit,
2375 2852 2657 2908 videamus
2701 2856 2830 2926 quid
2873 2858 3151 2930 loquatur,
3198 2875 3255 2919 et
3301 2867 3525 2937 quibus“

1862 2939 1933 2996 de
1963 2941 2126 2998 rebus
2154 2943 2440 3000 cdisserat.
2468 2943 2605 3001 Num
2637 2947 2708 3014 de
2737 2950 2903 3020 agris,
2941 2950 3013 3008 de
3051 2954 3397 3026 ﬂuminibus,
3428 2959 3501 3017 de

1865 3030 2093 3102 piscium
2117 3037 2490 3091 commercio?
2521 3038 2645 3093 talia
2676 3040 2822 3095 enim
2849 3044 3095 3101 fortassis
3123 3062 3189 3102 ex
3223 3050 3498 3120 piscatore

1861 3123 2051 3179 audire
2106 3126 2230 3196 quis
2283 3139 2584 3199 exspectet.
2640 3131 2842 3189 Verum
2904 3151 2974 3193 ne
3024 3138 3310 3209 timeatis;
3354 3144 3490 3201 nihil

1860 3216 2061 3287 quippe
2091 3216 2404 3289 bujnsmodi
2427 3222 2749 3292 audiemus;
2780 3226 2880 3283 sed
2897 3228 3141 3287 cadestia
3174 3242 3405 3305 tantum,
3441 3250 3500 3297 et

1859 3323 1982 3379 qua:
2033 3326 2193 3367 nemo
2251 3312 2513 3372 hactenus
2562 3319 2807 3376 edidicit.
2859 3321 2993 3378 Tam
3044 3327 3298 3385 sublimia
3346 3333 3494 3391 enim

1858 3399 2132 3472 dogmata,
2164 3414 2272 3462 tam
2304 3408 2626 3477 praeclarum
2659 3411 2784 3467 vita:
2808 3412 3134 3484 institutum,
3181 3429 3496 3497 tantamque

1860 3492 2257 3567 philosophiam
2309 3500 2467 3557 nobis
2510 3501 2723 3570 atieret,
2776 3517 3035 3577 quantam
3084 3524 3183 3581 par
3226 3492 3488 3586 ealcum,

1857 3586 1947 3657 qui
1974 3604 2039 3643 ex
2070 3587 2341 3648 thesauris
2362 3590 2601 3664 Spiritus
2628 3595 2841 3663 hausit;
2873 3599 2950 3673 (lt)
2975 3600 3293 3676 [tamquam
3327 3612 3494 3667 modo

1856 3686 1923 3733 ex
1956 3681 2093 3735 cado
2120 3680 2501 3753 descenderit;
2535 3686 2647 3743 imo
2686 3705 2865 3762 neque
2912 3707 3106 3751 omnes
3133 3699 3225 3770 qui
3267 3701 3320 3756 in
3356 3706 3493 3759 cmlo

1855 3780 2011 3827 erant
2038 3770 2157 3831 huic
2182 3776 2408 3833 scivisse
2435 3779 2735 3839 verisimile
2765 3794 2884 3851 est,
2916 3796 2974 3842 ttt
2988 3788 3102 3858 jam
3133 3791 3304 3868 dixi.]
3336 3794 3493 3853 ηειδε-

1854 3863 2008 3929 eine,
2037 3881 2262 3937 qurcso,
2296 3869 2584 3940 piscatoris
2628 3878 2832 3932 erant?
2860 3892 2928 3935 an
2962 3872 3245 3941 rhetoris?
3285 3863 3357 3944 an
3390 3900 3486 3946 so-

1855 3955 2053 4057 phista!
2099 3960 2201 4057 vel
2234 3962 2587 4057 philosoth
2642 3984 2712 4023 an
2760 3972 3065 4045 eujuspiam
3117 3989 3350 4038 externa
3397 3984 3489 4057 illa

1855 4050 2047 4107 imbttti
2088 4054 2398 4123 sapientia?
2439 4058 2812 4133 Nequaquam.
2840 4064 3028 4138 Neque
3050 4071 3199 4129 enim
3234 4054 3489 4134 humanae

1852 4147 2052 4200 nu-ntis
2079 4161 2305 4216 prorsus
2324 4159 2407 4206 est
2438 4151 2508 4208 de
2538 4153 2833 4211 immortali
2878 4159 2965 4213 illa
3004 4171 3058 4216 ct
3105 4162 3261 4221 beata
3294 4153 3486 4227 natura

1854 4236 1925 4292 ita
1977 4238 2385 4313 philosophari.
2440 4262 2617 4318 neque
2662 4248 2733 4305 de
2782 4255 3146 4322 potestatibus
3195 4274 3319 4330 qua:
3364 4274 3489 4333 post

1852 4330 1998 4388 illaut
2033 4343 2195 4401 sunt,
2228 4338 2311 4392 vel
2344 4338 2412 4393 de
2447 4339 2860 4400 immorutlitate
2898 4356 2953 4401 et
2995 4349 3101 4403 vita
3133 4330 3484 4420 ωερε-ηειξνω

1851 4426 1921 4482 de
1965 4429 2285 4499 corporibus
2340 4434 2659 4493 mortalibus
2685 4479 2700 4503 ,
2754 4455 2878 4510 qua:
2922 4442 3248 4502 immortalia
3291 4460 3481 4519 postea

1851 4518 2033 4577 futura
2082 4533 2239 4589 sunt,
2292 4525 2361 4583 de
2404 4528 2700 4600 supplicio,
2743 4532 2811 4590 de
2865 4533 3048 4592 futuro
3102 4524 3379 4609 tribunali,
3414 4545 3485 4601 de

1851 4613 2150 4671 rationibus
2201 4619 2483 4689 exigendis
2528 4637 2781 4693 operum,
2839 4627 3159 4701 verborum,
3196 4634 3488 4706 cogitatio~

1850 4722 2014 4773 unm;
2047 4712 2187 4766 scire
2217 4713 2345 4781 qud
2389 4715 2459 4769 sit
2505 4714 2690 4783 ltonm,
2725 4720 2854 4789 quid
2889 4724 3159 4792 mundus;
3191 4729 3321 4799 quid
3355 4746 3482 4785 vere

1849 4796 2013 4854 homo
2044 4802 2147 4867 sit,
2182 4804 2311 4875 quid
2362 4806 2489 4861 illud
2519 4809 2667 4877 quod
2697 4812 2912 4868 videtur
2938 4832 3061 4871 esse
3082 4860 3095 4884 ,
3142 4796 3267 4876 cum
3296 4830 3478 4881 tamen

1848 4906 1956 4947 non
1983 4894 2088 4959 sit;
2113 4896 2242 4966 quid
2274 4901 2534 4971 nequitia,
2563 4904 2693 4974 qttid
2731 4906 2922 4963 virtus.

1916 4987 1970 5041 2.
2011 4986 2321 5062 Philosophi
2345 4996 2543 5050 externi
2565 5013 2683 5051 cum
2705 4999 2913 5056 Joanne
2946 5010 3239 5075 comparati
3256 5053 3269 5073 ,
3300 5029 3473 5084 quau-

1846 5081 1943 5135 tuli
1971 5083 2071 5137 sint
2102 5084 2560 5154 pretii.—llorum
2589 5093 2838 5161 quaedam
2874 5096 3028 5153 Plato
3055 5112 3107 5154 et
3138 5081 3473 5178 Pythagoras

1846 5174 2022 5231 rimati
2068 5188 2196 5234 sunt
2224 5198 2239 5234 :
2265 5183 2449 5238 etcteri
2479 5200 2713 5257 namque
2755 5190 3065 5264 philosophi
3110 5174 3217 5253 non
3261 5174 3472 5258 tuentu-

1845 5270 2033 5334 randi;
2068 5273 2140 5328 ita
2190 5291 2387 5348 nempe
2430 5278 2639 5335 ridiculi
2695 5299 2887 5342 omnes
2927 5286 3169 5346 fuerunt.
3200 5294 3300 5360 Qui
3344 5312 3472 5361 vero

1841 5364 1981 5434 apud
2014 5366 2137 5422 illos
2163 5368 2467 5430 admirandi
2509 5384 2564 5432 et
2609 5377 2911 5449 disciplina:
2954 5384 3233 5458 principes
3266 5388 3471 5448 haben-

1844 5469 1949 5523 tur,
1983 5460 2037 5516 hi
2067 5464 2304 5521 niaxime
2331 5477 2460 5523 sunt
2489 5488 2503 5525 :
2532 5473 2623 5541 qui
2657 5473 2729 5531 de
2755 5477 3034 5547 republica
3067 5494 3125 5537 et
3154 5483 3225 5539 de
3262 5486 3468 5557 legibus

1839 5553 2085 5621 qmedam
2118 5558 2421 5629 scripsere,
2451 5572 2506 5619 et
2540 5574 2719 5623 tamen
2766 5569 2820 5624 in
2864 5560 3125 5633 orantibus
3157 5553 3464 5648 plusquam

1844 5731 2126 5809 “75(9),”th
2149 5737 2345 5809 tuicinis
2370 5739 2686 5809 clauduntur,
2712 5744 2925 5800 deerant
2950 5752 2999 5801 in
3038 5754 3185 5806 Savil.
3214 5764 3266 5807 et
3290 5763 3458 5809 Morta.

1951 5807 2019 5871 ex.
2042 5809 2142 5871 uno
2164 5797 2344 5850 Codice
2362 5802 2621 5871 desumpta
2640 5793 2774 5865 sunt,
2790 5793 3016 5865 'éi'iéc'ii

1838 5855 2384 5943 215.0?Aﬁt':’ii‘ttt3.-t)_t101i'
2394 5855 2568 5943 autem
2592 5855 3481 5943 dicit

1839 5923 2481 6003 [agentiumevangelista
2504 5967 2517 5987 ,
2540 5944 2652 6003 .non
2688 5923 3458 6003 omnibusvattﬁelisvuSta—aﬁe

1839 5980 2009 6043 luisse,
2030 5983 2135 6042 jam
2152 5980 2350 6037 dixerat
2368 5980 2516 6054 supra
2537 5994 2585 6041 in
2613 5980 2867 6047 Protendo.

3068 6089 3111 6149 2
