4078 6474
623 422 681 479 3|
1309 409 1365 464 S.
1408 405 1682 464 JO.\.\'NlS
1718 396 2189 461 CHRYSOSTOMI
2232 394 2549 454 ARCIIIEP.
2590 390 3130 448 CONSTANTINUP.
3838 389 3917 447 ,ξε

625 531 775 603 pueri
815 526 1019 584 ridiculi
1070 525 1231 579 habili
1276 534 1443 576 sunt:
1474 518 1615 590 quod
1670 517 1922 572 mulieres
1967 510 2216 567 omnibus

625 634 940 678 communes
970 616 1227 679 fecerint,
1259 613 1419 668 vitam
1450 612 1620 683 ipsam
1675 621 1889 677 pessum
1931 603 2214 667 dederint,

626 725 679 770 et
710 714 967 769 honorem
993 707 1244 764 connubii
1274 703 1612 773 deturparint
1641 745 1654 768 ,
1686 702 1893 769 aliaque
1920 694 2217 767 hujusmodi

624 804 848 860 ridicule
878 801 1195 865 statuerint;
1229 808 1279 853 et
1321 797 1373 852 in
1420 797 1505 851 his
1545 803 1713 850 totum
1742 794 1860 846 vita:
1892 800 2101 859 tempus
2130 789 2216 841 itt-

622 891 973 963 sumpserint.
1004 889 1079 944 De
1107 889 1283 943 anima
1324 902 1453 941 vero
1493 885 1792 940 doctrinam
1838 881 2078 934 omnium
2106 887 2220 933 tur-

622 985 897 1054 pissimam
926 990 1251 1046 statuerunt,
1278 979 1407 1035 dum
1429 979 1637 1033 animas
1665 975 1962 1037 hominum,
1984 986 2217 1036 muscas,

623 1076 827 1131 culices
850 1116 864 1136 ,
899 1075 1115 1128 frutices
1145 1071 1281 1135 fieri,
1311 1071 1581 1139 Deumque
1622 1069 1793 1138 ipsum
1832 1065 2063 1119 animam
2102 1076 2223 1117 esse

623 1166 904 1228 dicerent;
934 1173 987 1218 et
1015 1164 1115 1217 alia
1144 1161 1387 1233 quaedam
1418 1160 1723 1230 turpissima
1755 1164 2079 1211 assererent.
2110 1152 2223 1208 Nec

626 1271 688 1310 ea
718 1256 889 1310 solum
918 1254 984 1308 de
1004 1268 1162 1307 causa
1194 1250 1441 1321 culpandi
1468 1269 1481 1305 :
1507 1249 1601 1305 sed
1622 1259 1676 1304 et
1701 1263 1925 1318 magnus
1967 1256 2051 1301 est
2095 1245 2223 1315 ipsis

626 1348 908 1401 verborum
957 1344 1214 1414 Euripus.
1240 1342 1702 1411 Quemadmodum
1732 1342 1875 1396 enim
1920 1340 1973 1394 in
2024 1338 2224 1407 Euripo

629 1437 733 1492 huc
762 1438 887 1491 illuc
908 1435 1114 1504 jactati,
1140 1436 1217 1490 sic
1244 1449 1533 1505 numquam
1556 1434 1608 1488 in
1641 1432 1830 1487 iisdem
1853 1431 2218 1500 persuterunt,

628 1537 811 1599 utpote
838 1528 927 1597 qui
952 1542 1013 1581 ex
1045 1528 1245 1581 incerta
1266 1536 1320 1581 et
1342 1525 1483 1580 fluxa
1508 1532 1688 1580 mente
1717 1527 2081 1592 loquerentur.
2120 1519 2223 1574 Ve-

626 1633 744 1671 rum
778 1632 883 1671 non
913 1618 980 1671 ita
1008 1616 1239 1686 piscator
1270 1617 1373 1681 hic,
1399 1616 1486 1685 qui
1517 1616 1693 1669 omnia
1721 1624 1867 1669 certa
1893 1613 2217 1683 pronuntiat,

626 1720 679 1763 et
709 1710 858 1778 quasi
893 1710 942 1762 iu
986 1718 1130 1777 petra
1160 1719 1649 1777 stans,~numqnam
1678 1707 1885 1762 titubat.
1914 1704 2044 1760 Cum
2077 1705 2219 1760 enim

630 1804 681 1855 in
713 1804 822 1871 ipsa
852 1801 1008 1870 adyta
1038 1801 1214 1871 induci
1237 1800 1485 1871 dignatus
1508 1801 1599 1863 sit,
1624 1810 1677 1854 et
1708 1800 1879 1869 ipsum
1906 1799 2097 1853 habeat
2122 1800 2223 1852 Do-

628 1894 830 1946 minum
862 1894 912 1945 in
955 1908 1011 1946 se
1041 1893 1365 1961 loquentem,
1399 1892 1526 1945 nihil
1557 1890 1845 1945 humanum
1878 1906 2064 1960 passus
2104 1899 2219 1955 est;

625 1995 678 2036 at
725 1986 800 2038 illi
848 1984 985 2037 haud
1013 1998 1169 2039 secus
1208 1999 1366 2051 quam
1398 1984 1431 2037 ii
1462 1984 1549 2052 qui
1584 1999 1649 2036 ne
1684 1999 1778 2053 per
1804 1983 2071 2036 somnium
2100 1982 2222 2051 qui-

626 2074 747 2127 dem
797 2076 847 2127 in
892 2075 1091 2144 regiam
1123 2075 1341 2128 admissi
1384 2086 1540 2137 sunt,
1568 2075 1659 2127 sed
1692 2076 1743 2127 in
1791 2072 1906 2128 foro
1937 2089 2058 2127 cum
2104 2074 2229 2129 aliis

585 2206 600 2220 .
628 2167 935 2236 permixtim
996 2166 1300 2220 hontinibus
1355 2176 1679 2229 versantur,
1710 2164 1837 2219 dum
1884 2180 1950 2219 ex
2012 2165 2223 2234 propria

624 2267 804 2315 tuente
848 2258 916 2314 de
958 2259 1311 2315 invisibilibns
1340 2260 1704 2327 conjectarent
1725 2299 1737 2322 ,
1775 2260 1827 2313 in
1858 2274 2099 2313 smmnos
2128 2273 2220 2313 er-

627 2365 779 2405 rores
805 2351 1128 2416 inciderunt,
1155 2351 1221 2406 de
1252 2350 1607 2407 ineffabilibus
1628 2351 1899 2407 disserere
1923 2353 2157 2422 aggressi
2182 2354 2221 2417 ‘,

628 2453 686 2497 et
714 2443 865 2513 quasi
887 2443 1015 2497 ccci
1040 2443 1122 2497 vel
1148 2442 1284 2497 ebrii
1311 2444 1363 2498 in
1386 2444 1500 2512 ipso
1527 2458 1713 2498 errore
1739 2454 1930 2498 contra
1956 2458 2015 2498 se
2042 2453 2226 2497 mutuo

626 2533 966 2602 impegerunt
990 2549 1002 2584 :
1037 2547 1136 2588 nec
1165 2543 1347 2587 mutuo
1374 2543 1576 2587 tantum
1604 2534 1693 2587 alii
1720 2543 1907 2588 contra
1931 2534 2066 2589 alios
2090 2574 2104 2600 ,
2128 2532 2223 2589 sed

624 2625 788 2681 etiam
816 2638 998 2681 secum
1031 2623 1098 2680 de
1126 2623 1312 2683 iisdem
1344 2625 1504 2683 rebus
1529 2640 1746 2696 semper
1772 2636 2027 2696 pugnant.
2061 2627 2221 2696 Atqui

632 2718 718 2773 hic
747 2718 1030 2775 illiteratus
1054 2760 1068 2786 ,
1102 2720 1249 2774 rudis
1274 2761 1288 2785 ,
1317 2735 1384 2775 ex
1420 2720 1735 2781 Betbsaida,
1762 2714 2008 2771 Zebedaei
2041 2716 2182 2771 illius
2207 2735 2221 2784 ;

629 2809 731 2863 etsi
760 2807 932 2865 Grzeei
962 2808 1242 2863 nominum
1272 2811 1615 2879 asperitatem
1652 2809 1938 2864 admodum
1972 2810 2219 2875 rideant,

629 2900 797 2955 nihilo
824 2910 1000 2955 tamen
1027 2903 1257 2969 minore,
1288 2902 1398 2957 imo
1422 2902 1623 2972 majore
1651 2902 1839 2958 fiducia
1857 2903 1968 2973 jam
1990 2903 2178 2972 loquar
2206 2920 2219 2955 ;

628 3000 830 3062 quanto
852 2995 994 3047 enim
1026 2993 1194 3063 magis
1218 2993 1443 3047 barbara
1469 2994 1598 3063 ipsis
1621 2994 1832 3048 videtur
1859 2994 2003 3049 natio
2034 2993 2145 3058 illa,
2168 3002 2225 3049 et

627 3097 657 3135 a
688 3081 876 3137 Graeco
907 3083 1150 3138 instituto
1193 3083 1365 3137 aliena
1391 3126 1405 3150 ,
1437 3093 1584 3140 tanto
1633 3085 1995 3156 splendidiora
2042 3098 2225 3141 nostra

631 3174 974 3229 videbuntur.
1005 3174 1137 3229 Cum
1184 3177 1328 3231 enim
1371 3177 1630 3233 barbarus
1677 3187 1732 3233 et
1775 3178 2021 3234 iudocms
2049 3194 2112 3235 ea
2143 3180 2224 3233 lo-

629 3276 843 3335 quatur,
885 3281 1000 3335 qua:
1030 3267 1207 3321 nullus
1233 3268 1508 3322 hominum
1552 3285 1806 3338 umquam
1838 3281 2096 3337 noverat;
2129 3285 2226 3325 nec

632 3359 877 3428 loquatur
908 3359 1087 3423 modo,
1118 3361 1209 3414 sed
1242 3362 1404 3415 etiam
1445 3362 1668 3418 suadeat
1720 3364 1881 3434 (quod
1910 3366 1955 3419 si
1984 3364 2110 3420 illud
2139 3380 2226 3421 so-

630 3450 736 3502 lum
760 3458 923 3516 esset,
958 3465 1204 3519 magnum
1236 3453 1376 3506 foret
1405 3452 1756 3520 miraculum;
1782 3470 1922 3510 nunc
1944 3472 2071 3511 vero
2099 3472 2227 3526 pra:-

632 3551 714 3594 ter
744 3540 862 3605 hoc,
896 3542 1056 3596 etiam
1084 3544 1225 3597 aliud
1254 3546 1427 3615 majus
1456 3548 1832 3615 suppeditetur
1852 3561 2224 3621 argumentum

631 3631 771 3702 quod
819 3650 878 3688 ea
921 3650 1039 3705 qum
1068 3635 1319 3691 dicuntur
1348 3637 1606 3694 divinitus
1635 3641 1889 3711 inspirata
1932 3645 2068 3711 sint,
2102 3646 2225 3715 quia

633 3742 826 3798 nempe
853 3728 1186 3784 auditoribus
1220 3731 1470 3785 omnibus
1509 3747 1725 3805 semper
1745 3736 2043 3793 doctrinam
2073 3754 2225 3795 suam

634 3821 1071 3891 persuaserint);
1102 3825 1222 3892 quis
1250 3824 1633 3883 immanentem
1667 3830 1717 3883 in
1748 3844 1813 3885 eo
1841 3831 2091 3887 virtutem
2121 3849 2229 3889 non

635 3912 955 3967 mirabitur?
1000 3912 1132 3967 lllud
1177 3916 1354 3980 enim,
1387 3927 1445 3970 ut
1469 3916 1580 3986 jam
1614 3919 1770 3986 dixi,
1802 3924 2037 3978 maximo
2077 3926 2230 3995 signo

622 4013 735 4066 ρει,
764 4004 935 4072 ipsnnt
964 4020 1069 4058 non
1092 4020 1156 4058 ex
1183 4006 1363 4075 seipso
1390 4006 1689 4064 doetrinam
1716 4020 1769 4065 et
1793 4012 1937 4082 leges
1966 4013 2227 4084 proferre.

634 4094 731 4147 llic
760 4095 939 4165 itaque
980 4095 1241 4152 barbarus
1271 4099 1549 4167 evangelio
1586 4115 1684 4155 suo
1732 4104 2038 4158 universum
2077 4120 2227 4160 corn-

622 4182 915 4253 ‘prehendit
963 4197 1147 4247 ornent
1176 4228 1190 4251 ,
1238 4202 1467 4257 corpore
1521 4199 1700 4245 autem
1773 4192 2004 4248 mediam
2060 4196 2230 4251 tenuit

636 4277 816 4331 Asiam
837 4319 853 4341 ,
881 4276 970 4332 ubi
997 4280 1124 4333 olim
1155 4280 1669 4350 philosophabamur
1699 4300 1887 4341 omnes
1916 4286 2119 4342 Grmca:
2146 4289 2231 4342 di-

637 4368 876 4437 sciplina:
906 4368 1186 4434 homines;
1218 4369 1448 4440 hincque
1482 4372 1816 4430 daemonibus
1854 4386 1937 4432 est
1981 4378 2234 4435 formida—

639 4456 763 4511 bilis
789 4459 833 4523 ’,
858 4458 1000 4527 quod
1035 4460 1084 4512 in
1117 4459 1348 4517 hostium
1380 4463 1558 4517 medio
1585 4463 1802 4535 fulgeat,
1834 4468 2047 4524 illorum
2095 4472 2231 4527 eati-

638 4550 812 4615 ginem
840 4551 1157 4621 exstinguat,
1178 4552 1590 4626 dasmonumque
1612 4571 1791 4614 arcem
1813 4560 1988 4617 diruat
2019 4581 2031 4617 :
2056 4565 2231 4621 anima

636 4650 817 4694 autem
848 4640 898 4693 in
927 4657 1046 4697 eum
1079 4646 1300 4700 secessit
1328 4647 1523 4714 locum,
1555 4650 1641 4719 qui
1673 4652 1794 4705 talia
1822 4657 2062 4725 aperanti
2086 4673 2234 4712 cout-

638 4739 865 4797 peteret.
890 4732 967 4786 Ac
1010 4731 1315 4788 Grarcornm
1361 4738 1575 4805 quidem
1624 4742 1904 4810 opiniones
1957 4748 2233 4803 exstincta:

638 4821 935 4891 deletzeque
976 4834 1099 4877 sunt
1127 4841 1139 4888 ;
1175 4824 1333 4894 hujus
1363 4843 1487 4882 vero
1518 4846 1605 4885 res
1631 4833 1870 4902 quotidie
1901 4838 2233 4906 splendidio-

643 4928 727 4966 res
753 4914 1003 4968 evadunt.
1037 4915 1113 4969 Ex
1158 4932 1264 4985 quo
1294 4918 1437 4974 enim
1477 4922 1562 4977 hic
1606 4932 1661 4978 et
1710 4926 1900 4996 reliqui
1939 4929 2235 4999 piscatores

642 5004 895 5069 fuerunt,
956 5005 1268 5076 Pythagora:
1320 5010 1663 5085 Platonisque
1730 5016 2065 5089 disciplinae,
2117 5040 2235 5093 qua:

640 5094 789 5164 prius
811 5095 1055 5151 obtinere
1080 5097 1414 5168 videbantur,
1458 5105 1673 5161 silentio
1701 5110 1881 5165 missa:
1906 5124 2051 5179 sunt,
2080 5131 2144 5171 ac
2170 5132 2236 5173 ne

641 5187 855 5243 nomine
887 5189 1104 5258 quidem
1134 5192 1254 5246 illos
1276 5205 1471 5249 norunt
1502 5198 1761 5271 plerique.
1787 5205 1947 5275 Atqui
1978 5206 2127 5261 Plato
2158 5219 2237 5279 ty.

644 5295 843 5334 rannos
871 5280 1003 5335 adiit
1030 5283 1253 5350 accitus,
1286 5296 1344 5340 ut
1370 5289 1538 5357 aiunt,
1565 5294 1768 5350 amicos
1802 5297 1987 5357 habuit
2017 5302 2231 5369 multos,

640 5381 795 5442 atque
822 5374 874 5426 in
897 5373 1129 5430 Siciliam
1154 5379 1421 5450 navigavit
1448 5398 1461 5438 :
1484 5383 1816 5460 Pythagoras
1838 5408 1965 5448 vero
1988 5410 2232 5466 magnam

675 5568 975 5650 =.L'£‘P_‘?:.§F_
990 5568 1304 5650 ὺεςίηέδῐιίθιέβ
1327 5578 1824 5650 αίδδενενεμςιρνεεεε.
1853 5590 2017 5650 usui:
2042 5593 2087 5639 in
2113 5597 2231 5642 uar-

637 5630 753 5737 rine
776 5630 1141 5702 saviliusnlﬁm
1163 5636 1213 5685 in
1231 5636 1415 5703 aliquot
1436 5630 1555 5692 Mss;
1569 5630 2087 5714 uilissimi-ﬁdi}th

659 5698 759 5737 emt
785 5692 1116 5737 tnrmbtlzbus-
1148 5710 1235 5737 nm
1277 5700 1593 5737 ὀηοπηιιδιέιηκ

604 5760 607 5763 Α
638 5692 759 5752 legit
785 5692 1118 5757 inuisibilibus,
1148 5710 1253 5761 pro,
1277 5692 1614 5766 ineffabilibm.

642 5776 1105 5891 aliisliﬁscitd‘grque
1129 5781 1422 5837 “monibus
1445 5794 1515 5840 m
1537 5790 1877 5859 Ῑθηηίάαθίίίε,
1915 5798 1965 5848 ἱιι
1984 5798 2146 5863 Savil.,
2179 5810 2233 5851 et

2328 507 2514 565 adiens
2526 506 2808 573 Graeciam,
2824 506 3119 576 praestigias
3140 503 3343 559 induxit
3363 502 3669 559 innumeras
3684 506 3778 575 (a);
3800 519 3922 561 nam

2328 599 2468 669 quod
2515 611 2637 650 eum
2685 594 2856 651 bobus
2906 594 3338 665 loqueretur(id
3389 594 3533 647 enim
3564 596 3647 677 de,
3674 596 3765 651 illo
3796 610 3924 650 uar—

2329 692 2553 760 ratur),
2604 705 2710 745 non
2768 690 2869 744 nisi
2930 688 3135 759 magica
3200 696 3318 743 arte
3380 689 3621 757 prazstari
3691 700 3921 759 poterat.

2328 783 2573 852 Iliaeque
2594 782 2827 836 maxime
2857 780 3031 851 palam
3060 790 3162 846 est,
3196 779 3338 851 quod
3368 780 3415 834 is
3444 781 3532 851 qui
3563 781 3720 837 bruta
3746 784 3826 838 sic
3845 784 3925 837 al-

2330 875 2669 945 loquebatur,
2699 873 2831 927 niltil
2859 872 3102 927 utilitatis
3128 871 3436 926 hominibus
3464 882 3745 941 praestaret
3770 914 3785 939 ,
3820 874 3930 928 imo

2330 968 2459 1037 ipsis
2503 966 2727 1021 multum
2771 974 3009 1021 noceret.
3050 964 3211 1020 Certe
3238 964 3412 1035 aptior
3434 964 3502 1019 ad
3531 964 3928 1037 phi1050phiam

2328 1068 2443 1112 erat
2472 1059 2746 1112 hominum
2794 1069 2983 1113 natura
3018 1076 3031 1112 :
3061 1067 3298 1114 attamen
3345 1058 3431 1112 ille
3474 1071 3597 1112 cum
3634 1059 3830 1128 aquilis
3875 1069 3931 1113 et

2330 1151 2519 1215 bobus,
2551 1161 2607 1203 ut
2636 1150 2819 1216 aiunt,
2855 1166 2953 1221 per
2984 1150 3282 1222 prmstigias
3316 1151 3653 1221 loquebatur.
3676 1150 3793 1207 Non
3837 1151 3931 1207 ille

2331 1244 2551 1297 rationis
2597 1255 2873 1312 exnertem
2922 1255 3167 1299 naturam
3217 1245 3537 1300 rationalem
3590 1245 3823 1313 effecit;
3876 1246 3929 1302 id

2330 1334 2470 1404 quod
2514 1333 2678 1389 homo
2715 1350 2820 1390 non
2855 1345 3030 1406 potest
3061 1355 3074 1390 :
3112 1336 3204 1392 sed
3250 1336 3535 1438 priestigiis
3560 1338 3754 1393 stultos
3782 1340 3930 1393 deei-

2330 1426 2527 1493 piebat.
2559 1425 2675 1481 Non
2726 1428 2840 1481 utili
2885 1428 3130 1483 doctrina
3167 1428 3413 1484 homines
3448 1425 3797 1494 instituebat;
3833 1431 3931 1485 sed

2328 1518 2554 1572 docebat
2602 1520 2741 1574 idem
2794 1535 2914 1576 esse
2962 1520 3109 1576 fabas
3151 1521 3313 1577 edere
3342 1530 3398 1577 et
3424 1534 3702 1591 parentum
3755 1524 3931 1594 capita

2326 1608 2628 1675 devorare;
2658 1611 3099 1682 auditoribusque
3141 1612 3500 1681 persuadebat
3522 1657 3535 1679 ,
3564 1615 3807 1671 doctoris
3847 1619 3931 1672 sui

2329 1700 2563 1754 animam
2591 1742 2607 1767 ,
2636 1701 2796 1757 modo
2841 1703 3085 1758 fruticem
3112 1746 3127 1769 ,
3158 1704 3319 1758 modo
3364 1705 3593 1775 puellam
3614 1748 3628 1772 ,
3665 1706 3824 1761 modo
3854 1710 3935 1777 pi-

2323 1806 2474 1846 scem
2508 1793 2669 1849 effici.
2703 1796 2895 1849 Annon
2921 1795 3042 1865 jure
3085 1796 3169 1849 illa
3196 1798 3458 1852 exstiucm
3488 1800 3699 1867 penitus
3726 1801 3936 1857 deleta-

2328 1901 2433 1956 que
2462 1888 2628 1941 sunt?
2655 1888 2811 1943 Certe
2834 1890 2955 1959 jure
2984 1904 3047 1943 ac
3077 1890 3269 1945 merito
3288 1932 3302 1955 ,
3336 1900 3393 1945 ut
3434 1892 3572 1947 ratio
3601 1895 3931 1963 postulabat.

2330 1980 2401 2032 At
2423 1994 2527 2032 non
2556 1978 2633 2033 sic
2656 1979 2740 2033 illa
2769 1995 2887 2049 qua:
2908 1980 2973 2033 ad
3002 1980 3187 2034 rudem
3220 1982 3367 2035 illum
3392 1991 3447 2038 et
3473 1983 3781 2041 illiteratum
3814 2001 3937 2057 per-

2333 2070 2538 2126 tinent:
2572 2087 2757 2126 verum
2802 2071 2923 2143 Syri
2951 2115 2964 2135 ,
2992 2071 3228 2145 Egyptii
3250 2116 3263 2139 ,
3296 2074 3440 2140 ludi,
3477 2076 3685 2145 Persae,
3720 2078 3938 2135 Aithioc

2334 2177 2448 2232 pes,
2480 2163 2883 2233 innumerteque
2908 2166 3025 2220 alia:
3048 2176 3258 2236 gentes,
3284 2166 3533 2239 dogmata
3563 2169 3745 2225 abillo
3778 2172 3938 2227 indu-

2333 2266 2416 2308 cta
2469 2256 2519 2309 in
2574 2257 2806 2326 linguam
2861 2273 3013 2313 suam
3064 2259 3495 2330 transferentes,
3549 2262 3761 2319 barbari
3810 2265 3936 2323 licet

2331 2359 2533 2413 essent,
2567 2350 2933 2420 philosophari
2962 2350 3285 2407 didicerunt.

2403 2439 2456 2493 5.
2498 2439 2613 2494 Non
2645 2456 2774 2512 ergo
2803 2442 3000 2497 frustra
3030 2442 3276 2499 dicebam
3297 2488 3312 2512 ,
3346 2455 3513 2501 totum
3556 2448 3743 2506 orbem
3775 2452 3935 2507 thea-

2334 2541 2469 2586 trum
2519 2533 2617 2602 ipsi
2663 2533 2844 2590 fuisse.
2872 2534 3058 2606 Neque
3096 2537 3241 2592 enim
3280 2540 3461 2594 missis
3501 2545 3932 2613 congeneribus,

2332 2640 2521 2679 vanam
2550 2626 2722 2683 brutis
2761 2628 3101 2683 instituendis
3128 2645 3348 2699 operam
3380 2633 3643 2702 ponebat;
3674 2636 3815 2707 quod
3843 2653 3939 2693 su-

2337 2732 2730 2787 pervacaneum
2783 2719 3016 2774 studium
3058 2729 3116 2776 et
3151 2722 3341 2792 ingens
3368 2724 3674 2795 insipientia
3703 2726 3933 2796 fuisset;

2332 2809 2424 2865 sed
2476 2819 2531 2865 et
2576 2811 2737 2879 hujus
2778 2822 2834 2866 et
2874 2811 3104 2867 aliorum
3153 2829 3349 2884 expers
3377 2816 3649 2883 vitiorum,
3683 2818 3736 2874 id
3766 2838 3936 2878 unum

2331 2904 2573 2968 curabat,
2594 2913 2651 2956 ut
2678 2912 2822 2957 totus
2850 2904 3000 2960 orbis
3030 2905 3157 2961 utile
3182 2906 3451 2977 quidpiam
3473 2908 3759 2979 edisceret,
3788 2917 3937 2984 quod

2332 3003 2514 3063 posset
2540 2994 2685 3049 illum
2713 3011 2741 3047 a
2767 3004 2907 3051 terra
2933 2998 2984 3051 iu
3009 2998 3204 3052 caelum
3233 3000 3546 3056 transferre.
3570 3001 3804 3075 Ideoque
3826 3025 3938 3065 non

2332 3086 2563 3157 caligine
2589 3096 2643 3141 et
2669 3088 2906 3144 tenebris
2933 3089 3235 3147 doctrinam
3276 3108 3425 3148 suam
3458 3095 3716 3166 involvit,
3744 3110 3800 3156 ut
3834 3103 3935 3169 illi,

2332 3177 2422 3248 qui
2480 3193 2656 3246 pravre
2700 3178 2959 3235 doctrina:
3012 3197 3124 3237 sua:
3178 3185 3559 3243 obscuritatem
3615 3205 3713 3245 ceu
3756 3195 3939 3250 velum

2331 3270 2619 3340 quodpiam
2647 3272 3045 3339 obtendebant;
3075 3275 3171 3331 sed
3204 3277 3365 3349 hujus
3395 3279 3645 3351 dogmata
3680 3296 3804 3341 sunt
3844 3305 3941 3344 ra-

2331 3361 2435 3417 diis
2474 3364 2741 3419 solaribus
2796 3366 3023 3423 clariora
3066 3387 3078 3423 :
3127 3370 3248 3426 ideo
3297 3375 3545 3429 omnibus
3598 3394 3691 3447 per
3746 3382 3941 3439 orbem

2332 3453 2641 3512 hominibus
2673 3461 2931 3529 patefacta
2961 3473 3104 3520 sunt.
3142 3463 3259 3520 Non
3302 3467 3445 3522 enim
3482 3471 3721 3543 quinque
3764 3489 3945 3535 annos

2332 3562 2452 3601 rum
2478 3548 2750 3605 silentium
2770 3554 3149 3611 accedentibus
3171 3558 3486 3627 imperabat,
3513 3574 3566 3616 ut
3588 3563 3709 3632 ille;
3740 3582 3839 3623 nec
3860 3573 3946 3629 sic

2333 3637 2557 3697 docebat
2584 3687 2596 3708 ,
2622 3655 2677 3698 ut
2710 3647 3107 3703 insensibilibus
3138 3651 3401 3721 lapidibus
3435 3656 3727 3727 assideret;
3763 3678 3946 3735 neque

2334 3738 2575 3790 numeris
2602 3740 2780 3793 omnia
2803 3740 3013 3795 deliniri
3041 3741 3413 3800 fabulabatur:
3438 3750 3532 3805 sed
3561 3752 3767 3815 abiecta
3788 3762 3943 3815 omni

2334 3825 2643 3895 hujusmodi
2678 3830 2881 3900 ingrata
2910 3832 3154 3891 doctrina
3180 3846 3232 3891 et
3263 3841 3500 3905 pernicie
3530 3848 3788 3916 sataniea,
3822 3862 3947 3909 tan-

2337 3927 2444 3971 tam
2470 3919 2644 3974 verbis
2671 3921 2953 3978 admiscuit
2978 3924 3301 3992 facilitatem,
3331 3941 3384 3985 ut
3408 3948 3514 3989 non
3544 3938 3705 3993 modo
3729 3942 3859 3998 viris
3888 3957 3946 4002 et

2336 4009 2664 4078 sapientibus
2686 4052 2703 4077 ,
2734 4012 2827 4067 sed
2854 4016 3013 4069 etiam
3045 4018 3374 4077 mulierculis
3408 4034 3459 4078 et
3509 4026 3947 4092 adolesteutibus

2335 4100 2473 4155 dicta
2503 4102 2680 4156 omnia
2708 4107 2989 4175 perSpicna
3018 4121 3218 4166 essent.
3252 4112 3339 4166 illa
3372 4117 3516 4170 enim
3549 4133 3673 4174 vera
3710 4133 3763 4177 et
3791 4129 3946 4184 utilia

2335 4192 2622 4261 auditoris,
2644 4199 3114 4253 esseconiirmavit
3141 4211 3331 4271 totum,
3361 4207 3504 4277 quod
3530 4222 3711 4280 postea
3741 4231 3949 4289 sequu-

2339 4292 2467 4383 tum-
2481 4299 2584 4353 est,
2609 4296 2820 4358 tempus
2848 4307 2860 4343 :
2891 4307 3011 4345 nam
3043 4302 3212 4349 totum
3244 4297 3310 4351 ad
3343 4315 3402 4353 se
3434 4309 3697 4372 pertraxit
3726 4311 3943 4383 orbem,

2338 4382 2394 4429 et
2418 4376 2487 4430 ab
2515 4379 2659 4434 omni
2699 4380 2871 4435 aliena
2907 4386 3161 4454 tragtrdia
3190 4390 3354 4445 vitam
3384 4404 3625 4453 nostram
3655 4376 3945 4474 liberavit,

2340 4480 2621 4564 postquam
2646 4472 2761 4529 haee
2781 4476 2959 4531 audita
2990 4477 3159 4535 fuere.
3177 4484 3518 4557 Quapropter
3542 4502 3803 4564 quotquot
3828 4472 3950 4556 hac

2338 4561 2586 4618 audimus
2624 4566 2856 4621 animam
2884 4567 3160 4628 eﬂ'undere
3190 4586 3439 4645 Optamus
3474 4584 3652 4652 potius
3670 4561 3881 4657 ,iquatn
3915 4607 3947 4647 a

2340 4654 2677 4724 dogmatibus
2706 4660 2774 4715 ab
2816 4663 2909 4718 illo
2958 4665 3165 4722 traditis
3192 4670 3533 4730 absistamus.
3567 4676 3702 4735 Hinc
3730 4654 3865 4754 ergo
3894 4698 3951 4744 et

2340 4752 2486 4803 omni
2514 4768 2579 4805 ex
2604 4765 2755 4823 parte
2782 4756 2969 4827 liquet,
3001 4761 3136 4816 nihil
3164 4760 3455 4822 hmuanum
3484 4771 3553 4823 ab
3574 4774 3713 4842 ipso,
3746 4752 3844 4833 sed
3875 4781 3953 4836 di-

2342 4844 2461 4898 vina
2492 4856 2543 4900 et
2575 4849 2805 4905 m-lestia
2834 4868 2955 4909 esse
2981 4855 3227 4925 dogmata
3255 4903 3268 4925 ,
3296 4878 3413 4933 qua:
3438 4879 3466 4919 a
3494 4866 3673 4924 divina
3711 4869 3800 4926 illa
3829 4876 3953 4929 ani-

2342 4950 2426 4989 ma
2456 4936 2521 4990 ad
2550 4954 2645 4994 nos
2674 4956 3051 5011 pervenerunt.
3096 4949 3277 5022 Neque
3305 4957 3450 5011 enim
3478 4960 3763 5018 verborum
3798 4976 3947 5024 stre-

2343 5029 2532 5097 pitmu,
2565 5048 2669 5086 non
2696 5034 2948 5091 dictionis
2992 5038 3195 5109 fucum,
3231 5061 3405 5118 neque
3448 5054 3725 5109 nominum
3748 5060 3951 5115 verbo-

2344 5139 2570 5205 rumque
2612 5139 2859 5183 ornatum
2905 5142 2959 5187 et
3002 5139 3450 5204 COﬂipOSiliOlleln
3492 5148 3821 5216 superﬂuam
3860 5158 3947 5209 vel

2345 5215 2585 5271 inutilem
2619 5219 2916 5279 videbimus
2945 5224 3084 5295 (hare
3112 5230 3312 5301 quippe
3336 5236 3517 5303 procul
3546 5215 3669 5294 sunt
3694 5241 3761 5294 ab
3792 5248 3950 5303 omni

2342 5307 2735 5383 philus-cpida);
2768 5315 2863 5369 sed
2895 5318 2999 5371 vim
3031 5320 3281 5377 invictam
3316 5334 3369 5380 et
3393 5328 3650 5394 divinam,
3684 5340 3739 5387 et
3767 5348 3952 5394 recto-

2343 5413 2460 5453 rum
2507 5400 2812 5471 dogmatum
2862 5407 3178 5468 inmtensam
3230 5416 3523 5488 virtutem,
3574 5424 3949 5488 innumerabi-

2406 5513 2601 5595 gaLb‘e
2617 5516 2822 5595 Platonis
2841 5524 2888 5571 in
2913 5524 3116 5595 siciliam
3160 5530 3365 5595 appulsu
3407 5535 3549 5585 multi
3589 5552 3938 5595 amaverunt.

2341 5572 2423 5667 Ξ.ξέ
2448 5572 3116 5667 {5183113233.fatearis
3130 5572 3381 5667 φεῖέἷιῖὧῖε
3404 5572 3668 5667 ἕὸῖιῖἓιυῖἴ
3678 5572 3949 5667 iii-333:3:

2342 5651 2440 5725 me.
2448 5636 2876 5725 incudm;
2904 5650 2993 5725 nisi
3018 5636 3951 5725 aiyie'iéﬂsii'uir'ia'iti‘

2342 5710 3117 5792 9:23:'fftffrijwfeera
3129 5717 3245 5788 γίιυε
3261 5719 3572 5792 “Nam,
3824 5710 3949 5792 ἷὶιῖει

2344 5726 2502 5771 genus
2543 5726 2756 5787 iaci-uas
2797 5726 2845 5757 In
2872 5726 3108 5821 lit-mequo
3129 5726 3245 5788 ytue
3270 5726 3572 5783 Pythagoras,
3598 5738 3807 5775 animam
3834 5731 3947 5792 ejus

2344 5775 2545 5847 Εἷς-αξξ
2561 5780 2581 5813 v
2589 5764 2725 5847 ilict;
2737 5770 2942 5847 arbores
2962 5786 3021 5823 ve
3063 5788 3338 5847 animantes
3360 5787 3736 5847 commigrasse:
3757 5800 3947 5843 cetera

2483 5827 2547 5879 de
2589 5829 2850 5895 Pythagora
2874 5844 3183 5903 sequuntur,
3212 5827 3946 5914 vidb‘aiiia'b'ﬁéiziiﬁi‘é}?
