4078 6486
247 422 318 481 5:,
1391 401 1460 460 IN
1496 401 1819 460 JOANNEM
1862 399 2097 459 uouit.
2139 398 2206 457 ιι.
2246 401 2319 459 al.
2360 400 2399 456 l.
3509 403 3582 463 τι

251 537 474 605 licetque
504 530 784 587 bonorum
822 523 1183 598 largitionem.
1212 518 1347 577 Nam
1376 518 1430 574 in
1460 514 1847 590 praedicatione

248 630 400 685 uiinia
430 625 725 682 verborum
749 619 1036 679 curiositas
1072 613 1348 686 superﬂua
1375 620 1543 677 esset,
1576 619 1634 667 et
1658 610 1850 680 amphi-

247 720 336 776 stis
350 720 504 791 digna
524 734 542 784 ;
562 718 671 772 imo
694 730 802 771 non
818 710 1097 784 sophistis,
1115 706 1410 778 sed'pueris
1430 704 1847 777 insipientibus;

246 816 312 869 ita
340 821 396 870 ut
415 810 558 883 apud
579 823 683 867 eos
706 809 821 878 ipse
847 802 1201 877 philosOphus
1223 801 1504 857 induceret
1530 804 1849 870 magistrum

245 922 391 962 suum
416 918 579 975 quem
607 916 724 956 sua:
756 899 891 956 artis
911 896 1173 969 pudebat,
1201 894 1400 965 quique
1424 891 1639 947 dicebat
1662 888 1849 961 judici-

244 1000 338 1055 bus
365 998 509 1067 ipsos
532 993 817 1049 audituros
841 990 911 1044 ab
935 1004 996 1045 se
1018 1002 1142 1044 esse
1172 985 1333 1041 verba
1365 985 1485 1040 sine
1513 981 1761 1043 artilicio,
1795 987 1851 1035 et

244 1099 293 1144 ut
334 1102 489 1144 casus
520 1084 768 1149 ferebat,
801 1080 1045 1153 prolata;
1080 1094 1188 1134 non
1217 1076 1501 1149 exquisitis
1534 1082 1729 1130 ornata
1760 1071 1850 1128 di-

240 1185 353 1247 ctis,
378 1195 484 1237 non
530 1177 713 1234 verbis
737 1185 793 1232 et
822 1171 1132 1231 nominibus
1167 1169 1386 1227 selectis
1433 1166 1629 1225 fucata.
1661 1165 1851 1235 Neque

241 1277 375 1331 enim
405 1288 502 1343 par
527 1280 612 1327 est
634 1312 649 1336 ,
680 1266 977 1340 inquiebat,
1007 1280 1043 1321 o
1073 1264 1198 1332 viri,
1230 1263 1390 1333 hujus
1430 1262 1606 1318 artatis
1632 1259 1808 1315 virum
1827 1299 1844 1325 ,

239 1365 594 1424 adolescentis
620 1361 863 1436 proferre
884 1358 1050 1417 verba
1076 1374 1259 1414 coram
1289 1357 1441 1413 vobis
1457 1354 1749 1425 judicibus.
1769 1352 1850 1409 Ac

241 1460 355 1515 vide
378 1472 541 1530 quam
578 1457 651 1511 sit
692 1453 820 1510 illud
852 1451 1162 1507 ridiculum.
1186 1452 1359 1518 Quam
1390 1449 1536 1506 enim
1564 1461 1683 1503 rem
1711 1456 1851 1501 tam-

238 1572 390 1627 quam
423 1568 667 1629 turpem,
686 1553 1023 1625 philosophia
1057 1550 1360 1629 indignam,
1389 1546 1850 1603 adolescentium-

238 1626 336 1721 que
360 1626 531 1719 opus,
550 1649 866 1720 magistrum
892 1660 1052 1701 suum
1076 1642 1262 1714 fugere
1282 1626 1437 1707 dixit,
1467 1639 1591 1695 huic
1608 1637 1848 1703 maxime

240 1743 347 1813 ipse
367 1757 589 1813 operam
610 1739 778 1796 dedit.
807 1738 879 1794 lta
906 1737 1103 1807 ubique
1124 1733 1405 1789 ambitioni
1426 1730 1715 1788 studebant
1735 1728 1845 1794 illi;

239 1835 309 1906 (α)
343 1834 610 1907 [nihilque
656 1840 853 1903 prteter
891 1830 995 1884 hoc
1026 1827 1079 1882 in
1114 1826 1342 1885 Platone
1371 1823 1731 1880 admimtioue
1772 1819 1851 1875 di-

236 1944 389 1999 gnum
410 1923 675 1999 videtur.]
696 1927 772 1980 Ae
793 1921 1249 1996 quemadmodum
1268 1920 1312 1975 si
1329 1918 1577 1990 Sepulcra
1603 1915 1848 1974 exterius

240 2020 482 2076 dealbata
515 2018 817 2091 aperueris,
850 2016 1022 2083 sanie,
1050 2014 1266 2080 foetore,
1294 2010 1677 2082 corruptisque
1702 2009 1846 2064 ossi-

237 2112 328 2169 bus
356 2113 512 2184 plena
538 2110 749 2167 videbis
774 2126 787 2162 :
821 2109 893 2164 ita
938 2107 983 2162 si
1032 2103 1346 2177 philosophi
1374 2103 1627 2175 dogmata
1652 2100 1845 2157 dictio-

237 2209 315 2263 nis
362 2218 557 2262 ornatu
606 2202 923 2269 nudaveris.
972 2200 1140 2256 multa
1184 2198 1393 2255 videbis
1442 2196 1849 2253 abominationc

237 2299 419 2371 plena;
455 2298 694 2354 maxime
718 2297 762 2351 si
790 2295 859 2351 ile
885 2295 1066 2350 anima
1099 2289 1535 2364 philosophetur,
1566 2303 1727 2360 quam
1752 2287 1846 2342 ni-

236 2395 336 2449 mio
360 2394 567 2450 honore
608 2391 674 2447 ad
705 2389 1098 2461 blasphemiam
1146 2401 1319 2458 usque
1355 2382 1545 2439 allicit.
1577 2383 1675 2439 llic
1699 2384 1845 2438 enim

234 2485 526 2543 diabolicus
550 2487 778 2557 laqueus
806 2491 911 2549 est,
942 2495 1256 2537 mensuram
1287 2491 1551 2548 nusquam
1582 2487 1804 2532 servare
1825 2515 1841 2540 ,

236 2581 321 2637 sed
347 2582 398 2636 in
430 2589 725 2650 utrumque
758 2585 1125 2632 extremorum
1157 2571 1249 2627 illo
1277 2579 1465 2640 captos
1499 2585 1595 2641 per
1625 2582 1845 2639 pravam

235 2673 527 2730 doctrinam
557 2670 851 2727 deducere.
885 2667 1042 2723 Nunc
1081 2665 1227 2721 enim
1279 2664 1424 2719 illam
1472 2679 1538 2719 ex
1582 2660 1848 2717 Dei‘sub-

236 2770 420 2827 stantia
449 2782 576 2825 esse
604 2764 769 2831 dicit;
801 2778 946 2818 nunc
977 2761 1122 2815 illam
1153 2768 1350 2831 praeter
1375 2756 1599 2813 modum
1648 2764 1704 2811 et
1746 2756 1847 2809 im-

239 2866 318 2938 pie
355 2865 601 2928 elatam,
632 2876 729 2932 per
772 2858 999 2914 alteram
1040 2853 1375 2928 hyperbolen
1408 2852 1685 2921 deturpat,
1715 2848 1845 2905 dum

238 2960 371 3015 illam
404 2958 457 3011 in
491 2967 713 3027 porcos,
736 2950 939 3017 asinos,
972 2949 1134 3019 inque
1162 2946 1348 3002 viliora
1377 2941 1671 2999 animantia
1700 2938 1851 2995 indu-

237 3055 321 3109 cit.
351 3049 458 3108 Sed
490 3049 614 3105 haec
652 3046 786 3100 satis
827 3055 1024 3108 sunto;
1050 3042 1161 3097 imo
1190 3038 1329 3095 ultra
1378 3035 1599 3093 modum
1646 3033 1717 3090 de
1763 3032 1847 3088 his

237 3148 616 3207 disseruimus.
639 3146 697 3203 Si
721 3144 847 3217 quid
878 3142 1021 3199 enim
1054 3139 1186 3196 utile
1207 3138 1274 3193 ab
1304 3137 1409 3210 illis
1442 3135 1609 3192 edisci
1641 3138 1845 3201 posset,

239 3242 471 3315 pluribus
515 3241 586 3297 iis
634 3240 885 3294 insistere
932 3233 1305 3305 oportuisset;
1349 3230 1432 3285 sin
1479 3241 1610 3284 vero
1637 3233 1846 3280 tantum

236 3346 486 3409 quantum
526 3333 597 3389 ad
625 3347 817 3389 eorum
863 3326 1245 3386 declarandam
1293 3320 1690 3393 turpitudinem
1717 3318 1853 3372 satis

237 3439 398 3500 esset,
425 3426 725 3484 dicendum
756 3422 1016 3496 oportuit,
1052 3419 1168 3474 hmo
1198 3417 1318 3488 plus
1339 3430 1501 3486 quam
1537 3412 1671 3467 satis
1700 3418 1846 3465 sunt.

236 3524 402 3592 Quare
432 3521 625 3579 missis
653 3519 865 3575 illorum
895 3512 1092 3571 fabulis
1120 3554 1136 3577 ,
1166 3511 1278 3581 jam
1309 3515 1493 3564 nostra
1520 3505 1850 3575 attingamus

238 3618 473 3689 dogmata
497 3656 518 3681 ,
549 3630 669 3685 qua:
710 3610 864 3666 nobis
907 3622 1001 3679 per
1042 3604 1267 3674 hujusce
1299 3598 1585 3671 piscatoris
1609 3596 1849 3667 linguam

232 3714 299 3769 de
321 3713 454 3768 emlo
481 3708 725 3767 demissa
753 3711 914 3768 sinit,
947 3713 1179 3772 qureque
1231 3695 1368 3751 nihil
1416 3691 1616 3747 habent
1656 3690 1848 3742 huma-

238 3822 376 3862 num.
412 3807 535 3876 Age
564 3815 696 3872 ergo
718 3841 733 3865 ,
762 3797 878 3852 hazc
910 3795 1052 3851 dicta
1080 3792 1133 3847 in
1168 3788 1404 3845 medium
1435 3783 1728 3841 all‘eramns
1747 3820 1763 3846 ,
1794 3786 1851 3835 et

238 3911 292 3955 ut
313 3871 705 3955 initio'hortati
731 3906 939 3956 sumus,
967 3887 1129 3943 dictis
1158 3897 1282 3939 esse
1306 3875 1717 3939 attendendum,
1746 3871 1851 3925 hoc

239 4007 375 4047 nunc
405 3993 608 4047 iterum
633 3998 938 4041 monemus.
962 3976 1103 4047 Quid
1132 3990 1261 4047 ergo
1281 3973 1433 4029 initio
1459 3970 1591 4024 dicit
1619 3977 1853 4035 evange-

238 4087 395 4141 lista?
438 4086 496 4141 l.
549 4080 620 4136 In
668 4076 920 4150 principio
950 4082 1059 4130 erat
1097 4070 1338 4138 Verbum,
1387 4075 1435 4122 et
1476 4062 1695 4118 Verbum
1742 4065 1852 4114 erat

237 4182 369 4252 apud
394 4179 591 4235 Deum.
619 4174 873 4232 Vidistiu‘
900 4170 1151 4227 lldueiam
1178 4174 1234 4222 et
1277 4164 1385 4220 vim
1413 4158 1703 4218 verborum
1734 4172 1851 4212 ma-

238 4251 477 4333 ximam?
524 4268 798 4345 quomodo
840 4253 973 4322 nihil
1016 4260 1308 4323 dubitans,
1343 4254 1476 4311 nihil
1520 4251 1846 4321 conjiciens,

237 4370 323 4427 scil
355 4369 545 4425 omnia
572 4360 893 4419 aflirmautis
935 4371 1087 4413 more
1118 4348 1411 4423 loquatur?
1439 4347 1552 4404 lloc
1585 4353 1670 4399 est
1703 4344 1847 4398 enim

235 4464 467 4521 doctoris
487 4503 506 4528 ,
546 4474 657 4515 non
682 4455 939 4512 vacillare
969 4452 1021 4506 in
1052 4450 1118 4505 iis
1148 4464 1269 4518 qua:
1309 4444 1530 4515 profert.
1565 4439 1698 4495 Nam
1725 4437 1769 4492 si
1804 4435 1849 4493 is

236 4561 321 4631 qui
349 4559 489 4614 alios
525 4553 795 4617 instituit,
823 4548 994 4603 altero
1017 4557 1155 4614 opus
1187 4541 1418 4606 habeat,
1451 4536 1541 4609 qui
1573 4534 1713 4590 dicta
1750 4544 1849 4587 sua
1878 4552 1883 4559 ·

234 4626 563 4707 conﬁrmare
592 4644 801 4717 possit,
831 4656 937 4696 non
984 4637 1265 4693 doctorum
1287 4674 1302 4697 ,
1332 4629 1430 4687 sed
1460 4626 1847 4695 discipulorum

235 4747 474 4802 ordinem
496 4743 623 4814 jure
644 4737 904 4795 obtineat.
923 4733 981 4789 Si
1008 4732 1130 4804 quis
1152 4744 1282 4785 vero
1310 4724 1528 4787 dixerit,
1546 4722 1656 4779 Cur
1676 4719 1848 4790 prima

234 4840 424 4894 omissa
455 4811 646 4899 causa,
679 4829 859 4886 statim
901 4824 1057 4881 nobis
1083 4823 1151 4878 de
1185 4819 1420 4878 secunda
1448 4811 1709 4872 disserit?
1739 4812 1851 4882 prio

236 4948 373 4987 mum
401 4941 461 4987 et
489 4925 792 4984 secundum
823 4922 909 4978 hic
933 4920 1117 4976 dicere
1144 4914 1518 4972 recusabimus
1552 4928 1565 4965 :
1594 4906 1849 4965 divinitas

232 5031 368 5083 enim
399 5037 457 5082 ct
486 5036 718 5079 numero
747 5028 800 5077 at
827 5027 1129 5086 temporum
1171 5006 1558 5082 consequentia
1601 5003 1851 5074 superior

232 5132 327 5175 est.
360 5120 603 5190 Ideoque
647 5114 731 5170 his
770 5108 1096 5183 repudiatis,
1144 5105 1357 5161 Patrem
1404 5099 1729 5157 confitemur
1774 5108 1847 5150 ex

233 5215 375 5269 nullo
406 5228 556 5274 esse,
590 5209 896 5277 Filiumque
921 5220 989 5258 ex
1020 5202 1180 5257 Patre
1208 5208 1417 5254 natum.

297 5310 351 5363 4.
394 5306 505 5362 Cur
533 5303 787 5366 Joannes,
825 5299 1002 5353 relicto
1060 5293 1256 5357 Patre,
1307 5290 1371 5345 de
1416 5286 1557 5343 Filio
1605 5285 1845 5339 disserat.

236 5397 606 5455 Drscribuntur
652 5391 909 5464 sapientia
973 5398 1021 5443 et
1073 5384 1362 5441 sublimitas
1407 5378 1746 5461 euangelista.
1776 5403 1849 5417 —-

236 5492 419 5559 Recte,
456 5491 669 5564 inquies
701 5506 715 5541 :
747 5501 933 5541 verum
967 5499 1065 5539 cur
1107 5482 1302 5539 relicto
1352 5478 1535 5542 Patre,
1586 5473 1656 5529 de
1713 5472 1849 5527 Filio

235 5585 487 5642 disserit?
523 5586 661 5654 Quia
690 5581 785 5637 illc
816 5577 1068 5650 cognitus
1092 5572 1346 5628 omnibus
1374 5576 1513 5631 erat,
1557 5567 1602 5622 si
1640 5580 1747 5620 non
1790 5571 1851 5619 ut

239 5677 410 5743 Pater,
440 5677 631 5733 saltem
663 5684 723 5730 ut
747 5672 890 5727 Deus
924 5687 938 5721 :
972 5664 1295 5737 Unigeuitus
1314 5677 1444 5717 vero
1477 5657 1843 5731 ignorabatur.

241 5768 467 5837 Ideoque
494 5770 614 5842 iure
642 5783 674 5823 a
709 5762 977 5838 principio
1006 5760 1189 5817 statim
1220 5755 1339 5827 ejus
1368 5752 1615 5809 notitiam
1662 5748 1849 5805 indere

296 5926 377 5992 (α)
406 5938 516 5986 ρυλε
538 5928 735 5981 uncinis
754 5922 1066 5983 clauduntur,
1093 5916 1234 5968 Smil.
1266 5915 1316 5965 in
1349 5912 1574 5975 margine
1594 5910 1782 5969 posuit.

1962 513 2183 571 festinat
2223 516 2289 570 iis
2329 513 2422 586 qui
2463 513 2637 585 ipsum
2687 527 2806 569 non.
2846 519 3132 569 noverant.
3161 512 3416 588 Alioquin
3448 523 3583 574 vero

1958 608 2177 666 Patrem
2208 607 2261 663 in
2285 605 2391 663 hoe
2415 619 2672 663 sermone
2696 619 2806 661 non
2839 604 3026 662 tacuit.
3056 607 3135 662 Ae
3162 605 3284 663 vide
3304 606 3439 663 mihi
3463 607 3581 679 spl-

1957 699 2207 756 ritualem
2236 698 2601 771 prudentiam.
2634 695 2794 754 Novit
2822 696 3072 754 homines
3088 697 3203 769 jam
3228 697 3358 754 olim
3377 707 3436 756 et
3449 705 3585 756 ante

1956 794 2140 867 omnia
2175 793 2345 871 Deum
2382 808 2494 863 pra:
2523 791 2778 847 omnibus
2804 789 2993 847 colere
3031 799 3088 848 et
3132 805 3400 848 asserere.
3447 790 3589 849 Ideo

1958 883 2086 942 inde
2116 883 2441 954 principium
2483 882 2632 951 fecit,
2670 890 2728 939 et
2757 897 3081 956 progressus
3122 880 3296 939 Deum
3322 898 3447 941 esse
3482 883 3581 941 dl-

1954 979 2051 1033 cit.
2083 974 2202 1033 Non
2232 976 2373 1032 sicut
2417 976 2572 1033 Plato
2616 974 2849 1031 alterum
2892 984 3156 1042 mentem,
3202 974 3432 1031 alterum
3460 966 3649 1043 anu:

1954 1084 2099 1127 mam
2124 1084 2246 1126 esse
2270 1068 2446 1125 dicit:
2488 1068 2606 1125 luec
2643 1068 2790 1125 enim
2824 1066 3018 1139 procul
3058 1074 3191 1122 sunt
3219 1080 3251 1121 a
3282 1065 3463 1123 divina
3486 1066 3581 1128 illa

1953 1172 2011 1221 et
2031 1161 2323 1218 immortali
2356 1170 2567 1217 natura.
2594 1159 2782 1232 Neque
2810 1159 2958 1216 enim
2982 1172 3275 1215 commune
3299 1157 3575 1232 quidpiam

1956 1253 2241 1312 nobiseum
2285 1253 2470 1321 habet,
2519 1252 2618 1309 sed
2672 1226 2833 1325 longe
2876 1259 2962 1308 est
3005 1265 3037 1306 a
3085 1226 3577 1308 communicatione

1955 1361 2079 1402 cum
2131 1346 2441 1412 creaturis;
2491 1343 2791 1402 secundum
2837 1342 3199 1399 substantiam
3243 1340 3409 1408 dico,
3465 1354 3581 1407 non

1954 1439 2258 1497 secundum
2306 1438 2573 1495 habitum.
2618 1438 2746 1494 Ideo
2774 1437 3017 1497 Verbum
3061 1435 3216 1491 illum
3259 1432 3587 1506 appellavita

1952 1532 2089 1589 Cum
2121 1534 2268 1589 enim
2299 1530 2559 1588 docturus
2586 1538 2737 1588 esset
2776 1530 2878 1586 hoc
2906 1527 3146 1585 Verbum
3173 1540 3297 1583 esse
3326 1525 3583 1598 unigeni-

1957 1639 2071 1686 tum
2120 1627 2315 1685 Filium
2367 1624 2490 1693 Dei,
2545 1641 2616 1682 ne
2654 1623 2779 1696 quis
2819 1618 3230 1695 generationem
3262 1618 3587 1691 passibilem-

1953 1722 2346 1794 suspicaretur,
2395 1719 2677 1791 praemissa
2728 1716 2893 1774 Verbi
2935 1713 3307 1788 appellatione
3354 1727 3589 1769 omnem.

1959 1814 2098 1870 tollit
2145 1812 2345 1868 malam
2389 1810 2779 1881 suspicionem,
2826 1807 3061 1880 dum,et
3109 1805 3308 1863 Filium
3347 1821 3418 1862 ex
3458 1805 3596 1877 ipso

1952 1919 2096 1974 esse,
2128 1911 2188 1961 et
2225 1902 2638 1974 impassibiliter
2671 1899 2872 1958 Filium
2899 1915 3025 1957 esse
3067 1898 3335 1955 declarat.
3384 1896 3585 1956 Viden‘

1952 1998 2247 2073 quomodo,
2273 2006 2333 2054 ut
2355 1998 2467 2068 jam
2498 1996 2630 2064 dixi,
2661 2010 2787 2053 eum
2814 1994 2885 2052 de
2918 1994 3057 2051 Filio
3083 1992 3422 2065 loqueretur,
3470 1991 3579 2048 Pa-

1955 2102 2092 2149 trem
2122 2108 2228 2148 non
2258 2090 2425 2147 tacuit
2443 2091 2468 2145 ‘l
2488 2088 2645 2159 Quod
2671 2090 2716 2146 si
2746 2088 2862 2144 lucc
2882 2101 2991 2144 non
3014 2086 3146 2142 satis
3174 2086 3286 2142 sint
3313 2083 3381 2140 ad
3410 2092 3579 2141 totam

1952 2200 2069 2242 rem
2094 2182 2503 2249 declarandam,
2536 2196 2608 2239 ne
2638 2181 2875 2238 mireris.
2909 2179 2988 2236 De
3018 2178 3133 2236 Deo
3161 2191 3396 2249 namque
3421 2175 3581 2233 nobis

1953 2288 2039 2336 est
2068 2292 2273 2344 sermo,
2308 2292 2469 2349 quem
2500 2290 2600 2348 pro
2627 2275 2891 2346 dignitate
2931 2289 3109 2345 neque
3152 2272 3358 2339 dicere,
3400 2282 3595 2341 neque

1952 2372 2195 2444 cogitare
2232 2385 2541 2442 possumus.
2572 2367 2701 2425 Ideo
2728 2367 2818 2423 hic
2854 2366 3174 2423 substantiae
3200 2380 3401 2422 nomen
3442 2378 3591 2421 nus-

1953 2480 2114 2538 quam
2144 2465 2339 2536 ponit:
2366 2464 2492 2535 quia
2536 2452 2705 2519 nemo
2746 2470 2925 2533 potest
2951 2458 3136 2516 dicere
3162 2457 3291 2531 quid
3324 2457 3467 2513 Deus
3505 2456 3583 2514 sit

1952 2557 2251 2615 secundum
2298 2556 2659 2613 substantiam
2710 2570 2730 2608 :.
2780 2552 2984 2624 ubique
3026 2560 3207 2608 autem
3237 2549 3389 2606 illum
3417 2547 3579 2605 nobis

1953 2664 2021 2707 ex
2066 2649 2322 2718 operibus
2369 2646 2731 2703 demonstrat.
2777 2642 3058 2715 Siquidem
3084 2641 3191 2698 hoc
3219 2640 3461 2697 Verbum
3490 2640 3581 2696 vl-

1953 2742 2084 2800 dere
2112 2750 2195 2798 est
2233 2748 2418 2811 postea
2449 2738 2625 2794 lucem
2656 2737 2884 2802 dictum,
2937 2741 2995 2792 et
3022 2734 3200 2791 lucem
3242 2744 3433 2788 rursus
3476 2742 3582 2803 ap-

1953 2836 2143 2910 pellari
2181 2836 2347 2890 vitam
2381 2835 2421 2888 ί.
2456 2832 2643 2904 Neque
2682 2829 2782 2887 hac
2822 2830 2998 2886 solum
3025 2826 3097 2884 de
3132 2840 3295 2883 causa
3322 2825 3404 2882 sic
3430 2825 3583 2881 illum

1906 2930 1915 2938 '
1954 2928 2171 2984 vocavit
2201 2946 2213 2982 :
2249 2926 2344 2983 sed
2371 2926 2487 2981 haec
2514 2925 2688 2996 prima
2718 2936 2881 2978 causa
2909 2929 2994 2978 est
3024 2916 3286 2986 secunda,
3311 2916 3438 2990 quia
3460 2930 3586 2988 quas
3646 2914 3649 2915 ⁷

1955 3021 2131 3078 Patris
2170 3025 2330 3075 erant
2373 3017 2529 3073 nobis
2550 3024 2671 3071 erat
2700 3012 3085 3077 nuntiaturus;
3135 3024 3261 3067 nam
3301 3008 3377 3063 ait
3410 3026 3424 3062 :
3457 3007 3587 3063 om-

1955 3118 2044 3171 uia
2090 3130 2205 3186 qua:
2252 3112 2428 3168 audivi
2465 3128 2499 3165 α
2526 3108 2712 3175 Patre,
2760 3106 3065 3163 annuntiavi
3101 3105 3243 3161 vobis
3280 3102 3461 3177 (Joan.
3492 3102 3648 3179 l5.

1954 3209 2071 3278 l5).
2118 3206 2293 3262 Vocat
2340 3214 2522 3260 autem
2567 3202 2723 3259 illum
2757 3210 2813 3257 et
2865 3198 3031 3255 vitam
3074 3205 3131 3254 et
3175 3198 3353 3253 lucem
3398 3197 3584 3250 :‘nam

1954 3298 2283 3372 cognitionis
2310 3296 2488 3352 lucem
2530 3293 2687 3349 nobis
2724 3291 2897 3358 dedit,
2929 3298 2985 3347 et
3009 3303 3076 3345 ex
3107 3288 3230 3344 luce
3268 3286 3461 3343 vitam.
3524 3283 3592 3340 ιιι

1954 3408 2167 3449 summa
2200 3406 2309 3446 non
2344 3405 2510 3444 unum
2542 3401 2763 3450 nomen,
2814 3399 2925 3440 non
2968 3382 3101 3449 duo,
3157 3396 3266 3437 non
3310 3380 3435 3447 tria,
3476 3371 3588 3435 non

1956 3489 2109 3561 plura
2131 3485 2265 3541 satis
2293 3493 2418 3540 sunt
2444 3481 2514 3538 ad
2543 3496 2608 3538 ea
2635 3495 2757 3553 qua:
2783 3479 2954 3534 Deum
2980 3484 3235 3547 spectant
3258 3472 3541 3530 edocenda
3571 3489 3588 3528 :

1955 3581 2053 3638 sed
2082 3576 2383 3651 optandum
2408 3583 2516 3643 est,
2561 3584 2621 3630 ut
2648 3574 2814 3628 etiam
2862 3584 2962 3642 per
3006 3567 3189 3623 multa
3226 3564 3313 3621 vel
3352 3563 3590 3622 obscuro

1956 3674 2231 3748 possimus
2256 3687 2318 3728 ea
2349 3685 2473 3742 qua:
2500 3667 2568 3724 ad
2594 3667 2768 3723 Deum
2809 3671 3061 3735 spectant
3101 3657 3419 3730 complecti.
3467 3656 3590 3714 Nan

1958 3778 2138 3825 autem
2170 3763 2494 3837 simpliciter
2525 3759 2764 3816 Verbum
2796 3753 3105 3837 appellavit,
3164 3750 3263 3809 sed
3296 3765 3421 3805 eum
3451 3748 3589 3804 arti.-

1962 3860 2063 3919 suli
2091 3834 2399 3930 adjectione
2423 3868 2454 3909 a
2480 3850 2713 3923 reliquis
2744 3849 2922 3920 ipsum
2949 3834 3227 3901 distinxit.
3257 3840 3450 3898 Viden‘
3498 3854 3591 3897 me

1958 3972 2065 4012 non
2097 3953 2293 4009 frustra
2321 3948 2529 4005 dixisse
2554 3946 2702 4002 hunc
2729 3940 3121 4014 evangelistam
3154 3936 3314 3992 nobis
3343 3933 3415 3991 de
3447 3932 3589 3989 czrlu
3672 3976 3677 3979 .

1958 4044 2145 4118 loqui?
2175 4041 2566 4101 Animadverte
2596 4038 2767 4103 enim,
2817 4049 2927 4107 quo
2965 4029 3317 4089 sublimitatis
3343 4027 3535 4085 statim
3558 4041 3588 4085 a

1958 4136 2224 4211 principio
2276 4133 2588 4191 auditorum
2638 4137 2879 4186 mentem
2925 4134 2981 4183 et
3030 4125 3269 4181 animam
3315 4123 3585 4180 evexeri’t.

1958 4231 2253 4302 Postquam
2281 4226 2427 4283 enim
2459 4225 2606 4281 illam
2635 4236 2801 4292 supra
2832 4218 3016 4275 omnia
3044 4232 3168 4287 qua:
3212 4213 3317 4271 sub
3360 4230 3587 4271 sensum

1956 4325 2180 4389 cadunt,
2229 4336 2395 4391 supra
2449 4328 2676 4381 terram,
2730 4327 2903 4379 mare,
2933 4311 3127 4367 caelum
3157 4310 3368 4374 evexit,
3420 4308 3585 4365 etiam

1956 4430 2119 4486 supra
2147 4411 2470 4475 Cherubim,
2523 4405 2838 4477 Seraphim,
2894 4400 3175 4466 Thronos,
3218 4399 3586 4471 Principatus,

1958 4510 2286 4573 l‘otestates,
2333 4516 2498 4573 supra
2555 4514 2773 4555 omnem
2824 4493 3062 4565 denique
3102 4501 3408 4549 creaturam
3441 4492 3595 4548 inec-7

1955 4604 2089 4660 dere
2155 4599 2347 4656 suasit.
2402 4594 2541 4665 Quid
2572 4592 2777 4664 igitur?
2818 4606 2885 4646 an
2919 4599 3205 4660 postquam
3237 4602 3343 4645 nos
3367 4586 3434 4642 ad
3464 4596 3587 4643 tan-

1957 4708 2068 4754 tam
2117 4694 2510 4752 sublimitatem
2560 4687 2817 4753 deduxit,
2864 4683 2937 4741 ibi
2984 4696 3083 4737 nos
3123 4681 3322 4737 sistere
3364 4680 3587 4752 potuit?

1955 4790 2308 4862 Nequaquam
2333 4802 2349 4852 ;
2393 4782 2488 4841 sed
2516 4779 2745 4855 perinde
2770 4794 2835 4835 ac
2855 4777 2904 4834 si
2923 4777 3045 4848 quis
3071 4782 3309 4830 stantem
3340 4773 3408 4828 ad
3437 4772 3588 4828 littus

1959 4885 2144 4946 maris.
2194 4898 2260 4938 ac
2295 4878 2678 4951 respicientem
2723 4874 2912 4940 urbes,
2962 4885 3110 4938 oras,
3163 4876 3389 4940 portus;
3436 4874 3589 4939 post-

1957 4995 2119 5051 quam
2148 4978 2200 5033 iu
2230 4974 2468 5032 medium
2496 4971 2722 5044 pelagus
2745 4963 3054 5028 adduxerit,
3089 4977 3119 5018 a
3152 4961 3427 5032 prioribus
3457 4958 3585 5032 qui-
3660 5008 3665 5015 .

1957 5074 2081 5130 dem
2130 5069 2354 5134 amovit,
2408 5075 2465 5121 at
2506 5061 2749 5134 aspectui
2781 5059 2903 5130 ejus
2936 5055 3199 5113 terminos
3229 5069 3339 5109 non
3369 5056 3584 5123 posuit,
3640 5081 3647 5087 ~

1957 5165 2051 5222 sed
2076 5164 2401 5218 immensum
2432 5156 2533 5226 ipsi
2566 5151 2936 5226 spectaculum
2962 5147 3114 5203 dedit
3164 5164 3177 5200 :
3224 5145 3307 5200 sic
3335 5153 3393 5200 et
3419 5158 3587 5199 evan-

1957 5256 2149 5328 gelista
2198 5261 2483 5324 postquam
2533 5262 2635 5302 nos
2684 5258 2848 5313 supra
2877 5255 3097 5297 omnem
3149 5246 3461 5293 creaturam
3492 5233 3581 5287 in-

1958 5326 2131 5412 duxit,
2164 5356 2220 5403 et
2260 5346 2327 5401 ad
2371 5341 2651 5414 superiora
2676 5335 2945 5393 creaturis
2977 5331 3178 5389 smcula
3206 5330 3374 5393 misit,
3410 5326 3583 5384 subli-

1960 5459 2103 5500 mem
2133 5442 2351 5498 oculum
2384 5435 2583 5493 mentis
2608 5430 2887 5502 relinquit,
2941 5428 3032 5499 qui
3076 5425 3290 5482 nullum
3324 5422 3485 5478 finem
3524 5420 3578 5476 in

1959 5535 2210 5607 supernis
2251 5532 2518 5600 attingere
2560 5525 2759 5598 possit,
2793 5536 2860 5579 co
2890 5518 3036 5594 quod
3073 5516 3259 5573 nullus
3305 5514 3393 5569 sit.
3439 5510 3580 5568 Nam

1960 5604 2050 5687 ubi
2100 5629 2167 5686 ad
2210 5624 2533 5698 principium
2584 5616 2831 5675 ascendit
2884 5615 3045 5679 ratio,
3097 5609 3294 5683 qu:erit
3336 5604 3465 5677 quid
3513 5604 3588 5659 sit

1961 5723 2090 5781 illud
2141 5720 2461 5795 principium
2510 5735 2523 5770 ε
2574 5710 2775 5770 deinde
2820 5709 2911 5765 ubi
2944 5704 3098 5773 illud,
3150 5703 3298 5768 Erat,
3354 5698 3581 5771 reperit,

2026 5842 2043 5872 ί
2080 5837 2247 5889 Morel.
2290 5836 2422 5884 hunc
2464 5831 2627 5896 locum
2660 5829 2731 5878 sic
2765 5825 3061 5896 habet..._._...
3106 5826 3152 5871 rt
3195 5818 3354 5871 lucem
3400 5826 3579 5867 rursus

1960 5900 2203 5968 appellari
2226 5900 2399 5958 ritum,
2437 5902 2481 5948 rt
2505 5893 2652 5944 vitam
2683 5891 2846 5941 iocari
2883 5891 3155 5937 veritatem.
