4078 6474
535 390 606 452 35
1276 383 1332 438 S.
1371 377 1650 436 JOANNIS
1690 371 2165 432 CIIRYSUSTOMI
2206 370 2517 429 ARCIIIEI‘.
2570 370 3106 430 CONSTANTINOP.
3760 367 3828 425 ’.56

536 516 751 573 semper
779 500 1000 555 ulterius
1031 505 1207 554 mente
1235 495 1550 566 procedens,
1599 491 1686 546 ubi
1731 489 2113 560 cogitationem

539 596 697 651 sistat
729 607 833 647 non
877 590 1036 645 habet
1080 607 1093 641 :
1144 587 1237 642 sed
1291 587 1492 640 intente
1529 583 1841 654 respiciens,
1867 596 1986 635 cum
2017 589 2123 634 ter-

540 685 744 740 minum
785 698 889 738 non
941 681 1194 750 reperiat,
1241 676 1488 733 defessus
1533 691 1744 732 rursum
1773 674 1839 729 ad
1869 671 2120 728 inferiora

539 773 835 831 descendit.
887 771 1016 828 Illud
1045 772 1212 838 enim,
1265 769 1329 824 In
1371 770 1622 840 principio
1650 777 1774 832 erat,
1823 765 1954 821 nihil
1982 763 2123 818 aliud

539 868 826 938 significat,
853 881 1012 935 quam
1056 864 1197 934 quod
1234 878 1448 933 semper
1477 861 1656 943 fuerit,
1696 869 1751 914 et
1777 869 2010 914 :eternus
2034 858 2121 911 sit.

541 958 730 1016 Viden‘
787 973 968 1013 veram
1029 957 1452 1027 philosophiam,
1509 965 1564 1009 et
1617 953 1796 1008 divina
1836 952 2122 1021 dogmata,

541 1065 647 1106 non
679 1049 857 1120 qualia
887 1047 1220 1116 Graecorum,
1273 1047 1361 1117 qui
1407 1056 1645 1115 tempora
1690 1045 2042 1107 constituunt,
2073 1055 2126 1099 et

539 1138 672 1196 deos
702 1139 837 1196 alios
864 1140 1132 1204 seniores,
1175 1140 1308 1194 alios
1347 1138 1586 1208 iuniores
1631 1137 1855 1193 dicunt?
1890 1139 1957 1192 At
1997 1135 2124 1190 nihil

540 1232 681 1301 apud
724 1247 825 1287 nos
866 1231 1060 1286 simile.
1112 1230 1168 1286 Si
1217 1230 1357 1285 enim
1403 1231 1540 1284 Deus
1570 1239 1675 1295 est,
1719 1239 1777 1283 ut
1807 1244 1992 1285 revera
2021 1238 2121 1294 est,

541 1322 673 1378 nihil
698 1331 782 1378 est
808 1333 933 1377 ante
965 1322 1153 1387 illum;
1202 1321 1246 1377 si
1277 1321 1498 1376 Creator
1541 1320 1800 1383 omnium,
1857 1322 1969 1390 ipse
2013 1321 2124 1390 pri-

541 1430 661 1471 mus
688 1423 773 1470 est
800 1431 815 1480 ;
868 1414 912 1468 si
947 1414 1201 1469 Dominus
1224 1421 1275 1468 et
1303 1412 1609 1467 dominator
1636 1411 1898 1474 omnium,
1948 1412 2125 1466 omnia

539 1514 661 1574 post
701 1505 872 1576 ipsum
915 1513 1059 1569 sunt,
1105 1512 1159 1559 et
1206 1503 1416 1573 opificia
1450 1510 1502 1557 ct
1543 1501 1759 1556 saecula.
1785 1500 2040 1557 Volebam
2075 1503 2126 1556 in

541 1596 644 1650 alia
674 1595 967 1652 certamina
996 1595 1345 1664 descendere,
1377 1593 1472 1649 sed
1494 1593 1722 1649 fortasse
1750 1593 1948 1648 fatiscit
1977 1593 2127 1648 vobis

548 1689 784 1745 animus.
815 1687 994 1755 Quare
1025 1696 1144 1757 post
1185 1687 1427 1758 quadam
1474 1687 1700 1750 monita,
1733 1702 1854 1756 quae
1885 1685 2035 1741 vobis
2059 1683 2126 1739 ad

541 1779 809 1835 dictorum
842 1788 896 1834 et
922 1778 1270 1834 dicendorum
1297 1787 1514 1849 captum
1553 1787 1710 1832 erunt
1740 1777 1912 1843 utilia,
1969 1777 2124 1831 ﬁnem

538 1869 752 1926 dicendi
780 1868 990 1923 faciam.
1023 1869 1276 1936 Qurenam
1307 1869 1464 1939 igitur
1495 1883 1555 1923 ea
1583 1878 1708 1923 sunt
1731 1868 1753 1921 ?
1779 1867 1906 1924 Scio
1932 1869 2128 1923 multos

538 1959 802 2016 dictorum
831 1959 1218 2031 longitudinem
1253 1959 1511 2015 fastidire.
1541 1960 1674 2022 _lloc
1713 1975 1840 2014 vero
1876 1968 2003 2014 tunc
2050 1959 2123 2022 fit,

538 2066 660 2107 cum
705 2053 880 2107 anima
935 2054 1119 2108 multis
1174 2055 1520 2108 smcularibus
1585 2055 1726 2108 curis
1796 2054 2128 2124 sarcinisque

539 2140 800 2197 obruitur.
831 2143 980 2198 Sicut
1029 2145 1170 2198 enim
1220 2144 1383 2205 visus,
1435 2143 1559 2197 dum
1604 2159 1765 2213 purus
1811 2145 2125 2214 lucidusquc

541 2241 647 2299 est,
702 2244 855 2288 acute
896 2234 1061 2298 videt,
1113 2250 1284 2305 neque
1332 2233 1534 2288 laborat
1560 2249 1681 2288 cum
1711 2235 1792 2289 vel
1817 2236 2126 2290 tenuissima

541 2337 764 2392 corpora
812 2325 1062 2392 perspicit
1112 2344 1126 2380 :
1174 2325 1388 2395 quando
1422 2336 1607 2388 autem
1652 2326 1716 2379 de
1747 2327 1922 2394 capite
1958 2328 2128 2382 malus

542 2414 734 2467 humor
764 2413 958 2481 aliquis
986 2415 1189 2480 defluit,
1223 2416 1304 2471 vel
1341 2416 1503 2471 densa
1531 2418 1787 2486 quaedam
1820 2421 2033 2488 nebula,
2063 2437 2126 2476 ex

541 2501 737 2556 inlimis
762 2504 998 2570 partibus
1022 2507 1341 2569 ascendens,
1368 2517 1491 2563 ante
1520 2509 1774 2578 pupillam
1802 2510 2028 2578 sistitur,
2063 2530 2129 2570 ne

538 2593 803 2649 crassiora
848 2596 1066 2666 quidem
1108 2601 1252 2654 clare
1297 2601 1602 2669 pchpicere
1633 2611 1806 2670 potest
1840 2621 1851 2656 :
1882 2605 1960 2659 sic
1995 2607 2125 2661 etin

539 2685 716 2739 anima
747 2688 1027 2758 contingit.
1075 2690 1206 2746 Cum
1253 2693 1396 2747 enim
1428 2705 1744 2765 expurgata,
1788 2698 1933 2750 nullo
1962 2699 2126 2754 animi

542 2774 733 2831 morbo
778 2778 1041 2845 turbatur,
1090 2791 1242 2838 acute
1276 2782 1513 2840 intuetur
1537 2801 1599 2840 ea
1627 2803 1744 2856 quae
1771 2787 1953 2844 videre
1994 2805 2128 2860 opus

539 2874 661 2931 est;
703 2880 823 2922 cum
859 2885 1019 2939 porro
1061 2873 1240 2928 multis
1285 2872 1479 2930 fmdata
1529 2877 1826 2945 affectibus,
1874 2882 2123 2938 virtutem

543 2955 818 3024 pristinam
862 2961 1121 3025 amiserit,
1172 2980 1276 3020 non
1310 2964 1463 3022 facile
1493 2979 1666 3037 potest
1693 2972 1939 3029 sublimia
1967 2979 2128 3032 attin-

539 3062 667 3118 gere
714 3069 728 3104 :
775 3050 871 3106 sed
918 3054 1095 3109 statim
1133 3055 1329 3111 fatiscit
1367 3067 1420 3112 et
1455 3059 1675 3125 decidit,
1705 3075 1759 3117 et
1784 3066 1853 3117 ad
1879 3081 2124 3121 somnum

541 3141 920 3212 ignaviamque
962 3143 1216 3212 declinat,
1261 3157 1419 3218 atque
1446 3165 1529 3214 ea,
1560 3167 1680 3221 qua:
1709 3153 1773 3209 ad
1799 3157 2047 3213 virtutem
2075 3169 2128 3214 et

543 3232 707 3286 vitam
753 3235 975 3304 probam
1027 3239 1327 3308 pertinent,
1381 3245 1772 3313 praetermittit,
1822 3264 1994 3318 neque
2033 3251 2125 3308 illa

539 3323 822 3396 diligenter
849 3326 980 3382 adit.

608 3417 664 3473 5.
696 3416 959 3483 Quomodo
988 3428 1035 3474 et
1054 3436 1208 3490 quare
1228 3425 1428 3480 animus
1460 3428 1598 3481 omni
1623 3429 1898 3499 cupiditate
1927 3444 2125 3490 terrena

538 3523 724 3563 saeuus
755 3509 866 3573 ﬁeri
896 3511 1070 3566 debeat
1098 3514 1167 3567 ad
1193 3519 1530 3588 eraugelicam
1558 3521 1841 3578 doctrinam
1873 3537 2008 3580 recte
2044 3530 2123 3582 in-

537 3600 881 3671 telligendam.
932 3603 1080 3659 Liber
1118 3607 1336 3663 Joannis
1379 3622 1569 3680 quanta
1608 3632 1722 3668 cum
1750 3621 2027 3674 attentione
2052 3621 2125 3676 le-

534 3692 746 3761 gendus.
793 3693 1009 3751 Marciis
1038 3699 1323 3756 exhortatio
1354 3703 1422 3755 ad
1452 3715 1585 3759 recte
1617 3709 1950 3768 audiendum.
2011 3713 2123 3769 Ne-

536 3783 697 3852 quitia
723 3800 786 3839 ea:
814 3786 1024 3841 arbitrio
1052 3798 1096 3841 et
1122 3791 1396 3845 voluntate.
1425 3825 1494 3834 —
1522 3797 1680 3861 Quod
1709 3815 1774 3854 nc
1803 3803 1956 3855 vobis
1984 3805 2126 3860 acci-

535 3875 628 3929 dat
656 3874 852 3947 (ueque
880 3880 1021 3932 enim
1046 3881 1395 3939 hrec.diceudi
1426 3885 1585 3943 finem
1618 3889 1854 3963 faciam),
1884 3906 2120 3952 vestram

536 3967 783 4023 roborate
807 3970 1067 4034 animum,
1117 3982 1173 4027 nt
1213 3990 1277 4030 ne
1308 3978 1491 4033 eadem
1523 3982 1770 4050 audiatis,
1798 4003 1916 4056 qua:
1946 3987 2119 4043 fideli-

533 4059 632 4112 bus
660 4057 904 4115 llebrzeis
931 4077 960 4116 a
991 4063 1154 4119 Paulo
1177 4065 1316 4121 dicta
1346 4080 1488 4125 sunt.
1537 4073 1668 4128 Nam
1718 4078 1821 4130 illis
1861 4081 2116 4148 grandem

535 4149 662 4204 dicit
688 4167 810 4207 esse
837 4168 1140 4211 sermonem
1191 4168 1246 4213 et
1291 4161 1640 4232 interpretatu
1668 4169 1935 4226 difficilem
1965 4191 1977 4228 :
2013 4190 2118 4230 non

530 4241 673 4309 quod
702 4254 890 4298 natura
920 4260 1014 4299 sua
1047 4249 1166 4301 talis
1193 4262 1356 4317 esset,
1386 4255 1481 4308 sed
1509 4259 1652 4325 quia,
1697 4260 1893 4330 inquit,
1951 4265 2119 4321 Imbe-

530 4333 670 4387 citles
694 4335 816 4401 {acti
843 4336 962 4390 estis
989 4338 1057 4390 ad
1086 4340 1392 4396 audiendum
1423 4345 1607 4414 (llebr.
1640 4353 1692 4406 5.
1727 4353 1836 4425 ll).
1871 4355 2001 4413 Nam
2029 4362 2116 4428 qui

533 4423 833 4525 imbecillus
859 4438 943 4525 est
971 4439 1024 4483 et
1055 4430 1316 4501 infirmus,
1354 4439 1573 4505 perinde
1605 4442 1748 4500 brevi
1779 4423 1938 4519 atque
1963 4423 2115 4525 longa

531 4515 770 4572 oratione
813 4518 1075 4585 turbatur,
1119 4533 1171 4577 et
1219 4540 1338 4593 qua:
1378 4529 1521 4586 clara
1571 4515 1924 4609 expeditaque
1965 4515 2109 4611 sunvt,

528 4618 686 4677 captu
711 4607 944 4665 difficilia
973 4613 1279 4672 arbitratur.
1299 4619 1494 4677 Verum
1525 4629 1704 4683 nullus
1727 4631 1811 4686 hic
1840 4607 1958 4690 talis
1973 4607 2109 4705 esto,

524 4701 618 4754 scd
642 4703 784 4756 omni
825 4703 1048 4774 depulsa
1090 4712 1271 4765 sa‘culi
1300 4727 1449 4781 cura,
1479 4720 1705 4791 quisque
1743 4725 1876 4781 hanc
1905 4701 2111 4786 doctri;

526 4805 649 4844 nam
691 4792 892 4848 audiat.
941 4797 1076 4850 Cum
1108 4801 1247 4854 enim
1281 4805 1494 4861 auditor
1534 4817 1877 4879 pecuniarum
1909 4825 2113 4893 cupidi-

524 4891 633 4935 tate
661 4890 891 4950 tenetur,
938 4901 1043 4941 non
1072 4900 1246 4958 potest
1275 4907 1420 4952 certe
1451 4901 1640 4970 Cupide
1669 4905 1855 4962 audire
1881 4924 1894 4972 ;
1939 4890 2112 4982 neque

521 4973 662 5071 Olli-lli
687 4984 860 5042 potest
881 4981 1055 5033 anima
1087 4999 1185 5034 una
1217 4987 1395 5042 multis
1424 4993 1669 5051 sufficere
1695 4973 2106 5071 cupiditatibus;

524 5063 616 5118 sed
647 5066 745 5119 alia
792 5069 946 5123 aliam
977 5073 1324 5142 cupiditatem
1361 5083 1526 5148 pellit,
1576 5097 1630 5140 et
1669 5063 1891 5147 discissa
1930 5063 2105 5155 anima

522 5155 782 5211 infirmior
831 5164 1025 5228 evadit,
1073 5167 1199 5221 dum
1248 5171 1412 5226 altera
1460 5181 1756 5244 prmvaleus
1803 5190 2101 5258 cupiditas,

522 5254 689 5298 totum
720 5250 784 5302 ad
813 5267 869 5304 se
913 5256 1091 5310 trahit.
1124 5261 1275 5326 Quod
1306 5266 1466 5319 etiam
1496 5269 1547 5323 itt
1583 5273 1765 5332 liberis
1790 5250 2102 5354 contingere

517 5338 672 5390 solet.
699 5339 828 5395 Nam
856 5358 976 5399 cum
1011 5364 1169 5404 unum
1205 5361 1405 5410 tantum
1435 5361 1552 5428 quis
1580 5363 1758 5435 habet,
1790 5388 1910 5427 eum
1940 5338 2098 5447 διῖρὲᾷ

518 5430 731 5486 modum
778 5448 960 5500 amat;
1007 5454 1124 5494 cunt
1169 5447 1382 5511 multos.
1417 5451 1618 5509 divisus
1647 5475 1798 5517 amor
1829 5430 2095 5528 minorrad

512 5522 747 5592 singulos
775 5528 1021 5584 efficitur.
1050 5534 1200 5601 Quod
1226 5539 1267 5592 si
1302 5542 1387 5595 ubi
1423 5545 1507 5598 illa
1541 5549 1618 5602 vis
1648 5560 1701 5604 cl
1733 5569 1828 5607 ccu
1857 5564 2095 5622 tyrannis

511 5627 611 5678 est,
645 5629 804 5688 atque
832 5623 1069 5691 ejusdem
1103 5634 1312 5698 generis
1345 5649 1468 5691 sunt
1499 5640 1529 5694 ii
1558 5646 1646 5712 qui
1675 5645 1986 5718 diliguntur.
2026 5657 2090 5710 ita

511 5709 768 5806 contingit
795 5731 806 5763 :
829 5717 951 5782 quid
986 5717 1278 5779 dixerimus
1303 5727 1367 5783 de
1395 5709 1586 5788 amore
1611 5738 1699 5806 qui
1724 5709 1798 5794 ev
1823 5745 2092 5804 voluntate

510 5803 561 5847 ct
594 5798 779 5857 affecut
815 5809 1002 5873 prodit,
1057 5816 1282 5873 nriximc
1319 5837 1440 5878 vero
1470 5842 1587 5882 cum
1617 5845 1830 5890 amores
1863 5837 1934 5892 illi
1971 5856 2088 5899 sese

2236 498 2419 542 mutuo
2450 488 2760 559 impugnant
2784 490 2810 542 ἲ
2850 489 3162 544 Contrarias
3194 488 3334 542 enim
3369 496 3449 542 est
3483 487 3827 558 pecuniarum

2232 595 2383 635 amor
2411 579 2666 635 doctrina-
2701 580 2857 648 hujus
2885 580 3076 636 amori.
3106 577 3163 633 In
3195 581 3383 633 czelum
3413 580 3682 634 intramus
3703 595 3825 635 cmu

2233 672 2335 728 huc
2365 674 2715 744 ingredimur.
2741 671 2856 728 Non
2889 673 2956 728 de
2990 673 3128 737 loco,
3160 673 3253 728 sed
3280 672 3346 727 de
3376 672 3566 728 affectu
3595 673 3788 744 loquor
3816 692 3828 729 :

2233 777 2408 836 potest
2428 769 2568 824 enim
2597 769 2686 838 qui
2721 768 2772 821 in
2800 776 2942 823 terra
2975 767 3141 838 degit,
3175 768 3227 821 in
3261 767 3394 821 caelo
3420 776 3590 833 stare,
3639 776 3694 821 et
3722 781 3834 821 cte-

2233 859 2387 915 lestia
2424 861 2682 930 cogitare,
2734 861 2841 930 imo
2881 860 3088 915 audire.
3121 859 3291 915 Nemo
3336 861 3496 929 igitur
3539 861 3590 914 in
3639 860 3833 915 emtum

2234 961 2443 1006 terrena
2489 954 2704 1007 inducat
2739 971 2750 1004 :
2783 969 2943 1007 uerno
2973 953 3099 1007 dum
3133 953 3218 1007 hic
3249 965 3513 1020 versatur,
3543 953 3611 1008 de
3645 971 3706 1010 re
3733 954 3833 1009 do-

2232 1045 2449 1099 mestica
2474 1045 2737 1100 sollicitus
2763 1045 2851 1099 sit.
2881 1043 3167 1116 Oporteret
3198 1047 3342 1100 enim
3371 1049 3516 1100 lucra
3549 1046 3673 1102 hinc
3703 1047 3836 1101 bau-

2233 1150 2313 1192 Sta
2338 1139 2558 1194 domum
2581 1148 2634 1194 et
2662 1140 2714 1194 in
2740 1138 2913 1194 forum
2944 1140 3167 1206 deferri,
3199 1155 3303 1196 non
3331 1151 3510 1196 autem
3548 1141 3835 1196 ecclesiam

2232 1228 2544 1285 domeSticis
2573 1241 2628 1285 et
2657 1231 2959 1287 forensibus
2987 1233 3217 1287 sarcinis
3247 1234 3482 1302 gravari.
3528 1231 3652 1286 Ideo
3681 1249 3838 1286 nam-

2232 1338 2335 1391 que
2379 1322 2444 1376 ad
2483 1324 2745 1378 doctrina:
2776 1324 3028 1378 thronum
3060 1325 3073 1354 ‘
3107 1324 3457 1394 ingredimur,
3495 1334 3553 1379 ut
3579 1325 3705 1378 hinc
3739 1338 3836 1378 cx-

2235 1425 2414 1469 ternas
2458 1416 2575 1469 illas
2623 1416 2812 1471 sordes
2854 1417 3213 1486 deponamus.
3255 1417 3408 1485 Quod
3451 1419 3494 1472 si
3542 1418 3839 1475 debeamus

2235 1507 2336 1564 hoc
2369 1509 2638 1562 tantillum
2676 1510 2769 1563 otii
2798 1513 3038 1566 externis
3073 1512 3176 1564 illis
3205 1511 3361 1566 dictis
3384 1522 3437 1566 et
3472 1513 3637 1582 geSIis
3686 1514 3836 1569 labe-

2234 1598 2452 1665 factare,
2479 1601 2669 1655 melius
2701 1611 2846 1657 esset
2874 1601 2942 1656 ab
2971 1602 3214 1672 ingressu
3242 1618 3466 1672 prorsus
3485 1605 3834 1662 abstinuisse.

2231 1689 2399 1745 Nemo
2426 1691 2584 1761 igitur
2613 1693 2664 1746 in
2693 1693 2921 1747 ecclesia
2952 1708 3038 1747 res
3065 1693 3396 1750 domesticas
3415 1697 3595 1750 animo
3625 1707 3834 1763 verset;

2237 1780 2329 1835 sed
2368 1781 2514 1836 domi
2544 1798 2629 1838 res
2661 1785 2903 1839 ecclesia:
2924 1785 3141 1854 cogitet.
3194 1785 3317 1841 ll:ec
3347 1789 3559 1842 creteris
3583 1789 3838 1845 omnibus

2235 1874 2390 1928 nobis
2429 1875 2536 1928 sint
2567 1877 2901 1942 pretiosiora.
2935 1875 3060 1932 llaec
3087 1879 3229 1932 enim
3260 1879 3325 1933 ad
3358 1880 3616 1948 animam,
3648 1882 3737 1938 illa
3767 1883 3836 1937 ad

2235 1981 2430 2036 corpus
2468 1968 2773 2037 pertinent;
2825 1968 2934 2023 imo
2977 1986 3096 2039 qua:
3128 1970 3212 2025 hic
3244 1972 3497 2027 dicuntur
3527 1984 3580 2029 et
3620 1976 3836 2046 corpori

2234 2069 2288 2115 et
2332 2061 2526 2116 anima:
2573 2073 2904 2131 competunt.
2951 2062 3074 2118 Ideo
3101 2064 3214 2120 ba-c
3243 2067 3394 2135 quasi
3422 2068 3689 2139 prmcipua
3726 2080 3837 2126 tra-

2232 2160 2467 2212 ctentur.
2497 2152 2597 2206 alia
2625 2156 2802 2208 omnia
2835 2157 3220 2223 perfunctorie.
3277 2158 3401 2214 [lare
3444 2161 3642 2232 quippe
3671 2174 3726 2218 et
3755 2162 3838 2218 fu~

2235 2253 2367 2297 tura:
2399 2255 2450 2298 et
2475 2247 2756 2314 prmsentis
2798 2248 2918 2301 vita:
2964 2260 3126 2304 sunt:
3175 2250 3262 2304 illa
3291 2251 3358 2307 ad
3389 2264 3633 2308 neutram
3664 2258 3835 2326 perti-

2236 2348 2384 2403 nent,
2435 2338 2536 2392 nisi
2582 2340 2878 2394 secundum
2923 2343 3091 2413 legem
3121 2343 3188 2398 de
3215 2345 3295 2400 his
3332 2347 3558 2417 positam
3596 2359 3833 2407 tracten-

2238 2437 2341 2482 tur.
2395 2430 2508 2484 Non
2548 2432 2690 2485 enim
2722 2433 2892 2486 solum
2919 2435 3006 2502 qui
3040 2445 3162 2504 post
3191 2436 3303 2490 lucc
3338 2437 3496 2493 futuri
3529 2442 3726 2505 simus,
3786 2452 3838 2498 et

2236 2523 2505 2588 quomodo
2557 2523 2664 2577 illic
2708 2525 2970 2591 vivemus,
3026 2526 3111 2581 hic
3153 2511 3482 2593 ediscimus;
3531 2535 3625 2588 scd
3672 2535 3836 2592 etiam

2235 2627 2337 2676 qua
2386 2615 2594 2670 ratione
2640 2615 2728 2671 hic
2769 2617 2924 2672 nobis
2963 2620 3033 2671 sit
3077 2619 3382 2675 vivendum.
3420 2622 3550 2678 Nam
3596 2629 3837 2684 mediea-

2234 2715 2540 2759 mentorum
2591 2709 2803 2763 olfieiua
2856 2710 3149 2778 spiritualis
3195 2710 3389 2768 donms
3433 2714 3550 2772 haec
3597 2729 3714 2785 est;
3775 2730 3834 2777 ut

2233 2813 2350 2868 qua:
2379 2799 2597 2854 vulnera
2629 2801 2756 2855 foris
2785 2803 3102 2872 accipimus,
3138 2804 3222 2861 hic
3248 2822 3537 2875 curemus;
3589 2828 3695 2868 non
3743 2830 3837 2868 au~

2235 2900 2340 2944 tetu
2372 2903 2424 2944 ut
2457 2890 2544 2946 hic
2570 2893 2689 2946 aliis
2715 2897 2953 2964 acceptis
2978 2897 3291 2954 vulneribus
3321 2902 3655 2960 recedamus.
3705 2906 3836 2963 Nam

2232 2981 2276 3035 si
2301 2983 2520 3052 Spiritui
2553 2996 2738 3039 sancto
2771 3001 2867 3041 nos
2896 2987 3188 3059 alloquenti
3243 3009 3347 3047 non
3393 2997 3632 3052 animum
3677 3001 3834 3055 adbi-

2232 3072 2480 3142 beamus,
2505 3093 2607 3132 non
2639 3080 2798 3134 modo
2827 3082 3001 3150 priora
3029 3095 3243 3152 peccata
3269 3104 3374 3142 nou
3403 3089 3702 3158 abluemus,
3732 3096 3825 3152 sed

2232 3167 2391 3223 etiam
2435 3169 2536 3224 alia
2582 3171 2948 3230 admittemus.
3004 3176 3136 3232 lluic
3189 3180 3348 3250 igitur
3377 3183 3512 3237 lib")
3542 3187 3697 3242 nobis
3742 3204 3836 3260 per

2233 3262 2618 3318 revelationem
2654 3265 2850 3320 tradito
2893 3283 3081 3339 magna
3119 3286 3238 3326 cum
3281 3273 3558 3345 diligentia
3585 3283 3831 3339 attenda-

2234 3366 2370 3408 mus.
2422 3352 2539 3408 Non
2589 3357 2731 3411 enim
2778 3360 2948 3414 multo
2999 3375 3180 3430 postea
3231 3367 3408 3421 studio
3453 3371 3753 3441 egebimus,
3789 3378 3834 3432 si

2232 3444 2488 3515 principia
2517 3459 2569 3503 et
2598 3461 2913 3520 argumenta
2942 3453 3292 3514 didicerimus
3327 3479 3339 3512 :
3377 3463 3471 3517 3rd
3501 3464 3543 3520 si
3569 3467 3832 3523 tantillum

2230 3535 2383 3591 initio
2412 3539 2611 3594 laboris
2641 3548 3060 3614 susceperimus,
3107 3549 3243 3604 alios
3291 3553 3486 3610 deinde
3531 3559 3833 3616 secundum

2233 3627 2451 3684 Paulum
2504 3648 2725 3690 monere
2771 3640 3089 3705 poterimus.
3141 3643 3237 3698 llic
3284 3663 3516 3717 namque
3558 3653 3836 3722 apostolus

2229 3719 2516 3776 admodum
2539 3725 2784 3781 sublimis
2814 3740 2917 3796 est,
2939 3732 3227 3804 multisque
3252 3737 3442 3806 plenus
3469 3719 3832 3812 dogmatibus,

2232 3812 2284 3865 iu
2315 3814 2508 3882 quibus
2549 3819 2720 3886 magis
2747 3830 3010 3888 versatur,
3045 3841 3203 3895 quant
3243 3829 3296 3884 in
3323 3832 3462 3888 aliis.
3497 3834 3590 3900 Ne,
3623 3853 3829 3910 qumso,

2230 3904 2591 3973 perfunctorie
2617 3911 2918 3968 audiamus.
2962 3914 3088 3971 ldco
3115 3920 3262 3975 enim
3295 3938 3393 3981 nos
3427 3904 3684 3995 paulatim
3717 3904 3832 3991 haec

2226 3995 2574 4064 explicatnus,
2628 4012 2678 4054 ut
2731 4003 2884 4060 vobis
2932 4017 3090 4078 captu
3137 4009 3313 4069 facilia
3343 4020 3519 4075 omnia
3549 4022 3676 4089 sint,
3730 4042 3832 4084 nec

2225 4101 2288 4140 ex
2321 4093 2580 4147 memoria
2611 4095 2854 4151 efﬂuant.
2889 4099 3201 4161 Timeamus
3229 4123 3377 4179 ergo,
3411 4127 3478 4169 ne
3503 4129 3569 4170 ex
3603 4129 3829 4177 senten-

2229 4179 2297 4231 tia
2332 4181 2420 4234 illa
2442 4184 2691 4252 culpandi
2726 4189 2914 4253 simus,
2947 4209 3049 4262 qua
3084 4195 3213 4252 dicit
3247 4220 3260 4254 :
3296 4200 3357 4256 Si
3388 4221 3488 4259 non
3517 4211 3759 4267 venissem
3784 4224 3831 4270 et

2226 4271 2463 4335 loquutus
2486 4277 2691 4343 fuissem
2721 4281 2815 4344 eis,
2834 4293 3092 4352 peccatum
3119 4305 3218 4343 non
3251 4293 3494 4350 Imber-cut
3517 4298 3698 4366 (Joau.
3738 4306 3823 4361 1ῒὲ.

2224 4360 2338 4433 2‘2).
2370 4367 2505 4432 Quid
2539 4369 2657 4437 plus
2687 4370 2802 4428 hab.
2829 4375 3024 4444 bimus,
3074 4397 3232 4450 quam
3278 4387 3308 4438 ii
3355 4391 3444 4458 qui
3480 4360 3609 4448 nihil
3643 4400 3829 4457 audie-

2226 4465 2367 4520 runt,
2396 4461 2609 4528 quando
2653 4476 2773 4533 post
2822 4471 3139 4528 concionem
3193 4478 3322 4533 nihil
3365 4482 3582 4542 domum
3615 4493 3824 4552 refere—

2223 4565 2372 4616 mus,
2403 4553 2496 4607 sed
2529 4557 2687 4612 verba
2717 4572 2916 4616 tantum
2952 4566 3126 4621 mirati
3170 4570 3474 4633 fuerimus?
3506 4582 3635 4641 Date
3665 4591 3824 4647 nobis

2221 4641 2400 4710 igitur,
2452 4657 2507 4700 ut
2560 4648 2609 4702 in
2659 4649 2853 4706 bonam
2887 4668 3084 4712 terram
3115 4676 3297 4719 semen
3325 4667 3592 4736 iaciamus
3628 4697 3640 4731 :
3673 4686 3820 4748 date.

2220 4928 2420 4987 tnmax,
2469 4927 2659 4982 eodem
2715 4931 2834 5002 igne
2864 4938 3026 4993 molle
3053 4941 3179 4996 illud
3214 4955 3266 5000 et
3299 4954 3577 5008 tractabile
3604 4960 3817 5018 reddat.

2216 5012 2270 5114 ξι
2311 5017 2432 5084 quis
2480 5034 2572 5088 per
2603 5023 2740 5077 viam
2779 5043 2808 5080 a
2858 5031 3010 5084 turba
3061 5038 3445 5106 cogitationum
3495 5049 3814 5121 invadalur,

2216 5109 2467 5165 interiora
2503 5123 2665 5180 petat,
2721 5134 2818 5173 nec
2860 5124 3102 5180 atlendat
3148 5129 3211 5182 iis
3245 5147 3362 5198 qua:
3403 5138 3464 5189 ad
3500 5109 3813 5211 rapienduni

2215 5207 2414 5257 intrare
2464 5207 2695 5273 vellent;
2748 5225 2802 5266 nt
2850 5231 3130 5275 comantes
3152 5236 3362 5293 segetes
3391 5207 3598 5290 vestras
3629 5241 3812 5298 videa-

2212 5311 2351 5349 qus.
2382 5297 2511 5352 Nam
2540 5301 2583 5354 si
2614 5319 2731 5357 cam
2763 5307 2829 5361 de
2873 5313 3027 5368 nobis
3058 5333 3242 5372 curam
3275 5321 3650 5394 exhibeamus,
3683 5348 3735 5390 et
3764 5342 3807 5396 si

2209 5403 2404 5487 magno
2431 5394 2611 5449 studio
2640 5399 2899 5464 spirituali
2927 5408 3174 5463 coneioni
3207 5416 3548 5475 attendamus
3582 5443 3595 5478 :
3628 5427 3670 5480 si
3703 5394 3809 5487 non

2207 5479 2515 5544 confestim.
2565 5488 2756 5543 saltem
2802 5495 3056 5561 paulatim
3099 5517 3126 5554 a
3176 5506 3520 5565 saecularibus
3560 5521 3813 5579 ninnilms

2208 5571 2367 5626 rebus
2413 5591 2507 5628 nos
2551 5581 2922 5648 expediemus.
2974 5588 3098 5644 Ideo
3147 5598 3384 5652 animum
3431 5604 3807 5680 adhibeamus,

2209 5679 2274 5717 ne
2323 5665 2387 5717 de.
2433 5671 2586 5724 nobis
2635 5672 2848 5730 dicatur
2903 5697 2914 5731 :
2963 5684 3168 5752 Aspidis
3215 5694 3386 5747 surdtc
3427 5713 3578 5754 aures
3631 5665 3808 5763 contui

2203 5797 2520 5909 Uilitltjlit‘iiinh
2569 5805 2729 5857 manu
2771 5809 2980 5875 "3"”.
3023 5824 3223 5882 (cutt'm-
3265 5830 3368 5876 Μίδα
3413 5847 3582 5885 mnncs
3615 5838 3802 5894 habent
