4078 6484
218 436 278 490 5Ἱ
1405 429 1465 485 IN
1505 423 1821 485 JUANNEM

1944 420 2098 476 l‘lllL.
2143 420 2232 478 ΙΙΙ.
2275 421 2346 477 al.
2389 418 2453 477 ll.
3493 420 3567 478 58

219 568 377 634 tl’sal.
408 565 499 619 57.
536 563 618 632 5).
651 561 768 628 Qua
797 559 850 611 iu
888 572 964 617 re,
990 566 1192 622 qmeso,
1227 564 1256 602 a
1291 546 1406 602 fera
1430 543 1610 600 tlitl‘urt
1638 542 1822 634 hujus-

220 658 350 716 modi
377 654 638 710 auditor?
687 647 976 719 Quomodo
1010 660 1112 698 non
1144 642 1212 696 sit
1244 635 1604 695 irrationabili
1637 633 1829 704 quovis

218 747 660 810 irnitiouabilior,
705 743 796 812 qui
833 738 1222 805 Deoloquentc
1245 747 1352 786 non
1391 725 1664 783 attendit?
1696 723 1827 778 Nam

217 846 257 898 si
283 844 496 913 placere
531 839 666 898 Deo,
704 832 834 889 illud
870 837 955 885 est
986 828 1150 882 homo
1175 838 1298 880 esse
1329 840 1344 877 :
1371 820 1464 890 qui
1493 827 1550 872 ut
1577 815 1682 870 hoc
1709 814 1823 867 adi-

216 910 467 1008 pisCatur,
499 930 694 986 audire
732 941 842 980 non
871 922 1006 989 vult,
1051 917 1182 973 nihil
1208 913 1350 970 aliud
1377 925 1539 982 quam
1569 910 1832 1008 feranesse

214 996 658 1092 dicaturaCogita
708 1033 838 1087 ergo
876 1022 1138 1084 quantum
1172 1009 1241 1062 sit
1270 1004 1493 1066 malum,
1523 1015 1645 1092 cum
1674 996 1830 1082 ΟΙιτίέ
1880 1079 1887 1081 _

215 1130 325 1175 stus
369 1131 469 1172 nos
506 1090 645 1169 velit
674 1126 741 1167 ex
771 1105 1083 1163 hominibus
1112 1099 1321 1171 angelis
1351 1096 1592 1165 mquales
1625 1090 1827 1150 facere,

214 1212 252 1264 si
280 1222 376 1264 nos
414 1222 484 1260 ex
531 1202 842 1259 hominibus
885 1201 940 1252 in
991 1195 1137 1250 feras
1189 1195 1632 1246 trausmutemus.
1694 1179 1829 1236 Nam

213 1300 380 1356 ventri
413 1296 646 1360 servire,
680 1291 1027 1364 pecuniarum
1064 1282 1357 1355 cupiditate
1406 1276 1600 1341 teneri,
1647 1270 1829 1336 irasci,

212 1392 473 1453 mordere.
505 1389 814 1449 calcitrare,
845 1398 949 1437 non
982 1378 1284 1440 hominum,
1313 1371 1406 1428 sed
1447 1369 1686 1424 ferarum
1723 1372 1829 1420 est.

215 1487 364 1558 Atqui
400 1485 532 1540 ferae
565 1480 798 1552 singula:
828 1491 984 1532 suum
1013 1472 1216 1527 habent
1238 1467 1511 1529 allectum,
1561 1461 1721 1562 idque
1745 1472 1832 1560 se-

212 1579 440 1634 cundum
465 1586 716 1631 naturam
751 1591 765 1626 :
799 1580 854 1626 at
887 1570 1051 1624 homo
1072 1565 1163 1635 qui
1196 1559 1519 1632 principium
1547 1559 1836 1622 cogitatio-

215 1686 358 1733 num,
385 1679 442 1724 et
473 1670 644 1721 vitam
674 1661 969 1720 secundum
1017 1658 1190 1713 Deum
1239 1645 1627 1707 instituendam
1678 1641 1831 1733 abje.

213 1766 298 1825 cit,
345 1760 606 1816 erunibus
645 1771 769 1812 sese
810 1752 976 1809 animi
1016 1747 1223 1804 morbis
1267 1740 1501 1805 addicit;
1543 1750 1642 1792 nec
1670 1732 1834 1788 modo

1932 535 2044 591 fera
2097 533 2351 599 efficitur,
2400 531 2494 589 sed
2543 540 2601 588 et
2627 530 2964 588 multiforme
3003 541 3332 595 monstrum,
3385 550 3564 605 neque

1937 625 2231 682 secundum
2264 635 2509 678 naturam
2541 626 2755 679 veniam
2785 634 3045 680 meretur.
3094 623 3342 695 Nequitia
3366 626 3564 696 quippe

1935 720 2114 776 onmis
2143 733 2209 773 ex
2242 719 2468 773 arbitrio
2496 728 2550 775 et
2581 720 2863 774 volunta'e
2889 728 2992 775 est.
3040 718 3146 774 Sed
3188 720 3332 774 absn
3371 729 3429 773 ut
3457 719 3566 776 hoc

1941 826 2178 881 unquam
2223 811 2293 866 de
2361 811 2605 866 Ecclesia
2649 811 2852 866 Christi
2896 813 3238 884 suspicenmr
3273 811 3384 868 :de
3412 811 3566 869 vobis

1937 903 2080 956 enim
2116 900 2362 965 meliora,
2412 918 2642 972 quaeque
2668 902 2736 956 ad
2765 904 2996 958 salutem
3027 902 3247 968 ducant,
3275 904 3565 958 sentimus.

1940 993 2144 1050 Verum
2175 1004 2379 1063 quanto
2408 995 2582 1066 magis
2612 995 2715 1050 hoc
2755 996 2823 1049 ita
2853 1010 2976 1051 esse
3005 994 3366 1059 contidemus,
3418 1003 3570 1049 tanto

1940 1089 2202 1159 majorem
2227 1088 2496 1143 cautelam
2533 1089 2584 1143 in
2618 1089 2973 1144 concionibus
3005 1088 3270 1145 adbibere
3301 1105 3409 1166 non
3441 1102 3568 1145 ees-

1938 1181 2224 1247 sabimus;
2272 1191 2332 1237 ut
2375 1191 2658 1252 postquam
2709 1181 2776 1236 ad
2831 1181 3006 1253 ipsum
3046 1181 3304 1237 virtutum
3349 1180 3568 1238 culmen

1938 1275 2385 1344 pervenerimus,
2435 1274 2594 1330 nobis
2637 1275 2905 1345 promissa
2941 1274 3082 1329 bona
3110 1289 3514 1345 censequamur
3545 1288 3561 1326 :

1937 1383 2058 1438 qua:
2100 1369 2304 1423 utinam
2357 1367 2745 1438 adipiscamur,
2790 1369 2964 1439 gratia
3002 1378 3056 1424 et
3096 1368 3429 1439 benignitate
3460 1368 3569 1423 Do-

1939 1460 2071 1516 mini
2106 1460 2276 1515 nostri
2307 1460 2436 1518 Jesu
2477 1460 2703 1527 Clu-isti,
2761 1477 2860 1532 per
2890 1476 3054 1534 quem
3086 1471 3144 1516 et
3170 1478 3295 1519 cum
3328 1476 3440 1532 quo
3469 1460 3573 1515 l’a-

1941 1558 2006 1607 tri
2054 1553 2248 1623 gloria,
2299 1553 2572 1624 simulque
2597 1553 2822 1626 Spiritui
2852 1563 3041 1609 sancto
3074 1554 3125 1608 in
3154 1553 3351 1609 saecula
3396 1567 3572 1610 siccu-

1939 1647 2138 1702 lorum.
2178 1647 2374 1702 Amen.

1601 1939 1954 2008 HOMILIA
1999 1938 2112 2001 Ill.

642 2097 710 2151 In
740 2094 992 2168 principio
1022 2099 1132 2145 erat
1163 2086 1405 2142 Verbum.

282 2198 332 2251 Ι.
385 2194 872 2264 Supervacaneum
916 2187 1029 2255 jam
1078 2191 1226 2239 esset
1274 2193 1373 2234 vos
1421 2175 1489 2231 de
1539 2170 1840 2264 attentione

215 2260 484 2341 eoneioni'
513 2279 824 2338 adhibenda
872 2289 1133 2337 monere;
1187 2283 1293 2326 tam
1345 2270 1455 2323 cito
1503 2277 1699 2333 nempe
1743 2260 1841 2315 ad-.-

217 2377 526 2435 monitionis
560 2375 794 2430 fructum
819 2386 881 2427 re
909 2379 964 2426 et
1001 2382 1167 2439 opere
1195 2361 1540 2421 exhibuistis.
1588 2357 1835 2411 Concur-

217 2488 302 2528 sus
328 2472 503 2533 enim,
529 2468 762 2538 diligens
793 2462 1042 2526 attentio,
1071 2469 1422 2531 prmpropera
1448 2467 1570 2508 cum
1601 2448 1838 2518 impulsu

219 2565 484 2622 festinatio
537 2563 604 2618 ad
652 2560 969 2617 interiorem
1015 2552 1389 2624 occupandum
1442 2549 1646 2611 locum,
1694 2540 1840 2597 unde

221 2658 427 2713 facilius
456 2671 651 2711 vocem
683 2662 923 2709 nostram
955 2647 1144 2703 audire
1174 2645 1394 2717 possitis
1421 2659 1435 2705 ;
1484 2649 1843 2711 perseveran-

219 2748 306 2812 tia,
365 2763 473 2819 qua
528 2746 610 2802 vel
655 2747 709 2801 in
734 2743 978 2816 angustia
1011 2738 1171 2812 positi
1203 2736 1462 2794 recedere
1506 2749 1616 2788 non
1648 2731 1838 2796 vultis,

1948 2079 2054 2124 tur.
2089 2070 2144 2126 Si
2196 2071 2317 2142 quis
2365 2072 2529 2143 igitur
2572 2088 2601 2128 a
2650 2074 2918 2145 principio
2957 2085 3011 2130 et
3042 2074 3194 2146 quasi
3227 2090 3256 2129 a
3304 2075 3576 2131 vestibulo

1948 2162 2068 2216 illos
2093 2177 2122 2216 a
2153 2164 2296 2218 vitiis
2327 2163 2637 2229 abduxerit,
2663 2176 2720 2222 et
2743 2167 2810 2222 ad
2835 2167 3097 2238 Optimam
3128 2167 3267 2223 viam
3289 2167 3571 2234 direxerit,

1945 2271 2045 2312 ceu
2096 2257 2148 2312 in
2189 2260 2481 2330 quemdam
2533 2258 2776 2316 babittun
2809 2271 2864 2316 et
2893 2274 3097 2317 rectam
3149 2257 3276 2318 vine
3305 2264 3574 2319 rationem

1945 2367 2039 2408 eos
2081 2354 2412 2410 constituet:
2467 2370 2641 2425 neque
2681 2365 2876 2426 sponte
2922 2372 3018 2410 sua
3052 2355 3210 2412 facile
3256 2355 3325 2412 ad
3370 2356 3574 2412 malum

1944 2445 2745 2513 declinabunt,consuetudine
2795 2447 2914 2504 illos
2941 2447 3009 2504 ad
3058 2447 3198 2504 bona
3247 2464 3410 2518 opera
3460 2457 3574 2504 tra-

1946 2538 2131 2596 hente.
2189 2541 2265 2596 lta
2320 2542 2475 2597 nobis
2537 2542 2623 2598 vel
2679 2543 2811 2615 ipsis
2875 2544 3096 2600 senibus
3150 2544 3576 2600 venerabiliores

1945 2644 2140 2702 erunt,
2171 2644 2225 2691 et
2255 2636 2479 2692 urbanis
2500 2637 2730 2708 negotiis
2761 2636 3015 2709 gerendis
3047 2637 3321 2708 aptiores,
3356 2636 3486 2693 dum
3519 2637 3573 2692 in

1940 2729 2228 2799 juventute
2273 2730 2500 2786 senilem
2551 2739 2765 2787 aetatem
2815 2732 3143 2801 expriment.
3193 2731 3381 2803 Neque
3427 2732 3574 2788 enim

217 2839 386 2897 donec
431 2839 720 2912 spirituale
767 2836 1040 2892 theatrum
1086 2831 1317 2888 solutum
1363 2828 1565 2891 fuerit;
1614 2825 1863 2896 plausus,
1947 2823 2064 2879 fieri
2093 2833 2304 2894 potest.
2343 2837 2399 2880 ut
2420 2825 2536 2894 jam
2579 2825 2729 2893 dixi,
2761 2827 2937 2897 utqui
2970 2825 3280 2897 bujnsmodi
3309 2826 3577 2884 concione

219 2934 498 3004 strepitus,
559 2940 868 3000 cmteraque
909 2928 1131 2995 similia,
1165 2936 1220 2981 et
1257 2923 1523 2980 fervorem
1568 2919 1734 2976 animi
1784 2926 1840 2973 et

219 3023 476 3079 intentam
514 3023 767 3078 concioni
796 3033 1032 3077 mentem
1065 3019 1323 3073 indicant.
1375 3015 1721 3084 Quapropter
1746 3025 1838 3064 su-

221 3116 486 3185 perﬂuum
522 3124 667 3171 esset
699 3117 800 3169 hac
828 3113 897 3169 de
924 3128 982 3166 re
1009 3125 1279 3174 monere;
1333 3107 1427 3163 Sed
1473 3104 1602 3160 illud
1654 3104 1838 3159 dicere

219 3217 268 3263 ct
307 3224 539 3265 monere
579 3223 762 3278 opera:
809 3205 1042 3276 pretium
1075 3203 1256 3268 fuerit,
1288 3209 1348 3255 ut
1370 3201 1471 3254 line
1505 3197 1687 3252 animo
1714 3210 1839 3251 esse

221 3301 585 3370 perseveretis
621 3318 633 3355 :
663 3314 765 3355 nec
797 3299 960 3352 modo
984 3297 1073 3352 hic
1103 3295 1245 3351 idem
1293 3294 1531 3350 studium
1575 3290 1837 3346 exhibea-

223 3396 304 3457 tis,
332 3395 430 3451 sed
460 3394 632 3451 etiam
661 3393 809 3448 domi
843 3393 924 3446 vir
955 3405 1185 3446 uxorem
1209 3431 1224 3454 ,
1276 3399 1430 3458 pater
1455 3384 1623 3440 filium
1656 3383 1724 3439 de
1753 3382 1839 3438 his

220 3487 604 3560 alloquamur;
638 3502 734 3542 sua
767 3486 820 3540 hi
849 3486 1055 3550 dicant,
1096 3493 1150 3538 et
1185 3481 1334 3553 paria
1363 3479 1430 3534 ab
1462 3477 1567 3532 illis
1596 3476 1835 3546 exigant,

221 3595 520 3652 omnesque
570 3580 674 3635 hoc
723 3587 968 3633 mutuum
998 3576 1190 3647 pignus
1220 3575 1271 3628 in
1312 3571 1549 3628 medium
1582 3568 1832 3624 afferant.

219 3671 291 3729 Ne
329 3675 450 3745 quis
506 3672 643 3728 mihi
695 3670 918 3734 dixerit,
971 3683 1172 3741 pueros
1216 3668 1268 3721 in
1313 3666 1415 3720 hoc
1445 3662 1696 3732 occupari
1729 3675 1836 3715 non

220 3776 467 3834 oportere
504 3783 520 3819 :
554 3780 691 3833 epus
736 3771 883 3819 esset
931 3763 1075 3817 enim
1125 3776 1232 3814 non
1284 3756 1448 3812 modo
1495 3755 1578 3809 bis
1631 3755 1841 3808 incum-

220 3857 363 3923 bere,
386 3859 488 3914 sed
528 3859 668 3912 hanc
701 3857 868 3910 solam
904 3855 1108 3910 habere
1137 3868 1346 3909 curam.
1401 3854 1654 3905 Attamen
1687 3848 1838 3902 iulir—

221 3949 414 4005 mitatis
451 3959 655 4004 vestrae
686 3963 845 4003 caiisa
879 3948 930 4002 id
966 3964 1071 4001 non
1109 3946 1252 4013 dico,
1299 3960 1475 4011 neque
1521 3957 1721 4014 pueros
1770 3942 1838 3998 ab

220 4050 438 4096 externo
491 4041 590 4095 illo
627 4039 806 4094 studio
854 4054 1062 4104 avoco;
1114 4048 1168 4093 ut
1210 4053 1384 4108 neque
1410 4052 1508 4091 vos
1536 4051 1564 4090 a
1588 4035 1837 4091 civilibus

221 4134 471 4203 negotiis.
521 4132 720 4188 Verum
763 4148 826 4187 ex
871 4141 1076 4200 septem
1125 4130 1207 4185 his
1245 4129 1433 4183 diebus
1463 4143 1652 4194 unum,
1680 4142 1830 4198 rogo,

219 4227 488 4283 communi
524 4227 754 4281 Domino
782 4234 969 4280 nostro
1003 4223 1362 4280 consecretis.
1411 4225 1606 4278 Annon
1639 4221 1824 4276 absur-

220 4322 337 4374 dum
371 4322 560 4386 fuerit,
588 4319 633 4375 si
661 4335 784 4374 cum
812 4333 999 4374 servos
1025 4328 1239 4373 nostros
1265 4316 1524 4387 obsequia
1554 4331 1649 4370 sua
1680 4313 1836 4368 nobis

219 4430 428 4486 semper
453 4424 719 4485 pncstare
744 4412 1049 4483 jubeamus,
1078 4427 1178 4467 nos
1209 4427 1277 4466 ne
1303 4411 1585 4465 minimum
1613 4408 1833 4479 quidem

221 4510 304 4561 otii
335 4508 512 4562 nostri
556 4507 668 4561 Deo
695 4506 1013 4561 addieanius
1042 4523 1055 4569 ;
1087 4504 1390 4576 praesertim
1418 4517 1541 4558 cum
1570 4501 1687 4556 ιιίιξο
1714 4515 1834 4555 ser-

222 4601 354 4655 vitus
383 4601 496 4654 Deo
548 4597 682 4653 nihil
725 4598 976 4654 conferat
1007 4597 1172 4670 (Deus
1201 4596 1346 4651 enim
1389 4595 1532 4649 nulla
1563 4610 1622 4649 re
1647 4592 1789 4662 eget)
1815 4633 1830 4658 ,

221 4693 306 4744 sed
335 4692 402 4745 ad
435 4698 683 4746 nostram
717 4689 985 4745 redundet
1015 4686 1346 4742 utilitatem?
1388 4686 1587 4740 Verum
1615 4700 1736 4740 cum
1766 4683 1831 4737 ad

221 4780 418 4837 theatra
455 4782 600 4837 filios
617 4780 905 4845 addueitis,
935 4796 1107 4849 neque
1124 4779 1457 4848 disciplinas,
1484 4793 1658 4848 neque
1686 4777 1833 4832 aliud

217 4874 489 4944 quidpiam
523 4872 850 4937 obtenditis;
875 4873 919 4927 si
952 4887 1082 4926 vero
1123 4872 1396 4941 quidpiam
1426 4872 1724 4942 spiritualis
1754 4872 1836 4925 lu-

217 4969 287 5020 cri
315 4970 385 5022 sit
409 4966 807 5038 colligendum,
837 4967 1174 5021 vacationem
1215 4966 1343 5020 illud
1375 4980 1498 5022 esse
1537 4965 1736 5021 dicitis.
1765 4966 1833 5021 Et

217 5063 489 5130 quomodo
531 5063 666 5114 iram
708 5059 805 5115 Dei
854 5076 960 5114 non
1005 5060 1391 5131 provocabitis,
1448 5059 1576 5114 dum
1617 5060 1833 5115 cmteris

219 5153 469 5209 munibus
498 5169 601 5207 suo
631 5162 875 5222 tempore
905 5167 1128 5222 operam
1157 5150 1367 5220 dantes,
1390 5152 1588 5206 divinis
1609 5168 1828 5222 operam

219 5243 364 5311 dare,
396 5244 690 5301 molestum
718 5253 774 5300 et
809 5244 1176 5313 importunum
1207 5244 1330 5300 tiliis
1359 5246 1722 5300 existimatis?

281 5338 313 5390 J
321 5355 505 5395 avenas
519 5339 776 5410 quomodo
794 5338 1107 5393 instituendi.
1132 5339 1392 5394 Doctrinte
1407 5337 1628 5393 Joannis
1643 5350 1836 5409 quanta

217 5431 304 5484 ris.
336 5431 484 5488 Mens
512 5451 628 5505 qua
653 5434 830 5488 divina
852 5433 1132 5487 nteditatur
1151 5432 1355 5487 diabolo
1374 5433 1714 5506 formidabilis
1736 5446 1832 5488 est.

215 5525 384 5580 ~Ne
409 5528 614 5594 ita,ne
641 5529 745 5593 ita,
790 5527 982 5582 fratres
1026 5527 1173 5592 mei,
1223 5529 1410 5598 agrdis.
1463 5528 1671 5587 Etenim
1719 5531 1834 5584 lucc

219 5621 446 5676 maxime
471 5633 600 5677 artas
633 5621 747 5678 ista‘
774 5631 901 5694 eget
944 5622 1268 5691 disciplina:
1304 5631 1487 5677 tenera
1537 5623 1679 5677 enim
1710 5639 1831 5677 cum

219 5715 304 5777 sit,
338 5715 446 5768 cito
474 5715 557 5770 illa
588 5733 708 5787 quae
739 5716 1031 5779 dicuntur,
1077 5713 1325 5777 imbibit,
1372 5713 1725 5785 doctrinaque
1761 5715 1834 5772 ibi

218 5820 312 5859 πη
345 5806 572 5875 signium
603 5810 653 5864 in
684 5825 810 5865 cera
846 5809 1190 5874 imprimitur.
1233 5805 1482 5876 Alioquin
1512 5817 1690 5862 autem
1731 5807 1834 5867 hac

223 5898 470 5966 prima-va
496 5912 650 5960 rotate
675 5903 757 5959 vel
783 5901 851 5956 ad
885 5901 1072 5958 \itium
1105 5899 1188 5955 vel
1221 5897 1286 5952 ad
1318 5898 1565 5954 virtutem
1589 5900 1832 5956 declina-

1945 2914 2233 2981 fruuntur,
2263 2926 2319 2972 et
2362 2925 2569 2972 tantum
2601 2919 2908 2990 apostolum
2939 2918 3318 2990 frequentant,
3351 2935 3458 2975 non
3489 2922 3577 2975 in-

1943 3023 2080 3079 gens
2110 3007 2399 3079 quodpiam
2425 3010 2624 3065 bonum
2669 3027 2856 3067 secum
2901 3012 3168 3076 referant;
3198 3013 3312 3068 sive
3356 3011 3577 3068 tandem

1946 3105 2048 3166 vir,
2082 3103 2197 3158 sive
2223 3102 2436 3165 mulier,
2467 3105 2585 3159 sive
2619 3103 2837 3174 juvenis
2867 3104 2938 3159 sit
2966 3105 3011 3159 is
3051 3103 3142 3175 qui
3179 3104 3340 3173 hujus
3370 3120 3577 3161 mensa:

1946 3195 2217 3266 particeps
2247 3194 2502 3250 efficitur.
2536 3195 2672 3251 Nam
2706 3199 2749 3250 sl
2787 3195 2928 3251 feras
2957 3197 3127 3252 verbo
3155 3195 3391 3252 domitas
3428 3198 3579 3253 cicu-

1945 3305 2130 3345 ratnus
2150 3331 2164 3354 ,
2195 3297 2396 3359 quanto
2423 3289 2592 3360 magis
2618 3289 2866 3345 homines
2893 3290 2994 3346 hac
3024 3290 3295 3361 spirituali
3322 3291 3574 3350 doctrina

1944 3384 2010 3439 ad
2043 3383 2250 3454 frugem
2275 3383 2611 3440 deducemus
2632 3427 2646 3451 ,
2675 3399 2800 3441 cum
2842 3385 2982 3440 inter
3010 3385 3336 3444 medicinam
3368 3397 3423 3446 et
3448 3405 3576 3446 eum

1945 3477 2034 3547 qui
2067 3486 2285 3532 curatur
2317 3486 2526 3532 tantum
2554 3477 2624 3532 sit
2651 3476 2985 3534 discrimen?
3024 3478 3211 3551 Neque
3248 3481 3394 3537 enim
3429 3491 3575 3538 tanta

1947 3569 2102 3625 nobis
2151 3568 2292 3626 inest
2345 3569 2563 3632 feritas.
2614 3581 2812 3642 quanta
2863 3571 3056 3628 belluis
3093 3592 3108 3629 :
3152 3590 3276 3630 nam
3337 3575 3456 3631 haec
3506 3592 3575 3632 ex

1946 3670 2155 3725 natura,
2188 3661 2280 3716 illa
2302 3676 2367 3715 ex
2396 3661 2626 3717 arbitrio
2653 3661 3044 3731 proficiscitur:
3076 3680 3252 3734 neque
3278 3665 3572 3722 verborum

1945 3754 2136 3809 eadem
2185 3755 2265 3808 vis
2308 3763 2409 3809 est.
2456 3755 2549 3809 Illa
2582 3757 2728 3811 enim
2776 3772 2841 3812 ex
2877 3756 3110 3812 humana
3145 3767 3328 3815 tuente
3359 3760 3574 3830 prodit.

1947 3846 2063 3901 haec
2095 3861 2160 3901 ex
2192 3845 2427 3916 Spiritus
2453 3848 2654 3904 virtute
2682 3858 2735 3903 et
2761 3849 2954 3920 gratia.
2987 3848 3041 3906 Si
3074 3851 3195 3921 quis
3228 3850 3389 3923 igitur
3418 3852 3486 3909 de
3514 3868 3576 3911 se

1945 3938 2220 4010 deSperet,
2257 3949 2569 3995 mansuetas
2597 3939 2716 3996 illas
2747 3943 2890 3998 feras
2917 3942 3155 4013 cogitet,
3200 3951 3254 3999 et
3293 3960 3573 4016 nunquam

1945 4033 1999 4088 in
2032 4032 2469 4105 desperationem
2515 4032 2754 4091 incidet:
2798 4049 2944 4106 Stepe
2971 4034 3113 4092 hanc
3143 4036 3574 4094 medicamento-

1945 4142 2066 4182 rum
2109 4125 2383 4181 officinam
2429 4126 2622 4193 adeat,
2670 4125 2884 4182 divinas
2933 4126 3078 4199 leges
3131 4128 3281 4183 omni
3330 4137 3575 4201 tempore

1943 4221 2158 4286 audiat,
2190 4231 2244 4276 et
2283 4220 2502 4275 domum
2553 4236 2803 4276 reversus
2824 4261 2840 4286 ,
2883 4237 3006 4291 qua:
3033 4221 3276 4288 audivit,
3308 4224 3360 4279 iu
3391 4236 3576 4283 mente

1944 4314 2215 4372 describat
2241 4333 2254 4367 :
2287 4314 2475 4386 sicque
2501 4314 2553 4369 in
2581 4313 2720 4368 bona
2751 4331 2846 4384 spe
2867 4324 2922 4369 et
2947 4318 3244 4372 securitate
3273 4319 3576 4376 constitue-

1945 4421 2051 4472 tur,
2083 4420 2138 4465 et
2164 4410 2502 4480 experientia
2535 4408 2834 4480 profectum
2862 4410 3082 4467 sentiet.
3115 4409 3250 4467 Cum
3280 4413 3426 4469 enim
3454 4414 3576 4470 dia-

1943 4505 2099 4560 bolos
2132 4505 2303 4576 legem
2349 4504 2444 4560 Dei
2493 4504 2546 4560 in
2575 4504 2754 4558 anima
2786 4503 3116 4576 descriptam
3152 4507 3375 4574 videbit,
3405 4517 3460 4564 et
3487 4517 3574 4564 ta-

1945 4597 2101 4653 bulas
2127 4611 2249 4652 esse
2277 4611 2373 4652 cor
2399 4597 2573 4662 illius,
2607 4612 2714 4651 non
2744 4597 2967 4653 accrdet
3006 4599 3254 4655 ulterius.
3288 4598 3391 4657 Ubi
3423 4602 3570 4657 enim

1945 4690 2117 4745 litera:
2163 4688 2346 4760 regia»,
2396 4706 2503 4744 non
2557 4690 2608 4743 in
2660 4705 2804 4745 aereo
2853 4691 3012 4762 cippo
3059 4693 3314 4761 sculpue,
3365 4694 3459 4750 sed
3520 4694 3575 4754 in

1945 4783 2200 4852 religioso
2253 4782 2435 4837 animo
2478 4798 2508 4836 a
2554 4781 2760 4853 Spiritu
2813 4794 3002 4838 sancto
3046 4782 3349 4841 elTormatte
3402 4786 3574 4844 multa

1945 4874 2151 4945 fulgeat
2176 4875 2380 4945 gratia,
2415 4891 2514 4930 nec
2555 4886 2744 4931 eontra
2791 4879 3065 4946 respicere
3107 4878 3198 4934 ille
3227 4880 3447 4948 peterit,
3477 4881 3573 4937 sed

1942 4967 2130 5039 procul
2162 4968 2316 5022 nobis
2362 4979 2508 5039 terga
2539 4979 2732 5024 vertet.
2777 4969 2916 5024 Nihil
2946 4971 3090 5026 enim
3119 4972 3190 5026 ita
3233 4971 3575 5032 formidabile

1941 5072 2026 5117 est
2051 5072 2104 5116 et
2135 5061 2207 5115 illi
2240 5071 2296 5117 et
2323 5064 2743 5134 cogitationibus
2771 5066 2838 5119 ab
2881 5066 2974 5119 illo
3005 5065 3263 5122 immissis
3283 5111 3297 5131 ,
3332 5078 3387 5123 ut
3416 5085 3572 5126 mens

1940 5171 2062 5225 quae
2105 5153 2287 5210 divina
2343 5157 2663 5220 meditatur,
2710 5168 2766 5212 et
2797 5157 2921 5212 huic
2949 5174 3167 5228 semper
3197 5159 3368 5217 bmret
3416 5162 3570 5218 fonti.

1942 5247 2093 5301 Hauc
2120 5248 2267 5303 nulla
2297 5265 2475 5303 rerum
2524 5251 2875 5320 prsrsentium
2927 5251 3193 5319 turbabit,
3228 5258 3574 5326 quantumvis

1949 5340 2174 5394 molesta
2225 5342 2327 5405 sit,
2382 5343 2524 5396 nulla
2570 5343 2777 5398 inilabit
2817 5354 2871 5399 et
2916 5345 3175 5411 extollet,
3227 5351 3574 5418 quantumvis

1949 5448 2208 5503 pmSpera
2241 5433 2439 5488 fuerit:
2481 5435 2572 5488 sed
2606 5437 2656 5489 in
2692 5447 2834 5492 tanta
2871 5439 3105 5508 procella
3133 5450 3189 5496 et
3215 5449 3570 5513 tempestate,

1951 5526 2342 5597 tranquillitate
2384 5544 2573 5596 magna
2610 5527 2836 5585 fruetur.

2016 5621 2073 5676 2.
2113 5621 2234 5675 Non
2262 5621 2528 5674 turbantur
2547 5622 2646 5676 nisi
2666 5640 2729 5677 ea:
2745 5626 2905 5679 animi
2924 5628 3086 5682 nostri
3101 5629 3419 5697 inﬁrmitate.
3450 5628 3568 5686 Ila!-

1946 5717 2217 5771 reticorum
2243 5716 2306 5769 de
2345 5713 2507 5769 Verbo
2533 5717 2798 5774 sententia.
2816 5750 2890 5760 —
2908 5719 3092 5792 Neque
3118 5722 3263 5776 enim
3291 5740 3354 5777 ex
3388 5740 3569 5782 rerum

1947 5819 2138 5864 natura
2188 5808 2490 5872 turbamur,
2531 5809 2626 5863 sed
2677 5824 2741 5863 ex
2793 5813 2957 5866 animi
3013 5814 3178 5867 nostri
3233 5813 3567 5872 infirmitate.

1950 5904 2080 5958 Nam
2130 5905 2172 5960 si
2206 5921 2268 5959 ex
2321 5903 2479 5957 rebus
2507 5919 2628 5973 qua!
2677 5904 2927 5962 accidunt
2961 5907 3334 5979 turbarentur,
3379 5925 3571 5968 outues
