4078 6480
532 423 602 483 39
1283 409 1338 464 S.
1379 403 1656 463 JOANNIS
1692 396 2171 456 CIIRYSOSTOMI
2214 399 2529 460 ARCHIEP.
2570 402 3107 461 CONSTANTINOP.
3754 416 3828 473 ιο

531 539 776 598 homines
824 532 1022 590 turbari
1069 539 1288 592 necesse
1330 529 1491 578 esset.
1541 519 1740 574 Omnes
1789 513 1933 570 enim
1978 509 2119 565 idem

531 636 842 704 navigamus
878 627 1114 697 pelagus,
1146 633 1319 690 neque
1361 615 1474 670 lieri
1507 618 1723 685 potest,
1758 618 1816 664 ut
1840 615 1985 663 extra
2017 603 2118 658 llu-

533 701 728 782 ctus_et
761 725 1106 790 tempestates
1132 725 1426 768 versemur.
1469 704 1621 774 Qnod
1651 704 1695 758 si
1724 701 1938 774 quidam
1968 706 2119 754 extra

533 823 902 888 tempestatem
929 818 983 867 et
1013 806 1353 864 furibundum
1384 818 1530 856 mare
1556 800 1752 869 degant
1775 837 1789 863 ,
1833 792 2006 864 palam
2034 799 2116 888 est

527 881 895 978 tempestatem
929 916 1033 957 non
1063 915 1105 954 ετ
1133 895 1360 967 negotiis
1388 893 1537 956 oriri,
1569 888 1662 944 sed
1689 903 1719 941 a
1759 896 1898 942 statu
1925 881 2117 978 mentis

525 973 744 1056 nostra.
788 995 845 1052 Si
895 993 1030 1047 hanc
1079 989 1236 1060 igitur
1277 986 1347 1040 ita
1392 992 1786 1052 comparemus,
1838 987 1893 1031 ut
1937 973 2114 1030 omnia

524 1093 680 1149 facile
712 1091 865 1153 ferat,
912 1084 1038 1141 nulli
1071 1082 1283 1146 fluetus,
1325 1077 1467 1132 nulla
1499 1080 1808 1142 tempestas,
1840 1068 1934 1124 sed
1966 1078 2113 1123 tran-

524 1184 758 1257 quillitas
804 1179 958 1234 nobis
1011 1187 1224 1241 semper
1269 1169 1462 1225 aderit.
1515 1165 1715 1220 Verum
1774 1161 1954 1257 nescio
2004 1173 2114 1228 quo

527 1251 704 1350 pacto,
729 1287 847 1328 cum
872 1269 1000 1325 nihil
1029 1267 1219 1322 horum
1244 1263 1428 1318 dicere
1455 1260 1506 1314 in
1531 1254 1805 1350 proposito
1834 1251 2109 1316 haberem,

522 1346 574 1424 in
595 1377 790 1422 tantam
809 1359 1226 1419 admonitionem
1250 1351 1584 1410 devenerim.
1603 1346 1883 1420 Ignoscite,
1906 1358 2109 1416 quaeso,

519 1459 925 1532 longitudinem.
972 1448 1181 1509 Etenim
1209 1463 1422 1510 vereor,
1472 1453 1526 1500 et
1553 1439 1841 1496 admodum
1874 1452 2101 1501 vereor,

517 1563 578 1610 ut
621 1553 722 1608 hoc
750 1549 981 1606 studium
1029 1560 1205 1601 meum
1254 1542 1461 1598 felicem
1506 1537 1702 1592 exitum
1735 1533 1954 1596 habeat;
1985 1545 2106 1584 nam

516 1642 564 1701 si
592 1646 719 1700 lisus
749 1657 946 1707 essent,
977 1639 1282 1708 neutiquam
1306 1647 1402 1688 vos
1424 1631 1506 1686 his
1528 1629 1593 1684 de
1625 1627 1783 1682 rebus
1804 1623 2107 1694 alioquntus

516 1753 715 1793 essem.
747 1734 888 1790 Satis
914 1740 1060 1787 certe
1089 1738 1213 1784 sunt
1238 1742 1357 1798 qua:
1384 1723 1636 1785 diximus,
1669 1727 1724 1772 nt
1751 1715 1928 1771 omnia
1957 1714 2106 1767 vobis

517 1831 692 1888 facilia
717 1828 1027 1885 reddantur.
1055 1824 1290 1892 Tempus
1320 1827 1498 1873 autem
1525 1822 1608 1869 est
1635 1821 1690 1865 nt
1722 1809 1787 1863 ad
1828 1825 1939 1863 rem
1984 1821 2104 1876 pro-

517 1925 741 1995 positam
791 1919 1102 1982 veniamus,
1152 1929 1219 1968 ne
1270 1925 1365 1965 vos
1409 1906 1604 1964 defessi
1650 1904 1763 1958 lucc
1813 1898 2102 1955 certamina

513 2013 736 2070 adeatis.
767 2009 1067 2067 Certamina
1099 2005 1296 2077 quippe
1343 2000 1497 2055 nobis
1530 2003 1768 2066 prostant
1792 2000 1978 2048 contra
2008 2006 2101 2044 ve-

515 2107 685 2163 ritatis
731 2104 932 2167 hostes,
984 2109 1168 2155 contra
1219 2111 1312 2151 eos
1361 2093 1451 2162 qui
1503 2089 1632 2144 nihil
1679 2102 1784 2142 non
1814 2092 2011 2156 agunt,
2046 2092 2104 2136 ut

513 2199 633 2257 l-‘ilii
679 2199 768 2256 Dei
815 2195 1061 2268 gloriam,
1115 2192 1223 2246 imo
1273 2187 1448 2258 potius
1491 2198 1639 2238 snam
1686 2181 1956 2249 dejiciant.
2011 2176 2099 2230 Illa

509 2296 706 2365 quippe
751 2305 964 2360 semper
1008 2295 1188 2342 manet
1234 2293 1290 2337 ut
1333 2290 1449 2344 est,
1482 2277 1610 2332 nihil
1646 2291 1738 2346 per
1785 2271 2096 2327 maledicam

510 2386 743 2456 linguam
785 2380 1106 2436 imminuta:
1151 2374 1223 2430 illi
1269 2387 1414 2436 vero,
1463 2368 1590 2422 dum
1629 2381 1786 2428 eum,
1839 2378 1996 2433 quem
2039 2377 2099 2416 se

505 2455 731 2530 adorare
775 2472 957 2526 dicunt
981 2511 1015 2536 ,,
1049 2474 1388 2538 prosternere
1417 2459 1667 2523 student,
1712 2455 1913 2510 vultum
1942 2468 2094 2508 suum

507 2566 722 2625 infantia
749 2563 977 2634 replent,
1001 2569 1056 2616 et
1080 2559 1311 2613 animam
1338 2551 1601 2629 supplicio
1631 2548 1905 2603 addicunt.
1940 2546 2099 2613 Qua:-

505 2675 629 2718 nam
659 2673 785 2728 ergo
806 2655 986 2712 dicunt
1009 2653 1105 2719 illi,
1135 2651 1261 2706 dum
1287 2663 1385 2705 nos
1409 2648 1523 2701 lucc
1553 2639 1914 2714 proferimus?
1938 2637 2089 2702 Illud,

506 2751 574 2810 In
599 2750 844 2822 principio
869 2757 975 2802 erat
996 2744 1197 2799 verbum
1217 2783 1233 2809 ,
1267 2755 1373 2794 non
1403 2737 1753 2794 aeternitatem
1779 2729 2095 2801 simpliciter

507 2842 777 2900 indicare:
811 2853 931 2893 nam
964 2836 1062 2891 hoc
1092 2835 1158 2889 de
1199 2831 1333 2888 cado
1361 2829 1520 2882 etiam
1544 2834 1598 2882 et
1627 2824 1693 2879 de
1722 2834 1861 2879 terra
1893 2822 2090 2876 dictum

505 2935 621 2991 fuit.
652 2935 696 2990 0
721 2930 1101 3002 impudentiam
1129 2937 1179 2982 et
1208 2925 1531 2993 impietatem
1555 2916 1853 2988 ingentem!
1887 2913 1959 2968 De
1981 2912 2090 2968 Deo

503 3037 555 3083 te
581 3025 840 3094 alloquor,
870 3033 925 3077 et
953 3029 1005 3075 tu
1036 3017 1165 3073 mihi
1199 3026 1394 3071 terram
1416 3021 1471 3068 et
1500 3010 1743 3065 homines
1772 3018 1912 3062 terra
1943 3014 2091 3060 ortos

502 3116 663 3173 aﬂcrs
693 3117 743 3171 in
774 3111 1047 3170 medium?
1078 3110 1218 3181 Ergo
1244 3109 1367 3179 quia
1397 3105 1639 3159 Christus
1680 3101 1846 3157 Filius
1887 3099 1975 3153 Dei
2005 3097 2090 3154 di-

503 3209 640 3265 citur
684 3213 740 3261 et
779 3205 938 3268 Deus,
990 3211 1045 3258 et
1074 3199 1235 3255 homo
1283 3196 1530 3253 similiter
1564 3193 1704 3248 filius
1736 3191 1826 3247 Dei
1857 3198 1911 3245 et
1955 3190 2088 3243 deus

500 3298 819 3369 pmdiattur
847 3295 864 3364 (
897 3308 1019 3348 nam
1059 3291 1169 3363 Ego
1198 3290 1332 3354 dixi,
1379 3287 1582 3357 inquit,
1611 3285 1684 3337 dii
1724 3283 1861 3347 estis,
1906 3292 1955 3336 et
1990 3279 2088 3348 ﬁlii

504 3389 702 3448 Excelsi
724 3403 894 3442 eamea
917 3383 937 3459 [
957 3384 1099 3439 Psal.
1125 3383 1213 3440 81.
1243 3378 1315 3456 6]
1337 3379 1375 3452 ),
1405 3393 1526 3434 cum
1555 3375 1837 3447 Unigenito
1866 3383 2089 3428 conten-

498 3482 593 3537 des
615 3481 684 3538 de
712 3479 997 3542 ftliatione,
1045 3485 1099 3532 et
1141 3473 1288 3530 dices
1334 3473 1502 3542 ipsum
1535 3469 1659 3524 nihil
1692 3467 1810 3537 plus
1855 3465 2083 3532 habere,

501 3590 656 3649 quam
686 3582 741 3630 tu
781 3571 1016 3629 habeas?
1043 3569 1410 3640 Nequaquam,
1439 3565 1532 3618 ait.
1567 3564 1725 3632 Atan
1757 3559 1883 3615 illud
1911 3559 2082 3629 ipsum

497 3671 641 3742 agis,
668 3670 767 3725 etsi
811 3681 916 3723 non
945 3664 1110 3720 dicas.
1145 3658 1462 3730 Quomodo?
1503 3657 1636 3725 Quia
1683 3655 1849 3716 dicis.
1898 3662 1949 3708 te
1992 3667 2086 3721 pcr

497 3763 721 3836 gratiam
747 3760 1086 3830 adoptionem
1116 3753 1422 3826 percepisse
1440 3793 1453 3817 ,
1491 3751 1768 3819 ipsumque
1795 3746 2082 3802 similiter:

497 3871 618 3913 cum
643 3865 822 3910 autem
857 3852 990 3908 dicis
1019 3851 1190 3921 ipsum
1220 3863 1325 3903 non
1360 3855 1543 3900 natura
1590 3843 1752 3898 lilium
1778 3857 1930 3908 esse,
1957 3841 2084 3895 nihil

496 3948 637 4003 aliud
663 3947 871 4016 probas,
902 3959 1059 4015 quam
1090 3936 1434 4013 per'gratiam
1464 3939 1627 3992 lilium
1656 3953 1800 3992 esse.
1821 3937 2082 3991 Catternm

497 4042 769 4095 videmnus
824 4053 922 4103 ea,
975 4052 1093 4106 qua:
1145 4034 1297 4088 nobis
1349 4032 1578 4086 aﬂ'erunt
1624 4029 1958 4085 testimonia:
2015 4026 2083 4082 In

497 4131 745 4204 principio
779 4129 896 4201 fecit
921 4125 1060 4180 Deus
1085 4126 1262 4180 celum
1289 4133 1336 4178 et
1359 4133 1563 4177 terram.
1598 4120 1754 4176 Terra
1781 4131 1946 4173 autem
1975 4128 2083 4173 erat

495 4223 756 4279 invisibilis
783 4230 830 4276 et
853 4219 1188 4289 incomposita
1210 4215 1362 4288 (Gen.
1395 4213 1628 4282 1.1.2).
1665 4214 1749 4278 Et,
1783 4210 1909 4264 Erat
1934 4211 2083 4263 homo

495 4330 558 4370 ea:
598 4311 913 4367 Armatltaim
942 4308 1110 4377 Sipha
1138 4309 1157 4376 (
1183 4307 1234 4359 1.
1267 4305 1393 4376 Reg.
1426 4305 1478 4359 1.
1505 4304 1526 4357 1
1553 4303 1592 4372 ).
1625 4301 1748 4356 llaec
1779 4301 1905 4368 ipsis
1933 4299 2082 4353 firma

495 4406 761 4460 videntur.
795 4401 859 4455 Et
885 4415 1007 4455 vere
1034 4397 1184 4452 firma
1213 4404 1370 4460 sunt,
1397 4393 1491 4450 sed
1518 4393 1583 4446 ad
1612 4389 2082 4447 demonstrandam

494 4495 753 4554 doctrina
772 4502 970 4548 nostra:
999 4491 1312 4546 veritatem:
1341 4502 1462 4542 nam
1493 4485 1558 4540 ad
1597 4485 1809 4542 illorum
1842 4483 2083 4552 blasphe-

494 4589 653 4645 miam
679 4583 1128 4656 comprobandam
1149 4582 1384 4637 omnium
1410 4577 1736 4634 debilissima
1767 4585 1912 4631 sunt.
1943 4575 2079 4642 Quid

492 4683 656 4747 enim,
683 4694 887 4752 quaso,
919 4691 1202 4734 commune
1234 4674 1396 4729 habet
1424 4671 1553 4727 illud
1573 4712 1590 4738 ,
1615 4669 1788 4736 Fecit,
1821 4684 1942 4724 cum
1966 4668 2077 4732 illo,

497 4774 663 4834 Erat!
691 4771 816 4845 quid
849 4772 992 4826 Deus
1031 4784 1152 4824 cum
1183 4766 1432 4822 homine?
1475 4765 1586 4820 Cur
1615 4780 1677 4818 ea
1725 4765 1920 4818 misces
1960 4777 2081 4830 qure

492 4867 704 4926 misceri
747 4879 853 4921 non
903 4861 1166 4934 possunt?
1194 4876 1290 4915 cur
1332 4857 1617 4915 eonfundis
1659 4872 1721 4912 ea
1763 4871 1883 4926 qua:
1910 4855 2079 4910 divisa

491 4969 649 5025 sunt,
699 4968 754 5015 et
799 4973 918 5029 qua:
962 4970 1212 5020 sursum,
1261 4954 1511 5009 deorsum
1551 4951 1747 5020 ponis?
1793 4950 1890 5005 llic
1937 4950 2078 5006 enim

491 5052 617 5110 illud
637 5093 653 5119 ,
679 5049 826 5113 Erat,
855 5066 958 5104 non
987 5050 1335 5104 aeternitatem
1363 5045 1630 5109 ostendit,
1659 5044 1701 5097 si
1745 5043 1919 5097 solum
1958 5057 2082 5112 spe-

489 5155 695 5208 ctetur;
723 5141 816 5198 sed
843 5141 887 5194 si
913 5140 1137 5194 addatur
1161 5154 1282 5194 cum
1316 5137 1438 5202 illis,
1469 5135 1495 5189 I
1505 5154 1535 5190 tt
1563 5136 1814 5206 principio
1843 5143 1969 5200 erat,
2004 5144 2077 5198 et,

503 5235 714 5292 Verbum
754 5242 882 5288 erat.
915 5230 1369 5297 Quemadmodum
1411 5243 1538 5298 ergo
1570 5228 1692 5282 illud
1714 5265 1729 5291 ,
1761 5227 1893 5282 Esse
1913 5267 1927 5291 ,
1959 5243 2082 5282 cum

490 5329 558 5383 de
589 5325 803 5382 homine
832 5323 1048 5385 dicitur,
1079 5336 1314 5391 prtesens
1355 5331 1556 5374 tantum
1601 5320 1799 5374 indicat
1829 5329 2076 5390 tempus;

492 5436 611 5474 eum
640 5430 819 5472 autem
847 5417 914 5471 de
947 5417 1085 5481 Deo,
1129 5414 1476 5469 aeternitatem
1507 5413 1876 5468 dEtnonstrat:
1922 5414 1999 5468 sic
2027 5423 2082 5470 et

494 5512 656 5578 illud,
699 5510 856 5574 Erat,
901 5509 970 5564 de
1012 5517 1191 5564 nostra
1239 5507 1437 5562 dictum
1485 5517 1700 5569 natura,
1756 5509 2079 5576 prteterltum

500 5616 700 5676 tempus
734 5603 1025 5674 signiﬁcat,
1067 5603 1348 5671 ipsumque
1379 5602 1612 5663 linitutn;
1647 5616 1765 5654 cum
1807 5609 1984 5654 autem
2015 5599 2080 5654 de

497 5699 638 5759 Deo.
667 5697 1012 5752 aeternitatem
1045 5694 1260 5750 indicat.
1289 5693 1428 5749 Satis
1459 5708 1588 5762 ergo
1618 5703 1727 5747 cral
1762 5693 1809 5747 ei
1834 5735 1847 5754 ,
1876 5691 1964 5760 qui
1988 5707 2081 5744 an-

494 5789 633 5843 tliret
660 5786 910 5848 Terram,
953 5796 1006 5840 et
1055 5785 1371 5850 llontinem,
1426 5784 1555 5838 nihil
1602 5783 1828 5854 amplius
1873 5781 1938 5837 de
1980 5781 2082 5836 illis

494 5879 750 5950 cogitare,
797 5894 950 5948 quant
995 5886 1195 5933 natura:
1222 5888 1413 5933 creata)
1446 5875 1745 5932 conveniat.
1780 5873 1907 5928 Nam
1939 5873 2080 5944 quod

2236 512 2431 570 factum
2463 523 2582 584 est,
2612 515 2868 589 quidquid
2900 517 3114 574 tandem
3137 517 3240 584 sit,
3265 517 3318 572 in
3348 523 3589 589 tempore
3610 519 3701 576 vel
3726 536 3832 578 sas-

2229 607 2350 664 colo
2377 607 2572 665 factum
2593 620 2714 665 est:
2743 619 2800 666 at
2838 610 3006 666 Filius
3049 611 3178 678 Dei,
3211 626 3316 666 non
3349 613 3677 682 temporibus
3705 623 3832 670 tan.

2229 707 2342 754 tum
2363 742 2378 765 ,
2405 701 2500 757 sed
2526 701 2738 758 saeculis
2763 702 3011 759 omnibus
3038 702 3283 773 superior
3312 710 3427 758 est:
3458 717 3580 758 nam
3612 703 3828 761 illorum

2225 799 2280 846 et
2303 801 2514 846 creator
2543 802 2596 848 et
2623 793 2800 862 opifex
2836 801 2920 848 est
2943 810 2957 850 :
2980 791 3179 848 dicitur
3199 793 3366 859 enim,
3405 791 3506 847 Per
3532 811 3678 865 quem
3710 795 3830 864 fecit

2224 890 2272 935 et
2298 883 2486 936 multa
2535 881 2734 954 (Hebr.
2767 885 2818 939 1.
2849 882 2948 953 2).
2977 883 3078 952 Qui
3123 893 3298 938 autem
3326 882 3505 954 opifex-
3553 895 3657 951 est,
3700 895 3829 942 ante

2223 971 2435 1041 opificia
2467 973 2604 1028 haud
2634 974 2795 1030 dubie
2827 975 2942 1029 fuit.
2966 974 3231 1042 Quoniam
3262 989 3390 1030 vero
3411 974 3626 1046 quidam
3651 976 3720 1030 ita
3745 976 3828 1032 in-

2220 1065 2420 1119 sensati
2446 1073 2588 1130 sunt,
2625 1076 2682 1119 ut
2707 1075 2888 1136 postea
2919 1066 3091 1136 majus
3120 1064 3392 1136 quidpiam
3421 1065 3491 1121 de
3520 1082 3614 1120 sua
3642 1066 3823 1136 digni.

2223 1164 2328 1209 tate
2353 1158 2709 1227 suspicentur,
2744 1158 2835 1212 illo
2860 1159 3048 1222 verbo,
3079 1157 3245 1225 Fecit,
3269 1168 3324 1214 et
3352 1158 3471 1224 illo,
3503 1157 3670 1214 Homo
3689 1172 3820 1226 erat,

2218 1249 2479 1305 auditoris
2518 1261 2750 1307 mentem
2787 1260 3154 1323 praeoccupat,
3184 1261 3240 1307 et
3285 1267 3496 1308 omnem
3535 1253 3821 1326 impuden-

2219 1343 2345 1397 tiam
2373 1344 2654 1400 exscindit.
2690 1344 2822 1400 Nam
2853 1362 2972 1416 quae
3002 1345 3138 1400 facta
3181 1355 3308 1400 sunt
3349 1346 3559 1411 omnia,
3588 1348 3777 1401 caelum
3799 1387 3817 1412 ,

2218 1444 2381 1504 terra,
2416 1448 2653 1508 tempore
2685 1439 2819 1494 facta
2851 1448 2997 1507 sunt,
3029 1442 3323 1510 temporale
3361 1442 3678 1512 principium
3711 1440 3812 1495 ha-

2217 1527 2371 1594 bent,
2403 1544 2696 1600 eorumque
2735 1531 2870 1585 nihil
2911 1533 3032 1587 sine
3067 1532 3332 1602 principio
3368 1541 3488 1598 est,
3525 1532 3646 1603 quia
3675 1530 3822 1587 facta

2213 1631 2357 1675 sunt.
2389 1621 2570 1692 Itaque
2595 1637 2714 1679 cum
2757 1624 2909 1680 audis
2938 1624 3110 1694 ipsum
3138 1624 3330 1680 fecisse
3371 1634 3600 1688 terram,
3635 1634 3687 1680 et
3712 1623 3817 1681 lto.

2214 1714 2412 1767 minem
2439 1730 2593 1779 esse,
2629 1715 2899 1784 superﬂue
2942 1718 3158 1788 nugaris
3181 1758 3196 1783 ,
3231 1726 3286 1772 et
3316 1717 3522 1771 inutilia
3555 1716 3738 1773 effutis
3771 1728 3812 1772 ί.

2214 1805 2325 1876 Ego
2354 1806 2496 1862 enim
2526 1806 2682 1861 aliam
2713 1807 3043 1879 hyperbolen
3066 1808 3262 1864 all'erre
3292 1823 3530 1877 possum.
3553 1808 3821 1876 Quaenam

2211 1897 2298 1952 illa
2326 1899 2451 1953 est?
2479 1897 2534 1954 Si
2558 1898 2626 1954 de
2659 1909 2800 1954 terra
2829 1899 3033 1954 dictum
3062 1909 3240 1967 esset,
3274 1901 3329 1954 In
3363 1899 3628 1970 principio
3670 1910 3812 1956 terra

2210 2000 2360 2055 erat;
2388 2002 2442 2045 et
2469 1991 2536 2046 de
2568 1990 2783 2048 homine
2805 2034 2820 2057 ,
2855 1991 2909 2047 In
2957 1992 3219 2062 principio
3245 2002 3362 2046 erat
3406 1995 3590 2058 homo,
3637 2007 3816 2062 neque

2210 2081 2277 2135 ita
2318 2081 2444 2151 quid
2471 2082 2643 2152 majus
2683 2082 2751 2138 de
2797 2084 2900 2140 illis
2945 2082 3326 2154 suspicandum
3369 2082 3504 2147 fore,
3532 2099 3692 2154 quam
3721 2085 3812 2138 illa

2209 2188 2328 2242 qua:
2353 2187 2493 2228 nunc
2533 2175 2929 2245 cognoscimus.
2961 2174 3092 2228 Nam
3119 2174 3396 2244 prmmissa
3427 2185 3584 2228 terrae
3621 2184 3676 2230 et
3708 2177 3807 2230 lio-

2207 2267 2365 2320 minis
2407 2266 2799 2336 appellationc,
2850 2266 3104 2337 quidquid
3155 2264 3224 2320 de
3275 2265 3380 2319 illis
3424 2265 3650 2328 diezttnr,
3701 2281 3808 2320 non

2205 2365 2380 2424 potest
2429 2357 2638 2413 animus
2689 2357 2861 2428 majus
2907 2358 3175 2428 quidpiam
3227 2357 3294 2413 de
3339 2357 3442 2412 illis
3496 2357 3808 2427 imaginari,

2205 2465 2362 2520 quam
2394 2466 2455 2507 ea
2497 2467 2615 2520 qua:
2665 2452 2903 2505 scimus:
2938 2459 2996 2504 ut
3037 2459 3257 2513 contra,
3295 2449 3548 2514 Verbum,
3595 2449 3806 2504 etiamsi

2203 2549 2364 2597 tenue
2393 2542 2664 2612 quidpiam
2696 2543 2763 2597 de
2803 2543 2894 2596 illo
2923 2542 3120 2597 dictum
3154 2539 3342 2604 fuerit,
3395 2558 3498 2595 non
3549 2541 3809 2609 permittit

2203 2642 2380 2688 tamen
2433 2633 2632 2704 aliquid
2683 2633 2953 2701 abjcetum
2997 2643 3051 2688 et
3101 2633 3204 2688 vile
3252 2633 3320 2688 de
3375 2649 3436 2688 se
3481 2633 3810 2689 existimari.

2203 2725 2492 2781 Enimvero
2535 2727 2604 2782 de
2650 2736 2789 2782 terra
2835 2727 2912 2780 sic
2955 2735 3136 2796 postea
3182 2725 3415 2781 dicitur:
3448 2725 3604 2781 Terra
3632 2738 3808 2781 autem

2199 2827 2304 2871 erat
2332 2816 2596 2871 invisibilis
2635 2828 2681 2871 et
2707 2819 3041 2890 incomposita
3071 2818 3088 2888 (
3111 2816 3239 2871 Gen.
3271 2818 3317 2872 1.
3344 2817 3379 2871 9.
3402 2818 3443 2888 ).
3475 2817 3606 2872 Cum
3632 2817 3808 2873 dixis-

2198 2920 2280 2965 set
2309 2911 2451 2965 enim
2483 2912 2654 2980 ipsum
2682 2912 2871 2965 fecisse
2902 2922 3121 2975 terram,
3170 2920 3222 2964 et
3255 2911 3353 2978 ipsi
3388 2910 3661 2980 proprium
3690 2918 3804 2965 ter-

2199 3002 2400 3056 minum
2427 3002 2710 3071 posuisset,
2736 3017 2925 3056 secure
2946 3001 3060 3072 jam
3080 3017 3200 3071 qua:
3223 3011 3521 3072 sequuntur
3542 3009 3757 3056 enarrat
3782 3019 3802 3066 ;

2196 3111 2394 3167 gnarus
2423 3098 2692 3152 neminem
2724 3098 2792 3152 ita
2824 3097 3044 3153 Stultum
3069 3111 3209 3161 esse,
3245 3105 3301 3152 ut
3333 3097 3473 3152 illam
3501 3097 3618 3151 sine
3646 3097 3798 3166 prin-

2195 3191 2338 3261 cipio
2380 3200 2435 3248 et
2482 3207 2587 3247 non
2633 3191 2824 3245 factam
2865 3206 2987 3246 esse
3020 3190 3340 3261 suspicetur.
3373 3189 3557 3244 Terra:
3596 3188 3807 3259 quippe

2195 3299 2413 3350 nomen,
2457 3291 2510 3338 et
2542 3282 2694 3350 illud,
2745 3280 2918 3348 Fecit,
2949 3284 3081 3337 satis
3118 3290 3245 3338 sunt
3290 3290 3363 3357 ut.
3391 3281 3472 3336 vel
3502 3279 3795 3335 admodum

2192 3377 2356 3433 stulto
2383 3376 2642 3431 suadeant
2660 3417 2674 3440 ,
2707 3376 2873 3444 ipsam
2899 3391 2998 3430 nec
3023 3386 3279 3430 :eternam
3298 3417 3311 3437 .
3337 3389 3438 3430 nec
3458 3388 3565 3430 non
3597 3372 3800 3430 factam

2192 3482 2341 3535 esse,
2373 3467 2468 3523 sed
2493 3482 2562 3522 ex
2587 3481 2772 3522 eorum
2804 3481 3028 3522 nnmero
3073 3482 3192 3537 qua:
3220 3467 3272 3521 in
3305 3474 3549 3536 tempore
3576 3463 3802 3520 condita

2191 3569 2336 3616 sunt.

2264 3653 2316 3708 5.
2345 3651 2610 3706 Praeterea
2640 3659 2818 3704 autem
2850 3648 2977 3704 illud
3001 3691 3019 3716 ,
3054 3647 3216 3713 Erat,
3250 3647 3316 3704 de
3346 3657 3484 3703 terra
3508 3646 3656 3704 etde
3687 3646 3795 3704 lto-

2193 3745 2336 3798 mine
2372 3746 2391 3776 ⁸
2430 3743 2663 3808 dictmn,
2694 3759 2799 3809 non
2826 3742 3144 3812 simpliciter
3169 3741 3538 3798 exsistentiam
3581 3743 3792 3812 signifi-

2191 3845 2308 3898 cat;
2333 3833 2426 3890 sed
2455 3834 2522 3890 de
2551 3835 2770 3890 homine
2791 3833 3015 3901 dictum,
3048 3833 3248 3888 indicat
3271 3834 3444 3904 ipsum
3468 3849 3534 3888 ex
3558 3835 3645 3888 tali
3667 3849 3796 3893 esse

2193 3930 2351 3992 loco;
2402 3927 2471 3983 de
2503 3938 2640 3981 terra
2681 3937 2880 3992 autem,
2912 3926 3056 3981 illam
3091 3926 3180 3980 tali
3221 3941 3342 3982 esse
3382 3925 3561 3982 modo.
3607 3925 3800 3998 Neque

2189 4021 2331 4076 enim
2361 4021 2676 4091 simpliciter
2712 4020 2880 4085 dixit,
2910 4019 3074 4075 Terra
3101 4029 3217 4074 erat
3237 4062 3251 4085 ,
3279 4031 3330 4076 et
3364 4029 3550 4089 postea
3588 4019 3793 4088 tacuit;

2188 4113 2283 4168 sed
2327 4113 2501 4182 qualis
2549 4119 2668 4180 post
2713 4113 3041 4167 creationem
3092 4119 3236 4166 esset
3277 4109 3520 4176 addidit,
3570 4126 3792 4182 nempe,

2191 4203 2466 4258 Invisibilis
2491 4211 2597 4257 erat
2625 4213 2670 4256 et
2708 4202 3082 4272 incomposita,
3117 4200 3292 4255 adhuc
3332 4201 3488 4271 aquis
3523 4210 3707 4271 operta
3733 4214 3792 4258 et

2190 4295 2447 4349 admixta.
2480 4295 2546 4349 Et
2585 4295 2651 4349 de
2691 4294 2890 4349 Eleana
2937 4308 3042 4348 non
3088 4293 3223 4348 dixit
3261 4292 3434 4348 solum
3471 4294 3609 4364 quod
3643 4305 3794 4352 esset

2191 4388 2374 4454 homo,
2403 4386 2497 4443 sed
2525 4385 2723 4457 adjecit
2749 4385 2890 4442 unde
2919 4394 3095 4452 esset,
3136 4382 3212 4439 De
3241 4385 3564 4440 Armatltaim
3595 4385 3786 4457 Siplttr.
3873 4379 3880 4384 ’

2191 4481 2265 4535 De
2296 4478 2469 4536 Verbo
2494 4489 2670 4534 autem
2709 4494 2816 4534 non
2842 4478 2942 4534 sic.
2979 4477 3044 4532 Et
3080 4493 3166 4531 me
3199 4476 3364 4546 pudet
3391 4459 3630 4547 profecto
3671 4478 3791 4534 hare

2188 4572 2343 4626 simul
2374 4571 2644 4639 indagare.
2678 4570 2732 4626 Si
2761 4571 2902 4626 enim
2930 4567 3376 4638 reprehendimus
3401 4582 3495 4622 eos
3527 4567 3615 4638 qui
3642 4567 3792 4625 circa

2188 4665 2434 4720 homines
2463 4665 2564 4718 hoc
2591 4674 2774 4733 agunt,
2803 4661 3020 4733 quando
3046 4663 3271 4716 multum
3295 4671 3378 4717 est
3404 4661 3543 4716 inter
3570 4677 3664 4718 eos
3695 4666 3790 4732 qui

2188 4767 2563 4830 comparantur
2589 4758 2798 4810 virtutis
2827 4755 3140 4820 discrimen,
3175 4754 3300 4809 licet
3325 4754 3402 4809 illi
3442 4769 3512 4808 ex
3548 4771 3650 4809 una
3695 4772 3790 4812 ea-

2188 4853 2420 4923 demque
2447 4849 2742 4907 substantia
2770 4850 2878 4904 sint
2903 4866 2916 4904 :
2941 4847 3156 4919 quando
3181 4856 3236 4902 et
3272 4848 3414 4903 circa
3445 4855 3689 4902 naturam
3735 4858 3792 4902 et

2188 4949 2326 5003 circa
2356 4947 2458 5000 alia
2491 4943 2754 4999 inllnitum
2805 4951 2890 4998 est
2938 4941 3315 5003 interstitinm,
3361 4940 3634 5010 quomodo
3679 4956 3789 4994 non

2187 5048 2442 5095 extrema:
2482 5035 2769 5092 dementiae
2817 5033 2977 5089 fuerit
3023 5032 3119 5087 has
3168 5033 3490 5102 quarstiones
3527 5035 3791 5086 movete?

2187 5132 2290 5187 Sed
2323 5129 2474 5186 nobis
2519 5129 2608 5184 ille
2654 5127 2915 5197 propitius
2953 5126 3051 5191 sit,
3099 5139 3255 5194 quem
3288 5123 3386 5194 ipsi
3435 5123 3790 5192 blasphemus

2187 5227 2466 5295 impetunt.
2523 5219 2836 5289 llnjnsmodi
2886 5233 3113 5286 namque
3153 5217 3416 5271 dictorum
3447 5214 3788 5271 adhibendo-

2186 5339 2299 5376 rmn
2335 5317 2708 5373 necessitatem
2756 5329 2860 5366 non
2894 5327 2993 5366 nos
3025 5310 3334 5364 indusimus
3357 5350 3372 5375 ,
3402 5311 3496 5364 sed
3523 5308 3598 5363 illi
3628 5307 3788 5366 nobis

2183 5413 2443 5471 obtulere,
2473 5408 2563 5478 qui
2588 5390 3156 5473 salutent’impngnant
3176 5417 3354 5456 stam.

2254 5504 2544 5559 Asternitas
2577 5499 2703 5553 Filii
2736 5498 2997 5567 probatur.
3021 5527 3083 5536 —-—
3110 5495 3247 5562 Quid
3281 5510 3411 5565 ergo
3439 5495 3594 5549 dico?
3622 5493 3783 5557 Illud,

2185 5598 2311 5653 Erat
2336 5640 2349 5657 .
2379 5597 2447 5652 de
2478 5593 2658 5650 Verbo
2701 5592 2902 5647 dictum
2925 5631 2938 5651 .
2972 5588 3274 5658 signiﬁcare
3319 5586 3492 5656 ipsum
3522 5595 3787 5641 :eternutn

2250 5757 2264 5787 ί
2305 5750 2468 5802 atorel.
2497 5750 2676 5806 habet,
2703 5745 2800 5796 noli
2824 5741 3066 5808 superﬂue
3090 5739 3290 5803 nugari,
3320 5743 3362 5789 te
3406 5733 3654 5789 inutilibus
3688 5732 3782 5786 im-

2185 5810 2697 5880 plicansratimmtlisl.
2808 5869 2818 5880 .
3051 5868 3060 5880 ,
3113 5866 3124 5880 ,
3188 5861 3234 5880 Α,

2251 5884 2268 5912 ²
2308 5878 2396 5927 Alii
2427 5875 2620 5938 legunt,
2648 5869 2710 5923 tle
2729 5869 2866 5931 ca'lo,
2895 5881 3000 5932 pro,
3028 5868 3088 5917 de
3109 5866 3314 5916 nomine.
