4046 6524
163 466 204 520 εἲ
1279 454 1346 510 JN
1382 453 1698 510 JOANNEM
1741 454 1771 510 ll

1893 455 1972 511 η..
2023 455 2106 510 lll.
2151 455 2221 512 al.
2265 453 2330 508 ll.
3431 459 3500 513 ιε

158 591 292 632 esset
318 587 435 630 nam
465 572 566 638 ait,
593 570 620 626 1
632 590 666 626 n
705 571 978 643 principio
1007 579 1113 624 erat
1149 566 1400 632 Verbum;
1427 581 1768 636 consequens

161 681 310 726 autem
337 677 452 723 erat
478 708 493 731 ,
529 675 594 721 ut
620 665 782 736 apud
811 664 1051 734 aliquem
1075 671 1239 717 esset.
1271 657 1403 714 Cum
1433 659 1577 714 enim
1606 660 1776 714 maxi-

164 778 232 817 me
257 759 376 816 illud
405 759 497 814 Dei
522 760 595 812 sit
626 759 948 829 proprium,
974 765 1029 809 ut
1053 755 1121 810 sit
1142 763 1377 808 mternus
1398 762 1448 807 et
1480 752 1597 806 sine
1621 751 1774 820 priu—

155 855 292 923 cipio.
317 852 412 906 hoc
431 853 612 921 prium
635 853 851 922 posuit.
876 847 1097 911 Deinde,
1127 862 1196 902 nc
1223 846 1344 917 quis
1369 844 1594 898 audiens
1622 842 1770 908 illud,

165 947 215 999 lu
256 946 502 1018 principio
534 955 696 1009 crat,
751 943 920 998 etiam
971 941 1266 1009 ingenitum
1312 937 1519 992 diceret
1546 979 1558 1002 ,
1592 938 1773 990 statim

161 1040 242 1106 ipsi
268 1038 502 1093 occurrit
530 1081 544 1101 .
579 1045 894 1105 antequam
927 1032 1136 1087 diceret
1159 1029 1284 1099 quid
1312 1038 1426 1083 erat
1452 1070 1466 1092 ,
1496 1027 1730 1081 dicendo
1753 1067 1768 1090 ,

163 1131 270 1186 Erat
307 1131 447 1200 apud
484 1128 683 1181 Deum.
722 1127 794 1181 Et
823 1142 894 1180 ne
921 1125 1042 1195 quis
1073 1124 1248 1193 ipsum
1279 1120 1516 1176 Verbum
1549 1119 1770 1188 prolativ

156 1226 269 1278 tium
305 1234 393 1276 aut
435 1223 754 1296 internum,
777 1233 899 1272 esse
939 1226 1151 1286 putaret
1194 1209 1292 1286 (α)
1316 1255 1329 1276 ,
1363 1227 1460 1282 per
1485 1211 1770 1264 articulum

157 1314 466 1384 prmmissum
503 1313 574 1382 (b
597 1313 617 1383 )
644 1354 657 1374 .
694 1321 755 1365 et
787 1325 884 1381 per
910 1307 1202 1362 secundam
1235 1305 1564 1358 additioncm
1587 1346 1601 1369 ,
1632 1302 1774 1358 hanc

161 1420 345 1462 amovet
390 1407 808 1470 suSpiciunem.
850 1403 967 1458 Non
1003 1402 1145 1456 enim
1179 1399 1311 1453 dixit
1335 1441 1350 1463 ,
1384 1397 1441 1452 in
1477 1398 1583 1451 Deo
1609 1404 1719 1449 erat
1753 1438 1768 1460 ,

164 1501 242 1554 sed
263 1542 277 1564 ,
309 1501 459 1570 Apud
501 1497 688 1553 Deum
711 1539 728 1562 ,
764 1497 881 1564 ejus
909 1494 1065 1550 nobis
1114 1491 1409 1547 secundum
1457 1489 1769 1562 hypostasiu

164 1593 496 1647 :rternitateut
528 1591 860 1645 declarans.
894 1586 1094 1642 Deinde
1118 1584 1247 1639 illud
1275 1583 1474 1639 clarius
1501 1583 1770 1656 signiﬁca-

157 1686 218 1735 vit
254 1683 545 1752 adjicicns,
583 1681 842 1736 Verbum
891 1679 1034 1734 istud
1079 1677 1248 1732 fuisse
1283 1679 1472 1731 Deum.
1507 1675 1647 1742 Sed,
1682 1676 1768 1729 in-

156 1776 302 1845 quies,
328 1775 552 1830 factum.
579 1772 739 1842 Quid
766 1787 896 1842 ergo
922 1771 1092 1826 obfuit
1117 1771 1246 1840 quin
1275 1769 1512 1834 diceret,
1540 1769 1593 1822 in
1621 1769 1771 1838 prin-

153 1867 273 1935 cipio
301 1866 426 1921 fecit
473 1866 626 1921 Deus
670 1865 951 1920 \‘erbum?
994 1863 1127 1919 Nam
1155 1879 1275 1918 cum
1307 1862 1374 1915 de
1406 1872 1546 1916 terra
1576 1862 1766 1931 loque-

157 1969 278 2013 retur
306 1957 552 2031 Moyses,
587 1973 706 2012 non
732 1957 888 2021 dixit,
919 1955 973 2010 in
1014 1955 1274 2025 principio
1295 1963 1411 2009 erat
1433 1962 1572 2007 terra
1595 1995 1608 2018 ,
1639 1953 1732 2007 sed
1751 1996 1763 2019 ,

156 2052 277 2107 Fecit
304 2052 468 2122 (Gen.
503 2054 558 2108 1.
602 2052 625 2107 1
657 2052 677 2121 )
708 2066 830 2104 eam
857 2091 872 2114 ,
902 2059 956 2104 et
983 2059 1108 2102 tunc
1137 2048 1253 2102 fuit.
1277 2046 1415 2115 Quid
1445 2047 1606 2116 igitur
1636 2062 1762 2116 pro-

159 2145 303 2199 hibuit
331 2145 640 2214 quominus
670 2142 916 2212 Joannes
945 2141 1014 2196 ita
1044 2141 1282 2203 diceret,
1315 2139 1371 2192 In
1403 2139 1665 2208 principio
1694 2138 1768 2192 t'e-

156 2239 217 2292 cit
241 2237 376 2293 Deus
405 2235 706 2291 Verbum?
735 2233 792 2290 Si
815 2234 957 2290 enim
983 2233 1053 2286 ita
1075 2232 1210 2287 dixit
1236 2231 1451 2304 Moyses
1478 2231 1674 2285 timens
1701 2247 1769 2286 ne

155 2331 254 2400 quis
276 2340 474 2386 terram
500 2343 620 2383 non
655 2327 854 2382 laetam
883 2325 1124 2390 diceret;
1157 2324 1324 2379 nndto
1349 2323 1518 2392 magis
1541 2321 1609 2378 de
1630 2321 1768 2377 Filio

157 2436 370 2480 metuere
400 2424 709 2494 oportebat
735 2421 1031 2487 Joannem,
1062 2420 1107 2474 si
1134 2429 1351 2474 creatus
1381 2419 1588 2472 fuisset.
1618 2417 1768 2472 Mun-

161 2517 246 2570 dus
271 2516 409 2571 enim
433 2531 566 2569 cum
595 2515 667 2568 sit
703 2513 951 2578 visibilis,
982 2510 1085 2566 hoc
1113 2512 1230 2580 ipso
1254 2510 1605 2564 Conditorem
1632 2525 1770 2577 prcr-

157 2609 276 2661 dicat
305 2609 467 2679 (nam
507 2607 681 2672 Caeli,
725 2606 920 2676 inquit,
946 2605 1424 2675 cnarrantgloriam
1441 2603 1538 2657 Dei
1577 2601 1764 2676 [Ρδαι.

164 2699 234 2752 18.
261 2697 321 2772 1]
351 2721 361 2751 :
388 2699 566 2754 Filius
595 2709 785 2754 autem
821 2697 1104 2752 invisibilis
1126 2707 1245 2763 est,
1276 2705 1330 2751 et
1355 2705 1656 2752 creaturam
1681 2696 1769 2749 in-

162 2792 290 2846 linito
313 2793 494 2848 medio
519 2792 771 2848 excedit.
797 2790 1063 2861 Si-itaque
1088 2790 1176 2844 ubi
1201 2805 1376 2860 neque
1405 2791 1570 2845 verbo
1593 2805 1769 2861 neque

160 2885 381 2938 doctrina
411 2898 556 2955 opus
601 2894 726 2940 erat
747 2925 762 2949 ,
799 2894 856 2937 ut
884 2883 1224 2938 disceremus
1253 2880 1511 2936 mundum
1542 2895 1661 2936 esse
1692 2881 1770 2936 fa-

161 2987 305 3042 ctum,
329 2985 512 3031 tamen
535 2977 692 3030 clare
715 2975 844 3029 illud
869 2984 922 3029 et
943 2986 1068 3029 ante
1089 2974 1271 3028 omnia
1297 2975 1442 3043 ponit
1470 2974 1765 3044 propheta;

164 3067 311 3121 multo
356 3068 535 3138 magis
579 3067 634 3120 id
665 3068 734 3121 de
766 3065 903 3120 Filio
933 3065 1197 3121 Joannem
1230 3064 1411 3119 dicere
1437 3064 1720 3133 oportebat
1748 3107 1765 3131 ,

168 3160 201 3212 si
221 3174 426 3216 creatus
455 3159 674 3214 fuisset.
711 3158 920 3224 Etiam,
954 3158 1142 3214 dices:
1175 3157 1281 3212 Sed
1315 3156 1510 3212 Petrus
1544 3155 1592 3210 id
1621 3156 1768 3210 clare

169 3254 281 3310 dixit
304 3268 357 3310 et
389 3257 712 3328 perspicue.
748 3254 976 3311 Ubinam
1008 3265 1062 3310 et
1103 3255 1359 3327 quando?
1388 3252 1523 3309 Cum
1552 3252 1768 3309 Judazos

173 3348 427 3419 alloquens
457 3349 674 3404 diceret
701 3364 722 3406 ζ
752 3345 933 3417 Ipsum
964 3347 1244 3401 Dominum
1271 3356 1318 3400 et
1344 3346 1601 3400 Christum
1630 3343 1770 3398 Deus

171 3441 282 3507 fecit.
308 3441 414 3494 Cur
458 3455 595 3510 ergo
625 3439 678 3494 id
710 3438 853 3509 quod
883 3441 1127 3508 sequitur
1156 3453 1260 3492 non
1305 3436 1548 3506 adjecisti
1571 3479 1584 3502 ,
1618 3435 1768 3489 Hunc

169 3525 320 3584 Jestun
345 3548 494 3604 quem
522 3518 983 3599 res'cruciﬁa‘istis
1013 3530 1029 3598 (
1045 3529 1158 3583 Act.
1187 3529 1243 3585 2.
1277 3529 1417 3600 36)?
1446 3531 1526 3583 An
1555 3530 1769 3600 ignoras

175 3637 226 3677 es
250 3623 398 3679 dictis
421 3625 532 3679 alia
567 3624 638 3680 ad
668 3623 1024 3678 immortalem
1061 3635 1328 3688 naturam,
1357 3623 1457 3677 alia
1488 3622 1554 3676 ad
1588 3624 1767 3676 incar-

174 3718 417 3772 nationem
452 3715 782 3788 pertinere?
812 3715 868 3772 Si
900 3726 1076 3771 autetn
1119 3732 1226 3770 non
1261 3717 1330 3770 ita
1363 3731 1421 3770 se
1452 3731 1539 3770 res
1572 3715 1765 3782 habet,

174 3810 250 3864 sed
286 3813 464 3866 omnia
493 3811 569 3865 de
601 3811 802 3865 dcitate
842 3810 1111 3878 accipias,
1149 3809 1313 3864 Deum
1345 3809 1648 3878 passibilcm
1683 3808 1767 3862 iu-

176 3901 352 3958 duces:
385 3905 431 3959 si
459 3919 605 3958 vero
636 3918 747 3957 non
783 3902 1072 3972 passibilis,
1107 3917 1214 3957 non
1249 3901 1420 3956 factus
1451 3901 1632 3971 utique
1663 3910 1764 3954 est.

177 3994 288 4050 Nam
318 3999 359 4052 si
385 4013 450 4053 ex
485 3999 676 4052 divina
708 4009 761 4050 et
794 3995 1046 4050 inrﬂabili
1079 4005 1269 4050 natura
1298 3995 1514 4066 sanguis
1541 3993 1768 4048 clliuse-

177 4089 264 4155 rit,
288 4101 337 4146 et
373 4092 418 4147 si
459 4092 588 4147 vice
628 4089 806 4145 carnis
860 4090 971 4161 ipsa
1003 4091 1052 4144 in
1086 4104 1248 4144 cruce
1276 4089 1443 4143 clavis
1512 4087 1768 4140 transﬁxa

179 4184 462 4241 etdissecta
513 4186 631 4251 sit,
682 4185 891 4239 ratione
937 4183 1121 4238 nixum
1153 4197 1240 4238 eet
1285 4182 1558 4251 sophisma
1594 4192 1766 4236 tuum.

179 4276 306 4344 Quod
330 4280 372 4333 si
401 4294 470 4334 ne
502 4269 759 4333 diabolus
783 4277 999 4348 quidem
1033 4277 1102 4331 ita
1151 4275 1607 4345 blasphemavcrit
1628 4315 1642 4337 ,
1671 4289 1770 4327 cur

183 4371 533 4444 inﬂpiahilcm
562 4373 919 4444 ignorantiam
946 4370 1191 4435 simulas,
1215 4369 1360 4440 quali
1391 4384 1460 4423 ne
1493 4368 1771 4421 thcmoucs

185 4463 374 4531 quidem
424 4480 667 4536 unquam
705 4464 788 4518 usi
829 4461 994 4518 sunt?
1026 4461 1293 4517 Prteterea
1322 4460 1438 4515 haec
1462 4502 1477 4528 ,
1513 4459 1772 4514 Dominus

186 4564 228 4608 et
250 4554 503 4623 Christus,
539 4573 646 4612 non
680 4563 810 4611 sunt
824 4551 1279 4618 substantue,sed
1306 4553 1610 4622 dignitatis;
1639 4551 1774 4605 alte-

186 4662 284 4702 rum
310 4651 447 4706 enim
475 4661 567 4707 est
592 4649 877 4720 potentize,
913 4647 1144 4701 alterum
1204 4645 1493 4700 unctionis.
1525 4645 1663 4714 Quid
1695 4661 1775 4701 crs

187 4754 244 4808 go
264 4742 451 4800 dixeris
482 4744 559 4800 de
589 4742 728 4798 Filio
763 4741 895 4796 Dei?
927 4739 1060 4795 Nam
1109 4739 1155 4794 si
1201 4749 1415 4794 creatus
1440 4740 1542 4803 sit,
1574 4751 1631 4794 ut
1676 4754 1773 4793 vos

190 4831 376 4900 dicitis,
405 4837 616 4890 nullutn
667 4834 771 4888 hoc
803 4831 1031 4887 haberet
1066 4831 1265 4886 locum.
1297 4829 1414 4885 Non
1448 4831 1592 4886 enim
1625 4832 1773 4901 prius

194 4920 341 4979 Laetus
367 4939 446 4982 est
469 4969 486 4991 ,
523 4937 579 4982 et
606 4936 733 4980 tunc
762 4925 906 4979 Deus
944 4925 1119 4995 ipsum
1148 4921 1448 4989 ordinavit;
1474 4939 1647 4992 neque
1674 4926 1771 4977 ah-

187 5014 359 5083 jectutn
392 5020 556 5076 habet
605 5018 924 5090 principium
945 5059 959 5081 ,
1003 5015 1100 5072 sed
1129 5031 1195 5070 ex
1238 5024 1426 5071 natura
1456 5026 1617 5084 atque
1643 5017 1772 5070 sub-

193 5113 378 5168 stantia.
404 5113 772 5184 Interrogatus
798 5112 941 5165 enim
966 5124 1092 5165 num
1117 5125 1211 5163 rex
1233 5120 1416 5172 esset,
1448 5107 1562 5181 Ego
1593 5109 1645 5162 in
1678 5109 1773 5163 hoc

195 5213 320 5258 satus
339 5222 444 5260 sum
472 5203 668 5276 (Joan.
698 5203 783 5260 18.
812 5201 958 5277 57),
991 5202 1182 5272 inquit.
1209 5201 1400 5258 Petrus
1422 5211 1601 5255 autem
1625 5203 1774 5271 quasi

246 5316 311 5379 te)
338 5326 575 5370 meritum
602 5317 1416 5380 Verbnmjtyunmaspmemorat
1441 5313 1776 5380 irenzeusl.2,

197 5391 232 5443 ς.
255 5376 334 5442 li;
373 5383 578 5432 rubum
601 5378 900 5440 prolutitium
921 5418 935 5442 ,
962 5376 1193 5443 emam,
1219 5376 1437 5440 appellat
1469 5377 1687 5443 'rbeoithi
1704 5376 1780 5430 los

199 5439 531 5507 Antisti-lienus,
554 5460 602 5507 p.
648 5444 776 5504 θοις
819 5448 874 5492 et
909 5439 1121 5492 subinde
1147 5441 1222 5507 ha:
1255 5439 1409 5489 vOCes
1439 5442 1503 5488 ab
1535 5439 1782 5507 heretico.

201 5505 380 5570 Itasime
402 5504 754 5570 frequentate,
776 5506 994 5570 ideoque
1027 5505 1313 5570 proscripta;
1347 5511 1476 5570 sunt
1521 5504 1773 5570 Erautqui

202 5564 393 5618 dicerent
414 5563 609 5620 t‘at'rem
626 5563 750 5619 ante
776 5563 940 5618 mundi
967 5563 1274 5616 créatioue‘m
1301 5563 1536 5614 habuisse
1559 5563 1780 5612 Verbum

406 5632 649 5683 internum
671 5643 689 5681 :
715 5639 767 5681 et
791 5629 991 5694 quando
1015 5628 1246 5678 mundum
1270 5630 1454 5694 creavit
1474 5662 1496 5694 ,_
1516 5626 1782 5694 protulisw

204 5687 390 5743 Vettium
417 5710 558 5746 suum
584 5731 600 5754 ,
629 5702 680 5744 et
705 5687 1010 5761 tunc'luisse
1045 5703 1274 5761 emotum,
1317 5687 1637 5761 prolatitium.
1666 5703 1782 5761 Αέτγ

207 5775 386 5816 sem...
405 5774 464 5807 ni
486 5751 689 5808 «suum
709 5797 720 5816 ,
743 5755 946 5806 verbum
969 5751 1266 5816 prol'ttt'itium
1286 5751 1331 5816 et
1354 5751 1614 5816 internum,
1642 5751 1783 5816 prout

211 5815 248 5861 in
269 5813 523 5879 luminibus
549 5827 643 5876 est,
672 5813 917 5868 memorat
942 5813 1227 5879 Plutarchus
1247 5853 1260 5876 ,
1277 5813 1436 5879 libro,
1463 5813 1594 5879 quod
1631 5813 1786 5864 Philo-

209 5878 362 5943 wpltus
390 5880 568 5932 debeat
592 5882 810 5932 maxime
834 5879 1082 5943 principes
1104 5878 1306 5941 alloqui.

259 5939 322 6016 (il).
349 5945 570 6016 equidem
604 5943 756 6016 illud,
787 5939 848 5992 hi
869 5939 1110 6005 ptincipt'o
1129 5939 1236 5992 erat
1265 5940 1493 6002 Verbum,
1523 5939 1695 5993 Grece
1717 5942 1788 5992 sic

213 6008 476 6070 exprimitur,
497 6011 542 6060 ἐν
574 6021 664 6071 inf,
687 6013 729 6068 ἦν
756 6017 776 6057 ὁ
801 6021 931 6066 ,ὶότιςι

1883 567 1949 622 de
1979 565 2212 637 quodam
2257 566 2348 636 qui
2390 564 2669 620 ordinatus
2698 566 2770 621 sit
2800 565 3038 636 loquitur
3104 583 3230 624 nam
3260 567 3327 623 de
3353 585 3503 626 meo-

1883 659 2062 712 nomia
2088 699 2102 720 ,
2132 657 2246 713 sive
2275 657 2342 712 de
2375 656 2710 712 humanitate
2743 659 2842 729 ipsi
2871 673 3053 714 sermo
3083 672 3184 716 cst.

1953 750 2008 804 4.
2037 748 2143 805 Cur
2192 749 2377 804 Petrus
2428 748 2644 804 Juda’os
2693 751 2960 821 alloquens
3004 751 3067 805 de
3107 753 3312 808 Clu'isto
3342 764 3397 809 ut
3438 755 3506 810 du

1881 843 2104 913 simplici
2135 845 2340 898 homine
2372 844 2533 896 multa
2566 844 2630 897 sit
2659 844 2879 898 locutus.
2915 842 3147 899 Christus
3174 847 3224 899 in
3256 859 3504 918 quantum

1885 932 2055 990 Filius
2087 933 2183 988 Dei
2217 945 2323 1000 est,
2360 952 2460 988 non
2500 945 2700 988 creatus
2729 945 2821 988 est.
2847 935 3136 1005 —Ecquid
3172 939 3386 995 miraris
3407 982 3424 1008 ,
3456 942 3502 995 si

1884 1028 2077 1084 l’elrus
2106 1029 2155 1083 id
2185 1029 2364 1082 dicat?
2388 1029 2522 1083 Nam
2554 1028 2751 1082 Paulus
2782 1029 3145 1084 Athenienses
3173 1030 3455 1102 alloquens
3483 1077 3500 1094 ,

1881 1124 2055 1179 virum
2088 1122 2265 1191 ipsum
2300 1132 2504 1177 tantum
2552 1122 3047 1192 appellatdicrns:
3083 1122 3149 1176 In
3191 1125 3296 1178 riro
3323 1127 3375 1180 in
3401 1143 3503 1192 quo

1878 1218 2058 1271 statuit
2098 1217 2253 1285 ﬁdem
2281 1215 2512 1282 prtebens
2543 1216 2776 1269 omnibus
2797 1257 2811 1280 ,
2854 1217 3106 1269 suscitans
3144 1233 3262 1270 eum
3290 1236 3322 1271 tt
3363 1235 3496 1274 mor-

1876 1310 1980 1362 tuis
2013 1308 2162 1379 (Art.
2207 1309 2388 1382 17,51
2419 1307 2434 1377 )
2467 1326 2479 1362 :
2512 1308 2755 1378 nihilque
2782 1308 2850 1362 de
2884 1307 3053 1361 fortna
3102 1309 3194 1364 Dei
3224 1312 3461 1381 loquitur
3483 1353 3499 1380 ,
3555 1312 3560 1315 ⁴

1882 1415 2057 1467 neque
2093 1399 2202 1452 Deo
2234 1400 2498 1467 mqualcm
2533 1397 2698 1465 dicit,
2731 1414 2906 1467 neque
2953 1399 3098 1469 quod
3138 1403 3205 1455 sit
3244 1405 3503 1472 Splendor

1877 1492 2238 1561 gloriaeejus;
2271 1491 2432 1560 idque
2459 1491 2679 1543 merito.
2709 1489 2958 1544 Nondum
2981 1492 3122 1545 enim
3148 1504 3355 1564 tempus
3383 1494 3501 1550 luce

1879 1582 2094 1636 dicendi
2126 1593 2376 1644 venerat;
2409 1581 2504 1636 sed
2535 1583 2668 1637 satis
2698 1581 2877 1636 adhuc
2914 1593 3066 1650 erat,
3098 1595 3153 1638 ut
3197 1586 3368 1655 ipsum
3399 1588 3498 1642 ho-

1881 1676 2082 1728 minem
2129 1691 2251 1730 csse
2280 1685 2332 1728 et
2360 1676 2734 1730 rcsurrexisse
2778 1676 3148 1732 admitterent.
3178 1678 3270 1734 Sie
3297 1692 3347 1734 et
3386 1682 3500 1752 ipse

1879 1769 2133 1823 Christus
2163 1769 2319 1832 fecit;
2349 1785 2377 1822 a
2406 1783 2516 1836 quo
2545 1767 2770 1822 edoctus
2794 1768 2992 1822 Paulus
3018 1811 3031 1831 ,
3066 1772 3138 1822 ita
3168 1786 3253 1824 res
3285 1772 3500 1841 (ηενρ...

1876 1863 2052 1918 Sabat.
2085 1863 2200 1916 Non
2229 1861 2373 1917 enim
2408 1863 2590 1915 statim
2625 1861 2782 1916 nobis
2813 1861 3068 1944 deitatem
3103 1878 3255 1917 suam
3288 1867 3500 1922 revela-

1876 1955 1949 2009 vit
1973 1997 1988 2021 ,
2036 1954 2130 2009 sed
2165 1956 2312 2024 prius
2341 1953 2603 2025 propheta
2636 1962 2691 2008 et
2737 1952 2988 2008 Christus
3023 1956 3039 1986 ¹
3072 1956 3301 2025 simplex
3338 1959 3502 2015 homo

1877 2047 2199 2118 putabatur;
2228 2046 2428 2103 deinde
2459 2057 2512 2101 et
2542 2046 2724 2102 verbis
2751 2056 2806 2101 et
2830 2047 3090 2116 operibus
3121 2047 3172 2103 id
3205 2051 3346 2119 quod
3376 2068 3503 2109 vere

1875 2149 1992 2194 crat
2017 2140 2273 2194 ostendit.
2309 2139 2435 2194 ldeo
2466 2139 2660 2195 Petrus
2693 2139 2744 2192 in
2772 2139 3038 2208 principio
3069 2139 3173 2196 hoc
3199 2143 3366 2198 utitur
3387 2159 3504 2199 mo—

1874 2232 1976 2287 do:
2003 2249 2125 2287 nam
2149 2235 2286 2289 hanc
2309 2234 2587 2305 priorem’
2611 2232 2678 2286 ad
2701 2231 2926 2288 Judaeos
2946 2235 3268 2290 concionem
3293 2237 3499 2293 habuit.

1876 2329 2011 2396 Quia
2055 2330 2198 2385 enim
2227 2330 2296 2385 de
2323 2329 2610 2384 divinitate
2653 2327 2773 2395 ejus
2805 2326 2941 2381 nihil
2971 2326 3231 2384 hactenus
3255 2331 3502 2388 ediscere

1879 2433 2190 2493 potuerant,
2220 2423 2342 2477 ideo
2368 2422 2437 2477 de
2458 2420 2658 2477 Christi
2684 2419 2918 2473 humana
2946 2431 3138 2476 natura
3162 2422 3326 2478 verba
3353 2424 3499 2492 facit,

1875 2525 1934 2569 ut
1962 2514 2046 2570 his
2071 2515 2400 2569 exercitatus
2430 2512 2678 2574 auditus,
2708 2509 2775 2565 ad
2803 2510 3066 2582 reliquam
3096 2513 3501 2583 percipiendam

1873 2607 2178 2662 doctrinam
2203 2614 2505 2676 aptarctttr.
2530 2602 2687 2671 Quod
2713 2604 2757 2657 si
2778 2604 2902 2672 quis
2926 2605 3158 2659 voluerit
3181 2613 3348 2660 totam
3370 2620 3501 2662 eon-

1872 2705 2084 2759 cionem
2107 2702 2267 2758 altius
2289 2711 2569 2772 repetere,
2602 2701 2652 2756 id
2684 2701 2829 2772 quod
2849 2699 2973 2755 dico
3002 2702 3353 2773 eonspictnnn
3377 2718 3502 2759 esse

1874 2798 2135 2853 inveniet.
2165 2797 2300 2852 Nam
2328 2807 2384 2853 et
2405 2798 2580 2851 virum
2615 2796 2764 2851 illum
2791 2805 2984 2860 voeat,
3018 2796 3197 2866 deque
3223 2797 3497 2866 passione,

1875 2892 2309 2956 resurrectione,
2337 2899 2394 2946 et
2425 2891 2779 2960 generatione
2807 2889 3108 2946 secundum
3132 2905 3350 2945 carnem
3378 2892 3498 2961 plu-

1877 2982 2030 3038 ribus
2072 2984 2204 3052 agit.
2239 2982 2438 3036 Paulus
2473 2998 2602 3036 vero
2632 2997 2754 3036 cum
2789 2983 2954 3042 dicit,
2989 2982 3092 3049 Qui
3139 2985 3306 3052 factus
3334 2992 3406 3036 est
3437 3000 3502 3037 ra:

1872 3075 2067 3128 semine
2105 3071 2276 3126 David
2326 3073 2607 3127 secundum
2652 3089 2859 3126 carnem
2906 3071 3098 3146 (Rom.
3134 3074 3186 3128 1.
3226 3073 3330 3141 5).
3365 3073 3498 3128 nihil

1872 3164 2020 3219 aliud
2055 3179 2155 3219 nos
2182 3166 2342 3219 docet
2367 3206 2381 3228 ,
2411 3180 2574 3234 quam
2597 3165 2739 3234 quod
2766 3164 2895 3219 illud
2918 3206 2933 3231 ,
2970 3163 3114 3217 Fecit
3136 3207 3150 3228 ,
3185 3165 3254 3220 de
3281 3180 3504 3219 (renuo.

1874 3257 1979 3310 mia
2005 3256 2208 3310 dictum
2233 3256 2332 3319 sit;
2365 3255 2415 3308 id
2445 3255 2586 3324 quod
2615 3256 2776 3309 etiam
2801 3269 2900 3308 nos
2921 3257 3268 3310 conlitemur.
3293 3255 3492 3312 Verum

1875 3347 2017 3403 ﬁlius
2048 3349 2268 3403 tonitrui
2300 3348 2369 3402 de
2417 3347 2672 3403 inclinbili
2716 3360 2770 3401 et
2795 3357 2922 3402 ante
2951 3349 3148 3401 smrula
3177 3352 3498 3404 cxsisteutia

1875 3459 2017 3498 nunc
2043 3457 2141 3496 nos
2171 3441 2487 3508 alloquitur.
2526 3441 2652 3495 Ideo
2680 3441 2776 3516 illo
2802 3482 2815 3504 .
2850 3439 3038 3506 Fecit,
3073 3442 3263 3497 relicto
3285 3483 3301 3509 ,
3334 3442 3498 3511 Erat,

1875 3535 2030 3590 dixit.
2058 3534 2354 3606 Oportebat
2380 3535 2524 3588 enim
2545 3575 2560 3596 ,
2589 3534 2634 3588 si
2659 3523 2900 3588 creatum
2931 3533 3152 3600 fuisset,
3183 3534 3232 3588 id
3258 3537 3497 3590 maxime

1875 3631 2122 3687 delinire.
2157 3629 2212 3685 Si
2256 3629 2401 3684 enim
2437 3629 2634 3682 Paulus
2668 3627 2843 3681 timuit
2880 3643 2946 3682 ne
2975 3629 3098 3698 quis
3125 3643 3190 3682 ex
3228 3628 3493 3696 insipien-

1879 3727 2019 3780 tibus
2042 3724 2408 3795 StISpicarctur
2435 3722 2626 3776 Filium
2654 3721 2813 3774 Patre
2836 3721 3099 3789 majorem
3126 3720 3267 3786 fore,
3301 3732 3355 3776 et
3392 3722 3498 3778 Gc-

1878 3820 2110 3873 nitorem
2143 3816 2248 3870 sibi
2294 3816 2597 3884 subjectum
2652 3813 2963 3867 habiturutn
3002 3827 3174 3868 esse:
3223 3829 3347 3868 nam
3383 3815 3504 3869 ideo

1876 3910 2173 3967 Corinthiis
2202 3908 2449 3963 scribens
2479 3907 2733 3962 dicebat:
2765 3905 2891 3960 Cum
2924 3917 3095 3960 autem
3125 3908 3284 3973 dicit,
3319 3908 3501 3979 Subje-

1875 4015 1957 4056 cta
1983 4011 2137 4068 sunt,
2174 4001 2284 4055 sine
2310 3997 2464 4052 dubio
2501 4007 2686 4069 prwter
2719 4015 2832 4052 eum
2869 3998 2955 4067 qui
2998 3999 3212 4068 subjecit
3248 4001 3294 4052 ei
3325 4002 3500 4054 omnia

1877 4098 1968 4168 (1.
1996 4094 2118 4151 Cor.
2145 4095 2231 4149 15.
2261 4092 2351 4149 26.
2383 4092 2451 4148 9.7
2472 4097 2489 4162 )
2513 4109 2525 4153 ;
2551 4093 2698 4162 atqui
2723 4093 2848 4162 quis
2876 4092 3245 4162 suspicaretur
3276 4091 3494 4148 Patrem

1876 4207 1998 4245 cum
2039 4190 2292 4244 omnibus
2323 4187 2626 4257 subjectum
2660 4187 2771 4240 fore
2805 4184 2986 4241 Filio?
3017 4196 3068 4241 et
3109 4196 3289 4240 tamen
3319 4185 3364 4240 si
3397 4186 3495 4240 has

1877 4281 2141 4337 absurdus
2167 4281 2509 4349 Suspiciones
2547 4277 2728 4331 timuit
2756 4287 2811 4332 et
2837 4278 2966 4332 dicit
2993 4320 3007 4340 ,
3045 4276 3248 4332 Prwtcr
3270 4295 3385 4331 eum
3413 4280 3500 4346 qui

1876 4375 2089 4446 subjecit
2111 4375 2156 4427 ei
2182 4375 2393 4436 omnia;
2426 4372 2593 4425 multo
2619 4371 2787 4440 magis
2813 4370 3100 4445 Joannem,
3129 4371 3173 4424 si
3203 4370 3372 4425 Filius
3401 4371 3498 4426 hci

1877 4479 2090 4524 creatus
2120 4467 2349 4530 fuisset,
2384 4466 2575 4519 timere
2623 4465 2929 4532 oportebat,
2961 4479 3028 4517 ne
3055 4463 3174 4534 quis
3203 4464 3374 4534 ipsum
3409 4464 3492 4519 iu-

1879 4573 2118 4618 creatqu
2149 4570 2382 4631 putaret.
2417 4558 2659 4628 illudque
2682 4574 2794 4629 przc
2823 4557 3077 4612 munibus
3108 4557 3324 4613 docere.
3361 4557 3503 4614 Cum

1880 4665 2060 4710 autem
2094 4654 2311 4724 genitus
2342 4652 2432 4715 sit,
2458 4651 2579 4719 jure
2610 4665 2784 4716 neque
2809 4650 2944 4717 ipse,
2977 4664 3155 4718 neque
3183 4649 3322 4703 alius
3355 4652 3506 4719 quis~

1882 4746 2046 4816 piam,
2067 4745 2152 4798 vel
2175 4744 2454 4813 apostolus
2475 4743 2556 4796 vel
2583 4741 2846 4811 propheta
2871 4751 3113 4794 creatum
3135 4741 3310 4805 ipsum
3338 4741 3504 4797 fuisse

1881 4837 2034 4892 dit-it.
2066 4835 2178 4889 lmo
2225 4849 2398 4903 neque
2429 4836 2542 4902 ipse
2574 4831 2897 4901 Unigenitus
2925 4829 2976 4885 id
3013 4833 3451 4902 protei-misisset
3485 4876 3502 4900 ,

1884 4930 1928 4983 si
1956 4937 2175 4982 creatus
2198 4942 2324 4982 vere
2350 4925 2560 4979 fuisset.
2586 4925 2686 4991 Qui
2707 4925 2850 4978 enim
2884 4935 2989 4978 tam
3019 4925 3240 4978 humilia
3265 4939 3388 4980 sese
3410 4925 3514 4981 de-

1886 5020 2154 5075 mittenda
2187 5019 2457 5088 loquitur,
2499 5018 2670 5072 multo
2713 5018 2893 5070 minus
2936 5015 2987 5070 id
3050 5017 3308 5070 tacuisset
3365 5017 3499 5071 Nam

1891 5113 2252 5167 verisimilius
2287 5120 2415 5181 puto
2451 5114 2624 5181 ipsum
2670 5125 2829 5179 quam
2883 5109 3105 5163 haberet
3137 5111 3508 5176 praestantiam

1888 5208 2066 5277 potius
2100 5205 2331 5259 tacuisse
2357 5247 2371 5270 ,
2415 5221 2574 5274 quant
2608 5205 2652 5257 si
2692 5219 2800 5256 non
2835 5203 3061 5258 haberet
3107 5202 3156 5256 id
3189 5202 3497 5272 [materiai-

1888 5302 2025 5355 sissc
2046 5341 2061 5362 ,
2091 5314 2191 5354 nec
2215 5297 2553 5368 significasse
2582 5296 2631 5349 id
2657 5311 2715 5350 se
2748 5313 2852 5349 non
2884 5294 3104 5350 habere.
3136 5294 3245 5349 lllic
3272 5310 3508 5350 consen-

1888 5405 2044 5451 tanea
2073 5393 2284 5448 tacendi
2309 5407 2470 5446 causa
2495 5399 2635 5454 erat,
2669 5390 2811 5461 quod
2844 5391 3003 5444 vellet
3027 5388 3228 5444 docere
3261 5389 3514 5446 homines

1890 5488 2250 5547 humilitatem
2277 5530 2293 5550 ,
2342 5485 2570 5556 ideoque
2600 5483 2966 5555 pra-stantiam
3000 5498 3153 5538 suam
3189 5485 3506 5552 obtegeret;

1890 5578 1978 5635 hic
2015 5591 2199 5634 autem
2244 5594 2311 5632 ne
2353 5578 2633 5632 minimam
2668 5576 2887 5646 quidem
2925 5574 3267 5646 probabilem
3302 5577 3510 5631 tacendi

1891 5688 2112 5730 causam
2163 5671 2348 5728 dicere
2396 5674 2589 5741 possis.
2622 5670 2732 5725 Cur
2771 5669 2918 5723 enim
2950 5669 2994 5723 si
3026 5680 3240 5725 creatus
3271 5682 3422 5734 erat,
3453 5684 3511 5724 se

1961 5878 1978 5908 ¹
2006 5882 2157 5946 ,ωιιθ
2178 5870 2320 5924 savii.
2349 5879 2402 5923 et
2426 5871 2541 5923 Cod.
2580 5870 2694 5933 706,
2724 5873 2984 5934 legeretur
3009 5879 3174 5934 recte,
3199 5872 3365 5932 bimus,
3392 5881 3512 5939 pm,

1897 5939 2147 6055 ("I‘iiiiil
2175 5998 2411 6061 lbiorcnt,
2439 5997 2582 6049 dem
2611 6000 2658 6047 in
2692 5994 2984 6058 qmbumam
3026 6005 3134 6047 mw
