4078 6500
573 449 641 505 ιτ)
1335 434 1393 491 S.
1433 430 1710 488 IOANNIS
1747 418 2226 484 CIIRYSOSTOMI
2265 416 2580 477 ARCHIEP.
2622 414 3156 473 CONSTAN'HNOI'.
3815 415 3887 472 ιι

583 562 779 617 factum
811 573 932 615 esse
975 555 1262 621 tacuisset,
1314 552 1403 624 qui
1452 550 1622 606 multa
1668 548 1769 603 sibi
1819 542 2165 615 congruentia

584 649 1065 723 prmtermittehat?
1093 650 1274 719 itaque
1295 648 1341 701 is
1356 644 1446 716 qui
1471 643 1537 699 ad
1568 642 1867 699 docendum
1893 636 2167 693 humilita-

588 756 691 801 tem
714 744 941 811 abjccta,
967 740 1067 795 sibi
1091 756 1200 796 non
1231 738 1616 810 competentia,
1640 750 1782 805 swpe
1808 732 1963 798 dixit,
1997 729 2168 787 multo

585 832 773 908 magis,
799 836 843 891 si
866 844 1077 891 creatus
1103 833 1314 899 fuisset,
1341 833 1390 887 id
1417 848 1519 886 nou
1550 827 2009 900 praetermissurus
2030 831 2167 879 erat.

580 928 770 985 Nomn:
798 929 945 982 vides
980 927 1185 995 ipsum,
1232 940 1299 979 ne
1324 926 1442 994 quis
1473 922 1766 992 ingenitum
1796 918 2170 989 suspicaretur

580 1020 708 1074 nihil
742 1035 846 1073 non
880 1026 1124 1087 agentem
1156 1026 1211 1070 et
1242 1014 1529 1076 dicentem,
1565 1012 1673 1067 imo
1703 1010 1919 1079 indigna
1945 1009 2170 1078 loquen-

584 1122 693 1168 tem
722 1126 814 1166 sua
858 1110 1112 1180 dignitate
1140 1116 1195 1161 et
1242 1106 1535 1161 substantia
1566 1106 1583 1136 ί
1605 1146 1619 1172 ,
1648 1114 1807 1175 atque
1854 1102 1905 1157 in
1934 1098 2168 1172 prophe-

580 1215 647 1259 ιω
674 1203 1024 1257 humilitatem
1056 1214 1175 1254 sese
1202 1197 1619 1255 demittentcm?
1652 1195 1780 1251 Illud
1810 1195 1986 1260 enim,
2021 1192 2167 1247 Sicut

578 1295 753 1358 audio,
779 1293 991 1364 judico:
1019 1300 1075 1346 et
1114 1290 1240 1345 illud
1262 1333 1275 1353 ,
1310 1288 1413 1344 Ille
1441 1289 1566 1344 mihi
1594 1288 1719 1342 dixit
1763 1286 1887 1358 quid
1928 1286 2093 1339 dicam
2121 1292 2167 1338 et

576 1384 699 1455 quid
720 1385 897 1453 loquar
918 1380 1108 1451 (Joan.
1140 1381 1193 1436 5.
1225 1381 1312 1436 50.
1363 1389 1407 1434 et
1437 1378 1523 1434 12.
1553 1379 1623 1436 49
1645 1379 1685 1452 ),
1720 1386 1773 1433 et
1800 1377 2014 1444 similia,
2047 1391 2169 1446 pro-

579 1474 858 1545 phetarum
888 1483 1094 1527 tantum
1124 1473 1284 1527 verba
1310 1482 1456 1527 sunt.
1480 1471 1536 1527 Si
1561 1485 1690 1541 ergo
1714 1479 1771 1525 ut
1794 1469 1931 1525 hanc
1955 1469 2169 1525 tolleret

577 1566 975 1638 suspicionem,
1019 1575 1125 1619 tam
1158 1563 1379 1619 humilia
1409 1564 1649 1633 proferre
1682 1562 1845 1618 verba
1876 1577 1983 1616 non
2012 1560 2165 1616 dedi-

577 1667 767 1726 gnatus
793 1668 872 1712 est
908 1676 920 1711 :
966 1658 1133 1710 multo
1178 1656 1346 1726 tnagis
1367 1697 1381 1722 ,
1426 1657 1470 1710 si
1502 1665 1715 1710 creatus
1743 1665 1891 1710 esset
1910 1696 1923 1717 ,
1952 1669 2020 1708 ne
2050 1652 2170 1722 quis

580 1745 873 1799 increatum
905 1742 1054 1795 illum
1076 1741 1464 1811 suspicaretur,
1490 1740 1660 1794 utulta
1685 1740 1879 1793 similia
1910 1737 2165 1803 dixisset;

580 1834 724 1888 verbi
757 1847 913 1888 causa
938 1873 953 1896 ,
982 1830 1157 1886 Nolite
1189 1842 1375 1901 putare
1404 1845 1489 1886 me
1510 1830 1750 1901 genitum
1776 1843 1897 1884 esse
1919 1844 1947 1881 a
1972 1828 2165 1893 Patre;

581 1940 704 1979 nam
736 1924 903 1978 factus
924 1965 939 1983 .
974 1939 1079 1977 non
1131 1924 1341 1993 genitus
1387 1937 1505 1976 sum
1528 1964 1543 1989 ,
1571 1936 1746 1992 neque
1788 1937 1857 1977 ex
1885 1920 2074 1976 eadem
2104 1935 2167 1974 ex

578 2034 680 2088 qua
706 2017 793 2070 ille
811 2016 1128 2070 substantia.
1155 2014 1307 2069 Nune
1327 2025 1506 2069 autem
1531 2016 1757 2070 omnino
1782 2024 1974 2069 contra
2001 2014 2125 2069 facit
2152 2030 2165 2078 ;

514 2134 517 2136 ·
579 2126 700 2165 nam
740 2125 802 2164 ca
846 2109 1080 2179 loquitur
1099 2151 1113 2173 ,
1142 2124 1262 2179 quzc
1292 2108 1374 2163 vel
1404 2108 1601 2164 invitos
1626 2118 1821 2179 cogant
1850 2107 1918 2162 ad
1948 2118 2171 2163 contra-

576 2202 709 2257 riam
753 2200 1180 2270 amplectendam
1220 2200 1580 2261 sententiam;
1625 2209 1683 2253 nt
1713 2214 1940 2269 nempe:
1978 2198 2087 2269 Ego
2116 2199 2170 2252 in

586 2293 761 2360 I’atrc,
803 2306 849 2348 et
875 2292 1035 2349 Pater
1056 2293 1110 2347 in
1138 2309 1217 2347 me
1238 2292 1425 2361 (Joan.
1457 2292 1544 2348 Η.
1576 2292 1710 2363 10);
1740 2302 1822 2357 et,
1856 2290 2022 2346 Tanto
2049 2302 2171 2345 tem-

580 2403 701 2459 pore
727 2386 978 2440 vobiscum
1004 2402 1134 2451 sum,
1155 2395 1199 2441 et
1221 2401 1323 2440 non
1351 2385 1623 2455 cognovisti
1641 2400 1739 2451 me,
1760 2383 2044 2455 Philippe?
2074 2382 2171 2449 Qui

578 2480 711 2533 videt
748 2494 853 2543 me,
886 2478 1019 2563 ridet
1042 2489 1087 2532 et
1120 2475 1325 2532 Patrem
1351 2475 1525 2549 (Ibid.
1550 2474 1649 2549 9);
1673 2487 1727 2533 et
1753 2517 1767 2543 ,
1805 2477 1871 2532 Ut
1889 2494 2060 2532 omnes
2088 2477 2173 2531 lto-

580 2579 759 2623 uorent
784 2568 994 2632 Filium,
1019 2569 1147 2622 sicut
1187 2569 1435 2623 honorant
1466 2569 1671 2623 Patrem
1702 2566 1813 2639 (Id.
1839 2569 1891 2625 5.
1914 2569 2027 2641 23).
2054 2570 2171 2625 Sic-

578 2672 634 2715 ttt
662 2661 822 2716 Pater
847 2663 1058 2716 suscitat
1087 2674 1346 2731 mortuos,
1395 2673 1441 2719 et
1477 2664 1698 2729 viviﬁcat
1722 2680 1741 2719 :
1768 2664 1842 2719 sic
1886 2674 1933 2719 et
1963 2663 2130 2719 Filius
2154 2706 2168 2731 ,

579 2772 703 2825 quos
746 2758 887 2820 uult,
929 2756 1144 2825 vivi/icat
1195 2755 1371 2827 (Ibid.
1424 2756 1549 2829 ει).
1611 2756 1768 2812 Pater
1826 2774 1965 2813 meus
2016 2775 2174 2828 usque

581 2847 729 2900 modo
772 2858 1011 2915 operatur
1034 2888 1047 2912 ,
1092 2858 1138 2900 et
1168 2864 1258 2918 ego
1301 2864 1484 2917 operor
1526 2846 1701 2919 (Ibid.
1737 2850 1835 2920 ΓΙ)
1864 2890 1877 2904 .
1902 2850 2050 2906 Sicut
2077 2868 2171 2905 no-

580 2940 646 2990 uit
668 2954 746 2989 me
776 2935 953 3002 Pater,
987 2948 1032 2990 et
1054 2954 1146 3009 ego
1175 2955 1326 2992 nosco
1349 2936 1580 2993 Patrem.
1610 2939 1723 3009 Ego
1748 2950 1795 2993 et
1826 2938 1983 2995 Pater
2014 2958 2170 2996 unum

578 3032 793 3101 sumus(
820 3028 900 3083 Id.
928 3031 1015 3097 10,
1039 3032 1122 3086 15.
1142 3040 1187 3086 et
1352 3031 1415 3086 Et
1444 3032 1639 3103 ubique
1654 3033 1798 3089 Sicut
1819 3043 1870 3089 et
1896 3032 1981 3089 Ita
1999 3037 2168 3105 ponit,

582 3126 815 3191 dicitque
845 3139 902 3179 se
932 3135 985 3179 et
1015 3122 1236 3180 Patrem
1287 3141 1450 3179 unum
1495 3140 1615 3181 esse
1636 3168 1650 3193 ,
1685 3128 1997 3199 nullamque
2048 3143 2170 3185 esse

579 3216 932 3272 diﬁ‘erentiam
973 3217 1230 3275 declarat.
1263 3220 1650 3274 Auctoritatem
1692 3237 1819 3275 vero
1847 3232 1902 3276 ct
1933 3237 2028 3292 per
2054 3222 2171 3279 hac

582 3316 638 3363 et
669 3322 762 3376 per
800 3308 901 3361 alia
959 3309 1107 3378 plura
1153 3308 1523 3375 demonstrat;
1553 3321 1606 3366 ut
1637 3328 1758 3365 eum
1801 3311 1962 3381 dicit,
1994 3311 2129 3368 Tace
2149 3356 2163 3381 ,

582 3400 900 3466 obmutesce;
938 3398 1096 3468 Volo,
1128 3402 1413 3469 mundare;
1446 3401 1559 3457 Tibi
1585 3404 1697 3458 dico
1722 3422 1739 3459 :
1769 3405 1938 3460 Surda
1962 3417 2006 3461 et
2037 3419 2173 3463 mute

578 3490 799 3557 dwmott,
830 3492 911 3547 cati
933 3494 995 3548 ab
1021 3510 1077 3549 eo
1121 3493 1322 3566 (Marc.
1367 3497 1422 3551 4.
1474 3497 1565 3552 59.
1599 3495 1787 3552 Matth.
1817 3500 1870 3554 8.
1902 3500 1956 3555 5.
2004 3500 2169 3557 Marc.

580 3584 635 3640 9.
664 3583 766 3655 24)
796 3604 808 3640 :
852 3586 1121 3657 illudque,
1155 3590 1382 3641 Audistis
1404 3589 1525 3658 quia
1568 3591 1758 3644 dictum
1801 3602 1873 3647 est
1913 3594 2134 3664 antiquis
2155 3638 2168 3657 ,

583 3680 704 3737 Non
726 3680 921 3736 occides
944 3695 963 3736 :
987 3699 1077 3754 ego
1100 3691 1265 3735 autem
1289 3684 1402 3737 dico
1433 3686 1569 3739 vobis
1588 3726 1602 3751 ,
1632 3686 1733 3753 Qui
1760 3688 1998 3741 irascitur
2019 3692 2171 3760 fratri

583 3789 675 3827 suo
712 3773 933 3841 (rustra,
965 3789 1082 3829 reus
1112 3775 1206 3827 erit
1235 3773 1460 3844 (Matth.
1493 3775 1546 3831 5.
1588 3775 1679 3831 21.
1712 3776 1834 3848 22).
1863 3778 2173 3850 Similiaque

584 3866 804 3931 statuit,
834 3873 887 3919 et
914 3865 1165 3919 miracula
1200 3867 1345 3932 edit,
1368 3882 1488 3936 qua:
1511 3869 1717 3938 possint
1738 3869 1852 3938 ejus
1878 3874 2169 3939 potentiam

581 3956 951 4012 demonstrare
979 3974 994 4011 :
1040 3958 1149 4013 imo
1180 3958 1265 4014 vel
1306 3959 1525 4014 minima
1553 3961 1768 4031 quidem
1802 3963 2015 4019 illorum
2048 3982 2171 4037 pars

581 4063 676 4103 eos
697 4090 711 4112 ,
734 4050 822 4118 qui
850 4065 956 4104 non
980 4052 1123 4105 omni
1149 4066 1368 4122 prorsus
1390 4068 1553 4108 sensu
1580 4065 1766 4111 carent
1786 4098 1800 4121 ,
1830 4056 2097 4116 adducere
2116 4070 2172 4118 et

584 4139 903 4211 persuadere
934 4143 1122 4212 possit.

653 4232 707 4287 5.
738 4230 917 4287 Inanis
944 4232 1122 4305 gloria:
1147 4235 1408 4289 damnum.
1439 4267 1515 4279 —
1552 4237 1750 4295 Verum
1787 4256 1849 4296 ea
1889 4252 1973 4297 est
1998 4244 2175 4300 inanis

580 4320 763 4395 glorim
788 4326 807 4356 ²
836 4326 951 4391 vis,
998 4335 1056 4380 ut
1097 4326 1180 4381 vel
1226 4327 1279 4381 in
1325 4328 1487 4383 rebus
1531 4330 1979 4390 manifestissimis
2008 4338 2177 4405 possit

582 4432 768 4471 eorum
812 4418 903 4489 qtti
946 4418 1037 4473 illa
1076 4419 1215 4489 capti
1248 4429 1371 4475 sunt
1414 4433 1649 4479 mentem
1680 4441 1975 4496 excaecare,
2016 4440 2175 4502 atque

584 4510 689 4564 illis
715 4510 941 4565 suadere
960 4551 974 4575 ,
1020 4518 1077 4564 ut
1105 4511 1263 4566 etiam
1299 4515 1565 4590 adversus
1607 4532 1669 4571 ea
1696 4534 1813 4589 qua:
1844 4520 1895 4574 in
1925 4520 2175 4579 confesso

580 4612 703 4657 sunt
733 4603 1093 4670 cootcudant;
1127 4605 1385 4677 aliosque,
1438 4610 1631 4679 quibus
1677 4626 1801 4667 nota
1847 4618 2044 4672 veritas
2067 4629 2169 4685 est,

580 4692 646 4747 ad
696 4693 1055 4749 simulandum
1105 4706 1159 4751 et
1211 4707 1393 4752 contra
1439 4702 1713 4759 nitendum
1760 4705 1987 4762 incitet:
2030 4710 2169 4779 quod

581 4787 740 4839 etiam
772 4786 971 4841 ludatis
1000 4788 1211 4842 accidit.
1255 4789 1370 4845 Non
1400 4794 1543 4847 enim
1575 4811 1666 4863 per
1706 4797 2056 4867 igttorantiam
2087 4802 2173 4858 Fi-

585 4879 713 4931 lituu
746 4877 836 4932 Dei
866 4877 1149 4947 negabant,
1174 4881 1269 4936 sed
1309 4894 1367 4937 ut
1395 4886 1533 4954 apud
1565 4888 1749 4959 vulgus
1781 4892 2037 4950 honorem
2072 4898 2171 4953 sibi

583 4972 946 5026 conciliarent.
982 4972 1111 5027 Nam
1141 4972 1417 5031 Credebant
1460 4980 1511 5032 in
1554 4997 1664 5034 cum
1696 4982 1873 5053 (Jour.
1924 4988 2009 5043 12.
2054 4989 2169 5058 42),

582 5066 770 5136 inquit,
804 5065 897 5121 sed
926 5066 1183 5123 timebant
1220 5085 1285 5124 ne
1310 5079 1456 5126 extra
1492 5089 1814 5147 synagogam
1848 5081 2037 5137 tierent
2062 5124 2076 5146 ,
2118 5084 2169 5139 in

580 5157 913 5227 aliorumque
966 5160 1188 5227 gratiam
1233 5163 1457 5217 salutent
1498 5180 1646 5219 suam
1695 5169 2009 5237 prodebant.
2053 5173 2170 5231 Non

584 5261 755 5317 potest
776 5253 941 5317 enim,
974 5268 1077 5305 tton
1106 5262 1280 5321 potest
1310 5257 1491 5325 utique
1522 5259 1566 5312 is
1593 5260 1682 5329 qui
1709 5273 2029 5331 prmsentem
2050 5268 2167 5336 glo-

583 5346 715 5400 riam
746 5344 817 5401 ita
844 5352 1044 5415 captat,
1087 5344 1227 5399 illam
1277 5363 1396 5416 qua:
1436 5363 1467 5403 a
1515 5349 1625 5407 Deo
1651 5362 1733 5408 est
1760 5350 1997 5428 assequi.
2024 5358 2168 5428 Qua-

583 5449 801 5509 propter
840 5438 1133 5506 increpavit
1162 5455 1254 5493 eos
1300 5439 1383 5495 his
1416 5443 1589 5499 verbis
1620 5465 1633 5499 :
1668 5446 1934 5514 Quomodo
1964 5471 1998 5521 ,n
2020 5456 2170 5509 uestis

580 5530 803 5593 credere,
848 5530 932 5597 qui
977 5531 1192 5599 gloriam
1236 5532 1297 5585 ab
1346 5533 1628 5591 hominibus
1657 5541 1920 5611 accipitis,
1953 5545 2169 5601 stillam

581 5637 694 5691 qua:
721 5640 751 5676 a
784 5619 891 5675 Deo
917 5630 987 5675 est
1016 5638 1115 5675 non
1154 5624 1377 5692 quanitis
1404 5624 1584 5694 (Joan.
1612 5630 1670 5697 5,
1699 5632 1831 5705 44)?
1865 5635 1937 5691 Ea
1975 5642 2167 5711 quippe

646 5782 662 5813 ι
698 5778 1136 5843 Quidum,ilttliﬂttt:
1162 5778 1427 5843 toqnmtrm
1460 5798 1549 5833 sua
1584 5786 1863 5841 substantia.

643 5844 663 5873 ²
694 5840 889 5914 puniant
913 5842 1109 5898 habent,
1135 5840 1419 5904 unrbitimis,
1443 5857 1491 5899 et
1517 5848 1616 5909 alii,
1642 5840 1875 5915 ararititr,
1895 5868 2000 5918 pro,
2015 5851 2169 5910 tennis

580 5905 763 5970 gloria.

2280 534 2536 609 profunda
2590 534 2831 605 qurcdaut
2881 534 3114 589 ebrietas
3157 541 3279 588 est:
3310 531 3537 602 ideoque
3578 530 3623 586 is
3664 534 3754 599 qtti
3788 531 3888 586 illo

2276 629 2437 684 animi
2470 629 2657 683 morbo
2683 635 2871 699 captus
2892 636 2997 693 est,
3025 624 3246 681 difﬁcile
3273 625 3555 695 resipiscit.
3583 623 3711 679 [Luc
3732 623 3886 679 labes

2277 721 2606 791 captivorum
2634 719 2869 774 animam
2901 734 2930 772 a
2952 718 3086 773 είυιο
3125 715 3466 779 abscindens,
3495 726 3654 772 terra:
3686 713 3883 785 afﬁgit,

2278 828 2377 869 nec
2406 813 2531 867 sinit
2558 826 2737 869 veram
2769 812 2961 866 intueri
2994 811 3198 875 lucem,
3245 802 3343 864 sed
3384 808 3438 864 itt
3481 822 3637 864 caeno
3662 822 3886 880 semper

2279 903 2502 961 volutari
2533 914 2705 970 curat,
2737 904 2988 960 dominos
3017 904 3148 974 ipsis
3189 918 3383 974 parans
3410 903 3485 959 ita
3515 912 3788 973 potentes,
3822 910 3885 959 ut
3911 908 3915 912 ’

2277 1000 2395 1055 sine
2427 998 2578 1069 jussu
2608 998 2789 1068 aliquo
2833 998 2964 1068 ipsis
2993 997 3276 1066 imperent.
3320 994 3454 1050 Nam
3492 994 3538 1049 is
3566 995 3657 1065 qui
3690 994 3885 1065 hujus-

2278 1092 2421 1149 modi
2460 1092 2651 1148 morbo
2681 1092 2907 1156 laborat,
2951 1091 3113 1147 etiam
3146 1088 3358 1145 nemine
3383 1087 3640 1159 iubente,
3686 1096 3886 1157 sponte

2278 1183 2367 1239 illa
2415 1184 2595 1239 omnia
2636 1183 2818 1248 efﬁcit,
2876 1198 2995 1253 qua:
3044 1190 3194 1253 putat
3237 1180 3469 1235 dominis
3512 1178 3619 1234 illis
3663 1179 3884 1251 placere

2278 1291 2455 1347 posse.
2488 1275 2705 1332 Illorum
2751 1275 2948 1347 quippe
2976 1275 3143 1346 gratia
3175 1272 3413 1346 pulchris
3451 1272 3689 1328 induitur
3711 1280 3884 1327 vestt-

2276 1367 2397 1430 hus,
2426 1366 2615 1422 faciem
2647 1376 2820 1432 ornat,
2869 1381 2974 1422 non
3021 1366 3158 1435 sibi,
3208 1366 3303 1421 sed
3348 1364 3505 1430 aliis;
3556 1363 3885 1419 famulorum

2278 1457 2487 1513 turbam
2518 1459 2570 1513 iu
2597 1458 2715 1513 foro
2740 1457 3121 1525 circumducit,
3156 1466 3213 1512 ut
3242 1456 3365 1511 aliis
3393 1457 3462 1510 sit
3488 1454 3832 1511 admirationi
3865 1472 3882 1510 :

2276 1550 2532 1623 quidquid
2566 1552 2799 1624 denique
2826 1551 2969 1617 facit,
2996 1561 3049 1607 ut
3082 1551 3199 1607 aliis
3226 1551 3451 1622 placeat,
3480 1550 3716 1607 exhibet.
3737 1550 3884 1607 Num

2278 1642 2381 1699 hoc
2404 1644 2566 1699 animi
2596 1644 2786 1698 morbo
2817 1643 3107 1713 quidquam
3139 1642 3381 1699 deterius
3423 1657 3545 1699 esse
3575 1642 3784 1713 possit?
3812 1641 3888 1700 Ut

2277 1736 2399 1791 aliis
2425 1737 2495 1792 sit
2522 1737 2882 1803 admirationi,
2917 1751 3058 1808 saepe
3103 1752 3165 1793 se
3195 1737 3525 1807 praecipitem
3571 1735 3682 1791 dat.
3733 1734 3885 1794 Satis

2277 1840 2427 1887 certe
2462 1842 2646 1887 essent
2682 1847 2743 1885 ea
2788 1848 2908 1901 quae
2958 1846 2989 1885 a
3034 1830 3252 1887 Christo
3296 1829 3433 1886 dicta
3465 1838 3591 1884 sunt
3620 1829 3685 1885 ad
3718 1830 3888 1901 hujus

2278 1923 2450 1979 morbi
2478 1922 2812 1994 tyrannidem
2836 1920 3313 1978 demonstrandam
3334 1940 3347 1976 :
3367 1936 3554 1977 verum
3572 1920 3698 1977 hinc
3716 1921 3883 1977 etiam

2260 2016 2367 2085 ,illa
2394 2026 2769 2089 cognoscatur.
2824 2016 2954 2072 Nam
3000 2017 3042 2072 si
3073 2018 3379 2087 quempiam
3425 2030 3493 2070 ex
3544 2015 3648 2070 illis
3673 2014 3885 2071 civibus

2279 2108 2368 2178 qui
2416 2118 2662 2176 sumptus
2708 2106 3037 2178 profundunt
3086 2106 3350 2162 maximos
3397 2106 3697 2176 interroges
3724 2146 3741 2175 ,
3784 2120 3886 2162 cur

2279 2207 2483 2253 tantum
2510 2199 2625 2253 auri
2655 2203 2986 2269 tmpendant,
3029 2198 3157 2269 quid
3203 2198 3304 2252 sibi
3350 2197 3533 2253 volunt
3571 2196 3884 2269 huiusmodi

2278 2298 2543 2359 sumptus,
2579 2291 2710 2347 nihil
2751 2289 2895 2345 aliud
2938 2290 3373 2360 reSpondcbunt,
3405 2304 3564 2360 quam
3594 2299 3655 2345 ut
3682 2290 3886 2360 populo

2282 2384 2547 2455 placeant.
2594 2384 2651 2441 Si
2702 2398 2915 2440 rursum
2970 2383 3301 2448 scisciteris,
3341 2382 3468 2453 quid
3500 2382 3571 2437 sit
3607 2382 3882 2453 populus:

2280 2477 2585 2548 Quidpiam,
2607 2478 2865 2549 inquient,
2888 2476 3116 2531 tumultu
3146 2475 3359 2546 plenum
3381 2484 3435 2531 et
3458 2476 3881 2545 perturbatione,

2278 2582 2343 2623 ex
2374 2568 2677 2637 insipientia
2710 2569 3026 2639 plerumque
3045 2577 3320 2635 constans,
3345 2568 3486 2640 quod
3511 2576 3713 2625 temere
3733 2583 3884 2641 δερμα

2282 2663 2424 2718 ttltro
2463 2664 2707 2734 citroque
2738 2662 2926 2726 fertur,
2958 2663 3129 2718 instar
3157 2665 3487 2717 marinorum
3518 2660 3803 2727 ﬂuctuum,
3827 2672 3885 2719 et

2280 2768 2460 2811 secum
2505 2765 2772 2825 pugnante
2817 2757 3081 2810 sententia
3125 2754 3743 2825 plerumquejactatum.
3776 2753 3882 2823 Qui

2282 2848 2440 2902 talem
2473 2846 2634 2903 habet
2662 2847 2961 2911 dominum,
2992 2863 3097 2918 quo
3131 2861 3234 2901 non
3278 2847 3641 2904 miserabilior
3677 2844 3885 2903 fuerit?

2280 2936 2387 2993 Sed
2439 2938 2581 3010 quod
2631 2938 2917 2994 saeculares
2961 2937 3207 2992 homines
3256 2937 3340 2992 his
3392 2937 3619 3005 inhient,
3656 2954 3765 2995 non
3806 2939 3883 2997 ita

2280 3045 2443 3101 grave
2475 3040 2577 3097 est,
2613 3032 2713 3087 etsi
2757 3046 2919 3102 grave
2957 3046 3146 3087 revera
3175 3031 3248 3087 sit
3277 3048 3289 3085 :
3320 3030 3463 3101 quod
3494 3041 3672 3088 autem
3701 3033 3790 3104 qui
3820 3047 3884 3092 se

2281 3123 2480 3179 mundo
2511 3126 2850 3181 renuntiasse
2882 3125 3086 3190 dicunt,
3122 3124 3225 3180 hoc
3261 3124 3448 3180 morbo
3476 3124 3741 3194 laborent,
3772 3127 3887 3184 imo

2281 3213 2506 3283 majore,
2532 3214 2582 3269 id
2609 3226 2755 3270 certe
2784 3214 3180 3284 gravissimum.
3216 3214 3328 3270 Illis
3354 3215 3498 3270 enim
3530 3216 3884 3287 pecuniarum

2281 3314 2485 3361 tantum
2512 3316 2591 3361 est
2613 3307 2821 3375 jactura
2858 3325 2872 3363 :
2905 3306 2989 3363 his
3012 3322 3139 3363 vero
3166 3309 3358 3364 anima:
3396 3309 3714 3379 periculum.
3744 3309 3883 3369 Nam

2279 3413 2403 3455 cum
2446 3398 2629 3470 gloria:
2668 3414 2826 3454 causa
2878 3415 2907 3453 τι
2955 3410 3099 3456 recta
3129 3398 3232 3455 llde
3260 3398 3584 3467 desciscunt,
3615 3410 3751 3459 etut
3780 3402 3884 3461 sibi

2281 3490 2506 3560 gloriam
2539 3488 2769 3560 pariant,
2816 3490 2983 3545 Deum
3014 3489 3281 3546 dedecore
3308 3490 3570 3558 afﬁciunt,
3599 3505 3883 3565 quantum,

2280 3595 2501 3652 quaiso,
2535 3582 2766 3652 torporis
2790 3624 2803 3649 ,
2851 3591 3109 3653 quantum
3155 3583 3376 3638 insania:
3418 3599 3507 3640 res
3546 3582 3662 3642 lucc
3689 3600 3800 3657 pra
3825 3600 3887 3644 so

2282 3674 2387 3729 fert
2406 3676 2429 3727 ?

2356 3768 2533 3823 Gloria
2555 3769 2836 3838 popularis,
2868 3784 2969 3822 non
2994 3778 3065 3822 est
3092 3784 3204 3823 vere
3227 3768 3693 3839 gloria.—Czetera
3720 3787 3887 3844 porro

2287 3862 2432 3926 vitia,
2467 3862 2590 3916 licet
2632 3861 2856 3915 multum
2888 3860 3069 3916 damni
3119 3859 3380 3927 inferant,
3430 3862 3663 3933 aliquam
3693 3865 3885 3922 saltem

2284 3954 2515 4009 alterunt
2558 3953 2908 4023 voluptatein,
2954 3954 3055 4009 etsi
3104 3962 3502 4025 te‘mporaneam
3538 3966 3593 4011 et
3635 3958 3882 4015 brevem.

2284 4049 2414 4104 Nam
2443 4065 2656 4116 avarus,
2686 4049 2958 4116 ebriosus,
2990 4050 3386 4121 mulierumque
3417 4066 3624 4117 amans,
3650 4052 3886 4124 aliquam

2282 4140 2479 4196 damno
2501 4132 2815 4206 admixtam,
2846 4143 2944 4197 etsi
2991 4143 3244 4209 brevem,
3283 4144 3609 4213 voluptatem
3639 4143 3840 4201 habent
3870 4166 3885 4203 :

2284 4233 2373 4302 qui
2402 4242 2581 4286 autem
2607 4231 2709 4286 hoc
2739 4232 2929 4287 morbo
2949 4232 3090 4302 capti
3119 4243 3263 4296 sunt,
3294 4234 3540 4289 acerbam
3582 4248 3799 4308 semper
3831 4246 3889 4293 et

2285 4324 2559 4395 voluptate
2580 4339 2799 4379 vacuam
2830 4334 2995 4395 agunt
3022 4326 3205 4382 vitam.
3238 4325 3424 4397 Neque
3461 4330 3605 4383 enim
3647 4327 3697 4384 id
3739 4332 3886 4401 quod

2286 4420 2519 4473 maxime
2540 4426 2720 4473 amant
2736 4429 3121 4489 assequuntur;
3150 4421 3374 4491 gloriam
3401 4436 3596 4493 nempe
3616 4432 3672 4479 et
3697 4439 3887 4482 auram

2286 4510 2632 4582 popularem;
2665 4510 2758 4566 sed
2790 4511 3037 4567 videntur
3066 4513 3280 4583 quidem
3324 4515 3411 4570 illa
3442 4514 3566 4581 frui,
3599 4532 3774 4589 neque
3804 4528 3887 4575 ta-

2284 4619 2406 4659 men
2434 4605 2700 4675 fruuntur,
2740 4605 2881 4677 quod
2914 4607 3042 4662 illttd
3082 4608 3302 4664 minime
3326 4610 3580 4681 sitgloria
3610 4629 3623 4665 :
3654 4611 3887 4685 ideoque

2283 4699 2467 4753 vitium
2502 4699 2652 4765 illud,
2680 4715 2786 4753 non
2810 4699 3002 4770 gloria,
3035 4700 3132 4756 sed
3156 4716 3244 4756 res
3268 4702 3438 4773 gloria
3467 4719 3634 4758 vacua
3661 4704 3881 4773 dicitur;

2283 4806 2585 4862 vanamque
2610 4791 2831 4863 gloriam
2868 4802 3077 4849 veteres
3124 4809 3315 4850 onmes
3354 4796 3405 4850 id
3445 4795 3566 4865 jure
3601 4811 3881 4856 vocarunt.

2286 4880 2463 4937 Vacua
2491 4897 2719 4953 namque
2748 4892 2851 4951 est,
2882 4884 3011 4939 nihil
3038 4886 3180 4940 intus
3201 4884 3405 4942 habens
3428 4887 3770 4957 splendidum
3802 4894 3884 4949 vel

2284 4975 2593 5046 gloriosum.
2612 4972 2717 5031 Sed
2742 4976 3188 5047 quemadmodum
3215 4978 3376 5033 larva:
3397 4979 3647 5036 videntur
3667 4980 3885 5051 quidem

2285 5068 2493 5125 decora:
2513 5080 2571 5126 et
2598 5070 2876 5134 amabiles,
2899 5069 2994 5125 sed
3025 5085 3206 5125 vacua:
3236 5072 3376 5127 imus
3406 5078 3533 5128 sunt
3563 5090 3575 5125 :
3606 5074 3732 5131 ideo
3760 5076 3886 5133 licet

2285 5160 2631 5217 formosiores
2676 5163 2783 5215 sint
2829 5163 3040 5217 easteris
3077 5162 3414 5233 corporibus,
3458 5167 3730 5221 neminem
3761 5182 3883 5222 unt-

2283 5270 2442 5325 quam
2470 5255 2535 5311 ad
2567 5258 2645 5311 sui
2670 5272 2905 5312 amorem
2936 5257 3270 5323 allexeruut;
3301 5259 3378 5314 sic
3410 5260 3495 5315 illa
3522 5259 3661 5330 apud
3693 5260 3881 5335 vulgus

2282 5347 2488 5415 gloria;
2525 5348 2633 5403 imo
2659 5349 2815 5421 longe
2841 5350 3219 5418 miserabilius,
3250 5351 3390 5406 hunc
3421 5352 3665 5407 morbum
3692 5366 3884 5411 curant

2282 5439 2554 5498 difﬁcilem
2580 5452 2634 5498 et
2680 5443 3014 5515 tyrannicum
3048 5443 3202 5498 nobis
3230 5444 3497 5501 eﬁ'ormat.
3519 5441 3882 5515 Conspectum

2285 5537 2483 5610 quippe
2503 5538 2677 5591 solum
2713 5535 3049 5605 splendidum
3081 5535 3269 5601 habet;
3300 5536 3553 5591 interiora
3591 5550 3744 5603 vero,
3776 5552 3881 5593 non

2283 5647 2446 5686 vacua
2477 5630 2657 5694 modo,
2691 5627 2784 5683 sed
2813 5628 2972 5682 etiam
3004 5625 3269 5681 dedecore
3295 5635 3349 5681 et
3374 5627 3574 5681 crudeli
3600 5628 3882 5699 tyrannide

2283 5726 2435 5795 plena
2467 5730 2608 5777 sunt.
2643 5719 2795 5776 Unde
2823 5734 2953 5791 ergo
2980 5721 3235 5785 nascitur,
3268 5719 3499 5791 inquies,
3532 5720 3750 5775 morbus
3773 5729 3882 5777 tam

2281 5819 2544 5873 absurdus
2566 5859 2581 5885 ,
2626 5817 2875 5887 nullaque
2918 5813 3156 5869 afﬁciens
3202 5814 3518 5886 voluptate?
3552 5810 3741 5869 Unde?
3764 5814 3882 5870 Non

2285 5910 2499 5967 aliunde
2524 5925 2681 5981 quam
2708 5925 2737 5964 a
2760 5908 2848 5964 vili
2871 5916 2921 5963 et
2948 5905 3158 5977 abiecto
3180 5904 3382 5962 animo.
3403 5902 3520 5962 Non
3542 5914 3718 5975 potest
3738 5908 3882 5963 enim
