4046 6486
149 445 196 497 l’.
1181 439 1244 496 lN
1282 437 1594 497 JOANNEM
1633 433 1682 491 H

1790 432 1860 490 ΙΙ..
1911 435 2014 499 IV.
2043 441 2116 493 al.
2159 437 2246 496 ιη.
3338 447 3404 502 Μ

150 563 180 610 is
199 561 268 626 qui
294 555 462 624 gloria:
493 571 682 611 amore
714 565 913 626 captus
937 561 1048 623 est,
1078 569 1326 626 magnum
1351 561 1443 608 aut
1469 563 1695 623 genero-

148 669 234 705 tum
256 649 501 719 quidpiam
535 649 699 705 facile
725 650 1003 720 cogitare;
1030 647 1122 704 sed
1147 660 1366 703 necesse
1394 654 1477 700 est
1500 652 1558 698 ιιι
1580 652 1696 698 tur—

149 745 221 812 pls,
249 741 369 803 vilis,
396 740 657 809 inglorius
687 751 744 794 et
777 742 1002 808 exiguus
1029 739 1116 794 sit.
1148 736 1246 805 Qui
1286 737 1429 791 enim
1457 749 1556 806 pro
1589 734 1696 787 vir-

147 844 229 887 tute
262 831 394 895 nihil,
431 832 523 886 sed
553 841 614 886 ut
661 832 972 886 hominibus
1015 830 1209 884 nullius
1250 827 1404 899 pretii
1453 827 1690 896 placeat,

146 925 283 975 munia
309 921 442 987 facit,
473 924 680 992 quique
722 924 935 977 illorum
974 921 1295 977 sententiam
1322 933 1606 975 erroneam
1639 925 1694 970 et

146 1017 339 1071 fallacem
367 1017 534 1084 nb'qis
564 1016 837 1086 sequitur,
867 1014 1137 1086 quomodo
1158 1013 1324 1085 gloria
1355 1013 1547 1082 dignus
1572 1023 1693 1065 esse

146 1109 308 1176 possit?
332 1107 712 1163 Animadverte
741 1117 939 1162 autem.
967 1107 1022 1164 Si
1055 1109 1174 1178 quis
1196 1107 1342 1161 illum
1366 1106 1690 1175 interroget:

146 1201 250 1266 Quid
278 1210 325 1254 tn
353 1200 534 1269 vulgus
565 1215 696 1254 esse
721 1199 1040 1262 arbitraris?
1078 1200 1322 1269 ignavam
1355 1197 1493 1250 hand
1532 1195 1694 1250 dubie

145 1304 183 1344 rt
204 1293 412 1347 desidem
439 1293 842 1347 multitudinem
863 1308 983 1348 esse
1009 1293 1170 1347 dicet.
1205 1290 1341 1358 Quid
1372 1289 1533 1344 vero?
1564 1302 1691 1342 num

146 1384 226 1436 illis
257 1382 429 1436 similis
457 1397 577 1438 esse
609 1383 920 1452 optaveris?
968 1383 1022 1438 Si
1051 1383 1169 1450 quis
1196 1391 1371 1436 autem
1414 1380 1560 1434 illum
1591 1378 1690 1434 de-

145 1491 224 1526 nuo
257 1475 325 1528 sic
367 1485 736 1543 percontetur,
771 1490 876 1529 nou
907 1486 1035 1544 puto
1063 1475 1235 1544 ipsum
1278 1487 1337 1526 se
1377 1471 1535 1525 talem
1572 1482 1693 1524 esse

143 1573 417 1630 optaturum.
444 1564 735 1631 Quomodo
772 1565 932 1634 igitur
966 1581 1072 1618 non
1101 1564 1385 1617 admodum
1409 1560 1689 1615 ridiculum

144 1658 281 1722 fuerit,
309 1659 512 1712 illorum
532 1673 728 1712 auram
758 1658 1029 1728 aucupari,
1072 1657 1265 1726 quibus
1293 1669 1581 1734 numquam
1613 1653 1688 1708 si-

143 1748 250 1801 milis
280 1762 390 1802 esse
416 1748 586 1803 velis?

192 1841 229 1893 6.
260 1842 344 1894 Sin
364 1842 560 1897 dixeris
583 1841 787 1895 multos
806 1855 925 1896 esse
950 1850 1004 1895 et
1033 1841 1085 1894 in
1113 1855 1274 1894 unum
1301 1848 1536 1900 coactos.
1569 1837 1690 1890 ideo

142 1933 326 1986 maxime
353 1931 758 1987 contemnendi.
799 1931 930 1986 Nam
971 1933 1014 1984 si
1045 1931 1236 2000 singuli
1267 1938 1575 1996 contemptu
1601 1928 1686 1980 di-

141 2024 221 2090 gni,
268 2023 467 2091 plurimi
510 2024 690 2078 coacti
734 2023 888 2093 longe
926 2024 1095 2092 magis
1130 2019 1461 2089 desilieieiidi
1507 2027 1684 2072 erunt.

140 2113 372 2167 Multorum
395 2115 540 2169 enim
567 2115 898 2185 insipientia,
928 2113 1150 2166 collecta
1180 2110 1541 2172 multitudine,
1567 2124 1684 2161 ma-

138 2207 196 2271 gis
217 2213 433 2274 augetur.
461 2203 812 2274 Quapmpter
841 2205 884 2258 si
915 2203 1154 2274 singulos
1180 2201 1407 2256 seorsim
1437 2201 1554 2268 quis
1583 2198 1684 2251 du-

139 2297 612 2360 xerit‘,emcndare
659 2297 887 2366 poterit;
933 2295 1088 2350 simul
1131 2303 1346 2349 coactos
1373 2309 1476 2347 non
1509 2291 1682 2356 facile,

134 2401 182 2439 eo
202 2385 322 2456 quod
349 2387 658 2458 insipientia
705 2387 775 2442 sit
800 2387 973 2455 major
995 2429 1012 2446 .
1039 2395 1093 2441 et
1126 2385 1200 2440 illi
1231 2385 1399 2440 instar
1431 2398 1682 2453 pecormn

137 2488 332 2546 agantur,
350 2491 704 2551 mutuamqne
723 2489 1015 2551 sequantur
1034 2478 1380 2534 sententiam.
1404 2477 1447 2532 Τ
1449 2477 1682 2542 alemne,

131 2580 293 2633 tunso,
339 2571 702 2626 multitudinis
729 2585 913 2624 auram
961 2569 1330 2625 sectabimini?
1375 2568 1471 2634 Nc,
1500 2583 1685 2638 quarso

133 2668 169 2707 rt
189 2659 406 2713 nlisecro.
437 2661 492 2714 ld
523 2661 676 2716 enim
703 2662 882 2716 omnia
921 2676 1013 2716 sus
1039 2660 1212 2729 deque
1236 2660 1436 2715 vertit:
1471 2659 1520 2714 id
1552 2674 1680 2713 ava-

133 2750 268 2804 ritiam
293 2756 511 2823 peperit.
547 2755 828 2816 invidiam,
865 2753 1284 2817 criminationes,
1317 2752 1538 2807 insidias
1570 2769 1584 2805 :
1615 2752 1680 2805 il-

133 2839 197 2892 lud
243 2855 326 2896 eos
370 2846 458 2910 qui
519 2844 726 2899 nullam
782 2843 921 2912 passi
972 2853 1100 2898 sunt
1149 2841 1395 2912 injuriam
1429 2883 1442 2903 ,
1495 2852 1679 2896 contra

129 2943 200 2983 eos
239 2933 318 3002 qui
365 2935 568 2988 nullam
624 2935 921 2989 intulerunt
956 2975 971 2996 ,
1007 2942 1182 2988 armat
1230 2944 1286 2990 et
1331 2933 1536 2988 elici-at.
1577 2933 1678 3000 Qui

133 3024 205 3076 lzoc
224 3023 410 3081 laborat
436 3027 653 3093 morbo,
686 3043 791 3082 non
813 3027 1097 3082 amicitiam
1124 3027 1288 3092 novit,
1318 3041 1424 3081 non
1450 3039 1682 3082 consuc-

131 3115 196 3166 tud
215 3131 341 3184 nem,
370 3121 644 3174 neminem
675 3134 893 3191 prorsus
918 3131 1226 3187 reveretur;
1257 3121 1348 3175 sed
1379 3120 1536 3175 bonis
1561 3135 1680 3175 om.

130 3208 250 3262 uillis
271 3225 329 3264 ex
356 3213 536 3266 animo
562 3211 814 3281 rejectis,
855 3227 976 3268 cum
1016 3213 1264 3267 omnibus
1298 3213 1494 3268 bellum
1515 3213 1676 3284 gerit,

132 3298 389 3357 inraustans
436 3312 493 3358 et
548 3304 896 3360 inhumanus.
937 3303 1034 3359 Irte
1077 3314 1225 3361 certe
1269 3306 1522 3372 morbus,
1576 3306 1677 3360 etsi

130 3393 389 3458 tymnuicus
413 3395 485 3450 sit
513 3403 571 3450 et
614 3394 986 3460 intolerabilis,
1025 3410 1132 3452 non
1163 3411 1381 3467 semper
1408 3397 1678 3468 exagitare

130 3481 248 3540 toch
274 3484 358 3539 sed
385 3501 508 3540 cum
535 3485 608 3540 ab
631 3485 898 3554 aliquibus
933 3488 1171 3542 irritatur
1200 3505 1214 3542 :
1240 3497 1294 3540 at
1321 3503 1471 3542 vana:
1495 3488 1680 3555 gloria:

129 3585 244 3631 tutor
268 3589 473 3646 semper
503 3576 678 3648 viget,
705 3576 910 3632 nullum
939 3587 1168 3648 tempus,
1202 3586 1260 3632 ut
1288 3578 1355 3632 ita
1377 3578 1573 3643 dicam,
1595 3587 1682 3633 est

127 3681 207 3733 quo
221 3668 449 3728 desinere
466 3670 671 3742 possit,
692 3669 794 3727 nisi
826 3670 965 3725 ratio
985 3670 1130 3725 illam
1159 3670 1410 3726 cohibeat
1433 3679 1489 3726 et
1525 3686 1678 3727 com-

129 3762 299 3829 primat,
324 3763 414 3821 sed
438 3779 665 3835 semper
691 3764 844 3821 adest
863 3807 878 3828 .
909 3777 1017 3822 non
1059 3762 1220 3821 modo
1254 3762 1322 3820 ad
1353 3763 1680 3835 peccandum

129 3853 338 3924 incitans,
362 3857 456 3913 sed
485 3859 654 3913 etiam
677 3857 720 3913 si
743 3858 866 3928 quid
895 3867 1042 3915 recte
1068 3859 1356 3929 egerimus,
1378 3874 1409 3913 e
1431 3857 1680 3913 manibus

128 3946 395 4016 praripiens
426 3966 440 3998 ε
471 3947 768 4017 aliquando
807 3963 938 4003 vero
967 3963 1071 4004 non
1111 3948 1238 4004 sinit
1263 3957 1410 4004 recte
1442 3948 1676 4020 operari.

125 4031 244 4098 Quod
267 4037 305 4090 si
332 4038 531 4094 Paulus
563 4036 773 4108 (Epties.
794 4039 850 4095 5.
879 4038 939 4106 5)
959 4038 1236 4093 avaritiam
1277 4037 1540 4093 idolorum
1561 4053 1678 4094 ser-

128 4124 305 4181 ritntem
331 4138 514 4192 vocet;
571 4127 688 4198 ejus
734 4137 998 4195 matrem,
1045 4129 1282 4185 radicem
1327 4139 1381 4184 et
1437 4132 1634 4186 fontem
1661 4171 1676 4194 ,

128 4231 278 4273 vanam
320 4222 548 4291 gloriam
604 4211 849 4289 scilicet,
895 4236 1003 4290 quo
1048 4223 1266 4278 nomine
1319 4223 1681 4278 vocabimus?

127 4305 271 4377 Neqtte
289 4313 420 4366 enim
443 4311 581 4368 illud
612 4320 771 4367 tanta!
794 4312 1045 4382 nequitia:
1063 4312 1286 4384 dignum
1322 4313 1678 4368 inveniemus.

182 4399 371 4456 Herulis
413 4403 707 4459 exhortatio
757 4402 826 4457 ad
868 4419 1055 4457 uanam
1100 4404 1320 4475 gloriam
1359 4407 1678 4476 fugiendam.

128 4487 258 4544 Deum
295 4510 443 4548 unum
482 4503 817 4562 spectatorem
844 4494 1260 4566 laudatoremque
1286 4512 1510 4564 querere
1527 4512 1683 4564 apor-

128 4590 194 4632 εει.
212 4583 687 4655 —Besipiscamus
723 4573 902 4656 igitur,
945 4585 1127 4641 dilecti
1152 4627 1168 4652 ,
1199 4594 1254 4642 et
1279 4585 1381 4640 hoc
1409 4588 1679 4657 pernicio-

127 4686 222 4726 sum
256 4692 506 4734 canamus
555 4677 931 4734 vestimentum
963 4696 976 4733 :
1018 4678 1193 4747 ipsum
1227 4677 1594 4734 discindamns
1627 4689 1682 4734 et

124 4765 434 4836 dissecemus,
468 4784 705 4840 veraque
744 4769 990 4826 libertate
1020 4768 1236 4825 tandem
1283 4769 1436 4826 liberi
1473 4768 1678 4826 ellicia-

123 4901 549 5017 magalia“,
577 4910 881 4969 Quapropter
916 4904 959 4956 si
982 4917 1130 4956 unum
1164 4904 1272 4969 quis
1317 4902 1678 4966 assumpserit;

1803 562 1943 616 mur,
1975 557 2139 620 atque
2168 550 2222 606 in
2265 563 2483 606 sensum
2516 550 2671 608 nobis
2697 566 2726 606 a
2759 553 2872 610 Deo
2897 567 3172 610 concessa:
3204 557 3371 612 nobili
3394 589 3408 599 .

1802 640 1927 697 tatis
1954 642 2234 698 veniamus
2261 659 2278 698 :
2307 643 2668 700 multitudinis
2693 660 2878 700 auram
2905 647 3288 718 despiciemus.
3311 648 3374 704 Ni

1801 732 1873 788 hil
1904 732 2046 789 enim
2067 735 2238 806 magis
2274 734 2378 792 hoc
2414 737 2606 793 morbo
2637 739 2924 794 ridiculum
2957 749 3013 795 ct
3040 739 3356 797 indecorum
3386 760 3402 796 :

1800 823 1936 880 nihil
1983 833 2128 878 tanta
2171 825 2504 896 turpitudine
2551 837 2607 883 et
2643 829 2860 884 infamia
2907 830 3145 898 plenum.
3184 830 3408 903 llocque

1799 915 1982 970 multis
2007 930 2074 970 ex
2103 915 2400 972 rationibus
2430 918 2613 975 videre
2636 928 2754 974 est:
2784 921 2924 990 quod
2958 936 3154 993 nempe
3178 923 3402 992 gloriam

1797 1009 2213 1082 concupiscere,
2259 1014 2584 1082 ignominia;
2625 1013 2766 1068 illam
2808 1021 2987 1069 autem
3031 1015 3310 1086 despicere
3349 1027 3407 1072 et

1799 1099 1935 1156 nihil
1957 1113 2225 1174 reputare,
2258 1121 2387 1163 vere
2415 1105 2584 1175 gloria
2614 1107 2716 1168 sit;
2745 1105 2838 1160 sed
2862 1104 3041 1161 omnia
3073 1107 3143 1162 ad
3175 1108 3268 1163 Dei
3292 1109 3407 1179 pla-

1799 1191 1963 1246 citum
1991 1202 2046 1249 et
2065 1195 2289 1252 dicenda
2323 1206 2381 1252 et
2408 1195 2615 1267 agenda
2644 1205 2788 1250 sunt.
2819 1197 2910 1252 Sic
2935 1199 3080 1254 enim
3105 1201 3406 1269 poterimus

1799 1285 2105 1343 mercedem
2136 1289 2382 1358 accipere
2411 1290 2481 1343 ab
2517 1303 2585 1343 eo
2610 1289 2699 1359 qui
2732 1298 2912 1344 nostra
2949 1297 3201 1344 accurate
3229 1291 3405 1360 respi-

1798 1377 1890 1441 cit,
1914 1377 2128 1448 quando
2156 1380 2248 1434 illo
2276 1381 2393 1436 solo
2418 1380 2659 1435 contenti
2687 1381 2890 1434 erimus
2917 1390 3241 1449 Spectatore.
3264 1380 3402 1449 Quid

1799 1471 1942 1524 enim
1975 1471 2130 1526 nobis
2161 1473 2281 1527 aliis
2315 1473 2488 1526 oculis
2515 1487 2670 1543 opus,
2702 1487 2824 1527 cum
2859 1472 2903 1526 is
2930 1472 3019 1542 qni
3051 1473 3208 1528 nobis
3233 1475 3406 1528 hono-

1800 1575 1912 1615 rem
1937 1570 1992 1616 et
2019 1563 2298 1630 praemium
2331 1564 2619 1634 largiturus
2658 1572 2763 1630 est,
2792 1572 2941 1633 gesta
2976 1572 3157 1617 nostra
3188 1578 3406 1635 semper

1799 1651 2012 1708 videat?
2036 1653 2317 1720 Quomodo
2349 1669 2456 1710 non
2486 1654 2781 1710 absurdum
2820 1654 2910 1720 sit,
2944 1669 3156 1709 servum
3184 1655 3400 1725 quidem

1796 1744 1862 1799 ad
1903 1745 2019 1800 heri
2067 1747 2150 1801 sui
2193 1747 2447 1814 placitum
2497 1747 2677 1800 omnia
2719 1744 2934 1811 facere,
2983 1747 3221 1817 nihilque
3259 1747 3402 1801 aliud

1797 1851 2062 1904 qumrere,
2087 1851 2245 1907 quam
2294 1846 2349 1892 ut
2384 1840 2451 1892 ab
2497 1838 2612 1907 ipso
2652 1837 2918 1903 videatur,
2968 1853 3144 1907 neque
3173 1839 3309 1893 alios
3335 1842 3402 1892 ad

1795 1939 1946 1997 gesta
1975 1943 2070 1983 sua
2111 1928 2298 1983 oculos
2332 1930 2653 1998 exquirere,
2689 1928 3034 1997 quantumvis
3078 1928 3253 1998 magni
3294 1929 3406 1982 sint

1795 2021 1882 2075 alii
1906 2029 2256 2090 spectatores,
2289 2021 2385 2075 sed
2419 2035 2581 2073 unum
2611 2034 2833 2088 scopum
2867 2018 3070 2073 habere
3097 2029 3154 2073 ut
3174 2019 3242 2073 ab
3271 2019 3404 2074 hero

1795 2129 1895 2168 suo
1923 2113 2205 2180 videatur;
2255 2114 2356 2169 nes
2394 2121 2574 2167 autem
2604 2112 2763 2167 talem
2797 2110 3058 2166 habentes
3092 2112 3400 2175 Dominum,

1793 2206 1929 2260 alios
1951 2219 2196 2275 quatere
2243 2213 2598 2274 spectatores,
2636 2202 2737 2273 qui
2775 2218 2874 2258 nos
2914 2202 3044 2257 nihil
3067 2203 3277 2272 juvare,
3303 2205 3401 2260 sed

1793 2295 2104 2368 aspicienda
2125 2311 2320 2352 nocere
2337 2305 2582 2368 possunt,
2597 2302 2876 2364 totumque
2898 2293 3135 2349 laborem
3155 2307 3400 2350 nostrum

1795 2389 1966 2446 fructu
1993 2404 2218 2444 vacuum
2255 2387 2528 2444 reddere?
2557 2387 2654 2450 Ne,
2683 2401 2888 2456 quarso,
2922 2385 2972 2440 id
3003 2401 3223 2456 agamus
3256 2405 3271 2441 :
3303 2388 3398 2442 sed

1791 2500 1822 2540 a
1867 2499 1974 2557 quo
2019 2483 2327 2539 mercedem
2371 2482 2644 2552 accepturi
2687 2495 2909 2545 sumus,
2957 2497 3082 2536 cum
3123 2490 3397 2551 gestorum

1792 2577 2125 2634 laudatorem
2169 2575 2497 2631 advocemus
2541 2584 2596 2629 et
2639 2582 3022 2644 Spectatorem.
3071 2573 3210 2628 Nihil
3241 2575 3400 2630 nobis

1791 2684 2077 2724 commune
2102 2684 2226 2725 cum
2259 2668 2509 2722 humanis
2534 2667 2707 2722 oculis
2732 2666 2820 2720 sit.
2848 2666 2903 2721 Si
2932 2666 3074 2720 enim
3112 2665 3248 2721 hanc
3275 2667 3398 2736 glo-

1792 2762 1923 2815 riam
1951 2760 2163 2831 asseqni
2192 2759 2538 2826 voluerimus,
2570 2773 2689 2814 eam
2713 2757 2955 2829 profecto
2973 2772 3392 2830 consequemur.

1789 2872 1909 2909 eum
1940 2855 2110 2910 solam
2140 2854 2233 2909 Dei
2266 2867 2574 2924 qnzeremus
2599 2853 2849 2922 gloriam.
2872 2850 3011 2906 Nam
3042 2852 3395 2923 gloriﬁcantes

1789 2964 1867 3000 me
1891 2947 2186 3017 gloriﬁcabo
2216 2946 2264 3014 (ι
2327 2946 2464 3016 Reg.
2487 2943 2543 2999 2.
2576 2946 2690 3015 50),
2719 2945 2906 3014 inquit.
2938 2945 3018 2999 Ac
3045 2944 3396 3014 quctttatlmu-

1788 3038 1913 3095 dum
1943 3047 2068 3093 tunc
2114 3040 2347 3095 maxime
2385 3039 2588 3094 divitiis
2611 3039 2905 3114 allluimus,
2935 3053 3059 3094 cum
3099 3037 3217 3094 illas
3242 3054 3397 3108 sper-

1791 3131 1986 3192 nimus.
2018 3139 2074 3185 et
2099 3144 2128 3182 a
2169 3130 2280 3185 Deo
2312 3140 2517 3184 tantum
2543 3129 2764 3183 divitias
2788 3129 3087 3200 qumrimus
3117 3128 3268 3200 (nam
3293 3131 3391 3196 ait,

1789 3225 2012 3291 Qna'rite
2031 3240 2240 3296 regnum
2283 3224 2397 3286 Dei.
2426 3234 2472 3278 et
2517 3224 2626 3279 Itan:
2668 3225 2842 3278 omnia
2895 3224 3207 3292 adficientur
3251 3225 3393 3278 vobis

1785 3315 1998 3388 [illattln
2032 3317 2083 3371 6.
2117 3315 2268 3388 55]);
2303 3317 2382 3370 sic
2409 3327 2462 3370 et
2496 3316 2564 3371 de
2593 3316 2761 3387 gloria
2791 3315 3104 3371 dicendum.
3129 3315 3261 3372 Cum
3288 3316 3395 3370 lar-

1785 3408 1912 3477 gitio
1943 3408 2053 3461 sive
2073 3409 2440 3479 pecuniarum,
2459 3409 2573 3462 sive
2599 3408 2785 3478 gloria:
2803 3408 3041 3478 periculo
3064 3418 3236 3473 vacat,
3267 3394 3394 3464 tunc

1787 3498 1928 3553 illam
1975 3498 2117 3553 Deus
2164 3499 2500 3553 abundanter
2544 3499 2802 3568 impertit.
2847 3499 3006 3554 Tunc
3052 3509 3232 3553 autem
3278 3501 3393 3555 lucc

1785 3590 1901 3644 sine
1927 3589 2168 3659 periculo
2195 3599 2343 3656 sunt,
2372 3605 2495 3646 cum
2527 3590 2686 3646 nobis
2716 3605 2823 3646 non
2851 3592 3140 3662 imperant,
3171 3606 3271 3647 nec
3292 3593 3390 3645 do-

1786 3681 2090 3745 minantur;
2117 3696 2217 3736 nec
2247 3681 2403 3736 nobis
2432 3692 2702 3751 tamquam
2741 3685 2912 3737 servis
2940 3691 3178 3750 utuntur,
3210 3683 3305 3737 sed
3335 3696 3394 3738 ut

1788 3769 1934 3848 lteris
1957 3782 2013 3827 et
2041 3771 2227 3826 liberis
2247 3772 2463 3826 adsunt.
2489 3770 2614 3827 Ideo
2643 3786 2748 3826 non
2779 3771 2893 3826 vnlt
2920 3787 3020 3826 nos
3043 3773 3160 3826 illas
3184 3789 3391 3836 amare,

1784 3878 1853 3919 ne
1882 3862 1950 3920 iis
1978 3861 2349 3934 snbjiciamnr.
2383 3861 2536 3932 Quod
2577 3863 2621 3917 si
2671 3875 3052 3935 assequamur,
3087 3862 3206 3920 illas
3237 3864 3390 3919 nobis

1784 3975 1906 4015 cum
1933 3958 2256 4014 abundantia
2281 3960 2447 4013 multa
2478 3958 2718 4030 largitur.
2753 3958 2890 4026 Quid
2916 3959 3063 4013 enim
3093 3958 3260 4013 Paulo
3289 3959 3392 4012 cla-

1785 4053 1918 4115 rius,
1948 4066 2152 4122 qua'so,
2183 4051 2274 4121 qui
2300 4053 2373 4106 ait
2397 4068 2412 4106 :
2438 4050 2559 4105 Non
2587 4052 2862 4120 quaerimus
2882 4049 2944 4102 ab
2967 4049 3253 4103 hominibus
3274 4050 3389 4119 glo-

1787 4144 1936 4209 riam,
1982 4159 2143 4212 neque
2179 4160 2211 4195 a
2257 4141 2415 4204 vobis,
2460 4157 2619 4212 neque
2656 4142 2719 4195 ab
2744 4140 2860 4196 aliis
2891 4141 2970 4208 (l.
3002 4139 3182 4195 Thess.
3215 4139 3272 4192 2.
3301 4141 3389 4203 6)?

1781 4235 1923 4304 Quid
1943 4235 2260 4304 locupletius
2290 4233 2383 4288 illo
2411 4234 2500 4304 qui
2534 4233 2664 4286 nihil
2714 4232 2895 4296 habet,
2925 4240 2979 4286 et
3004 4232 3182 4286 omnia
3216 4233 3357 4300 possi

1787 4325 1918 4380 (let?
1943 4326 2075 4380 Cum
2106 4325 2274 4391 enim,
2328 4334 2384 4378 nt
2423 4325 2555 4390 dixi,
2598 4339 2704 4378 non
2747 4323 3097 4394 subjiciemur
3120 4326 3221 4384 eis,
3267 4331 3391 4375 tunc

1785 4420 1904 4475 illas
1931 4418 2256 4483 tenebimus,
2303 4429 2428 4472 tunc
2467 4417 2815 4486 accipiemus.
2867 4415 2922 4469 Si
2956 4415 3135 4485 itaque
3165 4415 3391 4483 gloriam

1785 4513 1997 4582 assequi
2023 4511 2323 4581 cupiamus,
2354 4510 2582 4581 gloriam
2625 4508 2921 4581 fugiamus:
2955 4508 3034 4562 sic
3065 4509 3206 4561 enim
3239 4519 3392 4575 polu-

1786 4606 1974 4668 rimns,
2010 4604 2236 4660 servatis
2279 4603 2372 4658 Dei
2405 4602 2708 4672 prmceptis,
2735 4610 2790 4654 et
2818 4599 3102 4669 praesentia
3132 4609 3184 4654 et
3217 4599 3391 4652 l‘ntura

1785 4699 2041 4768 consequi
2085 4698 2248 4758 bona.
2293 4711 2390 4767 per
2446 4695 2672 4766 gratiam
2709 4695 2946 4757 Christi,
2990 4694 3206 4763 quicum
3248 4692 3392 4746 Patri

1785 4791 1976 4863 gloria,
2004 4805 2216 4859 unaque
2242 4787 2463 4855 Spiritui
2495 4795 2704 4851 sancto,
2737 4785 2790 4840 in
2819 4785 3016 4840 saecula
3043 4783 3390 4839 szeculoruni.

1788 4887 1981 4939 Amen.

1467 5126 1815 5189 HOMILIA
1861 5125 1970 5187 ιν.
2021 5120 2024 5122 ⁷

209 5219 268 5275 in
287 5225 532 5295 principio
548 5233 657 5278 erat
682 5221 919 5306 Veritum,
955 5235 1002 5278 et
1040 5223 1256 5278 Verbum
1291 5236 1399 5279 erat
1425 5227 1564 5294 apud

783 5314 967 5369 Deum.

178 5490 219 5543 l.
252 5490 486 5546 letaode
513 5509 666 5561 quam
702 5494 755 5548 in
779 5494 1140 5549 commentario
1167 5511 1413 5556 usurpare
1434 5497 1666 5558 destinat,

122 5587 333 5648 exposita,
361 5585 747 5658 Clirgsostomm
771 5587 991 5658 explicat
1018 5601 1111 5642 cur
1148 5587 1470 5659 euangelista:
1497 5590 1588 5642 alii
1611 5591 1674 5643 ab

127 5675 429 5730 incarnatione
447 5679 549 5731 orsi
572 5679 674 5732 sint
698 5719 712 5742 ,
743 5677 971 5732 Joannes
992 5694 1129 5746 vero,
1151 5694 1330 5742 secat;
1355 5680 1536 5734 deinde
1552 5683 1678 5750 quid

124 5767 171 5815 ἀι
202 5766 398 5824 Verbum
423 5773 647 5839 exponit.
675 5801 745 5812 -—
771 5770 1007 5826 Traditis
1035 5772 1101 5826 ad
1140 5771 1450 5841 disciplinas
1470 5774 1671 5842 pueris,

127 5875 209 5908 ιιιοιν
243 5865 410 5926 grai-ia
451 5863 684 5930 magism
728 5864 908 5919 statim
959 5864 1234 5933 imponunt
1262 5877 1457 5928 onera.
1497 5880 1670 5934 "P‘lm‘

443 5987 706 6043 Ινλτιιοι..
755 5987 870 6042 Gn.
929 5987 1084 6047 ΗΧ.

1783 5224 2068 5282 confertim
2093 5220 2197 5276 hoc
2239 5218 2437 5273 iaciunt
2461 5259 2477 5283 ,
2504 5215 2598 5272 scd
2627 5215 2882 5286 paulatim
2909 5258 2925 5282 ,
2957 5225 3010 5270 et
3047 5216 3235 5272 eadem
3264 5219 3394 5289 ipsis

1783 5332 1926 5388 smpe
1954 5322 2224 5384 repetunt,
2253 5320 2390 5366 utea
2426 5309 2635 5364 facilius
2661 5308 2712 5363 in
2736 5317 2918 5364 mente
2945 5310 3255 5379 imprimant
3275 5354 3289 5374 ,
3324 5329 3394 5366 na

1784 5423 1810 5459 τι
1845 5405 2108 5477 principio
2133 5404 2376 5459 deterriti
2414 5401 2758 5456 multitudine
2787 5416 2975 5456 eorum
3005 5417 3124 5470 quae
3155 5413 3387 5458 vix‘me-

1785 5499 1950 5552 moria
1990 5497 2227 5551 retinere
2251 5494 2469 5557 valeat,
2512 5493 2788 5562 segniores
2814 5493 3044 5546 evadant
3069 5493 3135 5547 ad
3166 5508 3231 5548 ea
3269 5509 3391 5564 quia:

1785 5589 1884 5642 sibi
1916 5589 2104 5644 tradita
2133 5596 2259 5642 sunt
2288 5586 2586 5655 colligenda
2616 5627 2630 5649 ,
2662 5584 2867 5640 desidia
2905 5583 3116 5639 tandem
3147 5602 3211 5640 ex
3243 5587 3390 5640 difﬁ-

1784 5682 2074 5736 cultatibus
2103 5689 2274 5749 parta.
2307 5679 2458 5733 llnnc
2484 5693 2584 5748 ego
2611 5693 2815 5732 morem
2850 5693 3068 5744 sequar,
3105 5679 3389 5747 levemque

1781 5775 1932 5829 vobis
1974 5774 2212 5830 laborem
2263 5772 2485 5827 reddam
2531 5791 2544 5827 :
2586 5787 2649 5827 ac
2690 5771 2942 5842 paulatim
2990 5781 3046 5826 et
3087 5787 3182 5842 per
3211 5782 3388 5841 partes

1780 5867 2012 5937 arreptis
2044 5866 2107 5920 iis
2129 5907 2142 5932 ,
2176 5881 2296 5934 qua:
2324 5869 2375 5917 in
2405 5863 2502 5917 hac
2549 5878 2698 5918 Sarra
2747 5878 2930 5916 mensa
2975 5872 3345 5932 protionntttnr
3367 5905 3382 5928 ,

2993 5977 3027 6030 3
