4078 6548
593 434 658 491 ιτ
1296 428 1360 485 s.
1399 423 1679 482 ausurus
1714 412 2187 478 cunvsos'rout
2223 413 2541 472 ARClllEP.
2581 411 3114 476 CONSTANTINOP.
3816 426 3881 482 ιε

591 556 669 610 sic
693 566 754 609 ea
780 551 833 606 in
863 548 1069 605 animos
1098 551 1306 601 vestros
1331 541 1634 598 immittam.
1674 536 1906 606 Ideoque
1933 533 2047 606 ipsa
2076 531 2178 587 itc-

596 661 714 700 rum
745 642 906 698 verba
934 630 1261 711 proponam,
1290 646 1395 688 non
1442 642 1498 685 ut
1527 629 1670 685 idem
1703 637 1940 698 repetam
1960 665 1975 691 ,
2001 621 2094 680 sed
2126 631 2178 677 ut

593 734 788 792 addam
801 732 1018 786 omissa.
1037 730 1144 799 Age
1160 739 1288 796 ergo
1303 723 1465 780 verba
1482 735 1671 779 rursus
1689 719 1756 776 ab
1779 719 1931 774 initio
1950 713 2182 772 adduca-

603 840 723 882 mus
751 842 764 878 :
799 821 861 876 In
884 819 1136 890 principio
1169 826 1276 874 erat
1319 815 1550 879 Verbum,
1579 823 1624 872 et
1665 810 1882 867 Verbum
1909 816 2016 864 erat
2042 806 2182 877 apud

596 927 778 982 Deum.
827 922 938 979 Cur
987 936 1108 978 emn
1158 919 1246 974 alii
1300 915 1642 987 evangelista:
1690 910 1760 966 ab
1820 901 2184 963 incarnatione

592 1018 790 1074 Christi
812 1019 920 1072 orsi
960 1024 1084 1071 sunt
1114 1012 1133 1082 (
1161 1027 1281 1066 nam
1325 1009 1604 1064 Mattltmus
1647 1005 1726 1061 sic
1750 1002 1996 1059 orditur:
2033 994 2184 1051 Liber

593 1109 933 1180 generationis
957 1104 1084 1162 Jesu
1115 1101 1337 1167 Christi,
1365 1101 1461 1171 ﬁlii
1488 1098 1657 1154 David
1673 1114 1693 1163 ;
1723 1095 1892 1151 Lucas
1930 1088 2085 1144 nobis
2117 1101 2180 1142 ea

592 1215 714 1272 quae
734 1199 950 1257 Mariam
976 1203 1218 1268 spectant
1239 1194 1291 1250 in
1311 1191 1569 1265 principio
1581 1195 1814 1246 enarrat.
1833 1184 2040 1241 Marcus
2056 1195 2183 1237 vero

595 1292 788 1346 similia
812 1289 923 1345 fere
946 1287 1163 1359 profert,
1181 1301 1249 1342 ex
1277 1284 1527 1354 Baptistae
1552 1279 1772 1337 historia
1793 1274 1993 1345 orsus),
2015 1272 2183 1329 Joan-

599 1398 694 1437 nes
717 1381 768 1436 id
791 1381 973 1451 paucis
989 1388 1044 1435 et
1071 1388 1191 1450 post
1210 1378 1294 1432 illa
1323 1377 1496 1448 prium
1515 1370 1869 1429 subindieavit
1886 1368 1968 1425 bis
1982 1365 2180 1431 verbis,

595 1471 666 1528 Et
697 1471 908 1527 Verbum
932 1488 1052 1527 caro
1080 1476 1269 1543 factum
1298 1479 1368 1525 est
1395 1471 1414 1540 (
1442 1467 1600 1524 Joan.
1635 1467 1684 1522 l.
1708 1465 1776 1521 14
1805 1463 1848 1536 ),
1869 1461 2184 1534 ceterisque

596 1564 846 1620 omnibus
870 1561 1265 1634 praetermissis,
1294 1560 1678 1629 conceptione,
1709 1563 1884 1627 partu,
1911 1552 2179 1608 educatio.

596 1672 687 1722 ne,
719 1656 1071 1720 incremento,
1100 1663 1358 1710 mternam
1388 1653 1568 1707 statim
1593 1647 1996 1721 generationem
2026 1644 2182 1700 nobis

595 1751 852 1802 enarrat?
871 1746 1126 1816 Quzenam
1146 1745 1338 1800 horum
1360 1758 1522 1799 causa
1545 1742 1634 1807 sit,
1659 1740 1772 1812 jam
1801 1738 1953 1794 vobis
1977 1735 2175 1792 dicam.

595 1835 729 1891 Cum
773 1836 954 1908 caeteri
995 1835 1335 1906 evangelista:
1362 1834 1431 1890 de
1454 1832 1519 1888 iis
1547 1847 1667 1903 qua
1695 1843 1911 1886 carnem
1937 1834 2181 1898 spectant

598 1938 654 1982 ut
700 1927 984 1998 plurimum
1034 1926 1193 1982 verba
1241 1925 1530 1989 fecissent,
1579 1920 1881 1977 timendum
1917 1925 2068 1982 erat,
2113 1929 2182 1971 ne

581 2017 827 2087 quipiam
853 2015 1001 2071 ltumi
1027 2022 1278 2086 repentes
1301 2014 1354 2068 in
1383 2013 1532 2068 ltisce
1552 2010 1888 2081 dogmatibus
1913 2007 2178 2063 consiste-

596 2113 746 2172 rent;
791 2105 934 2176 quod
976 2113 1031 2161 et
1081 2103 1247 2171 Paulo
1288 2101 1657 2158 Samosateusi
1688 2099 1930 2169 contigit.
1973 2097 2051 2152 Ex
2084 2094 2183 2150 bac

600 2197 761 2268 igitur
776 2196 981 2267 abjecta
1005 2196 1256 2266 opinione
1276 2193 1538 2250 reducens
1559 2205 1654 2248 eos
1672 2191 1763 2262 qui
1787 2188 1987 2260 lapsuri
2005 2195 2180 2252 erant,

596 2301 653 2344 et
680 2289 745 2344 ad
775 2290 935 2345 cados
963 2289 1205 2358 erigens,
1253 2287 1372 2356 jure
1397 2300 1463 2341 ex
1493 2296 1721 2354 superna
1750 2289 2056 2349 aeternaque
2083 2293 2181 2332 ex-

595 2382 835 2438 sistentia
875 2379 1123 2436 narrandi
1155 2378 1471 2449 principium
1499 2374 1664 2432 ducit.
1710 2371 1844 2428 Nam
1885 2385 2007 2426 cum
2045 2368 2180 2424 Mat-

599 2472 769 2528 tbteus
813 2470 902 2527 ab"
930 2469 1144 2526 ﬁerode
1189 2483 1351 2539 rege,
1397 2467 1568 2523 Lucas
1613 2479 1643 2520 a
1694 2462 1911 2519 Tiberio
1935 2460 2181 2527 Caesare,

599 2563 808 2619 Marcus
828 2577 860 2618 a
886 2561 1204 2631 baptismate
1221 2557 1442 2615 Joannis
1468 2555 1830 2612 narrationem
1851 2551 2138 2621 erupissent
2167 2566 2182 2602 ε

598 2656 714 2711 istis
756 2654 1005 2709 omnibus
1046 2651 1138 2707 ille
1188 2649 1432 2713 omissis,
1460 2648 1638 2702 statim
1684 2660 1845 2715 supra
1893 2652 2103 2713 tempus
2132 2648 2186 2696 et

597 2746 851 2802 suculam
878 2759 1038 2801 omne
1065 2741 1409 2809 conscendit,
1443 2741 1672 2812 illucque
1694 2738 1997 2794 auditorum
2027 2750 2183 2791 men-

603 2850 711 2895 tem
737 2838 886 2909 quasi
909 2837 1193 2908 jaculatur,
1219 2851 1340 2893 cum
1360 2836 1453 2901 ait,
1484 2833 1553 2888 in
1574 2833 1823 2904 principio
1846 2840 1995 2886 erat:
2013 2844 2186 2901 neque

598 2915 925 2986 consistendi
957 2929 1132 2984 locum
1161 2928 1413 2999 relinquit
1438 2969 1453 2993 ,
1483 2940 1655 2996 neque
1686 2925 1969 2982 terminum
2001 2923 2179 2994 ponit,

599 3031 659 3077 ut
686 3021 759 3077 illi
779 3063 795 3087 ,
827 3020 1091 3078 Herodem
1141 3035 1338 3090 nempe
1361 3061 1376 3085 ,
1405 3019 1677 3075 Tiberium
1703 3026 1759 3074 et
1781 3018 2062 3074 Joannem.
2100 3014 2182 3071 Ad

601 3110 715 3167 haec
733 3151 750 3178 ,
779 3110 921 3181 quod
950 3122 1293 3182 summopere
1321 3108 1618 3165 mirandum
1637 3151 1653 3175 ,
1684 3122 1858 3178 neque
1889 3107 1976 3162 hic
2011 3104 2182 3160 subli-

601 3204 824 3260 miorem
871 3216 1151 3273 aggressus
1197 3217 1499 3258 sermonem
1517 3243 1532 3266 ,
1564 3200 1917 3256 (economiam
1956 3197 2070 3254 sive
2093 3198 2181 3253 in-

599 3294 964 3350 carnationem
1013 3293 1280 3364 neglexit;
1308 3307 1502 3363 neque,
1529 3291 1619 3363 qui
1642 3305 1765 3346 eam
1792 3297 2146 3345 uarraveruut
2165 3329 2181 3355 ,

603 3385 744 3441 illius
773 3394 898 3441 ante
921 3384 1113 3440 saecula
1137 3385 1503 3440 exsistentiam
1539 3389 1856 3446 tacuerunt;
1887 3380 2045 3452 idque
2062 3381 2184 3451 jure

601 3476 811 3532 merito.
833 3474 981 3533 Unus
1000 3474 1196 3546 quippe
1215 3474 1444 3545 Spiritus
1465 3483 1580 3530 erat
1599 3473 1686 3544 qui
1707 3486 1894 3528 omnes
1913 3471 2179 3538 movebat;

601 3569 825 3640 ideoque
853 3583 1100 3638 magnum
1133 3568 1184 3622 in
1217 3567 1520 3622 narratione
1561 3579 1882 3622 consensum
1927 3563 2183 3620 exitibueo

601 3669 743 3715 runt.
775 3659 856 3715 Tu
883 3674 1032 3724 vero,
1062 3658 1275 3724 dilecte,
1300 3672 1420 3712 cum
1455 3656 1682 3712 Verbum
1725 3655 1896 3724 audis,
1925 3670 1995 3710 ne
2040 3653 2181 3710 feras

596 3766 692 3807 eos
719 3751 806 3822 qui
833 3752 1022 3806 dicunt
1061 3751 1231 3819 ipsum
1277 3749 1547 3819 opificium
1576 3762 1727 3814 esse;
1760 3762 1934 3818 neque
1958 3760 2051 3802 eos
2089 3746 2179 3816 qui

602 3851 789 3911 puttmt
816 3841 988 3911 ipsum
1019 3839 1333 3910 simpliciter
1363 3838 1581 3894 verbum
1627 3851 1767 3893 esse.
1797 3836 1958 3892 Multa
1989 3851 2180 3905 nempe

597 3943 722 3989 sunt
776 3933 870 3989 Dei
910 3933 1103 4000 verba,
1141 3941 1344 4002 quzeget
1367 3931 1542 4001 angeli
1587 3929 1817 3993 faciunt;
1848 3927 1943 3984 sed
1978 3927 2179 3982 nullum

598 4026 851 4081 horumce
883 4025 1168 4079 verborum
1201 4023 1338 4079 Deus
1367 4034 1481 4088 est;
1511 4035 1694 4076 verum
1741 4020 1830 4074 illa
1853 4019 2028 4075 omnia
2057 4027 2182 4074 sunt

600 4114 890 4186 prophetia;
916 4122 971 4169 et
1003 4122 1264 4184 prmcepta
1297 4112 1416 4184 (sic
1444 4111 1586 4167 enim
1617 4111 1753 4166 solet
1779 4110 2055 4180 Scriptura
2086 4125 2179 4165 vo-

595 4223 718 4264 care
743 4207 887 4278 leges
912 4207 1037 4273 Dei,
1072 4214 1331 4275 praecepta
1370 4212 1424 4258 et
1469 4203 1778 4274 prophetias
1811 4220 1827 4260 :
1857 4201 2084 4272 ideoque
2111 4201 2178 4258 de

594 4297 793 4370 angelis
820 4291 1034 4367 adjicit,
1074 4295 1309 4350 Potentes
1331 4296 1512 4350 uirtute
1536 4294 1776 4364 facientes
1804 4293 2007 4347 uerbum
2035 4291 2177 4346 illius

595 4391 615 4465 [
647 4390 792 4445 Psal.
831 4388 952 4444 102.
979 4387 1073 4461 ‘20]
1109 4406 1121 4441 :
1156 4388 1257 4442 ltoc
1284 4398 1464 4442 autem
1507 4387 1743 4442 Verbum
1774 4385 2068 4440 substantia
2096 4394 2179 4440 est

595 4483 645 4534 iu
678 4478 984 4552 bypostasi,
1015 4493 1135 4549 quae
1182 4491 1210 4531 a
1258 4477 1414 4531 Patre
1456 4476 1572 4532 sine
1617 4475 1866 4546 passione
1914 4474 2174 4545 procedit.

594 4573 726 4628 illud
764 4570 907 4627 enim
933 4612 949 4638 ,
982 4578 1040 4625 ut
1069 4568 1213 4636 dixi,
1243 4584 1340 4638 per
1373 4567 1531 4624 Verbi
1571 4567 1981 4640 appellationem
2011 4565 2176 4638 signi—

593 4665 785 4722 licavit.
808 4662 1266 4732 Quemadmodum
1304 4661 1463 4733 igitur
1498 4660 1625 4716 illud
1649 4701 1665 4728 ,
1698 4659 1764 4715 In
1794 4660 2044 4732 principio
2068 4669 2175 4714 erat

599 4756 846 4822 Verbum,
879 4755 1231 4811 aeternitatem
1262 4753 1483 4809 denotat
1511 4769 1524 4805 :
1561 4753 1630 4808 ita
1656 4762 1707 4808 et
1738 4751 1888 4818 illud,
1921 4751 2038 4808 Hoc
2064 4761 2172 4808 erat

588 4851 640 4903 in
671 4848 920 4919 principio
948 4847 1086 4918 apud
1111 4845 1275 4901 Deum
1296 4885 1312 4912 ,
1350 4847 1767 4902 ceteternitatem
1793 4846 1948 4902 nobis
1969 4846 2172 4917 signifi-

588 4947 694 4993 cat.
727 4937 940 4994 Etenim
988 4953 1056 4994 tte
1095 4936 1353 5002 audiens,
1387 4935 1452 4992 In
1492 4938 1744 5008 principio
1771 4948 1878 4993 erat
1915 4937 2168 5005 Verbum,

586 5038 847 5084 internum
874 5029 1091 5098 quidem
1121 5028 1456 5084 existimares
1476 5070 1490 5096 ,
1520 5028 1613 5084 sed
1645 5029 1856 5085 Patrem
1886 5030 2065 5100 aliquo
2094 5031 2172 5082 vi.

586 5132 653 5176 tze
684 5121 971 5178 interstitio
1017 5120 1283 5179 seniorem
1309 5163 1324 5184 ,
1374 5130 1428 5177 et
1470 5121 1688 5192 majoris
1728 5122 1826 5178 aevi
1875 5122 2168 5192 crederes,

587 5231 720 5271 neve
751 5215 1066 5304 principium
1108 5213 1391 5286 Unigenito
1436 5213 1630 5282 dares,
1676 5215 1893 5284 adjecit,
1942 5214 2072 5270 Erat
2115 5219 2168 5271 in

575 5307 832 5379 principio
858 5309 996 5379 apud
1041 5306 1199 5363 Deum
1241 5325 1260 5364 :
1304 5309 1374 5363 ita
1406 5317 1640 5364 aeternus
1671 5317 1727 5362 ιιι
1769 5309 1965 5371 Pater;
2009 5325 2165 5363 num-

581 5414 740 5470 quam
792 5399 933 5454 enim
981 5397 1156 5453 Verbo
1199 5413 1398 5454 vacuus
1447 5398 1581 5464 iuit;
1638 5399 1731 5456 sed
1785 5415 1999 5468 semper
2027 5400 2166 5456 Deus

580 5489 721 5561 apud
766 5490 930 5545 Deum
963 5487 1057 5542 fuit
1090 5488 1142 5542 in
1170 5490 1379 5559 propria
1409 5488 1510 5546 sibi
1560 5490 1852 5561 hypostasi.
1885 5489 2164 5558 Quomodo

579 5596 729 5653 ergo,
755 5579 996 5650 inquies,
1025 5577 1238 5647 adjecit,
1270 5577 1333 5632 In
1359 5580 1545 5634 mundo
1569 5589 1675 5636 erat
1701 5579 1879 5651 (Joan.
1903 5581 1955 5636 l.
1988 5580 2160 5652 l0),si

577 5684 690 5729 erat
715 5670 854 5742 apud
886 5670 1092 5726 Deum?
1115 5669 1249 5738 Quia
1275 5678 1327 5725 et
1351 5672 1486 5741 apud
1512 5672 1676 5727 Deum
1699 5673 1837 5728 Deus
1862 5682 1998 5737 erat,
2030 5682 2082 5729 et
2109 5675 2158 5729 in

580 5764 774 5821 mundo
817 5772 974 5821 erat:
1021 5763 1166 5817 nullo
1216 5761 1410 5833 quippe
1465 5761 1726 5818 clauditur
1773 5765 2005 5820 termino
2046 5768 2159 5822 sive

581 5854 756 5918 Pater,
788 5858 897 5914 sive
927 5858 1112 5915 Filius.
1163 5855 1294 5912 Nam
1329 5854 1374 5913 si
1420 5854 1786 5928 Magnitudinis
1819 5859 1930 5925 eius
1955 5875 2054 5913 non
2083 5869 2155 5914 est

2289 528 2443 598 ﬁnis,
2470 527 2544 599 Et
2588 530 2855 601 sapientia:
2895 533 3006 602 ejus
3030 547 3132 588 non
3176 541 3250 588 est
3276 548 3514 590 numerus
3538 527 3718 605 (Ptol.
3751 536 3877 594 Mt.

2287 620 2342 681 3.
2359 632 2407 675 et
2427 620 2549 676 μϐ.
2565 620 2642 692 5),
2661 621 2828 694 liquet
2845 638 3018 694 neque
3033 623 3347 680 substantia:
3366 625 3510 681 illius
3528 641 3648 684 esse
3670 629 3880 686 initium

2287 711 2602 791 temporale.
2628 712 2871 780 Audisti,
2915 714 2983 770 In
3024 716 3275 787 principio
3298 717 3418 788 fecit
3445 717 3584 774 Deus
3612 721 3796 778 calum
3832 734 3881 778 et

2288 813 2474 858 terram
2498 804 2524 857 .’
2548 803 2687 872 Quid
2717 806 2922 876 cogitas
2949 807 3017 863 de
3082 807 3183 864 ltoe
3226 811 3532 882 principio?
3558 810 3717 874 Certe
3737 820 3880 890 quod

2290 895 2404 951 haec
2431 905 2559 952 ante
2582 897 2762 953 omnia
2788 900 3019 955 visibilia
3069 901 3206 958 facta
3257 904 3386 960 sint.
3435 904 3526 961 Sic
3564 917 3618 962 et
3645 922 3768 963 cum
3812 910 3882 968 de

2290 984 2574 1058 Unigeoito
2612 988 2766 1044 audis
2788 1030 2802 1054 ,
2831 988 2897 1043 In
2924 991 3174 1061 principio
3202 990 3308 1048 erat
3326 1032 3340 1060 ,
3371 1003 3497 1051 ante
3526 996 3880 1070 intelligibilia

2288 1081 2466 1136 omnia
2495 1092 2550 1137 et
2578 1092 2705 1139 ante
2749 1085 2946 1140 secula
2980 1086 3154 1156 ipsum
3187 1103 3312 1142 esse
3352 1088 3622 1162 intelligas
3642 1103 3879 1164 oportet.

2286 1171 2440 1240 Quod
2486 1174 2531 1229 si
2577 1175 2698 1246 quis
2726 1175 2921 1232 dixerit
2959 1194 2972 1231 :
3008 1177 3072 1233 Et
3101 1180 3374 1250 quomodo
3418 1181 3533 1238 fieri
3578 1193 3791 1254 potest,
3824 1196 3884 1242 ut

2291 1264 2462 1322 Filius
2504 1281 2629 1323 cum
2668 1268 2770 1335 sit,
2823 1285 2928 1326 non
2977 1270 3048 1326 sit
3087 1270 3272 1342 jnnior
3312 1273 3506 1330 Patre?
3547 1290 3669 1333 nam
3696 1279 3785 1350 qui
3812 1295 3882 1337 cx

2286 1355 2466 1427 aliquo
2506 1367 2622 1419 est.
2668 1361 2974 1434 necessario
3015 1364 3285 1432 posterior
3310 1375 3394 1421 est
3441 1366 3532 1420 illo
3556 1383 3585 1422 a
3613 1384 3726 1438 quo
3749 1379 3833 1425 est
3860 1387 3878 1426 :

2289 1448 2730 1517 respondebimus
2749 1493 2763 1516 ,
2795 1451 2911 1507 haec
2936 1467 3003 1508 ex
3034 1452 3281 1510 humanis
3313 1458 3726 1526 cogitationibus
3755 1477 3882 1531 pro-

2288 1536 2471 1605 ficisci,
2493 1549 2549 1595 et
2576 1556 2700 1597 eum
2727 1542 2820 1613 qui
2845 1542 2961 1600 base
2985 1546 3196 1615 quzerit,
3214 1546 3523 1604 absurdiora
3553 1551 3714 1607 etiam
3738 1568 3882 1624 qna:-

2286 1627 2512 1686 siturum
2541 1644 2694 1699 esse;
2717 1648 2818 1690 nec
2855 1648 2978 1690 esse
3019 1630 3232 1691 illavel
3270 1638 3488 1693 auribus
3511 1642 3877 1712 percipienda.

2289 1722 2364 1779 De
2413 1724 2520 1781 Deo
2548 1726 2746 1799 quippe
2786 1729 2939 1785 nobis
2981 1739 3065 1786 est
3109 1746 3323 1795 sermo,
3368 1748 3470 1787 non
3499 1734 3564 1789 de
3597 1737 3879 1795 hominum

2288 1824 2511 1883 natura,
2565 1818 2871 1890 lmjusmodi
2923 1824 3325 1879 ratiociniorum
3376 1830 3776 1897 consequentiae
3823 1840 3883 1888 et

2287 1908 2592 1964 necessitati
2621 1910 2882 1981 subjecta.
2907 1912 3288 1970 Verumtamen
3318 1915 3384 1970 ad
3415 1915 3739 1977 infirmiores
3786 1939 3880 1980 ro-

2287 1997 2554 2057 borandos
2581 2003 3044 2080 reapondebimus.

2358 2091 2414 2148 2.
2449 2093 2544 2150 Dic
2568 2109 2697 2166 ergo
2724 2095 2889 2151 mihi:
2921 2097 3120 2168 Radius
3162 2100 3292 2157 solis
3326 2117 3394 2158 ex
3443 2113 3704 2162 naturane
3746 2108 3883 2166 solis

2288 2183 2500 2250 exsilit,
2530 2200 2598 2240 an
2624 2186 2881 2244 aliunde?
2909 2187 3221 2247 Necessario
3259 2192 3551 2263 fatendum,
3584 2196 3683 2252 nisi
3708 2201 3883 2256 sensi-

2286 2271 2386 2330 bus
2417 2277 2568 2331 vacui
2611 2277 2802 2345 simus,
2829 2294 2895 2335 ex
2925 2281 3042 2350 ejus
3081 2291 3269 2338 natura
3312 2284 3546 2355 prodire.
3580 2287 3644 2344 Et
3696 2300 3880 2348 tamen

2288 2365 2412 2422 licet
2431 2382 2495 2422 ex
2519 2368 2634 2424 sole
2654 2367 2836 2425 radius
2857 2365 3100 2442 prodeat,
3128 2389 3416 2446 numquam
3441 2375 3681 2434 dicemus
3703 2379 3881 2451 ipsum

2288 2471 2409 2512 esse
2436 2458 2597 2512 solari
2629 2471 2817 2516 natura
2849 2463 3203 2531 posteriorem
3229 2481 3244 2520 :
3272 2467 3705 2540 quandoquidem
3729 2488 3885 2527 num-

2288 2563 2450 2620 quam
2479 2549 2561 2606 sol
2588 2552 2704 2607 sine
2735 2553 2885 2608 radio
2913 2556 3064 2610 visus
3089 2564 3192 2612 est.
3219 2556 3373 2626 Quod
3402 2559 3447 2614 si
3490 2560 3543 2615 in
3584 2561 3667 2616 his
3692 2564 3886 2620 visibi-

2289 2641 2427 2697 iibus
2454 2651 2510 2698 et
2548 2645 2893 2701 sensibilibus
2918 2646 3188 2718 quidpiam
3215 2650 3285 2705 sit
3319 2651 3460 2721 quod
3491 2653 3560 2707 sit
3586 2667 3649 2708 ex
3675 2653 3881 2726 aliquo,

2288 2746 2462 2803 neque
2491 2735 2754 2803 posterius
2794 2737 2864 2790 sit
2894 2736 3022 2804 illo;
3056 2753 3154 2793 cur
3180 2738 3231 2794 id
3265 2755 3369 2795 non
3397 2742 3573 2798 credis
3597 2743 3666 2800 de
3693 2744 3886 2802 invisi-

2287 2823 2379 2879 bili
2402 2834 2458 2881 et
2478 2827 2729 2883 ineffabili
2753 2830 2980 2884 natura?
2999 2830 3162 2888 Certe
3185 2832 3287 2888 hoc
3308 2833 3480 2904 ipsum
3512 2836 3582 2891 ita
3611 2851 3670 2892 se
3697 2837 3881 2906 liabet,

2287 2925 2346 2971 nt
2397 2916 2538 2972 illam
2581 2919 2933 2975 substantiam
2964 2921 3138 2978 decet.
3196 2922 3423 2995 ideoque
3451 2926 3693 2997 Paulus(
3714 2928 3882 2988 Hebr.

2289 3007 2342 3062 Ι.
2370 3007 2441 3080 3)
2471 3023 2537 3065 co
2564 3009 2737 3081 ipsum
2763 3014 2974 3068 vocavit
3000 3015 3232 3081 nomine,
3253 3016 3411 3072 simul
3437 3018 3715 3077 declarans
3734 3033 3788 3079 ct
3813 3039 3882 3081 ex

2286 3096 2405 3168 ipso
2428 3106 2483 3154 et
2507 3109 2834 3158 comternum
2873 3103 2970 3173 ipsi
3015 3119 3156 3161 esse.
3188 3106 3324 3173 Quid
3368 3108 3562 3179 igitur?
3586 3110 3673 3166 die
3716 3113 3880 3181 mihi,

2285 3205 2463 3248 annon
2485 3194 2679 3249 smcula
2700 3195 2876 3250 omnia
2900 3203 2954 3251 et
2979 3198 3208 3267 spatium
3237 3213 3398 3254 omne
3424 3215 3519 3271 per
3540 3201 3713 3272 ipsum
3737 3204 3879 3263 facta

2286 3283 2459 3338 sunt?
2488 3284 2600 3341 Hoc
2623 3286 2946 3342 confiteatur
2985 3303 3207 3345 necesse
3233 3299 3317 3345 est
3344 3289 3389 3345 is
3414 3332 3429 3358 ,
3459 3292 3551 3362 qui
3581 3305 3764 3351 mente
3789 3311 3880 3352 ca-

2285 3383 2408 3446 ptus
2433 3391 2537 3432 non
2566 3377 2656 3433 sit.
2691 3378 2830 3450 Ergo
2858 3379 2989 3436 nihil
3019 3381 3259 3437 medium
3300 3391 3384 3438 est
3420 3366 3570 3442 inter
3597 3385 3792 3444 Filium
3823 3400 3883 3447 et

2285 3466 2518 3524 Patrem.
2551 3468 2609 3524 Si
2637 3469 2802 3535 nibil,
2832 3485 2961 3541 ergo
3010 3487 3116 3527 non
3143 3473 3426 3544 posterior,
3454 3476 3548 3531 sed
3576 3489 3884 3538 comternus

2283 3567 2385 3613 est.
2409 3558 2542 3614 Nam
2570 3569 2688 3614 ante
2714 3570 2769 3617 et
2799 3571 2910 3632 post
2934 3572 3172 3633 tempora
3201 3564 3526 3635 significant.
3557 3567 3650 3624 lla:
3679 3570 3884 3642 quippe

2285 3666 2443 3707 voces
2470 3667 2577 3707 non
2610 3663 2833 3723 possunt
2860 3655 2978 3711 sine
3015 3656 3215 3712 szeculo
3241 3657 3325 3714 vel
3354 3665 3598 3730 tempore
3625 3661 3880 3733 cogitari.

2287 3742 2427 3798 Deus
2454 3758 2586 3800 vero
2612 3745 2861 3814 superior
2888 3755 2971 3802 est
3001 3747 3332 3818 temporibus
3362 3758 3420 3806 et
3445 3753 3682 3808 saeculis.
3721 3754 3883 3822 Quod

2283 3838 2328 3891 si
2367 3838 2586 3894 omnino
2625 3839 2827 3896 dixeris
2872 3841 3009 3896 Filio
3056 3842 3375 3914 principium
3422 3859 3585 3912 esse,
3631 3861 3765 3905 cave
3809 3865 3883 3908 ne

2285 3926 2495 3982 Patrem
2525 3943 2734 4000 quoque
2780 3931 2879 3986 sub
2903 3932 3169 4002 principio
3206 3933 3393 3990 eadem
3436 3937 3644 3992 ratione
3669 3941 3884 3995 consti-

2285 4028 2437 4075 tuere
2465 4022 2706 4091 cogaris;
2747 4023 3049 4094 antiquiore
3076 4024 3315 4095 quidem,
3344 4026 3441 4083 sed
3472 4036 3650 4086 tamen
3675 4032 3881 4101 princi-

2283 4109 2390 4179 pio.
2418 4109 2513 4166 Dic
2540 4111 2683 4166 enim
2725 4111 2855 4168 mihi
2892 4130 2905 4168 :
2943 4116 3137 4170 Annon
3166 4118 3452 4174 terminum
3487 4129 3646 4190 atque
3672 4123 3880 4193 princi-

2282 4201 2426 4271 pium
2455 4201 2596 4256 Filio
2623 4202 2936 4260 adscribens
2955 4246 2970 4270 ,
3009 4215 3170 4276 atque
3199 4207 3267 4262 ab
3305 4209 3398 4264 illo
3426 4213 3690 4283 principio
3714 4214 3880 4274 altius

2282 4291 2567 4361 prodiens,
2631 4294 2842 4350 Patrem
2889 4296 3035 4365 prius
3097 4298 3361 4356 exsistere
3400 4300 3577 4356 dicis?
3633 4304 3687 4360 ld
3727 4317 3880 4366 certe

2281 4381 2640 4438 manifestum.
2673 4384 2767 4440 Dic
2812 4400 2940 4456 ergo
2980 4387 3110 4443 mibi
3137 4399 3337 4460 quanto
3367 4393 3540 4462 spatio
3577 4400 3878 4464 prteexistit

2280 4473 2480 4530 Pater?
2506 4475 2630 4531 Sive
2657 4477 2801 4532 enim
2830 4491 3072 4548 parvum,
3101 4480 3216 4536 sive
3247 4495 3499 4552 magnum
3519 4483 3722 4542 dixeris
3746 4504 3877 4560 spa-

2281 4567 2449 4632 tium,
2481 4565 2582 4622 sub
2606 4566 2871 4638 principio
2910 4569 3122 4626 Patrem
3153 4572 3396 4641 posuisti.
3422 4572 3556 4630 Nam
3587 4588 3877 4650 postquam

2277 4673 2585 4714 mensuram
2610 4659 2766 4729 spatii
2798 4659 2940 4717 illius
2964 4661 3211 4728 duxeris,
3242 4663 3322 4720 sic
3354 4664 3503 4722 dices
3529 4669 3611 4724 vel
3641 4685 3874 4740 parvum

2275 4750 2362 4805 vel
2391 4766 2642 4822 maguum
2684 4767 2847 4809 esse:
2877 4768 3130 4811 mensura
3170 4771 3301 4812 vero
3339 4756 3464 4814 duci
3510 4775 3618 4816 non
3650 4771 3872 4833 potest,

2276 4842 2378 4898 nisi
2407 4844 2656 4914 utrinque
2687 4844 3005 4915 principium
3045 4847 3136 4901 sit.
3171 4846 3356 4918 Itaque
3388 4847 3562 4916 Patri,
3605 4864 3875 4923 quantum

2278 4935 2330 4990 iu
2364 4945 2415 4992 te
2441 4936 2566 5002 fuit,
2597 4937 2915 5008 principium
2942 4938 3138 4995 dedisti
3167 4955 3182 4994 :
3216 4940 3401 5013 sicque
3443 4946 3742 5002 secundum
3775 4965 3876 5007 vos

2284 5042 2351 5084 ne
2395 5029 2552 5085 Pater
2592 5031 2806 5101 quidem
2856 5031 2973 5087 sine
3004 5033 3266 5104 principio
3305 5036 3428 5091 erit.
3462 5036 3650 5093 Viden‘
3678 5055 3871 5098 verum

2273 5135 2393 5176 esse
2419 5119 2470 5176 id
2497 5121 2638 5192 quod
2674 5137 2703 5177 a
2743 5121 3031 5179 Servatore
3060 5123 3259 5181 dictum
3296 5136 3398 5192 est,
3422 5137 3476 5182 et
3505 5128 3707 5185 dictum
3735 5132 3871 5188 illud

2274 5213 2484 5269 virtutis
2532 5215 2650 5285 ejus
2700 5216 2899 5288 ubique
2941 5227 3314 5287 argumentum
3366 5222 3528 5275 esse?
3577 5222 3869 5290 Quodnam

2271 5311 2396 5366 illttd
2426 5312 2545 5366 est?
2578 5309 2678 5378 Qui
2718 5327 2820 5365 non
2848 5312 3065 5365 honorat
3116 5311 3306 5367 Filium
3325 5356 3340 5380 ,
3376 5330 3478 5369 non
3507 5318 3721 5370 honorat
3749 5316 3866 5374 Pa-

2270 5410 2394 5456 trem
2420 5399 2603 5472 (Joan.
2633 5403 2688 5459 5.
2722 5402 2838 5474 25).
2866 5402 3006 5458 Novi
3038 5403 3220 5459 multis
3250 5406 3362 5460 lucc
3393 5405 3864 5477 incomprehensi-

2269 5492 2393 5548 bilia
2421 5508 2542 5549 esse
2572 5514 2587 5550 :
2620 5493 2846 5565 ideoque
2866 5495 3142 5550 ratiocinia
3160 5493 3463 5566 bujusmodi
3481 5513 3698 5556 movere
3714 5517 3866 5573 saepe

2266 5593 2580 5663 cunctamur
2603 5627 2618 5650 ,
2649 5585 2793 5657 quod
2820 5585 3009 5657 vulgus
3050 5586 3137 5641 ilia
3165 5587 3377 5657 assequi
3406 5600 3668 5660 nequeat;
3696 5595 3782 5648 vel
3813 5597 3860 5652 si

2265 5685 2602 5746 assequatur,
2633 5676 2722 5732 illa
2762 5691 2866 5733 non
2893 5675 3045 5731 firma
3072 5687 3126 5733 et
3151 5686 3296 5733 certa
3325 5689 3594 5734 maneant.
3628 5681 3862 5740 Ralioci-

2265 5770 2349 5823 nia
2377 5767 2572 5839 quippe
2593 5769 2855 5824 hominum
2887 5769 3068 5824 timida
3087 5778 3206 5824 sunt
3226 5812 3240 5836 ,
3270 5781 3317 5825 et
3346 5772 3558 5842 fallaces
3587 5775 3859 5844 cogitatio-

2267 5877 2352 5915 nes
2381 5876 2552 5915 eorum
2580 5859 2750 5931 (Sep.
2777 5861 2829 5917 9.
2864 5861 2928 5916 ill
2949 5861 2990 5932 ).
3023 5860 3275 5918 Libenter
3303 5875 3478 5921 autem
3510 5862 3848 5930 adversario:
