4078 6510
239 493 298 555 ιθ
1377 481 1451 564 ιιι
1480 477 1796 538 Joannes
1834 467 2068 536 nomn.
2112 475 2199 533 :v.
2243 478 2316 534 al.
2358 477 2462 534 ιιι.

237 609 703 685 interrogaverunt,
755 605 886 676 quid
928 606 996 664 sit
1038 601 1168 660 illud
1215 617 1245 656 a
1272 599 1532 671 propheta
1577 598 1825 653 dictum:

3493 483 3565 539 ειι

1887 589 1890 592 ’
1947 597 2064 649 culo
2090 604 2140 651 et
2169 611 2329 666 usque
2354 596 2407 650 in
2434 596 2680 651 sa‘ruium
2705 607 2759 650 tu
2787 613 2841 654 es
2869 590 3044 672 (Paul.
3078 597 3172 656 89.
3215 596 3274 673 2)
3305 617 3317 654 :
3366 615 3433 654 an
3479 605 3563 654 his

238 682 354 759 Ante
398 718 475 756 me
521 715 626 755 non
674 701 781 771 fuit
828 698 962 753 alius
1005 694 1183 760 Deus,
1241 701 1287 746 et
1333 699 1444 762 post
1490 707 1569 744 nte
1596 706 1696 743 non
1737 689 1834 743 erit
1947 685 2127 742 verbis
2157 687 2419 743 terminos
2449 687 2549 759 ipsi
2594 687 2786 758 punit?
2828 682 3222 762 Nequaquam;
3270 687 3367 747 sed
3397 701 3560 746 auer-

234 793 378 866 (Isai.
405 791 495 849 ιδ.
528 791 619 860 16)
639 793 665 846 ?
697 791 832 846 Nam
855 790 898 844 si
925 787 1105 858 junior
1139 793 1223 840 est
1269 783 1426 838 Patre
1472 780 1661 846 Filius,
1691 781 1825 850 quo-

235 885 381 941 modo
412 884 576 949 dicit,
616 881 744 937 Post
779 898 856 936 me
896 897 994 934 non
1040 877 1180 933 erit?
1207 874 1346 932 Num
1398 890 1528 946 ergo
1561 871 1828 942 Unigeniti

230 977 572 1034 substantiam
607 975 848 1032 tolletis?
879 973 1112 1027 Necesse
1141 970 1286 1025 enim
1317 978 1400 1024 est
1441 977 1532 1022 aut
1559 983 1624 1022 eo
1665 965 1831 1020 anda-

226 1071 317 1122 εἰν
333 1069 649 1140 procedere,
669 1076 765 1122 ant
787 1080 946 1120 unam
967 1062 1251 1117 admittere
1271 1059 1603 1115 divinitatem
1632 1059 1684 1113 in
1702 1073 1828 1126 pro-

232 1159 332 1228 pt'ia
363 1159 637 1232 Itypostusi
671 1157 844 1213 Patris
870 1156 939 1212 et
963 1154 1105 1211 Filii.
1139 1152 1424 1221 Quomodo
1450 1162 1627 1206 autem
1659 1150 1788 1206 illud
1808 1191 1824 1216 ,

225 1251 404 1304 Omnia
435 1267 524 1321 per
552 1250 724 1320 ipsum
744 1251 886 1320 facta
913 1255 1032 1302 sunt
1055 1243 1222 1316 (Joan
1277 1247 1330 1302 1.
1362 1245 1398 1300 5
1423 1246 1464 1314 ),
1495 1259 1678 1298 verum
1708 1242 1827 1299 cst?

226 1343 348 1399 Nam
395 1346 438 1400 si
484 1360 660 1399 :cvum
708 1350 794 1399 est
825 1341 921 1396 illo
965 1341 1259 1410 antiquius,
1289 1337 1562 1410 quomodo
1589 1336 1640 1392 id
1682 1335 1824 1408 quod

222 1447 338 1492 ante
360 1437 509 1491 illum
537 1445 620 1492 est
641 1478 657 1503 ,
687 1450 782 1506 per
805 1435 977 1505 ipsum
1009 1428 1212 1488 factum
1241 1430 1440 1487 fuerit?
1465 1429 1744 1486 Videtisne
1771 1429 1824 1484 in

224 1536 464 1597 quantam
498 1518 859 1583 temeritatem
890 1511 1062 1582 semel
1091 1523 1302 1594 abiecta
1331 1525 1560 1580 veritate
1597 1537 1818 1594 proces-

221 1618 415 1673 serint?
442 1618 556 1674 Cur
590 1634 698 1674 non
727 1616 863 1673 dixit
886 1615 1238 1689 evangelista,
1286 1615 1460 1686 ipsum
1497 1629 1565 1670 ex
1595 1629 1700 1670 non
1726 1629 1824 1670 ex-

224 1711 477 1767 stantibus
519 1711 726 1783 factum
771 1727 928 1776 esse,
982 1721 1040 1765 ut
1088 1709 1158 1766 de
1204 1709 1457 1766 omnibus
1492 1707 1690 1763 Paulus
1739 1707 1823 1762 bis

221 1803 388 1858 verbis
425 1803 627 1859 asserit
656 1819 671 1857 :
704 1803 805 1868 Qui
832 1802 1027 1857 necavit
1054 1818 1115 1855 ea
1143 1815 1260 1872 qua
1285 1816 1390 1854 non
1417 1808 1540 1853 sunt
1581 1807 1825 1869 tanquam

219 1912 274 1948 ea
310 1911 422 1964 qua:
447 1906 570 1952 sunt
621 1903 640 1969 ς
672 1894 821 1952 Itoni.
853 1896 903 1952 ι.
938 1896 996 1952 17
1035 1893 1090 1967 );
1121 1893 1216 1950 sed
1246 1893 1413 1960 dicit,
1461 1889 1528 1947 In
1570 1891 1824 1962 principio

217 1988 352 2042 erat?
367 1987 470 2043 hoc
484 1989 636 2044 enim
655 1986 985 2043 coutrarimn
1004 1994 1091 2041 est
1106 1985 1180 2041 illi
1199 2001 1216 2054 ;
1237 1984 1432 2055 acjure
1455 1982 1665 2038 merito.
1681 1982 1822 2037 Dens

217 2080 351 2134 enim
371 2094 549 2150 neque
571 2079 653 2145 iit,
677 2094 851 2149 neque
872 2077 999 2149 quid
1043 2093 1106 2134 se
1120 2077 1392 2148 antiquius
1411 2075 1606 2140 habet;
1633 2091 1819 2131 verum

217 2170 324 2227 iure
343 2170 630 2243 gentilium
657 2169 820 2227 verba
857 2179 1002 2225 sunt.
1047 2170 1143 2225 Die
1165 2177 1223 2224 et
1253 2165 1550 2245 illud‘mibi
1578 2185 1592 2223 :
1622 2169 1817 2223 Annon

216 2258 405 2316 dixeris
429 2269 739 2318 creatorem
786 2261 983 2317 creatis
1019 2259 1275 2333 operibus
1316 2258 1821 2330 incomparabiliter

214 2351 649 2411 excellentioretn
676 2352 840 2410 esse?
867 2353 1002 2409 Cum
1043 2367 1176 2423 ergo
1213 2351 1346 2423 ipsis
1371 2351 1548 2406 simile
1593 2350 1733 2406 foret
1762 2351 1814 2405 id

214 2444 343 2516 quod
368 2461 440 2500 ex
472 2461 584 2502 non
613 2445 948 2503 exstantibus
971 2454 1152 2508 esset,
1197 2445 1286 2500 ubi
1315 2452 1463 2501 esset
1489 2443 1578 2499 itla
1608 2443 1816 2498 incom-

216 2537 458 2606 parabilis
480 2537 846 2597 excellentia?
874 2537 1015 2606 Quid
1041 2545 1220 2592 autem
1252 2545 1336 2593 est
1359 2535 1520 2602 illud,
1555 2535 1667 2608 Ego
1708 2535 1791 2607 pri

214 2646 335 2696 mas,
374 2639 420 2685 et
446 2647 542 2702 ego
572 2640 689 2702 post
713 2631 844 2695 lues,
877 2638 955 2696 et,
984 2630 1119 2685 Ante
1143 2647 1222 2684 me
1247 2633 1351 2685 non
1381 2630 1482 2702 [uit
1507 2630 1646 2685 alius
1671 2628 1817 2696 Dens

213 2718 354 2791 (Issi.
380 2719 473 2778 ιι.
503 2723 562 2778 6.
595 2733 646 2778 et
671 2724 763 2780 ιδ.
798 2722 930 2795 ιωι
954 2722 1089 2778 Nam
1119 2723 1165 2778 si
1199 2721 1365 2779 Filius
1394 2738 1502 2779 non
1533 2723 1603 2779 sit
1627 2739 1692 2780 ex
1724 2739 1816 2780 ea-

213 2811 326 2880 dem
351 2815 659 2871 substantia
684 2857 699 2883 ,
724 2815 860 2871 alius
880 2825 964 2872 est
1009 2816 1188 2882 Deus;
1233 2815 1278 2872 si
1325 2831 1436 2872 non
1475 2825 1812 2883 coaeternus,

213 2914 288 2962 est
323 2916 444 2977 post
470 2907 630 2963 illum
665 2925 680 2963 :
724 2921 788 2963 ac
813 2906 859 2963 si
885 2924 993 2964 non
1018 2923 1088 2964 ex
1116 2907 1416 2964 substantia
1457 2907 1689 2979 prodiit,
1720 2919 1815 2980 pa-

215 3000 306 3054 lam
331 3010 414 3057 est
439 3002 620 3072 ipsum
650 3002 848 3058 factum
876 3017 1018 3059 esse.
1052 3002 1208 3072 Quod
1237 3003 1284 3058 si
1322 3001 1561 3059 dixerint
1602 3002 1720 3059 lure
1745 3002 1810 3058 ad

213 3091 557 3150 dill’erentiam
608 3092 874 3151 idolorum
915 3095 1059 3151 dicta
1112 3094 1277 3152 fuisse
1303 3134 1321 3163 ,
1371 3094 1648 3166 quomodo
1702 3111 1810 3151 non

213 3184 497 3242 meedent
539 3185 613 3241 ad
660 3184 1019 3244 diﬂ'erentiam
1073 3186 1340 3244 idolorum
1387 3186 1564 3244 solum
1618 3202 1806 3242 verum

217 3273 369 3332 Deum
397 3275 547 3333 dici?
576 3277 732 3346 Quod
759 3278 804 3333 si
834 3277 940 3334 hoc
965 3278 1129 3335 etiam
1156 3277 1224 3335 ad
1245 3277 1605 3335 diﬂ'erentiam
1631 3279 1808 3337 idolo-

213 3383 318 3422 rum
347 3367 551 3425 dictum
602 3370 709 3435 sit,
741 3371 1015 3442 quomodo
1059 3379 1227 3426 totam
1271 3371 1594 3428 sententiam
1639 3373 1808 3429 inter-

215 3460 500 3528 pretaberis
518 3461 546 3514 ’ἔ
579 3457 708 3515 Post
735 3477 816 3516 me
836 3461 1003 3526 enim,
1033 3460 1238 3530 inquit,
1263 3478 1366 3516 non
1390 3470 1465 3518 est
1488 3462 1622 3518 alius
1642 3461 1806 3519 Deus.

215 3549 319 3606 Non
345 3552 574 3623 eiiciens
622 3552 817 3608 Filium
867 3553 969 3609 hoc
997 3552 1164 3621 dicit,
1197 3553 1292 3609 sed
1335 3554 1598 3624 signiﬁcat
1621 3595 1636 3620 ,
1669 3553 1812 3610 Deus

214 3642 425 3700 idolicus
454 3652 582 3716 post
615 3659 704 3700 me
750 3656 858 3700 non
903 3656 1021 3712 est;
1071 3661 1178 3700 non
1208 3645 1350 3717 quod
1378 3645 1552 3701 Filius
1579 3660 1686 3701 non
1715 3646 1803 3702 sit.

215 3735 372 3792 titiam
392 3778 409 3802 ,
440 3737 682 3809 inquies.
706 3736 843 3807 Quid
888 3737 1082 3810 igitur?
1110 3737 1237 3793 illud
1255 3780 1272 3805 ,
1319 3738 1450 3792 Ante
1477 3754 1558 3793 me
1581 3754 1684 3792 non
1711 3735 1810 3809 fuit

220 3827 342 3882 trtius
371 3829 514 3885 Dens
537 3870 553 3895 ,
591 3829 664 3884 ita
689 3829 920 3901 accipies
946 3871 962 3895 ,
1002 3829 1146 3900 quod
1194 3845 1390 3901 nempe
1420 3829 1644 3887 idolicus
1674 3829 1810 3884 dens

216 3935 308 3974 non
337 3919 534 3988 fuerit;
575 3932 631 3976 at
658 3919 820 3977 fuerit
847 3923 1039 3978 saltem
1070 3933 1197 3977 ante
1218 3937 1342 3978 eum
1372 3922 1583 3977 Filius?
1610 3921 1809 3994 Ecquis

216 4010 408 4070 daanon
456 4014 581 4070 h:rc
613 4015 841 4070 dixerit?
890 4014 969 4070 Ne
996 4015 1175 4084 ipsum
1202 4014 1419 4087 quidem
1450 4015 1722 4071 diabolum
1755 4015 1808 4071 id

215 4113 330 4173 puto
356 4105 632 4161 dicturum
664 4119 806 4160 esse.
835 4106 1088 4175 Alioquin
1115 4116 1318 4171 autem,
1347 4106 1394 4160 si
1423 4122 1527 4161 non
1557 4115 1640 4161 est
1664 4120 1808 4162 cnte-

217 4203 384 4251 tcrnus
412 4197 561 4253 Patri
583 4238 602 4262 ,
632 4197 903 4265 quomodo
930 4197 1192 4252 inﬁnitam
1224 4197 1343 4268 ejus
1369 4199 1532 4252 vitam
1559 4197 1807 4253 dixeris?

214 4284 331 4344 Nam
359 4289 403 4344 si
430 4289 759 4360 principium
805 4289 1047 4345 anterius
1083 4289 1276 4355 habet;
1311 4290 1525 4347 etiamsi
1566 4289 1808 4345 inﬁnitus

212 4379 304 4441 sit.
353 4395 460 4436 non
502 4390 690 4436 tamen
740 4380 1034 4436 immensus
1076 4381 1182 4437 erit
1233 4398 1247 4436 :
1296 4383 1617 4437 immensum
1661 4381 1806 4436 enim

214 4471 449 4543 utrinque
502 4472 832 4553 immensum
882 4487 1006 4530 esse
1049 4481 1298 4543 oportet;
1349 4473 1403 4528 id
1450 4473 1593 4543 quod
1643 4473 1806 4529 etiam

217 4560 396 4620 l'auius
437 4566 728 4621 declarans
751 4564 965 4621 dicebat
994 4583 1008 4621 :
1041 4563 1218 4635 Neque
1244 4566 1553 4637 principium
1583 4566 1806 4632 dierum,

215 4669 359 4722 neque
386 4657 541 4726 ﬂavent
571 4657 691 4712 vitae
712 4657 900 4713 habetis
929 4659 949 4732 (
976 4656 1135 4713 Hebr.
1169 4658 1223 4713 7.
1253 4659 1288 4714 3
1311 4659 1350 4729 ),
1383 4669 1436 4714 et
1469 4659 1731 4730 principio
1753 4670 1809 4716 ct

215 4746 310 4802 line
337 4762 523 4805 carere
546 4750 832 4806 declarans
857 4789 870 4805 .
899 4750 1366 4818 Quemadmodum
1390 4754 1533 4809 enim
1567 4753 1692 4820 hoc,
1726 4756 1806 4811 sic

215 4853 373 4910 Itaque
417 4841 550 4897 illud
602 4840 763 4897 tinem
797 4842 992 4909 habet;
1021 4857 1144 4898 cum
1182 4858 1357 4914 neque
1404 4845 1490 4900 hic
1538 4845 1660 4902 linis
1697 4847 1805 4912 sit,

215 4945 376 5002 ιιαιιιο
406 4933 518 4990 illic
553 4932 791 4989 initium.

277 5023 328 5079 3.
380 5021 603 5080 Verbum
630 5023 676 5079 si
712 5025 814 5078 vita
836 5033 933 5090 est,
965 5034 1208 5081 sternuit
1236 5025 1568 5097 est.06jertio
1598 5027 1803 5082 hereti-

213 5131 375 5170 σοι-ιιι
402 5133 422 5170 :
455 5115 626 5171 Filia
649 5123 764 5178 ea.
804 5115 992 5172 dicitur
1028 5119 1142 5173 sine
1164 5118 1404 5182 arﬁculo,
1434 5119 1710 5188 refutatur.
1736 5151 1808 5160 —

211 5207 484 5290 Qus-acido
510 5217 693 5264 autem
721 5223 846 5264 eum
873 5209 982 5265 vita
1007 5210 1100 5274 sit,
1121 5209 1282 5266 fuerit
1309 5219 1522 5281 tempus
1547 5227 1670 5268 cum
1697 5229 1804 5268 non

214 5299 380 5355 esset?
423 5299 546 5356 Vita
587 5300 742 5357 enim
777 5316 1012 5372 semper,
1041 5317 1109 5358 ac
1153 5303 1270 5359 siue
1301 5305 1567 5377 principio
1596 5318 1652 5362 et
1697 5309 1808 5364 itne

212 5405 323 5446 esse
348 5407 510 5449 nemo
538 5407 646 5448 non
675 5390 928 5456 fateatur.
943 5393 992 5449 si
1019 5394 1112 5451 ille
1140 5410 1270 5452 vero
1291 5389 1398 5452 vita
1419 5399 1589 5464 sit,ut
1617 5415 1806 5455 revera

213 5492 308 5536 est.
337 5483 394 5539 Si
419 5499 554 5540 vero
580 5484 681 5540 fuit
706 5484 999 5556 aliquando
1033 5499 1160 5542 eum
1189 5501 1298 5543 non
1335 5499 1504 5555 esset,
1532 5491 1808 5561 quomodo

215 5575 313 5630 vita
340 5576 572 5632 aliorum
609 5576 705 5644 sit,
733 5591 853 5648 quas
880 5577 1178 5649 aliquando
1200 5595 1306 5634 non
1341 5579 1481 5635 fuit?
1523 5579 1809 5649 Quomodo

217 5667 385 5738 igitur,
417 5671 613 5740 inquit,
643 5668 892 5726 Joannes
910 5670 1234 5742 principium
1277 5674 1455 5742 posuit
1499 5672 1704 5736 dicens,
1739 5673 1806 5728 In

222 5760 459 5831 principio
482 5762 633 5817 eratt’
659 5761 819 5820 liiine
837 5763 977 5829 voci,
1007 5779 1215 5834 quam,
1238 5764 1302 5818 In
1329 5766 1603 5836 principio,
1627 5775 1681 5822 ct
1707 5767 1805 5832 illi,

225 5848 360 5916 Erat,
401 5855 673 5921 attendis;
720 5865 778 5911 et
817 5853 990 5921 iiiam,
1033 5854 1251 5912 Verbum
1276 5866 1405 5922 erat,
1433 5874 1536 5914 non
1567 5861 1810 5931 cogitas?

219 5945 344 6012 Qud
373 5962 522 6015 vero,
553 5949 772 6022 quando
824 5950 892 6006 de
942 5953 1098 6006 Patre
1131 5951 1262 6007 dicit
1293 5951 1551 6023 propheta
1584 5969 1596 6005 :
1642 5953 1683 6006 Α
1711 5968 1807 6011 ur-

1942 779 2166 834 nitatem
2197 779 2489 851 signiﬁcat.
2535 779 2771 851 ldipsum
2804 780 2893 838 hic
2921 783 3122 852 cogita.
3150 778 3266 838 Non
3297 785 3563 839 terminos

1941 887 2150 942 ponens
2194 873 2266 928 ita
2295 873 2552 946 loquutus
2581 883 2708 931 est:
2744 890 2923 948 neque
2963 877 3112 932 enim
3160 877 3319 946 dixit,
3349 877 3563 935 Princi-

1942 967 2086 1036 pium
2116 968 2339 1035 habuit;
2367 969 2485 1029 sed.
2518 969 2585 1025 lu
2613 971 2870 1044 principio
2890 980 3045 1036 erat;
3087 969 3189 1028 hac
3215 986 3368 1039 voce,
3403 970 3556 1037 Em,

1941 1067 1993 1114 te
2021 1057 2301 1116 deducens
2330 1071 2386 1115 ut
2419 1061 2614 1117 Filium
2645 1065 2767 1119 sine
2796 1064 3062 1135 principio
3097 1079 3225 1121 esse
3262 1066 3555 1137 cogitares.

1938 1152 2033 1215 At,
2080 1152 2314 1223 inquies,
2348 1152 2511 1209 Pater
2538 1169 2662 1210 cum
2705 1155 2935 1211 articulo
2963 1155 3182 1222 dicitur,
3216 1155 3382 1211 Filius
3425 1170 3558 1212 vero

1935 1243 2052 1297 sine
2069 1245 2298 1300 articulo
2311 1244 2416 1316 (α).
2435 1244 2575 1314 Quid
2597 1261 2727 1316 ergo
2747 1261 2873 1302 cum
2897 1247 3179 1317 apostolus
3197 1246 3350 1314 dicit,
3374 1244 3554 1319 Magni

1940 1333 2035 1388 Dei
2061 1345 2108 1390 rt
2140 1336 2426 1391 Saluatoris
2473 1337 2637 1391 nostri
2675 1334 2804 1392 Iesu
2853 1335 3045 1393 Christi
3073 1336 3202 1408 (Tit.
3232 1336 3287 1393 9..
3320 1338 3448 1410 ίὸ);
3497 1347 3556 1394 et

1933 1442 2170 1490 rursum.
2207 1428 2310 1496 Qui
2337 1439 2410 1505 est
2437 1446 2592 1498 super
2618 1429 2791 1484 omnia
2828 1427 2972 1484 Deus
2993 1430 3182 1505 (Rom.
3209 1429 3266 1486 9.
3297 1430 3394 1501 5)?
3423 1443 3555 1487 ecce

1935 1531 2168 1587 namque
2194 1519 2282 1574 hic
2312 1504 2430 1576 sine
2452 1519 2683 1575 articulo
2707 1510 2902 1576 Filium
2938 1504 3280 1578 memoravit.
3311 1521 3554 1594 idipsnm

1933 1611 2001 1667 de
2031 1612 2192 1667 Patre
2217 1610 2496 1668 observes.
2529 1610 2663 1668 Nam
2690 1612 2756 1666 ad
2789 1611 3171 1683 Philippenscs
3194 1613 3444 1674 scribens
3468 1614 3550 1668 sie

1931 1704 2007 1759 ait
2035 1721 2049 1758 :
2073 1703 2182 1771 Qui
2205 1718 2322 1758 cum
2361 1705 2414 1758 in
2441 1707 2610 1776 fama
2637 1704 2735 1759 Dei
2762 1713 2912 1773 esset,
2936 1715 3038 1760 tton
3068 1705 3305 1778 rapinam
3327 1707 3550 1761 arbitra-

1932 1807 2015 1853 tus
2039 1805 2242 1853 estesse
2263 1814 2318 1852 se
2340 1788 2591 1868 canalem
2620 1797 2729 1854 Deo
2769 1797 3032 1870 (Philipp.
3054 1800 3111 1855 9.
3133 1797 3194 1874 6)
3217 1818 3232 1856 :
3259 1810 3315 1856 et
3336 1799 3406 1865 ad
3441 1799 3549 1854 [to—

1930 1897 2156 1945 manos:
2183 1887 2365 1948 Gratia
2389 1889 2527 1944 nobis
2552 1898 2600 1945 et
2623 1907 2728 1961 pax
2751 1907 2784 1945 α
2808 1889 2922 1946 Deo
2944 1889 3108 1947 Patre
3124 1891 3332 1958 nostra,
3361 1900 3413 1948 et
3435 1890 3547 1946 Do-

1929 1983 2068 2036 ruina
2095 1980 2222 2037 lerat
2247 1979 2453 2039 Christo
2491 1981 2654 2057 (item
2705 1985 2756 2039 t.
2787 1981 2864 2055 7).
2899 1983 3154 2054 Alioquin
3186 1998 3321 2039 vero
3349 1977 3545 2054 superi-

1928 2088 2224 2129 vacaneum
2242 2072 2432 2131 fuisset
2457 2074 2544 2131 hie
2564 2075 2853 2131 srticuiurn
2878 2090 3358 2145 prasinum-meum
3380 2091 3557 2145 supra

1929 2164 2243 2236 frequentcr
2259 2167 2542 2238 appositus
2566 2166 2592 2223 1⁵
2589 2169 2746 2223 norit.
2767 2166 3240 2235 Quemadmodum
3256 2168 3400 2222 cnim
3420 2184 3543 2223 cum

1924 2256 1996 2315 de
2027 2259 2190 2316 Patre
2228 2258 2383 2327 dicit,
2417 2258 2651 2332 Spiritus
2671 2271 2745 2316 est
2773 2258 3125 2333 Dentatum.
3154 2261 3209 2318 4.
3235 2259 3329 2330 2i)
3355 2278 3371 2328 ;
3415 2263 3548 2332 quia

1927 2352 2192 2409 articulus
2219 2352 2442 2424 Spiritui
2498 2367 2604 2408 non
2652 2353 2980 2425 praepositus
3007 2363 3112 2421 est,
3146 2369 3253 2408 non
3305 2353 3428 2409 ideo
3457 2354 3542 2406 in-

1924 2460 2250 2515 corporeum
2297 2460 2423 2502 esse
2465 2445 2632 2500 Deum
2685 2453 2947 2517 negamus
2974 2464 2992 2502 :
3023 2447 3104 2502 sic
3146 2455 3204 2502 et
3247 2445 3353 2502 hoc
3399 2446 3542 2507 loco,

1925 2538 2140 2595 etiamsi
2185 2537 2324 2594 Filio
2350 2539 2611 2594 articulus
2665 2553 2772 2594 nou
2806 2547 3173 2610 prmponatur,
3205 2554 3313 2594 non
3363 2539 3543 2603 minus

1927 2638 2109 2688 tamen
2129 2629 2274 2688 Deus
2296 2641 2379 2688 est
2402 2630 2592 2689 Filius.
2611 2631 2735 2701 Quae
2755 2646 2889 2688 vero
2912 2630 2982 2689 de
2999 2646 3164 2689 causa
3180 2633 3206 2686 ?
3231 2631 3368 2688 Cum
3395 2631 3542 2687 enim

1926 2723 2098 2782 Deum
2123 2737 2181 2782 et
2207 2725 2377 2783 Deum
2407 2725 2565 2794 dixit,
2590 2725 2798 2782 nullum
2831 2725 3034 2782 indicat
3056 2724 3218 2782 nobis
3239 2725 3542 2782 divinitatis

1921 2816 2249 2883 discrimen;
2311 2819 2422 2874 imo
2471 2832 2700 2890 prorsus
2754 2826 2967 2875 contra.
3022 2817 3159 2874 Cum
3188 2817 3335 2874 enim
3390 2818 3541 2888 prius

1921 2908 2174 2976 dixisset,
2204 2907 2273 2964 Et
2299 2907 2438 2964 Dens
2461 2918 2572 2965 erat
2605 2906 2846 2972 Verbum.
2875 2924 2945 2965 ne
2966 2909 3096 2981 quis
3115 2916 3331 2982 putaret
3357 2908 3534 2964 mino-

1919 3015 2036 3056 rem
2067 3014 2189 3058 esse
2214 3000 2335 3057 Filii
2365 3000 2722 3071 divinitatem,
2744 3001 2926 3058 statim
2949 3015 3092 3058 vera
3110 2997 3405 3058 divinitatis
3419 3001 3542 3072 ejus

1919 3091 2242 3148 documenta
2273 3091 2498 3163 pndert;
2520 3096 2877 3150 aeternitatem
2898 3106 3093 3164 nempe
3122 3093 3204 3149 sic
3227 3107 3544 3157 resoluens,

1925 3181 2025 3238 Hic
2071 3194 2182 3239 erat
2234 3201 2268 3239 α
2312 3185 2566 3256 principio
2626 3184 2769 3256 apud
2832 3185 3004 3241 Deum
3049 3184 3258 3258 (λοισι.
3309 3186 3364 3242 ι.
3413 3184 3542 3255 ‘2);

1917 3277 2138 3334 creandi
2169 3277 2276 3333 vim
2316 3294 2439 3335 cum
2479 3279 2649 3347 addit,
2681 3279 2869 3333 (itania
2901 3295 2992 3348 per
3016 3279 3188 3350 ipsum
3222 3280 3360 3350 facta
3387 3288 3540 3343 sunt,

1917 3383 1964 3427 et
1992 3373 2102 3427 sine
2119 3371 2232 3438 ipso
2253 3375 2447 3445 factum
2475 3380 2550 3427 est
2579 3371 2709 3426 nihil
2739 3371 2876 3439 quod
2904 3373 3098 3442 factum
3127 3380 3200 3426 est
3229 3369 3283 3439 (1
3291 3370 3397 3427 bid.
3430 3370 3487 3440 5)
3518 3390 3529 3422 :

1919 3462 1971 3518 id
1993 3462 2139 3534 quod
2163 3464 2396 3519 maxime
2415 3462 2574 3519 Pater
2597 3463 2717 3532 ejus
2743 3479 2840 3534 per
2867 3462 3379 3536 prophetas’nbique
3407 3465 3540 3518 sub~

1919 3555 2134 3610 stantize
2164 3555 2285 3624 ejus
2328 3563 2708 3624 argumentum
2734 3568 2857 3610 esse
2896 3554 3050 3610 dicit.
3081 3554 3178 3609 -'Ae
3223 3552 3539 3624 frequenter

1920 3648 2022 3704 hoc
2046 3647 2529 3705 demonstrationis
2555 3662 2728 3720 genus
2754 3647 3036 3720 propheta:
3061 3653 3284 3702 versant
3304 3662 3325 3702 z
3357 3660 3541 3716 neque

1917 3741 1984 3796 ad
2015 3741 2120 3797 hoc
2144 3741 2345 3807 solum,
2377 3739 2473 3797 sed
2501 3741 2746 3797 utetiam
2776 3740 3045 3796 idolorum
3075 3738 3284 3795 cultum
3315 3736 3527 3792 tollant.

1919 3831 2053 3887 Nam
2097 3833 2193 3899 dii,
2242 3833 2435 3903 inquit,
2464 3833 2554 3905 qui
2598 3831 2785 3888 cerium
2829 3841 2878 3889 et
2907 3840 3098 3888 terram
3126 3846 3233 3885 non
3278 3829 3540 3900 feceram,

1919 3934 2131 3994 pereunt
2157 3922 2296 3995 (Jer.
2332 3925 2423 3981 i0.
2449 3924 2578 3998 ii);
2612 3940 2677 3981 ae
2705 3939 2942 3991 rursum,
2971 3922 3087 3996 Ego
3115 3930 3417 3978 strenuum
3436 3937 3528 3975 ea:-

1917 4014 2057 4068 tendi
2101 4015 2284 4070 certum
2323 4013 2606 4084 (luridi.
2636 4013 2771 4088 2i):
2814 4014 3224 4084 ostendensque
3251 4011 3381 4067 illud
3407 4025 3544 4066 esse-

1916 4108 2214 4163 divinitatis
2243 4118 2648 4179 argumentum,
2677 4107 2731 4163 id
2756 4107 2959 4178 ubique
2998 4107 3168 4178 ponit.
3200 4105 3321 4176 Ipse
3345 4113 3544 4159 autem-

1917 4201 2269 4271 cvangelista,
2305 4200 2393 4256 bis
2433 4208 2542 4255 nan
2569 4208 2870 4256 contentus
2901 4199 3104 4266 verbis,
3132 4200 3298 4253 vitam
3352 4197 3528 4265 ipsum

1918 4293 2127 4347 vocavit
2154 4302 2210 4346 et
2241 4293 2436 4347 lucem.
2463 4291 2521 4347 Si
2565 4293 2746 4362 itaque
2787 4306 3006 4360 semper
3043 4305 3168 4345 cum
3198 4289 3359 4344 Patre
3386 4297 3526 4348 erat.

1916 4385 1961 4438 si
1982 4383 2164 4440 omnia
2189 4382 2308 4454 ipse
2327 4383 2592 4446 condidit,
2623 4382 2876 4454 produxit
2900 4394 2954 4437 et
2974 4380 3216 4438 continet
3238 4380 3364 4451 (hoc
3379 4380 3526 4440 enim

1922 4491 2017 4545 per
2045 4476 2209 4533 vitam
2239 4474 2560 4548 signiﬁcavit
2581 4476 2624 4547 ),
2651 4475 2698 4530 si
2725 4475 2907 4531 omnia
2935 4474 3242 4541 illuminat;
3291 4474 3416 4546 quis
3456 4473 3532 4529 ita

1916 4568 2114 4625 stultus
2137 4569 2242 4625 erit
2272 4569 2330 4625 ut
2353 4567 2520 4637 dicat,
2552 4568 2942 4641 evangelistam
2973 4568 3092 4626 haec
3117 4569 3281 4624 verba
3310 4579 3367 4633 ut
3392 4568 3531 4624 divi-

1918 4663 2141 4718 nitatem
2173 4664 2293 4732 ejus
2337 4662 2611 4719 minueret
2657 4661 2965 4728 induxisse,
2999 4661 3197 4732 quibus
3247 4662 3532 4734 aqualitas

1918 4755 2226 4826 paritasque
2247 4754 2616 4831 demonstrari
2648 4758 2899 4826 poterat?
2926 4755 3026 4822 Ne,
3058 4772 3269 4828 quaeso,
3302 4756 3546 4812 coniun-

1915 4847 2108 4902 damus
2137 4857 2443 4903 creaturam
2478 4864 2600 4904 cum
2629 4849 2910 4916 Orontem,
2943 4865 3012 4906 ne
3041 4865 3142 4905 nos
3181 4859 3400 4921 quoque
3429 4867 3526 4904 au-

1916 4938 2131 4994 diamus
2161 4955 2176 4994 :
2209 4938 2488 4995 Colueruut
2515 4948 2803 4996 creatuth
2845 4958 2954 5012 pra!
2979 4942 3221 4999 Crantore
3261 4940 3442 5014 (Rom.
3479 4944 3543 4998 i.

1913 5030 2030 5103 25).
2057 5031 2280 5088 Etiamsi
2305 5033 2451 5088 enim
2479 5034 2547 5090 de
2574 5034 2723 5090 caelis
2765 5033 2885 5092 haec
2925 5035 3279 5107 intelligenda
3304 5033 3492 5105 dicant
3519 5053 3534 5088 :

1915 5132 2154 5183 attamen
2174 5122 2245 5179 de
2266 5124 2352 5180 bis
2381 5112 2604 5196 loquens
2635 5128 2858 5183 omnino
2888 5126 3165 5198 prohibuit
3184 5141 3257 5183 ne
3279 5135 3545 5183 creatura

1917 5216 2147 5281 colatur,
2178 5218 2268 5288 qui
2317 5220 2599 5290 gentilium
2629 5236 2784 5275 error
2809 5229 2914 5275 est.

1989 5311 2045 5365 4.
2089 5311 2131 5364 Α
2159 5311 2396 5366 servitute
2421 5311 2677 5367 idolorum
2721 5329 2816 5366 nos
2855 5307 3367 5372 liberauit'Cltristus.
3417 5310 3536 5366 Do—

1917 5413 2088 5474 gmata
2122 5419 2224 5457 nou
2252 5412 2465 5470 prosunt
2494 5402 2565 5457 ad
2592 5402 2826 5470 salutem,
2849 5403 2892 5458 si
2923 5405 3026 5458 vita
3053 5405 3118 5458 sit
3143 5416 3408 5477 corrupta.
3442 5405 3536 5460 Im

1917 5495 2144 5550 celeriter
2182 5494 2569 5565 exstinguenda.
2621 5493 2825 5557 Laudes
2865 5497 3130 5551 hominum
3161 5499 3240 5552 rei
3269 5515 3334 5554 ea:
3357 5500 3528 5572 gratia

1983 5651 2055 5711 (α)
2081 5657 2178 5699 uoc
2222 5651 2425 5714 respicit
2441 5649 2559 5700 illud
2592 5649 2864 5714 Evangelii,
2890 5664 2952 5703 us
2977 5660 3000 5714 ι
3023 5665 3136 5714 sep,
3160 5657 3204 5714 ἦν
3222 5665 3310 5714 epos
3345 5664 3407 5710 τὸν
3431 5663 3533 5711 oet

1916 5726 1978 5763 ut
2002 5710 2093 5769 ea,
2105 5717 2148 5771 ἦν
2174 5722 2196 5763 t
2223 5710 2350 5775 Αιγοξ,
2370 5713 2455 5762 ubi
2490 5726 2556 5775 se.
2586 5727 2679 5764 οιάν
2700 5710 2812 5764 clm
2830 5710 3038 5764 articulo
3071 5710 3260 5766 dicitur
3276 5710 3343 5764 de
3375 5710 3533 5770 Patre,

1917 5788 1974 5824 ..ι
1994 5786 2079 5841 ιρις
2099 5779 2144 5832 ξ.
2165 5774 2575 5841 εἱιωειιξξιοιιιοᾱο
2591 5775 2726 5826 Filio.
2747 5776 2881 5841 qnde
2895 5777 3178 5841 arguebant
3195 5776 3353 5838 impie
3371 5776 3537 5841 Ariani

1917 5845 1972 5886 et
2006 5837 2227 5886 Anonnci
2253 5870 2267 5894 ,
2303 5834 2471 5886 Filium
2499 5851 2594 5887 non
2621 5849 2737 5888 esse
2759 5837 2923 5888 Deum
2947 5834 3076 5890 s'iCut
3100 5834 3310 5898 Patroni,
3336 5836 3426 5887 sed
3450 5852 3538 5886 nn-

1919 5912 2112 5966 uorrm,
2140 5911 2234 5947 nu:
2269 5901 2467 5960 proprie
2488 5899 2651 5949 Deum
2682 5913 2692 5949 :
2718 5900 2849 5964 quod
2875 5901 3136 5952 contrariis
3159 5899 3410 5966 exempli:
3428 5915 3538 5952 toto

1923 5963 2042 6013 Ιίιωι
2076 5961 2466 6024 (Augustarum.
