4078 6484
569 432 631 496 5|
1308 427 1365 487 8.
1403 423 1684 484 JOANNIS
1719 410 2200 478 CIIRYSOS’I'OSII
2241 409 2559 467 ABCHIEP.
2601 405 3141 468 CONSTANTINOP.
3791 397 3864 455 ω

577 555 846 624 prodeunt,
875 550 956 610 uel
974 563 1036 604 ex
1079 545 1198 613 odio
1248 552 1514 615 uagantur.
1539 569 1613 582 —-
1631 538 1710 594 Ne
1740 539 1919 608 itaque
1961 531 2149 624 hujus-

573 621 713 700 modi
747 639 1108 695 maledictiom
1141 653 1237 691 nos
1259 633 1628 704 subjiciamus.
1661 628 1789 684 ideo
1816 625 1958 681 venit
1985 621 2153 677 Filius

576 735 689 802 Dei,
717 743 773 787 ut
799 747 896 787 nos
921 730 989 785 ah
1013 729 1116 784 hoc
1144 733 1290 783 cultu
1316 733 1566 787 erueret;
1611 720 1733 776 ideo
1757 716 1893 774 servi
1926 716 2157 769 fortnam

573 827 794 894 acea-pit,
818 830 876 877 ut
903 836 1003 877 nos
1021 821 1090 875 ah
1119 820 1207 874 illa
1229 820 1487 875 servitute
1515 815 1806 876 liberaret;
1836 808 1954 863 ideo
1983 804 2154 875 sputis

559 924 627 971 .et
657 914 899 986 colaphis
948 914 1350 980 dehonestams,
1382 909 1506 965 ideo
1532 917 1759 963 mortem
1794 901 2152 972 turpissimam

573 1022 760 1077 passus
784 1015 886 1060 est.
915 1005 1011 1069 Ne,
1030 1019 1233 1075 quaeso,
1259 1003 1374 1056 hazc
1402 1000 1585 1056 omnia
1612 996 1821 1052 inutilia
1846 993 2152 1058 reddamus,

576 1113 751 1170 neque
793 1113 1009 1157 rursum
1059 1095 1125 1151 ad
1179 1095 1457 1165 pristinam
1487 1090 1774 1146 redeamus
1803 1087 2152 1158 impietatem,

574 1194 683 1249 imo
713 1193 764 1246 in
797 1191 954 1261 longe
977 1189 1274 1262 graviorem
1303 1205 1316 1240 :
1359 1201 1466 1241 non
1493 1184 1638 1241 enim
1669 1181 1871 1253 annale
1894 1188 1978 1235 est
2006 1192 2157 1234 crea-

569 1294 741 1338 turam
763 1283 960 1348 colere,
976 1290 1028 1337 et
1050 1282 1220 1351 ipsum
1240 1280 1552 1334 Creatorem
1565 1276 1630 1330 ad
1647 1282 2011 1330 creaturarum
2033 1269 2154 1326 vili-

575 1382 763 1438 tatem,
793 1384 1050 1443 quantum
1099 1373 1150 1428 in
1179 1371 1335 1427 nobis
1378 1378 1479 1434 est,
1511 1366 1836 1438 deprimere.
1878 1361 2011 1417 Nam
2043 1362 2157 1432 ipse

573 1473 750 1520 manet
789 1464 964 1536 qualis
1002 1466 1106 1527 est,
1132 1461 1215 1517 Tu
1250 1471 1419 1515 autent
1460 1459 1592 1513 idem
1639 1457 1750 1528 ipse
1783 1471 1856 1518 es,
1892 1452 2084 1523 inquit,
2111 1459 2158 1506 et

572 1557 697 1612 anni
728 1558 803 1611 tui
837 1573 949 1610 tuon
983 1556 1215 1625 deficient
1262 1549 1436 1625 (Psol.
1479 1549 1599 1606 lOI.
1634 1547 1748 1618 28).
1780 1545 2157 1603 Glorificemus

577 1649 732 1714 igitur
760 1663 905 1711 eum,
931 1628 1063 1700 sicut
1094 1645 1403 1714 accepimus
1425 1657 1454 1696 a
1487 1640 1727 1713 patribus
1751 1657 1768 1694 :
1796 1637 2159 1710 gloriflccmus

572 1755 694 1794 eum
721 1750 775 1794 et
805 1740 907 1795 fide
930 1747 984 1794 et
1003 1737 1289 1810 operibus,
1317 1733 1448 1789 nihil
1477 1734 1620 1789 enim
1651 1731 1810 1788 nobis
1833 1730 1899 1786 ad
1929 1729 2156 1784 salutem

573 1844 799 1902 jrosunt
826 1834 1071 1905 dogmata
1097 1832 1202 1902 pia,
1221 1831 1266 1884 si
1300 1829 1406 1884 vita
1423 1822 2157 1898 sitcorrupta.Quamohrem

577 1932 719 1985 illam
743 1929 1128 1985 cont-.inueinus
1145 1925 1213 1982 ad
1234 1926 1327 1982 Dei
1347 1921 1784 1996 placitum,omni
1806 1916 2157 1988 turpitudine,

576 2025 856 2096 iujustitia,
889 2023 1108 2077 avaritia
1153 2022 1311 2091 longe
1357 2019 1566 2084 abacta,
1599 2025 1871 2085 tamquam
1923 2010 2161 2082 hospites

574 2126 632 2171 et
666 2118 907 2179 ailvenm,
939 2121 996 2169 et
1023 2129 1051 2167 a
1085 2111 1437 2184 prmscutibus
1479 2110 1635 2179 longe
1659 2106 1838 2162 alicui.
1869 2105 1924 2161 Si
1949 2103 2162 2158 divitias

573 2208 694 2278 quis
721 2206 915 2260 multas
943 2205 1138 2260 habeat
1167 2212 1221 2258 et
1251 2201 1471 2272 prmdia,
1499 2200 1579 2254 sic
1608 2199 1672 2253 iis
1699 2206 1899 2261 utatur,
1923 2205 1980 2249 ut
2009 2207 2162 2263 pcre-

574 2299 761 2368 grinns
786 2295 875 2366 qui
922 2295 1080 2365 paulo
1131 2303 1250 2364 post
1281 2291 1404 2348 velit
1435 2290 1569 2346 nolit
1597 2289 1931 2344 discessurus
1972 2294 2076 2340 est.
2103 2283 2160 2339 Si

573 2390 693 2460 quis
708 2389 775 2444 ah
789 2389 900 2443 alio
914 2387 1098 2458 injuria
1119 2386 1275 2440 hostis
1291 2385 1391 2450 sit,
1405 2399 1473 2438 ne
1487 2381 1862 2438 immortaliter
1876 2379 2158 2442 irascatur,

575 2482 684 2535 imo
713 2496 781 2534 ne
821 2479 1000 2548 aliquo
1025 2477 1239 2548 quidem
1271 2488 1512 2545 tempore
1542 2492 1560 2528 :
1605 2487 1708 2527 non
1741 2470 1861 2542 plus
1889 2468 2031 2525 enim
2057 2483 2164 2522 uno

573 2570 663 2626 die
693 2570 847 2623 nobis
885 2568 951 2622 ad
983 2569 1120 2622 iram
1159 2566 1429 2621 concessit
1462 2563 1747 2634 Apostolus
1776 2580 1790 2615 :
1822 2559 1935 2624 Sol,
1968 2560 2160 2629 inquit,

574 2679 675 2716 non
708 2661 904 2715 occidat
933 2676 1086 2728 super
1118 2658 1438 2712 iracundiam
1467 2667 1681 2711 uestram
1718 2653 1934 2727 (Ephes.
1966 2654 2022 2710 4.
2043 2652 2160 2723 26).

577 2753 643 2808 Et
662 2754 782 2822 jure
803 2752 1016 2823 quidem
1048 2769 1062 2806 :
1102 2749 1394 2821 optandum
1429 2750 1626 2819 quippe
1654 2755 1760 2812 est,
1784 2756 1840 2802 et
1865 2747 1950 2800 vix
1982 2745 2161 2801 caveri

579 2853 778 2913 potest,
808 2853 863 2897 ιιι
892 2857 957 2896 ne
985 2843 1042 2896 in
1087 2850 1193 2897 tam
1239 2840 1451 2896 modico
1498 2840 1676 2910 spatio
1699 2839 1824 2911 quid
1877 2839 2160 2894 multastum

575 2933 800 2989 accidat.
827 2933 885 2989 Si
907 2942 1084 2988 autem
1115 2948 1218 2987 nox
1251 2948 1348 2987 nos
1371 2931 1755 3003 apprehendat,
1777 2944 1863 2985 res
1889 2929 2164 2999 graviores

574 3028 831 3092 evadunt,
862 3027 1117 3081 memoria
1162 3026 1428 3096 ingentem
1458 3023 1617 3079 nobis.
1651 3025 1824 3092 ignem
1855 3023 2160 3093 colligente,

577 3120 838 3188 nobisque
867 3133 963 3187 per
1008 3110 1266 3188 temporis
1310 3115 1540 3187 spatium
1591 3115 1706 3169 hazc
1734 3115 1980 3169 acerbius
2008 3129 2163 3167 scru-

577 3212 834 3266 tantibus.
894 3212 1193 3280 Autequam
1223 3223 1354 3281 ergo
1381 3209 1548 3264 otium
1599 3207 1900 3276 hujnsmodl
1932 3221 2164 3274 occupe-

576 3318 715 3367 mus,
747 3311 800 3357 et
845 3301 1300 3357 vehementiorem
1356 3298 1715 3355 accendamus
1766 3315 1988 3370 rogum,
2015 3298 2166 3366 jubet

577 3394 776 3449 malum
799 3403 1143 3463 praevertere,
1173 3401 1228 3447 et
1255 3392 1618 3460 exstinguere.
1641 3390 1942 3446 Vehemens
1967 3391 2164 3460 quippe

576 3497 660 3541 est
690 3489 782 3541 ira:
817 3497 1013 3547 motus,
1043 3485 1296 3554 omnique
1328 3485 1538 3539 ﬂamma
1566 3486 1791 3538 acutius.
1823 3483 1944 3538 Ideo
1969 3485 2164 3539 celeri-

581 3590 688 3635 tate
718 3579 877 3633 multa
908 3580 1058 3634 nobis
1084 3589 1164 3633 est
1194 3593 1345 3648 opus,
1377 3588 1431 3630 ut
1455 3566 1720 3631 ﬂammam
1755 3586 2162 3646 prmvertamus,

583 3688 680 3727 nec
699 3672 938 3727 sinamus
961 3686 1261 3741 assurgere.
1288 3669 1386 3724 Hic
1410 3669 1606 3740 quippe
1632 3669 1849 3722 morbus
1875 3668 2162 3722 multorum

577 3778 735 3818 causa
769 3765 1028 3819 malorum
1059 3763 1310 3818 efficitur.
1343 3764 1538 3817 Domos
1580 3762 1724 3816 enim
1778 3769 1918 3816 totas
1948 3762 2162 3823 evertit,

581 3867 792 3912 veteres
839 3855 997 3910 solvit
1039 3855 1473 3921 consuetudines,
1505 3868 1610 3907 non
1656 3853 2014 3909 consolabiles
2055 3863 2165 3908 tra-

578 3948 784 4010 goedias
812 3947 960 4001 brevi
1002 3961 1240 4017 tempore
1279 3962 1342 4000 ac
1390 3953 1662 4001 momento
1688 3944 1846 4014 parit.
1880 3945 2012 4026 Nam
2045 3943 2164 3998 Μο-

580 4053 799 4096 mentum
828 4041 1014 4112 furoris
1040 4042 1167 4113 ejus,
1200 4042 1348 4094 ruina
1372 4042 1484 4112 ejus
1523 4039 1710 4110 (Ereti.
1741 4041 1793 4093 l.
1821 4039 1939 4108 22),
1971 4036 2161 4106 inquit.

578 4133 655 4189 Nc
685 4135 861 4203 itaque
901 4132 1066 4188 feram
1114 4133 1249 4187 hanc
1295 4134 1414 4189 sine
1461 4134 1612 4187 freno
1660 4131 1920 4196 sinamus,
1947 4130 2040 4185 sed
2072 4144 2164 4183 ca—

581 4243 724 4279 mum
755 4226 850 4294 ipsi
877 4225 1109 4296 undique
1140 4226 1508 4291 fortissimum,
1532 4224 1692 4280 futuri
1720 4224 1903 4294 judicii
1937 4233 2160 4289 uictum,

580 4322 896 4388 iujiciamus.
923 4317 1056 4376 Cum
1082 4329 1132 4372 te
1160 4319 1364 4372 amicus
1384 4318 1605 4383 lzeseril,
1623 4329 1714 4371 aut
1740 4316 2014 4370 familiaris
2035 4331 2162 4371 cou-

583 4415 852 4479 citaverit,
885 4413 1059 4483 cogita
1106 4420 1305 4482 quanta
1353 4426 1480 4481 erga
1532 4410 1700 4465 Deum
1755 4409 2087 4480 peccaveris,
2111 4417 2168 4464 et

587 4505 858 4576 perpende
891 4516 942 4560 te
972 4505 1016 4558 si
1047 4503 1376 4560 moderatius
1403 4518 1525 4557 cum
1554 4502 1644 4557 illo
1674 4516 1821 4572 agas,
1866 4501 2049 4557 mitius
2071 4501 2165 4556 tibi

575 4599 834 4669 judicium
862 4597 987 4652 illud
1018 4597 1363 4651 constituere.
1384 4595 1518 4650 Nam
1543 4596 1636 4664 ait,
1668 4594 1897 4665 Dimitte,
1919 4604 1968 4648 et
1994 4594 2167 4648 dimit-

579 4701 711 4744 tetur
737 4690 872 4745 vobis
899 4688 1048 4759 (Luc.
1086 4689 1141 4744 6.
1171 4689 1299 4760 57);
1346 4689 1632 4757 statimque
1659 4687 1878 4742 morbus
1904 4687 2162 4753 anfugiet.

579 4785 658 4838 Ad
688 4783 800 4837 hac
827 4781 1132 4837 consideres
1159 4781 1342 4846 velim,
1373 4796 1498 4834 num
1533 4779 1818 4850 aliquando
1849 4780 1900 4856 ip
1929 4778 2163 4834 furorem

583 4882 754 4936 actus,
792 4884 841 4926 te
866 4874 1230 4936 continueris;
1264 4881 1318 4928 et
1342 4889 1467 4926 num
1494 4872 1781 4943 aliquando
1811 4872 1971 4927 etiam
2000 4871 2068 4926 ab
2090 4873 2164 4925 ira

579 4969 834 5036 abreptus
878 4965 1039 5020 fueris
1068 4983 1082 5020 :
1117 4975 1462 5035 utrorumque
1498 4965 1897 5035 comparatione
1953 4973 2164 5033 tempo-

581 5077 722 5120 rum,
753 5059 817 5111 ad
848 5058 1275 5113 emendationem
1329 5057 1481 5112 valde
1525 5057 1814 5126 jnvaheris.
1871 5055 1967 5111 Dic
2021 5057 2162 5110 enim

580 5153 732 5215 mihi,
763 5151 1098 5220 quandonam
1134 5154 1358 5220 teipsum
1387 5149 1633 5214 laudasti,
1656 5165 1777 5205 cum
1806 5149 1875 5202 ab
1898 5150 1974 5203 ira
2005 5163 2164 5219 supe-

580 5257 726 5302 ratus
756 5260 835 5309 es,
861 5260 926 5297 an
953 5261 1073 5298 cum
1103 5243 1405 5314 superasti?
1447 5243 1636 5296 Annon
1661 5257 1781 5296 cum
1810 5241 2043 5310 primum
2075 5257 2163 5294 ac-

578 5339 730 5402 cidit,
757 5353 852 5391 nos
879 5337 1222 5391 vehementer
1241 5337 1567 5401 incusamus,
1584 5335 1974 5395 erubescimus.
1998 5333 2160 5389 etiam

583 5429 799 5484 nemine
828 5437 1102 5496 arguente,
1130 5443 1192 5481 ac
1238 5428 1401 5481 multa
1438 5441 1537 5482 nos
1562 5439 1614 5483 et
1645 5426 1928 5482 verborum
1976 5434 2030 5480 et
2070 5441 2165 5497 εει

580 5537 780 5580 sturum
829 5521 974 5576 subit
1019 5521 1364 5590 paenitentia?
1415 5536 1536 5576 cum
1582 5529 1759 5575 autem
1805 5535 2157 5588 superamus,

575 5616 888 5683 gaudemus,
940 5623 994 5667 ct
1043 5614 1193 5683 quasi
1241 5614 1470 5668 victores
1514 5613 1882 5668 exsultamus?
1928 5613 2158 5668 Victoria

576 5708 717 5762 enim
767 5715 954 5761 contra
992 5707 1122 5759 iram
1154 5715 1256 5770 est,
1287 5720 1392 5759 non
1422 5720 1542 5760 cum
1593 5719 1689 5775 par
1719 5703 1832 5774 pari
1879 5703 2161 5760 referimus

577 5799 724 5868 (lucc
766 5797 962 5868 quippe
1011 5802 1247 5852 extrema
1299 5795 1477 5852 clades
1526 5797 1663 5868 est),
1695 5796 1789 5852 sed
1835 5809 1957 5850 cum
2007 5811 2160 5867 mquo

583 5892 756 5946 animo
787 5893 964 5947 omnia
1009 5892 1237 5962 patimur
1267 5901 1319 5947 ct
1362 5890 1624 5947 audimus.
1677 5891 1788 5948 lloc
1831 5889 2026 5963 quippe
2074 5899 2158 5950 est

2266 525 2604 592 superiorem
2631 540 2774 592 esse,
2803 540 2908 581 non
2957 526 3094 580 mala
3143 520 3365 589 inferre,
3392 520 3488 578 sed
3535 520 3672 577 mala
3725 517 3858 589 pati.

2263 615 2397 672 Cum
2444 618 2692 672 irasceris
2739 617 2918 689 igitur,
2965 631 3033 671 ne
3082 615 3274 671 dicas:
3319 614 3548 671 Prorsus
3598 611 3860 667 obsistam

2263 724 2386 780 ego,
2415 725 2637 780 prorsus
2665 711 2861 764 irritam
2893 710 2945 765 in
2975 708 3124 764 illum
3153 725 3166 761 :
3209 720 3383 778 neque
3423 702 3766 762 monentibus
3803 710 3866 758 ut

2264 802 2397 857 iram
2428 801 2683 859 cohibeas
2713 801 2915 857 dixeris
2948 819 2963 857 :
3006 800 3123 856 Non
3165 798 3339 869 patiar
3364 807 3422 852 ut
3452 805 3733 868 postquam
3771 794 3864 850 illo

2264 893 2395 948 mihi
2427 893 2676 958 illuserit,
2706 893 2923 963 impune
2943 890 3122 946 abeat.
3156 888 3340 958 Neque
3369 888 3513 945 enim
3544 895 3599 942 te
3625 898 3862 955 unquam

2265 985 2528 1049 irridebit,
2561 985 2664 1040 nisi
2691 983 2907 1054 quando
2933 981 2999 1038 ad
3027 979 3315 1036 vindictam
3343 987 3394 1033 te
3418 976 3746 1033 contuleris:
3777 975 3863 1030 sin

2264 1085 2318 1132 te
2345 1077 2656 1147 quiescente
2707 1074 2968 1141 irriserit,
3000 1082 3068 1128 ut.
3087 1071 3286 1127 stultus
3332 1068 3384 1124 id
3433 1076 3572 1140 aget.
3608 1066 3690 1122 Tu
3731 1078 3867 1122 vero

2263 1183 2386 1225 cum
2416 1168 2629 1232 viceris,
2652 1182 2720 1223 ne
2747 1181 2955 1238 quaeras
2983 1163 3211 1237 gloriam
3239 1177 3268 1215 a
3297 1161 3498 1228 stultis,
3519 1159 3613 1215 sed
3641 1173 3705 1215 ea
3731 1172 3868 1214 con-

2265 1269 2446 1315 tentus
2469 1271 2604 1323 esto,
2637 1275 2795 1330 quam
2822 1273 2852 1312 a
2879 1256 3212 1326 sapientibus
3242 1252 3569 1322 assequeris.
3600 1250 3866 1307 [movero

2263 1367 2362 1407 cur
2390 1352 2486 1407 tibi
2545 1365 2769 1422 parvum
2812 1348 2940 1405 illud
2990 1362 3053 1404 ac
3105 1346 3212 1402 vile
3265 1344 3532 1402 theatrum
3584 1343 3867 1398 hominum

2263 1443 2573 1498 constituo?
2601 1441 2682 1497 Ad
2711 1442 2876 1496 Deum
2905 1439 3084 1495 statim
3110 1437 3345 1508 respice,
3375 1447 3430 1491 et
3457 1431 3572 1505 ip’sc
3603 1444 3653 1489 te
3681 1433 3868 1488 lauda-

2264 1534 2342 1590 bit
2367 1551 2380 1586 :
2411 1550 2518 1604 quo
2545 1532 2797 1589 laudante
2824 1546 2984 1586 nemo
3013 1529 3174 1586 debet
3201 1528 3274 1584 ab
3301 1527 3616 1582 hominibus
3634 1525 3865 1598 gloriam

2264 1641 2526 1696 qttmt’cre.
2556 1624 2846 1680 Hominum
2875 1623 3074 1692 quippe
3097 1620 3287 1676 laudes
3326 1619 3642 1690 plerumque
3681 1617 3766 1673 vel
3795 1633 3866 1671 ex

2264 1717 2434 1788 gratia
2466 1715 2752 1787 prodeunt,
2774 1717 2857 1770 vel
2886 1729 2952 1768 ex
2978 1712 3104 1768 odio
3134 1721 3428 1782 negantur;
3462 1710 3701 1782 nihilque
3731 1709 3868 1764 lucri

2266 1807 2524 1863 aferunt:
2555 1808 2648 1862 Dei
2674 1821 2804 1862 vero
2827 1804 3085 1877 judicium
3111 1802 3212 1858 hac
3245 1801 3660 1874 inmquabilitate
3687 1809 3869 1868 vacat,
3900 1843 3903 1845 .

2271 1900 2600 1971 multamque
2624 1898 2840 1954 laudato
2863 1895 3021 1952 atl'ert
3060 1894 3364 1951 utilitatem.
3395 1893 3545 1951 lianc
3567 1893 3726 1964 igitur
3747 1893 3868 1948 lau-

2269 1993 2391 2050 dem
2424 2007 2736 2061 sequamur.

2340 2086 2392 2140 5.
2423 2083 2508 2139 Ea:
2523 2083 2757 2137 iracundi
2779 2082 3019 2152 imagine,
3049 2089 3292 2151 quantum
3323 2080 3518 2133 malum
3542 2079 3608 2133 sit
3634 2079 3712 2132 ira
3744 2094 3869 2146 pro-

2266 2175 2435 2230 batur.
2468 2173 2658 2230 Contra
2687 2189 2771 2229 cos
2798 2173 2887 2244 qui
2914 2172 3258 2243 superstitiose
3301 2180 3530 2240 tempora
3580 2169 3876 2226 observant.

2266 2295 2340 2308 —-
2365 2267 2526 2324 Visne
2551 2265 2761 2322 discere
2791 2274 3049 2335 quantum
3095 2264 3166 2318 sit
3211 2263 3410 2318 malum
3465 2262 3579 2317 ira?
3620 2261 3876 2318 Przcsens

2269 2369 2388 2414 esto
2415 2358 2542 2413 dum
2573 2358 2662 2412 alii
2689 2358 2934 2413 rixantur
2971 2356 3020 2411 iu
3054 2353 3196 2410 foro.
3228 2353 3414 2425 Neque
3439 2355 3584 2411 enim
3614 2354 3665 2408 in
3697 2355 3876 2425 teipse

2273 2449 2653 2520 turpitudinem
2707 2450 2851 2505 illam
2897 2458 3002 2504 tam
3052 2447 3207 2504 facile
3241 2447 3652 2517 deprehendes,
3687 2449 3878 2500 animo

2272 2557 2466 2612 nempe
2499 2549 2627 2596 tunc
2654 2539 2891 2596 tenebris
2917 2547 2974 2595 et
3002 2538 3263 2594 ebrietate
3301 2538 3593 2602 obvoluto;
3620 2537 3714 2592 sed
3745 2552 3873 2592 cum

2273 2635 2349 2690 ira
2379 2650 2576 2690 vacuus
2600 2651 2662 2689 es
2682 2675 2698 2700 ,
2723 2643 2848 2687 tunc
2880 2633 2930 2686 in
2959 2632 3080 2686 aliis
3107 2642 3194 2685 tua
3221 2631 3627 2700 contemplare;
3653 2629 3878 2701 quando

2267 2727 2525 2797 judicium
2553 2735 2706 2781 tuum
2732 2734 3046 2796 corruptum
3079 2739 3185 2779 non
3211 2733 3312 2780 est.
3345 2723 3479 2780 Vide
3501 2723 3629 2777 mihi
3655 2723 3881 2778 turbam

2271 2817 2753 2880 circumﬂuentem,
2795 2825 2849 2872 et
2895 2817 3083 2882 iratos,
3130 2830 3194 2871 ac
3230 2816 3275 2871 si
3304 2815 3564 2881 furerent,
3612 2815 3881 2869 inmedin

2274 2912 2500 2982 turpiter
2535 2918 2776 2982 agentes.
2798 2908 2937 2965 Cum
2961 2910 3102 2963 enim
3131 2909 3205 2962 ira
3236 2908 3290 2962 in
3319 2906 3537 2978 pectore
3567 2905 3876 2964 client-scit

2270 3015 2324 3057 et
2354 3003 2640 3069 ell‘cratur,
2669 3018 2731 3058 os
2758 3004 2932 3074 ignem
2961 3003 3160 3074 spirat,
3192 3001 3334 3056 oculi
3374 3001 3547 3072 ignem
3579 3001 3832 3056 emittunt
3858 3043 3879 3066 ,

2275 3095 2489 3150 inﬂatur
2517 3094 2752 3165 undique
2794 3095 2999 3159 vultus,
3045 3092 3400 3162 incomposite
3439 3107 3628 3146 manus
3658 3091 3878 3161 jactan-

2275 3198 2383 3257 tur,
2414 3189 2638 3244 ridicule
2669 3187 2838 3257 pedes
2865 3187 3152 3252 exsiliunt,
3187 3195 3240 3240 et
3272 3185 3532 3240 insultant
3558 3186 3705 3241 litem
3736 3185 3879 3240 disi-

2274 3295 2422 3335 mere
2459 3279 2813 3344 conantibus;
2856 3278 2987 3333 nihil
3019 3277 3136 3332 irati
3166 3276 3424 3356 diﬂ'crttnt
3466 3292 3495 3330 ιι
3527 3276 3832 3332 furentibus
3858 3320 3877 3342 ,

2272 3388 2392 3429 cum
2428 3373 2540 3427 lucc
2569 3371 2748 3426 ouit'iia
2795 3372 2941 3426 nullo
2988 3370 3194 3441 pratditi
3242 3384 3404 3425 sensu
3437 3379 3730 3440 peragunt;
3766 3369 3886 3424 imo

2273 3483 2340 3523 ne
2365 3467 2434 3523 ab
2458 3468 2624 3522 asinis
2649 3466 2969 3537 agrestibus,
2993 3465 3355 3528 calcitrautes,
3381 3463 3709 3518 mordentes.
3732 3464 3884 3520 Sane

2273 3561 2354 3614 vir
2383 3557 2670 3614 iracundus
2697 3556 2938 3613 modeste
2965 3570 3129 3626 agere
3159 3554 3347 3610 nescit.
3379 3554 3580 3608 Deinde
3604 3562 3723 3624 post
3749 3563 3881 3608 tan—

2275 3663 2385 3709 tum
2426 3653 2714 3708 excitatum
2742 3651 2940 3716 risum,
2974 3650 3063 3703 tibi
3091 3647 3308 3702 domum
3353 3646 3644 3708 redierint.
3695 3645 3761 3700 ad
3815 3661 3886 3703 se

2275 3745 2480 3799 reversi
2503 3785 2517 3808 ,
2548 3742 2736 3798 dolore
2763 3742 2919 3797 simul
2948 3756 3011 3795 ac
3039 3753 3186 3795 metu
3213 3739 3482 3809 agitantur
3507 3755 3521 3804 ;
3546 3737 3728 3792 animo
3756 3738 3884 3792 vol-

2272 3851 2458 3895 ventes
2483 3878 2501 3906 ,
2540 3839 2759 3908 quinam
2809 3838 2938 3890 rixa:
2967 3843 3263 3904 prmsentes
3309 3832 3530 3888 fuerint.
3581 3832 3884 3902 Postquam

2273 3933 2414 3988 enim
2442 3946 2538 3987 ceu
2569 3929 2808 3985 furentes
2835 3929 2901 3984 de
2927 3926 3296 3998 spectantibus
3321 3927 3454 3980 nihil
3481 3925 3882 3997 cogitaverant,

2271 4025 2653 4095 resipisceutes
2699 4029 2884 4092 postea
2931 4035 3112 4075 secum
3161 4028 3450 4089 reputant,
3501 4034 3629 4072 num
3674 4018 3882 4083 amici,

2273 4133 2400 4173 num
2433 4115 2632 4171 inimici
2658 4124 2992 4186 spectatores
3023 4113 3243 4168 fuerint.
3269 4111 3400 4166 Nam
3436 4111 3656 4182 perinde
3687 4118 3876 4165 utros~

2274 4224 2380 4279 que
2410 4216 2695 4272 metuunt;
2729 4207 2848 4260 illos
2869 4248 2883 4272 ,
2929 4214 2985 4259 ut
3011 4220 3070 4260 se
3109 4203 3478 4273 itnprobantes
3509 4203 3886 4273 majoremquo

2275 4300 2565 4357 inferentes
2592 4299 2878 4370 pudorem;
2914 4297 3044 4365 hos,
3080 4306 3138 4352 ut
3165 4297 3231 4351 dc
3258 4312 3356 4351 sua
3386 4297 3717 4367 turpitudine
3745 4313 3887 4368 gau-

2271 4398 2482 4453 dentes.
2515 4395 2664 4463 Quod
2712 4397 2756 4450 si
2802 4394 2868 4448 ad
2914 4395 3096 4464 plagas
3126 4407 3294 4461 usque
3343 4401 3556 4447 mutuas
3600 4391 3710 4446 rixa
3743 4406 3885 4462 pro-

2274 4490 2495 4560 ruperit,
2533 4499 2642 4542 tum
2675 4495 2852 4542 metus
2880 4487 3115 4557 gravior,
3147 4498 3214 4538 ne
3245 4482 3371 4552 quid
3403 4479 3642 4538 deterius
3670 4482 3880 4539 verbe-

2271 4591 2388 4639 rato
2415 4581 2655 4646 accidat,
2705 4594 2774 4635 ne
2819 4579 3153 4648 subsequens
3186 4575 3348 4630 febris
3377 4585 3605 4631 mortem
3638 4575 3836 4631 inferat
3863 4619 3882 4644 ,

2270 4674 2357 4730 vel
2398 4683 2574 4728 tumor
2620 4682 2807 4726 curatu
2850 4670 3083 4724 difﬁcilis
3126 4668 3177 4722 ιιι
3225 4677 3524 4723 extremum
3573 4666 3883 4738 periculum

2276 4767 2545 4836 conjiciat.
2589 4764 2728 4833 Quid
2773 4765 2917 4818 enim
2969 4761 3098 4817 mihi
3152 4776 3324 4832 pugna
3379 4774 3514 4829 opus
3558 4760 3714 4814 erat?
3742 4761 3882 4830 quid

2273 4859 2612 4915 contumeliis
2638 4867 2693 4913 et
2713 4858 2885 4912 rixis?
2916 4862 3137 4927 pereant
3171 4863 3225 4909 et
3251 4853 3364 4909 btec
3391 4863 3446 4908 et
3473 4853 3584 4907 illa.
3614 4852 3884 4924 Tuncque

2273 4954 2523 5007 omnibus
2552 4950 2702 5006 hisce
2731 4949 2889 5004 ﬂuxis
2917 4947 3079 5003 rebus
3121 4932 3481 5012 maledicunt,
3511 4960 3633 5015 qua:
3660 4945 3880 5003 rixamli

2270 5062 2428 5104 causa
2459 5047 2626 5103 fuere.
2659 5042 3066 5113 lusipientiores
3106 5054 3237 5094 vero
3270 5047 3326 5094 et
3370 5039 3630 5107 malignos
3661 5039 3882 5094 darmo-

2272 5156 2401 5206 nas,
2443 5148 2497 5194 et
2538 5139 2726 5193 horam
2776 5145 3096 5205 tempusque
3124 5132 3499 5187 criminantur.
3536 5131 3730 5187 Verum
3759 5147 3880 5189 non

2276 5234 2405 5288 hora
2437 5232 2574 5286 mala
2621 5231 2672 5284 in
2715 5243 2876 5284 causa
2920 5235 3035 5290 est;
3089 5225 3232 5279 nulla
3276 5225 3472 5294 quippe
3519 5223 3648 5278 hora
3682 5223 3820 5278 mala
3859 5241 3877 5281 :

2269 5343 2443 5397 neque
2465 5325 2579 5380 haec
2615 5340 2644 5378 a
2673 5322 2909 5393 maligno
2938 5320 3186 5375 dmmone
3213 5319 3647 5389 proficiscuntur,
3674 5317 3766 5372 sed
3796 5334 3876 5376 ex

2270 5419 2504 5491 nequitia
2557 5417 2864 5472 rixantium.
2899 5413 2964 5468 lli
3009 5427 3240 5483 namque
3283 5421 3338 5466 et
3375 5412 3651 5467 dmmonas
3695 5421 3875 5467 attra-

2269 5514 2424 5580 hunt,
2452 5521 2509 5570 et
2537 5511 2640 5566 sibi
2672 5510 2803 5580 ipsis
2834 5508 2971 5563 mala
3003 5505 3257 5564 inferunt.
3285 5503 3392 5560 Sed
3419 5519 3513 5559 cor
3536 5503 3873 5574 intumescit,

2270 5608 2476 5678 inquies
2499 5648 2514 5674 ,
2547 5615 2602 5660 et
2627 5619 2656 5658 a
2685 5596 3032 5658 contumeliis
3058 5596 3372 5654 mordetur?
3397 5597 3451 5651 Id
3483 5605 3539 5650 et
3562 5611 3661 5664 ego
3689 5599 3813 5650 novi
3854 5618 3870 5655 ;

2270 5703 2495 5774 ideoque
2524 5699 2692 5755 miror
2719 5711 2813 5752 eos
2842 5696 2931 5765 qui
2976 5692 3175 5748 malam
3208 5690 3346 5745 hanc
3390 5687 3557 5744 feram
3587 5701 3871 5746 coercent.

2267 5797 2324 5850 Si
2357 5796 2499 5852 enim
2541 5793 2768 5849 velimus
2793 5833 2808 5856 ,
2841 5803 3125 5860 possumus
3152 5785 3396 5841 morbum
3428 5783 3720 5854 depellere.
3755 5782 3873 5839 (iur

2269 5892 2409 5948 enim
2437 5904 2556 5946 cum
2589 5886 2856 5957 principes
2885 5882 2980 5937 viri
3007 5898 3102 5935 nos
3131 5880 3457 5935 coututurlta
3493 5874 3737 5932 afficiunt
3766 5916 3780 5939 ,
3814 5875 3872 5934 iit
