4078 6506
260 470 328 521 τίς
1414 461 1476 516 l.\’
1517 459 1827 518 JOANNEM
1875 462 1879 514 Ι

1984 461 2101 517 lliL.
2151 464 2209 517 γ.
2254 465 2324 518 al.
2369 462 2454 517 ιν.
3518 461 3588 517 δι

271 599 376 636 non
419 581 684 651 agimus?
734 594 922 634 nonne
966 578 1085 647 qnia
1133 578 1324 643 timor,
1375 594 1481 633 non
1523 581 1699 633 tninor
1728 594 1888 648 quam

276 675 375 737 ira,
409 688 513 725 nos
543 671 817 734 deterret,
851 686 948 724 nec
978 671 1060 724 vel
1091 685 1120 722 a
1153 670 1413 738 principio
1445 671 1574 723 iram
1607 685 1892 740 erumpere

274 767 442 820 sinit?
490 766 607 818 Cur
654 779 820 832 porro
874 763 1011 818 servi
1061 780 1088 814 ει
1142 762 1300 815 nobis
1348 761 1498 816 mille
1552 761 1892 816 contumeliis

278 858 493 912 onetati
523 898 536 918 ,
570 857 753 908 otnnia
788 856 930 908 taciti
964 854 1176 907 ferunt?
1207 868 1385 908 nonne
1429 854 1554 922 quia
1587 865 1636 906 et
1670 853 1767 922 ipsi
1791 869 1888 906 co-

278 951 402 1002 dem
447 948 666 1002 vinculo
715 945 984 1014 ligantur?
1016 944 1092 998 Tu
1134 959 1262 998 vero
1291 960 1360 998 ne
1399 946 1574 998 solum
1606 944 1698 999 Dei
1731 946 1887 997 timo-

283 1058 396 1095 retn
441 1043 668 1110 cogites.
717 1041 810 1091 sed
865 1039 1027 1092 etiam
1076 1049 1128 1092 te
1175 1048 1300 1092 tunc
1348 1054 1378 1091 a
1409 1037 1517 1091 Deo
1547 1037 1890 1092 contumeliis

281 1132 423 1186 allici
457 1175 472 1191 ,
500 1133 587 1202 qui
614 1131 766 1198 jubet
814 1141 864 1184 te
901 1139 1110 1192 tacere,
1148 1139 1202 1183 et
1227 1130 1403 1183 omnia
1432 1131 1697 1199 patienter
1727 1129 1885 1183 feres.

285 1225 380 1278 hic
426 1234 479 1278 te
530 1224 814 1276 lacessenti
851 1223 1030 1288 :Quid
1075 1221 1264 1275 faciam
1319 1221 1452 1283 tibi;
1502 1222 1640 1276 alius
1671 1221 1798 1274 mihi
1835 1231 1890 1274 et

282 1332 502 1369 manum
533 1325 589 1369 et
616 1316 850 1385 linguam
876 1314 1094 1369 cohibet
1120 1331 1134 1367 :
1161 1313 1372 1382 eritque
1401 1312 1606 1367 dictum
1641 1312 1769 1366 illud
1792 1353 1806 1374 ,
1833 1323 1889 1367 et

281 1409 377 1463 tibi
424 1416 481 1462 ct
509 1407 607 1476 ipsi
640 1406 996 1477 philosophiie
1027 1407 1273 1462 materia.
1303 1405 1462 1460 Nunc
1493 1414 1674 1460 autem
1717 1405 1888 1459 homi-

279 1515 411 1552 num
437 1500 607 1568 gratia
636 1500 798 1553 etiam
825 1498 1184 1552 intolerabilia
1215 1497 1439 1553 ferimus
1463 1540 1477 1564 ,
1505 1507 1560 1553 et
1585 1499 1648 1551 iis
1673 1500 1761 1568 qui
1791 1511 1889 1552 nos

279 1592 558 1645 lacessunt
581 1606 725 1658 szepe
759 1591 988 1645 dicimus
1019 1609 1032 1645 :
1065 1591 1160 1646 lllc
1187 1606 1272 1646 me
1300 1591 1569 1646 lacessivit
1596 1631 1611 1656 ,
1655 1606 1760 1645 non
1787 1600 1838 1643 tu
1871 1607 1884 1644 ε

281 1684 395 1736 Deo
419 1693 598 1737 autem
627 1697 695 1736 ne
724 1698 905 1750 parem
951 1681 1168 1752 quidem
1215 1682 1573 1738 reverentiam
1611 1682 1890 1737 exhibebi-

275 1777 437 1830 mus?
459 1776 634 1846 Ecqua
663 1777 814 1830 nobis
842 1777 942 1831 crit
971 1776 1163 1831 venia?
1183 1777 1392 1832 Anima:
1411 1787 1605 1830 nostra-
1624 1777 1885 1831 dicamus:

276 1870 423 1924 Deus
447 1884 544 1923 nos
570 1883 712 1924 nunc
735 1869 969 1934 lacessit,
993 1869 1080 1939 qtti
1107 1885 1295 1923 manus
1315 1879 1526 1924 nostras
1555 1868 1799 1924 cohibet:
1821 1884 1886 1922 ne

273 1961 576 2015 insiliamus
598 2002 613 2027 ,
655 1976 756 2015 nec
801 1961 1012 2017 minore
1045 1961 1212 2016 Deum
1247 1977 1406 2030 quam
1442 1961 1686 2015 hemines
1725 1962 1883 2016 obsc-

269 2032 491 2119 quentia
543 2066 955 2120 prosequamur.
987 2051 1065 2105 Ad
1100 2052 1200 2106 hoc
1226 2053 1446 2105 verbum
1482 2051 1886 2106 exhorruistis?

266 2143 376 2197 Sed
423 2158 527 2195 non
583 2150 790 2196 tantum
820 2142 887 2197 ad
937 2144 1118 2207 verba,
1151 2143 1247 2197 sed
1295 2144 1456 2197 etiam
1490 2146 1555 2196 ad
1584 2160 1720 2213 opus
1747 2147 1880 2198 vos1

266 2235 663 2288 exhorrescere
689 2235 866 2302 cupio.
897 2232 1064 2289 Jussit
1097 2233 1239 2288 Deus
1269 2249 1370 2288 nos
1394 2236 1530 2304 colzq
1555 2235 1637 2289 his
1676 2250 1846 2289 ea-sos
1866 2277 1880 2301 ,

337 2413 352 2442 ι
392 2410 474 2458 ΑΙΞί
501 2412 704 2471 habent,
734 2425 838 2471 nos,
865 2411 995 2473 loco,
1023 2425 1140 2464 νος..

1991 594 2098 633 non
2132 579 2290 634 modo
2321 581 2478 644 ferre,
2513 577 2606 632 sed
2635 579 2799 633 etiam
2825 578 2890 633 ad
2917 578 3068 649 pejus
3089 579 3358 649 quidpiam
3390 585 3592 652 patien~

1989 669 2117 723 dum
2150 687 2248 723 nos
2293 671 2507 725 ωσι-ιτς.
2541 671 2646 725 Nos
2675 683 2853 726 autem
2884 687 3007 728 cum
3039 683 3182 726 tanta
3215 674 3464 730 violentia
3493 681 3591 730 ob-

1983 761 2243 823 sistimus,
2293 773 2345 815 nt
2397 778 2501 816 non
2543 763 2701 816 modo
2731 777 2828 817 nos
2854 763 2920 818 ad
2963 765 3103 819 male
3150 765 3460 835 patiendmn
3489 786 3595 822 non

1984 850 2313 914 olli-ramus,
2361 852 2454 906 sed
2510 854 2668 906 etiam
2716 868 2815 908 nos
2869 853 3230 919 ulciscantur;
3287 857 3394 911 imo
3451 872 3598 926 sa-pe

1986 942 2192 1011 priores
2247 959 2438 997 manus
2489 943 2803 1011 inferamus,
2854 963 3060 1017 uosque
3110 947 3250 1003 vinci
3301 961 3546 1018 putemtu
3577 996 3590 1012 ,

1985 1034 2086 1088 nisi
2121 1037 2336 1103 paribus
2369 1037 2688 1092 afﬁciamus.
2741 1039 2872 1093 Nam
2917 1040 3045 1094 illttd
3085 1042 3305 1112 gravius
3333 1054 3414 1097 est
3447 1047 3588 1113 quod

1983 1141 2082 1181 nos
2111 1129 2322 1182 vincere
2349 1130 2739 1194 existimemus,
2770 1132 2984 1202 quando
3011 1145 3253 1188 extrema
3281 1135 3434 1190 clade
3476 1137 3595 1190 alti-

1980 1220 2176 1284 cimnr,
2208 1231 2261 1275 ct
2295 1221 2438 1275 humi
2469 1226 2725 1292 prostrati
2753 1225 3031 1295 jaccmus;
3063 1241 3126 1282 ac
3165 1227 3314 1283 mille
3359 1231 3593 1298 acceptis

1981 1328 2010 1365 a
2059 1313 2275 1368 diabolo
2326 1316 2657 1382 volneribus,
2709 1319 2777 1374 de
2820 1319 2910 1374 illo
2957 1320 3235 1374 victoriam
3283 1329 3594 1389 reportasse

1979 1405 2275 1461 credamus.
2312 1408 2698 1476 Quamobrem,
2721 1426 2869 1478 rogo,
2893 1410 3166 1465 discamus
3191 1411 3311 1481 quis
3332 1411 3402 1465 sit
3431 1412 3589 1481 hujus

1983 1497 2222 1552 victoria:
2266 1499 2490 1564 modus,
2539 1509 2594 1555 et
2624 1499 2762 1556 hanc
2805 1516 3014 1555 morum
3047 1502 3285 1572 speciem
3313 1503 3590 1558 adeamus.

1981 1590 2258 1660 Siquidem
2308 1594 2448 1646 male
2495 1593 2637 1662 pati,
2671 1593 2901 1662 idipsum
2949 1603 3032 1647 est
3060 1594 3200 1663 quod
3227 1597 3497 1650 coronari.
3531 1595 3590 1649 Si

1979 1700 2110 1754 ergo
2139 1685 2390 1739 volumus
2422 1702 2524 1739 nos
2550 1702 2579 1740 a
2610 1686 2720 1740 Deo
2759 1687 2993 1741 victores
3026 1687 3346 1754 proclamari
3369 1728 3383 1752 ,
3419 1687 3470 1741 in
3506 1688 3588 1742 his

1980 1777 2370 1831 certaminibus
2421 1794 2486 1832 ne
2537 1778 2710 1846 legem
2757 1778 3093 1832 Saecularium
3125 1793 3356 1847 agonum
3407 1794 3595 1832 serve-

1981 1883 2118 1930 mus,
2153 1867 2246 1922 sed
2284 1869 2456 1939 legem
2489 1884 2516 1921 a
2546 1869 2656 1924 Deo
2689 1885 2785 1939 pro
2816 1870 2899 1924 his
2924 1869 3308 1924 certaminibus
3338 1874 3592 1940 positam,

1982 1968 2042 2012 ut
2080 1959 2258 2012 omnia
2289 1975 2444 2029 inquo
2476 1960 2655 2014 animo
2679 1959 2932 2015 feramus.
2964 1959 3038 2014 lta
3068 1961 3212 2015 enim
3244 1971 3297 2014 et
3337 1961 3596 2016 adversa-

1984 2053 2094 2106 rios
2145 2062 2198 2108 ct
2249 2055 2532 2122 prmsentia
2564 2054 2740 2107 omnia
2774 2054 3170 2125 snperabimns,
3223 2063 3278 2108 et
3328 2055 3593 2126 promissa

1977 2157 2374 2211 consequemur
2424 2143 2560 2198 bona
2589 2185 2603 2211 ,
2651 2147 2824 2212 gratia
2868 2153 2922 2199 et
2974 2145 3304 2214 benignitate
3359 2147 3568 2200 Domini

1979 2237 2145 2290 nostri
2174 2233 2301 2288 Jesn
2333 2235 2531 2288 Christi
2554 2275 2567 2297 ,
2601 2251 2698 2306 per
2729 2252 2886 2305 quem
2916 2245 2972 2292 et
3006 2252 3128 2291 cum
3156 2252 3263 2308 quo
3292 2239 3433 2292 Patri
3462 2280 3476 2305 ,
3522 2241 3596 2292 si.

1959 2309 2200 2395 “mtilque
2246 2327 2466 2394 Spiritui
2516 2339 2737 2392 sancto,
2781 2330 2989 2400 gloria.
3039 2329 3360 2400 imperimn,
3397 2331 3590 2396 honor,

1982 2430 2124 2469 nunc
2145 2426 2197 2471 ct
2224 2430 2459 2485 semper,
2490 2429 2542 2473 et
2572 2421 2622 2472 iit
2652 2421 2846 2472 saecula
2877 2419 3221 2474 sceculorunt.
3260 2421 3454 2476 Amen.

271 2533 3594 2571 W

1704 2640 2050 2704 HOMILIA
2098 2645 2173 2705 V.

260 2772 392 2824 Cir.
429 2771 466 2824 Ι.
505 2789 552 2822 v.
588 2769 644 2826 5.
683 2773 868 2826 Umm'a
893 2793 982 2844 per
1009 2776 1175 2842 ipsum
1206 2779 1343 2846 facta
1374 2789 1490 2832 siml
1511 2822 1524 2839 ,
1556 2791 1605 2833 et
1635 2782 1744 2835 sine
1771 2784 1880 2852 ipso

606 2867 796 2933 factum
825 2877 896 2918 est
924 2865 1054 2920 nihil
1078 2867 1213 2936 quod
1239 2868 1433 2938 factum
1460 2878 1552 2924 est.

340 3000 388 3051 ί.
422 2997 631 3068 “Hwa
661 2999 935 3054 historiam
972 3001 1180 3057 Veteris
1209 3003 1536 3060 Testamenli
1587 3022 1618 3060 a
1663 3010 1876 3064 sensili-

264 3092 366 3141 bus
417 3091 572 3144 nobis
617 3091 859 3156 orditur,
894 3103 946 3146 et
991 3111 1050 3146 ea
1106 3095 1347 3162 pluribus
1391 3109 1669 3151 enumerat
1705 3117 1718 3152 :
1755 3117 1875 3153 nam

261 3180 359 3240 ait,
397 3177 461 3230 In
490 3180 743 3250 principio
768 3182 887 3250 fecit
919 3181 1051 3238 Deus
1081 3184 1262 3238 castum
1280 3196 1325 3239 el
1346 3198 1530 3240 terram
1552 3187 1707 3255 (Gen.
1735 3191 1780 3244 l.
1806 3192 1875 3262 l):

263 3269 462 3323 deinde
491 3271 678 3337 adjicit
708 3272 882 3327 lucem
928 3271 1119 3328 factam
1147 3317 1161 3337 ,
1204 3278 1497 3331 secundum
1534 3281 1723 3334 ca~lttm
1752 3282 1829 3352 (a)
1857 3323 1876 3349 ,

261 3362 550 3416 stellarum
582 3375 825 3418 naturam
854 3407 868 3430 ,
897 3369 1178 3437 omnigena
1205 3370 1516 3426 animalium
1545 3389 1739 3441 genera
1762 3417 1776 3437 ,
1811 3391 1878 3430 ne

263 3456 471 3525 singula
541 3469 928 3526 prosequentes
991 3459 1260 3530 longiores
1305 3463 1497 3517 simus.
1549 3465 1645 3520 llic
1693 3477 1874 3522 autem

262 3547 593 3616 evangelista
639 3565 745 3601 tino
791 3550 955 3604 verbo
1001 3553 1375 3622 complectitur
1418 3557 1594 3610 omnia
1621 3599 1632 3620 ,
1687 3569 1736 3612 et
1784 3559 1873 3612 illa

264 3654 462 3706 nempe
490 3648 548 3693 et
575 3639 683 3692 illis
705 3643 1006 3710 superiora.
1041 3643 1107 3697 Et
1131 3645 1253 3713 jure
1297 3658 1474 3711 certe,
1508 3650 1631 3718 quia
1663 3651 1748 3703 illa
1779 3668 1877 3704 au-

262 3729 531 3783 ditoribus
560 3741 686 3784 ncta
711 3743 857 3795 sunt,
887 3743 942 3787 et
972 3735 1084 3804 ipse
1115 3736 1182 3789 ad
1214 3740 1557 3805 praestantius
1583 3756 1876 3812 argumen-

265 3831 379 3874 tum
407 3831 682 3890 properat,
710 3838 772 3877 ac
808 3833 976 3879 totum
1003 3842 1140 3897 opus
1167 3829 1492 3900 aggreditur,
1526 3849 1632 3888 non
1659 3834 1725 3888 de
1743 3851 1875 3905 ope-

264 3911 446 3978 ribus,
501 3912 596 3966 sed
651 3912 720 3968 de
777 3913 982 3985 Opiﬁce
1039 3927 1092 3970 et
1147 3917 1406 3975 Creatore
1450 3921 1716 3980 dicturus.
1753 3925 1877 3981 Ideo

263 4005 477 4076 Moyses
504 4005 720 4075 quidem
749 4049 761 4072 ,
793 4009 892 4062 etsi
921 4010 1183 4065 minorem
1223 4015 1510 4068 creationis
1539 4025 1741 4084 partem
1781 4033 1877 4089 ag-

263 4096 543 4164 grediatur
571 4099 588 4163 (
618 4095 749 4151 nihil
796 4099 937 4153 enim
980 4102 1135 4156 nobis
1157 4101 1223 4157 de
1253 4104 1609 4162 invisibilibus
1642 4119 1874 4176 potesta-

266 4190 407 4244 tibus
448 4191 689 4244 narravit
715 4192 732 4260 )
759 4233 773 4255 ,
823 4193 875 4246 in
909 4193 1016 4246 illis
1042 4205 1296 4250 versatur
1327 4215 1340 4250 :
1379 4199 1464 4253 hic
1494 4215 1658 4266 vero,
1691 4205 1779 4272 qtti
1808 4202 1873 4257 ad

265 4284 440 4352 ipsum
495 4281 813 4338 Creatorem
863 4285 1157 4342 ascendere
1212 4287 1466 4356 festinat,
1519 4292 1642 4361 jure
1696 4296 1874 4349 omnia

266 4377 634 4444 prauercurrit
655 4419 670 4441 ,
700 4384 757 4432 et
797 4377 912 4432 IliI'C
935 4394 1055 4448 qua:
1104 4381 1194 4436 ille
1233 4381 1405 4449 dixit,
1439 4393 1492 4438 et
1522 4401 1581 4439 ea
1613 4401 1732 4456 qua:
1762 4388 1876 4456 ipse

265 4469 465 4534 tacuit,
514 4472 698 4538 paucis
739 4473 1154 4540 complectitur,
1191 4473 1377 4528 Omnia
1419 4495 1508 4547 per
1547 4481 1712 4550 ipsum
1741 4481 1878 4550 facta

260 4571 400 4615 sunt.
435 4560 513 4616 Nc
545 4577 672 4615 vero
705 4571 857 4630 putes
886 4563 1057 4632 ipsum
1089 4581 1151 4620 ea
1185 4576 1386 4621 tantum
1416 4585 1721 4626 memorare
1756 4589 1875 4642 qua:

263 4652 478 4724 Moyses
505 4655 775 4719 natravit,
805 4655 1110 4727 subjungit,
1149 4656 1214 4710 Et
1255 4661 1363 4713 sine
1407 4663 1516 4732 ipso
1563 4667 1755 4734 faction
1803 4677 1875 4720 est

262 4749 395 4800 nihil
413 4747 554 4818 quod
582 4752 775 4818 factum
795 4767 814 4804 :
844 4751 946 4806 hoc
971 4761 1084 4815 est,
1121 4753 1199 4808 Ex
1230 4755 1392 4809 rebus
1425 4757 1598 4819 factis,
1626 4759 1738 4812 sive
1770 4763 1874 4814 sub

259 4853 543 4912 aspectum
567 4883 580 4904 ,
614 4842 729 4898 sive
755 4843 854 4898 sub
882 4845 1211 4901 intellectum
1245 4857 1448 4901 tantum
1476 4849 1672 4903 cadant
1698 4892 1712 4915 ,
1745 4853 1875 4906 nihil

257 4937 380 4991 sine
412 4934 534 4991 Filii
580 4935 774 4991 virtute
804 4938 1122 5007 productum
1168 4952 1270 4995 est.
1319 4940 1504 5011 Neque
1549 4943 1692 4997 enim
1737 4961 1877 5014 putt-

261 5042 413 5084 ctum
440 5045 775 5100 apponetnus
798 5041 917 5099 post
941 5032 1092 5098 illud,
1114 5031 1283 5099 Nihil,
1311 5044 1364 5087 nt
1386 5034 1624 5091 lizeretici
1652 5039 1873 5093 faciunt.

263 5121 343 5176 Ilii
375 5122 522 5178 enim
552 5138 673 5176 cum
716 5124 884 5178 velint
917 5124 1174 5193 Spiritum
1206 5136 1444 5181 creatum
1475 5143 1599 5184 esse
1621 5169 1638 5188 .
1684 5130 1753 5184 ita
1800 5130 1876 5186 le-

261 5223 398 5284 gunt
434 5231 447 5267 :
486 5214 640 5281 Quod
663 5215 856 5283 factum
890 5227 984 5279 est.
1019 5217 1072 5270 in
1101 5218 1212 5287 ipso
1254 5219 1354 5271 vita
1393 5230 1522 5274 erat.
1558 5227 1626 5275 At
1652 5223 1730 5277 sic
1763 5225 1879 5279 hzec

261 5306 416 5360 nullo
461 5306 623 5360 modo
654 5305 877 5377 intelligi
926 5318 1193 5376 poterunt.
1248 5310 1428 5364 Primo
1471 5312 1614 5366 enim
1649 5311 1736 5367 hic
1769 5329 1874 5368 non

260 5409 566 5468 Opportuna
596 5399 829 5468 Spiritus
857 5402 1060 5455 mentio
1094 5411 1277 5457 esset:
1308 5403 1450 5474 quod
1489 5405 1532 5458 si
1577 5405 1788 5459 tandem
1825 5407 1875 5461 id

263 5491 542 5553 voluisset.
569 5505 668 5546 cur
697 5501 806 5548 tam
835 5493 1066 5548 obscure
1093 5494 1348 5565 loquutus
1367 5495 1548 5550 esset?
1573 5497 1712 5551 unde
1733 5497 1874 5552 enim

258 5591 478 5637 constet
519 5582 631 5638 hoc
660 5585 730 5638 de
756 5583 959 5654 Spiritu
991 5585 1189 5640 dictum
1223 5587 1380 5640 esse?
1407 5587 1654 5656 Alioquin
1696 5601 1875 5643 antetn

259 5675 558 5730 sectmdum
588 5675 729 5731 hanc
749 5677 952 5732 seriem
979 5679 1380 5747 compcricnins
1401 5719 1414 5742 ,
1441 5692 1546 5732 non
1571 5678 1830 5750 Spiritum
1859 5719 1874 5744 ,

255 5770 352 5824 sed
403 5768 576 5839 ipsum
623 5769 822 5826 Filium
855 5785 955 5843 per
983 5771 1217 5843 seipsum
1258 5769 1456 5824 factum
1500 5786 1641 5827 esse.
1676 5769 1874 5827 Verum

319 5905 399 5969 (ο)
429 5905 484 5957 Id
519 5916 615 5968 est,
635 5907 1026 5960 ﬁrmamemum.

1994 2789 2274 2856 alti-mlite,
2306 2808 2371 2844 ne
2401 2807 2496 2846 vos
2526 2793 2626 2846 lioc
2654 2793 2857 2848 dictum
2879 2794 3126 2864 effugiat;
3159 2805 3213 2850 et
3237 2812 3334 2866 ago
3379 2795 3592 2850 interim

1987 2880 2053 2932 ad
2089 2881 2294 2935 illorum
2330 2900 2531 2938 morem
2562 2887 2804 2955 legamus
2838 2904 2851 2939 :
2883 2885 2985 2941 hoc
3031 2898 3188 2956 pacto
3235 2888 3377 2941 enim
3424 2889 3596 2939 mani-

1989 2973 2173 3026 festior
2202 2975 2304 3028 erit
2332 2975 2633 3030 absurditas
2663 2996 2675 3030 :
2714 2977 2862 3042 Quod
2890 2982 3082 3048 fartum
3120 2989 3190 3033 est
3218 3022 3232 3043 ,
3268 2979 3319 3032 in
3354 2980 3465 3048 ipso
3495 2981 3594 3032 ritu

1991 3075 2118 3115 erat.
2155 3064 2326 3118 Vitam
2357 3065 2442 3119 hic
2472 3067 2728 3135 Spiritum
2760 3070 3061 3137 signiﬁcare
3091 3070 3293 3124 dicunt.
3341 3069 3445 3126 Sed
3488 3073 3594 3126 vita

1987 3156 2149 3209 etiam
2200 3157 2284 3210 lux
2336 3158 2599 3227 appellata
2635 3159 2718 3212 hic
2755 3162 3026 3224 occuriit;
3075 3162 3290 3230 sttlijieit
3316 3162 3495 3224 enim,
3531 3160 3596 3214 I'It

1985 3246 2088 3298 vita
2132 3257 2239 3300 erat
2273 3247 2364 3300 lux
2396 3249 2677 3301 hominum.
2712 3251 3018 3304 Secundum
3072 3252 3194 3305 illos
3243 3268 3370 3322 ergo
3419 3252 3592 3307 lucem

1989 3339 2264 3393 hominum
2299 3339 2384 3394 hic
2415 3341 2674 3411 Spiritum
2705 3342 2852 3396 dicit.
2887 3342 3025 3410 Quid
3073 3343 3271 3412 igitur?
3298 3343 3430 3398 Cum
3463 3345 3593 3398 sul»

1986 3434 2084 3497 dit,
2116 3433 2238 3487 Fuit
2268 3438 2419 3488 Itomo
2449 3437 2631 3490 missus
2661 3453 2693 3489 a
2721 3435 2847 3500 Deo,
2873 3447 2922 3489 ιιι
2945 3437 3288 3490 testimonium
3311 3438 3596 3507 perhiberet

1986 3527 2050 3580 de
2078 3529 2290 3592 luinim',
2323 3543 2545 3582 necesse
2572 3539 2655 3584 est
2699 3539 2754 3581 ut
2780 3529 2983 3593 dicant,
3019 3529 3123 3583 hoc
3152 3530 3312 3584 etiam
3358 3529 3426 3584 de
3469 3531 3594 3602 Spi-

1986 3622 2089 3675 ritu
2137 3622 2382 3690 proferri.
2433 3621 2567 3675 Ettm
2613 3623 2756 3675 euitn
2786 3637 2944 3691 quem
2976 3637 3138 3690 supra
3169 3621 3402 3676 Verbum
3431 3622 3592 3690 dixit,

1987 3714 2036 3766 in
2068 3715 2414 3782 sequentibus
2449 3715 2637 3776 llenm,
2671 3716 2855 3776 vitam,
2886 3725 2938 3768 et
2969 3715 3141 3768 lucem
3172 3715 3432 3767 nominat.
3482 3713 3596 3769 l’im

1984 3815 2112 3870 erat,
2149 3807 2340 3875 inquit,
2375 3805 2476 3859 hoc
2506 3804 2739 3859 Verbum
2766 3844 2782 3872 ,
2827 3816 2881 3860 et
2910 3804 3024 3860 lure
3053 3805 3164 3874 ipsa
3200 3805 3302 3859 vita
3335 3806 3420 3859 lux
3453 3817 3592 3862 erat.

1986 3898 2040 3953 Si
2092 3901 2269 3968 itaque
2316 3899 2548 3952 Verbum
2595 3898 2700 3952 vita
2746 3907 2863 3954 erat
2891 3915 2906 3962 ;
2939 3898 3172 3953 Verbum
3204 3909 3381 3954 autem
3405 3941 3419 3961 ,
3451 3901 3593 3967 quod

1987 3999 2069 4044 est
2104 3990 2207 4042 vita
2242 3991 2256 4020 ¹
2284 3973 2311 4053 ,’
2332 4004 2459 4044 caro
2503 3988 2700 4044 factum
2728 3996 2850 4045 est:
2884 3989 2988 4043 \ita
3016 4005 3142 4044 caro
3173 3988 3310 4043 facta
3341 3999 3456 4054 est,
3494 3990 3597 4046 hoc

1984 4091 2087 4143 est.
2120 4081 2351 4136 Verlmm
2376 4099 2390 4148 ;
2417 4093 2466 4136 et
2497 4084 2614 4149 ejus
2653 4082 2879 4154 gloriam
2913 4083 3146 4138 vidimus
3167 4125 3181 4149 ,
3216 4085 3367 4153 quasi
3398 4084 3596 4156 Unige-

1984 4172 2078 4226 niti
2102 4189 2128 4225 a
2158 4172 2337 4227 Patre.
2368 4173 2423 4226 Si
2447 4187 2579 4241 ergo
2604 4172 2779 4227 dicant
2807 4172 3064 4243 Spiritum
3092 4173 3180 4228 hic
3201 4174 3361 4227 vitam
3391 4176 3596 4242 vocari,

1985 4267 2107 4321 vide
2136 4279 2331 4337 quanta
2363 4267 2594 4321 absurda
2626 4277 2944 4337 sequantur.
2980 4268 3213 4337 Spiritus
3243 4267 3386 4322 enim
3422 4267 3597 4323 incar-

1985 4369 2142 4412 natus
2185 4357 2386 4424 fttcrit,
2439 4374 2544 4411 non
2597 4357 2763 4411 Filius
2799 4377 2811 4410 :
2845 4358 3080 4426 Spiritus
3131 4359 3236 4412 erit
3290 4360 3598 4430 unigenitus

1984 4450 2172 4504 Filius.
2207 4450 2260 4504 Si
2297 4468 2402 4503 non
2437 4451 2506 4504 ita
2539 4466 2626 4504 res
2658 4449 2842 4516 fuerit,
2891 4451 3020 4504 dum
3069 4450 3173 4504 hoc
3218 4450 3496 4522 ell'ugient,
3543 4452 3598 4506 in

1983 4542 2127 4595 aliud
2176 4543 2334 4612 longe
2378 4542 2666 4596 absurdius
2701 4542 2937 4596 incident
2983 4545 3052 4596 ita
3085 4544 3345 4614 legentes.
3379 4545 3510 4599 Nam
3552 4548 3596 4598 si

1983 4635 2341 4687 conliteantur
2369 4633 2493 4686 illud
2528 4633 2594 4686 de
2626 4633 2764 4689 Filio
2793 4633 2995 4688 dictum
3029 4649 3184 4701 esse,
3216 4652 3390 4706 neque
3436 4638 3602 4691 inter-

1983 4735 2242 4794 pungaut,
2276 4741 2376 4780 nec
2404 4727 2586 4796 legant
2615 4734 2674 4780 ut
2704 4743 2801 4780 nos
2830 4727 3058 4796 legimus
3080 4771 3094 4793 ,
3136 4728 3310 4796 ipsum
3341 4728 3534 4783 Filium
3568 4748 3596 4782 a

1982 4819 2162 4888 seipso
2214 4818 2408 4873 factum
2453 4835 2574 4876 esse
2613 4820 2795 4874 dicant
2834 4830 3070 4891 oportet.
3105 4822 3160 4875 Si
3185 4822 3329 4876 enim
3360 4821 3601 4877 Verbum

1985 4912 2090 4965 vita
2113 4921 2262 4976 erat;
2295 4912 2339 4966 si
2379 4912 2523 4984 quod
2555 4912 2753 4968 factum
2787 4926 2904 4980 est,
2938 4916 2989 4968 in
3029 4917 3144 4986 ipso
3177 4916 3281 4968 vita
3315 4924 3471 4970 erat:
3509 4916 3596 4984 ip-

1983 5021 2104 5060 sum
2134 5007 2184 5060 in
2214 5007 2394 5075 seipso
2434 5019 2490 5063 et
2539 5023 2636 5078 per
2675 5009 2915 5078 seipsnm
2955 5009 3148 5063 factum
3181 5019 3262 5064 est
3303 5009 3603 5064 secundum

1985 5098 2125 5154 hanc
2154 5100 2461 5156 lectionem.
2493 5100 2698 5156 Deinde
2737 5102 3062 5172 quibusdam
3100 5104 3434 5173 interpositis
3461 5105 3601 5175 adji-

1983 5191 2054 5244 cit
2081 5209 2093 5247 :
2127 5188 2193 5244 Et
2219 5192 2437 5247 vidium:
2480 5193 2697 5264 gloriam
2725 5195 2834 5263 ejus
2858 5235 2872 5258 ,
2909 5193 3128 5265 gloriam
3161 5198 3307 5264 quasi
3341 5195 3604 5268 Iluigeuiti

1983 5301 2015 5336 a
2061 5282 2232 5339 Putre.
2271 5285 2412 5340 Ecce
2443 5285 2742 5342 secundum
2794 5287 3009 5341 illorum
3057 5289 3146 5358 qni
3197 5289 3266 5342 ita
3311 5288 3608 5359 loquuntur

1985 5376 2270 5433 lectionem
2298 5379 2528 5447 Spiritus
2555 5390 2772 5433 sanctus
2791 5421 2805 5444 ,
2838 5380 3144 5450 unigenitus
3171 5395 3292 5436 esse
3314 5381 3354 5434 Γ
3360 5382 3480 5436 ilius
3507 5383 3602 5437 de-

1987 5469 2357 5538 prehenditur.
2395 5469 2472 5524 De
2515 5470 2607 5524 illo
2633 5471 2776 5525 enim
2807 5471 2924 5526 lucc
2952 5473 3130 5527 omnis
3160 5475 3398 5528 narratio
3444 5475 3600 5527 insti-

1985 5559 2170 5612 tuitur.
2196 5558 2493 5625 Videtisne,
2521 5561 2735 5630 quando
2759 5576 2788 5614 ει
2815 5562 3041 5616 veritate
3067 5577 3251 5616 sermo
3279 5563 3516 5625 aberrat,
3548 5563 3602 5616 in

1987 5668 2106 5721 ane
2139 5652 2433 5721 pr.eeipitia
2463 5653 2656 5717 abeat;
2687 5661 2742 5707 et
2784 5664 2914 5723 quot
2950 5654 3186 5708 absurda
3219 5657 3432 5724 pariat?
3461 5655 3603 5720 Quid

2007 5778 2017 5804 ‘
2047 5794 2185 5857 .tuvta
2221 5789 2428 5858 Boisium
2462 5789 2567 5837 haec
2593 5788 2762 5858 ,θηρᾷ
2792 5795 2862 5840 est
2906 5788 3002 5839 rita
3028 5770 3444 5858 ,‘delegdaIZsunt:
3467 5794 3602 5844 Itane

1984 5861 2101 5896 vero
2128 5851 2532 5960 isnatttationem,
2562 5851 2620 5900 ad
2644 5849 2831 5900 nullius
2856 5850 3158 5914 exemplaris
3179 5849 3607 5907 ωυιῖι,ιιιόιιοιει·ο

1984 5923 2138 5972 δεῖνι,
2178 5920 2290 5961 ιιιιι·.

2047 5945 2097 5976 ς’
2114 5945 2262 5961 aventu
2277 5946 2290 5959 Ο
