4078 6504
567 433 637 490 83
1285 426 1343 486 8.
1379 424 1659 486 JOANNIS
1692 420 2161 484 οιιιιῐεοδτοιιι

2270 420 2532 480 RCIIIEP.
2560 421 3092 482 CONSTANTINOP.
3775 428 3853 485 86

569 547 768 622 igitur?
817 544 1066 618 Spiritus,
1115 542 1342 616 inquies,
1394 557 1500 597 non
1539 550 1622 598 est
1655 541 1786 597 lux?
1815 541 1909 596 Est
1933 538 2144 611 quidem

571 641 680 706 ius,
708 653 893 696 verum
922 631 1010 693 hic
1047 651 1152 692 non
1180 634 1250 692 de
1277 634 1368 690 illo
1395 633 1572 707 agitur
1597 650 1611 685 :
1640 631 2064 704 quandoquidem
2095 638 2147 686 et

573 733 714 788 Deus
732 730 976 802 Spiritus,
1003 728 1106 784 hoc
1129 736 1229 792 est,
1254 726 1635 797 incorporeus;
1659 724 1752 780 sed
1781 739 1885 779 non
1912 721 2149 778 ubicum-

570 837 680 893 que
705 822 934 894 Spiritus
960 821 1182 885 dicitur,
1213 821 1379 876 Deum
1421 834 1543 876 esse
1575 818 1897 874 declaratur.
1931 816 1997 872 Et
2024 814 2144 885 quid

572 902 804 977 miraris,
833 913 877 967 si
908 912 959 967 id
986 912 1055 968 de
1082 912 1240 968 Patre
1259 911 1538 968 dicamus?
1565 910 1747 981 Neque
1777 909 1921 966 enim
1949 907 2016 963 de
2045 907 2144 963 Pa-

571 1004 774 1060 racleto
801 1019 1014 1075 quoque
1045 1004 1094 1058 id
1124 1003 1420 1059 dixerimus
1441 1045 1456 1067 ,
1494 1001 1637 1073 quod
1682 1001 1999 1073 ubicumque
2026 999 2150 1069 Spi-

570 1095 707 1150 ritus
743 1094 975 1162 dicitur,
1017 1095 1067 1150 id
1107 1095 1176 1150 de
1213 1094 1490 1151 Paracleto
1528 1093 1884 1164 intelligatur:
1910 1091 2152 1164 quamvis

572 1186 677 1243 boc
703 1202 901 1243 nomen
933 1187 1030 1256 ipsi
1061 1187 1291 1242 maxime
1315 1193 1584 1256 competat
1610 1204 1625 1241 :
1653 1193 1886 1240 attamen
1914 1182 2001 1238 ubi
2032 1181 2152 1254 Spi-

572 1279 706 1333 ritus
726 1277 938 1348 legitur.
961 1292 1067 1332 non
1090 1292 1300 1348 semper
1321 1276 1626 1333 Paracletus
1649 1284 1732 1332 est
1756 1264 2149 1346 intelligendus.

573 1367 704 1424 Nam
731 1377 786 1424 et
809 1367 1052 1424 Christus
1080 1368 1172 1422 Dei
1198 1367 1366 1424 virtus
1390 1376 1447 1424 et
1476 1367 1568 1423 Dei
1597 1367 1855 1439 sapientia
1885 1375 2106 1422 vocatur
2133 1381 2149 1432 ;

571 1468 628 1513 at
652 1473 758 1514 non
789 1473 1003 1529 semper
1028 1459 1116 1515 ubi
1147 1457 1239 1514 Dei
1271 1461 1437 1514 virtus
1455 1468 1512 1514 et
1541 1459 1634 1514 Dei
1655 1457 1910 1529 sapientis
1935 1454 2149 1523 dicitur,

572 1549 1161 1606 Christus‘iudicatur.
1207 1549 1296 1607 Sic
1340 1559 1396 1605 et
1435 1549 1538 1606 boc
1583 1550 1736 1616 loco,
1766 1549 1889 1605 licet
1925 1547 2155 1620 Spiritus

576 1640 874 1706 illuminat,
900 1657 1005 1695 non
1038 1649 1215 1697 tamen
1246 1641 1314 1697 de
1345 1642 1460 1712 ipso
1487 1659 1630 1697 nunc
1657 1641 1890 1712 loquitur
1927 1655 2154 1711 evange-

577 1733 717 1788 lista.
760 1733 1008 1788 Attamen
1048 1731 1130 1787 bis
1168 1733 1399 1789 exclusis
1441 1732 1688 1790 absurdis
1709 1733 2020 1800 ratiociniis,
2052 1732 2152 1801 illi,

572 1822 664 1893 qui
689 1837 902 1894 semper
928 1824 1136 1879 veritati
1164 1836 1480 1896 repugnant,
1508 1826 1690 1881 dicere
1719 1841 1822 1880 non
1849 1825 2113 1881 desistunt
2139 1843 2152 1878 :

580 1914 734 1982 Quod
753 1915 943 1984 factum
970 1925 1064 1982 est,
1091 1917 1144 1971 in
1168 1917 1281 1988 ipso
1306 1919 1406 1972 rita
1427 1917 1624 1992 erat.(u.
1651 1917 1738 1989 li)
1761 1933 1776 1980 ;
1801 1917 1851 1971 id
1875 1926 1977 1982 est,
2004 1914 2155 1984 Quod

576 2011 770 2063 tactum
814 2017 898 2064 est
942 2010 1050 2062 vita
1100 2018 1236 2064 erat.
1287 2009 1423 2075 Quid
1473 2008 1672 2080 igitur?
1709 2023 1775 2062 an
1801 2007 2156 2064 Sodomorum

575 2101 917 2171 supplicium,
963 2101 1244 2163 diluvium.
1286 2101 1529 2172 gebenna
1578 2110 1633 2156 ct
1677 2099 1823 2155 mille
1849 2114 1937 2154 res
1976 2097 2158 2168 hujus-

577 2195 719 2250 modi
758 2195 865 2250 vita
904 2196 1100 2251 erant?
1131 2194 1235 2251 Sed
1273 2194 1342 2250 de
1367 2193 1638 2250 creatione
1669 2193 1820 2248 nobis
1846 2199 1930 2247 est
1956 2205 2155 2256 sermo,

576 2288 838 2361 inquiunt.
872 2289 1026 2344 Certe
1053 2289 1139 2344 illa
1167 2303 1380 2361 quoque
1413 2288 1477 2342 ad
1514 2287 1842 2342 creationem
1869 2283 2154 2355 pertinent.

583 2379 776 2436 Verum
803 2379 1098 2459 utaliunde
1123 2381 1282 2436 etiam
1323 2379 1535 2435 illorum
1573 2378 1891 2434 sententiam
1936 2374 2161 2430 validius

577 2471 916 2527 eoul‘utemus
945 2513 959 2536 ,
1013 2471 1457 2542 interrogabimus
1519 2471 1639 2525 illos
1688 2485 1703 2523 :
1749 2468 1886 2525 Num
1934 2481 2159 2538 qumso,

580 2566 780 2635 lignum
821 2565 926 2619 vita
956 2565 1082 2619 est?
1114 2581 1238 2619 num
1266 2564 1423 2634 lapis,
1455 2563 1688 2618 inanima
1735 2562 1850 2616 haec
1891 2570 1947 2616 et
1974 2560 2164 2616 immo-

579 2658 744 2712 bilia?
784 2674 850 2711 an
900 2657 1063 2712 homo
1103 2657 1323 2711 omnino
1353 2656 1457 2710 vita
1487 2657 1605 2711 est?
1631 2654 1824 2724 Ecquis
1869 2652 1970 2707 hoc
2013 2651 2165 2707 dixe-

580 2749 685 2803 rit?
713 2748 828 2804 Non
853 2750 996 2804 enim
1024 2749 1137 2819 ipsa
1165 2749 1270 2803 vita
1303 2747 1464 2804 homo
1491 2789 1505 2813 ,
1530 2748 1626 2804 sed
1654 2749 1778 2802 vitae
1804 2761 1972 2818 capax
2001 2745 2163 2801 homo

579 2848 681 2896 cst.

649 2929 704 2984 ‘2.
742 2929 873 2985 Vide
921 2946 1132 2986 rursum
1175 2930 1260 2986 bic
1303 2931 1682 2987 absurditatem
1717 2949 1730 2985 :
1759 2945 1880 2985 nam
1913 2931 2049 2986 banc
2074 2944 2165 2986 se-

580 3035 806 3090 quemur
847 3019 1056 3075 dicendi
1098 3020 1293 3075 seriem
1319 3061 1334 3086 ,
1365 3030 1423 3075 ut
1450 3020 1572 3075 hinc
1599 3036 1784 3076 eorum
1809 3021 2162 3098 insipientiam

580 3113 871 3168 discamus.
912 3113 1000 3169 Sic
1043 3113 1175 3168 nihil
1215 3129 1436 3184 usquam
1467 3114 1542 3168 illi
1573 3113 1754 3169 dicunt
1781 3115 1919 3185 quod
1946 3115 2165 3186 Spiritui

583 3214 890 3274 competere
932 3205 1118 3274 possit.
1168 3205 1453 3274 Postquam
1494 3205 1634 3260 enim
1667 3206 1789 3261 inde
1815 3206 2166 3272 exciderunt,

587 3297 886 3352 hominibus
916 3297 1004 3352 illa
1027 3296 1352 3364 adscribunt,
1384 3314 1500 3368 qua:
1522 3298 1589 3354 de
1614 3298 1812 3368 Spiritu
1841 3299 1998 3370 digne
2026 3299 2164 3354 dicta

586 3390 750 3445 fuisse
771 3389 1040 3459 putabant.
1059 3389 1324 3446 Caeterum
1346 3391 1455 3460 jam
1480 3392 1759 3448 lectionem
1782 3394 2164 3448 examinentus.

585 3483 839 3536 Creatura
863 3498 1002 3536 nunc
1024 3483 1125 3536 vita
1148 3483 1367 3546 dicitur;
1394 3499 1521 3553 ergo
1543 3484 1632 3539 lux
1664 3485 1932 3541 etiamest
1961 3505 1974 3540 :
1998 3486 2168 3556 deque

588 3573 675 3626 illa
699 3571 1072 3627 testillcaturus
1089 3574 1232 3627 venit
1260 3573 1512 3629 Joannes.
1542 3576 1651 3629 Cur
1679 3591 1805 3645 ergo
1839 3591 1942 3631 non
1971 3587 2025 3633 ct
2054 3579 2169 3650 ipse

589 3663 676 3716 lux
706 3661 824 3718 est?
851 3662 982 3718 Nam
1009 3661 1130 3717 Non
1153 3675 1258 3717 erat
1280 3665 1367 3719 ille
1392 3665 1500 3732 luat,
1530 3665 1717 3736 inquit.
1747 3668 1904 3738 Atqui
1927 3685 1992 3724 ex
2019 3657 2169 3723 crea-

587 3763 823 3808 turarum
869 3770 1091 3811 numero
1132 3765 1265 3812 erat.
1310 3757 1590 3826 Quomodo
1617 3775 1746 3830 ergo
1781 3776 1885 3816 non
1927 3770 2009 3816 est
2044 3763 2170 3815 lux?

587 3846 853 3916 quomodo
880 3846 944 3901 In
974 3849 1161 3903 mundo
1186 3860 1314 3917 erat,
1345 3861 1390 3906 et
1421 3853 1638 3906 mundus
1670 3870 1757 3921 per
1783 3855 1952 3923 ipsum
2001 3856 2170 3927 factus

588 3949 661 3995 est
677 3942 702 3993 .’
724 3948 1037 3996 creaturane
1067 3951 1181 3997 erat
1211 3943 1264 3998 ili
1287 3952 1553 4011 creatura,
1575 3953 1629 4000 et
1645 3955 1887 4000 creatura
1913 3962 2006 4016 per
2025 3962 2174 4002 crea-

589 4039 758 4086 turam
793 4031 922 4085 lacta
952 4032 1069 4086 est?
1093 4033 1360 4101 quomodo
1388 4033 1614 4089 Mundus
1640 4052 1750 4088 eum
1778 4053 1876 4090 non
1903 4039 2173 4107 cognouit?

587 4136 654 4175 an
684 4131 924 4177 creatura
955 4133 1249 4178 creaturam
1281 4140 1384 4177 non
1413 4126 1597 4180 novit?
1629 4126 1882 4196 Quotquot
1908 4138 2073 4181 autem
2094 4145 2172 4181 re-

590 4222 827 4280 ceperunt
856 4231 967 4267 eum
991 4257 1008 4280 ,
1034 4214 1173 4268 dedit
1201 4217 1272 4270 eis
1297 4227 1587 4286 potestatem
1620 4219 1753 4287 ﬁlios
1785 4217 1876 4272 Dei
1905 4220 2036 4287 ﬁeri.
2065 4218 2170 4275 Sed

588 4314 672 4360 sat
696 4304 824 4359 risui
846 4305 1026 4360 datum
1049 4316 1151 4360 est.
1186 4306 1308 4361 ilmc
1330 4318 1565 4362 monstra
1597 4309 1878 4362 verborum
1904 4309 2053 4362 vobis
2079 4309 2174 4363 de-

595 4398 773 4465 inceps
817 4397 1138 4452 couintanda
1182 4398 1458 4467 relinquo,
1492 4414 1557 4452 ne
1585 4414 1684 4452 nos
1712 4399 1825 4455 hmc
1854 4400 2022 4455 risum
2053 4416 2172 4456 mo-

593 4488 747 4541 vendi
773 4502 932 4543 causa
962 4490 1282 4555 pnemisisse
1311 4491 1606 4555 videamur,
1637 4501 1950 4564 tempusque
1979 4493 2170 4550 frustra

593 4585 844 4632 teramus.
869 4577 999 4633 Nam
1022 4581 1066 4632 si
1096 4579 1209 4635 bace
1229 4581 1295 4636 de
1316 4581 1511 4651 Spiritu
1533 4599 1635 4637 non
1656 4583 1793 4638 dicta
1817 4595 1958 4650 sunt,
1988 4595 2045 4640 ut
2060 4586 2169 4656 jam

589 4668 1008 4725 demonstratum
1049 4682 1152 4734 est,
1197 4690 1368 4742 neque
1401 4674 1470 4728 de
1510 4687 1787 4742 creatura;
1831 4687 1883 4730 et
1927 4679 2167 4734 eamdem

593 4772 767 4817 tamen
799 4764 873 4820 illi
906 4763 1190 4821 lcetiouem
1232 4774 1477 4820 tueantur
1507 4784 1519 4819 :
1556 4767 1681 4822 illud
1712 4770 1947 4824 omnium
1979 4770 2170 4824 absur-

586 4855 863 4910 dissimum
905 4867 1176 4927 sequetur.
1207 4869 1262 4912 ιιι
1302 4859 1550 4921 diximus.
1580 4861 1719 4930 quod
1763 4861 1926 4915 Filius
1957 4877 2052 4930 per
2088 4877 2174 4916 se-

589 4947 762 5015 ipsum
803 4947 972 5002 factus
1013 4949 1099 5002 sit.
1145 4948 1198 5005 Si
1244 4950 1386 5004 enim
1435 4951 1522 5006 lux
1555 4967 1674 5007 vera
1719 4953 1888 5007 Filius
1927 4963 2038 5020 est;
2085 4954 2170 5008 lux

589 5047 764 5092 autem
794 5039 906 5092 lucc
936 5039 1039 5091 vita
1068 5050 1200 5104 erat,
1232 5041 1443 5112 vitaque
1484 5042 1534 5096 in
1584 5041 1698 5111 ipso
1743 5043 1876 5097 facta
1909 5054 1992 5098 est
2023 5063 2035 5098 :
2070 5061 2170 5099 ne-

587 5129 822 5183 cessario
844 5127 966 5182 illud
984 5133 1324 5201 consequitur
1342 5132 1632 5188 secundum
1658 5149 1843 5188 eorum
1864 5135 2168 5191 lectionem.

591 5221 715 5274 ideo
745 5221 842 5277 bac
871 5223 1065 5276 omissa
1088 5263 1103 5288 ,
1135 5223 1200 5276 ad
1241 5223 1526 5292 legitimam
1572 5227 1844 5280 veniamus
1887 5227 2168 5282 lectionem

589 5323 646 5365 ct
698 5313 1208 5383 interpretationem.
1252 5317 1505 5384 Qua-nam
1560 5319 1643 5372 illa
1689 5319 1806 5374 est?
1847 5318 1912 5376 Ut
1958 5319 2010 5374 in
2060 5319 2174 5376 haec

589 5405 748 5459 verba
775 5444 790 5468 ,
833 5405 983 5468 Quod
1032 5408 1218 5475 factum
1264 5418 1368 5476 est,
1414 5411 1759 5465 terminemus
1801 5412 2166 5466 sententiam:

585 5498 782 5553 deinde
808 5500 876 5553 ab
907 5499 1008 5554 hoc
1027 5500 1170 5555 dicto
1197 5502 1526 5570 incipiamus,
1555 5504 1619 5559 In
1641 5505 1752 5572 ipso
1779 5505 1879 5559 vita
1899 5514 2023 5559 erat.
2060 5505 2170 5560 Hoc

588 5599 763 5644 autem
797 5589 887 5645 ille
918 5591 1029 5644 vult
1059 5591 1358 5660 signiliCare
1390 5612 1401 5646 :
1437 5596 1563 5649 Sine
1590 5596 1699 5666 ipso
1729 5599 1917 5665 factum
1945 5604 2018 5649 est
2045 5595 2169 5648 nihil

589 5684 723 5749 quod
743 5684 933 5750 factum
957 5693 1050 5738 est.
1081 5683 1134 5739 Si
1164 5684 1308 5754 quid,
1345 5687 1528 5756 inquit,
1565 5688 1757 5745 factum
1784 5697 1885 5756 est,
1911 5687 2025 5742 sine
2056 5688 2170 5759 ipso

651 5849 667 5878 ⁸
707 5841 758 5893 in
792 5839 950 5892 Morel.
980 5843 1178 5905 legitur,
1205 5843 1366 5895 Filius.

2259 536 2454 592 factum
2487 554 2590 593 non
2617 551 2719 594 est.
2752 537 2939 595 Videu'
2962 539 3233 611 quomodo
3258 557 3354 611 per
3375 540 3539 599 breve
3566 543 3667 598 hoc
3695 545 3846 600 addi—

2257 639 2548 684 tamentum
2578 629 2806 685 absurda
2833 630 3009 685 omnia
3051 645 3170 700 qua:
3209 630 3436 686 suboriri
3467 644 3714 702 poterant
3741 637 3846 692 eli—

2256 717 2511 774 minavit?
2554 719 2655 774 Per
2692 718 2744 774 id
2783 719 2926 775 enim
2961 719 3101 790 quod
3131 720 3342 788 intulit,
3373 721 3501 778 Sine
3519 724 3632 793 ipso
3647 725 3850 793 factum

2255 821 2328 866 est
2350 811 2496 877 nihil,
2523 821 2576 866 ει
2600 825 2696 881 per
2721 811 2850 866 illud
2881 811 3140 877 additum,
3171 812 3322 880 Quod
3340 821 3533 885 [actum
3560 826 3656 878 est,
3691 817 3849 870 intel-

2259 902 2500 958 loctualia
2529 902 2687 958 simul
2713 904 3141 974 comprehendit.
3168 903 3533 974 Spiritnmque
3557 905 3844 961 subtraxit.

2256 991 2388 1049 Cum
2418 993 2559 1049 enim
2585 992 2827 1060 dixisset,
2855 993 3041 1050 Omnia
3062 1011 3152 1066 per
3169 995 3336 1066 ipsum
3357 998 3493 1066 facta
3512 1005 3651 1060 sunt,
3672 1005 3720 1051 et
3739 996 3853 1050 sine

2259 1086 2370 1155 ipso
2395 1088 2586 1155 factum
2613 1094 2686 1140 est
2714 1085 2844 1140 nihil
2867 1101 2886 1140 :
2915 1102 2983 1142 ne
3009 1087 3128 1158 quis
3152 1086 3374 1151 diceret,
3402 1086 3458 1142 Si
3488 1087 3689 1153 omnia,
3715 1102 3851 1157 ergo

2259 1175 2490 1247 Spiritus
2517 1192 2612 1247 per
2635 1177 2807 1248 ipsum
2838 1176 3011 1234 factus
3035 1187 3118 1234 est
3137 1220 3151 1242 ,
3185 1178 3291 1234 boc
3317 1179 3682 1235 additamelto
3710 1192 3852 1248 opus

2261 1268 2377 1322 fuit.
2421 1267 2566 1340 Ego,
2606 1268 2797 1340 inquit,
2826 1268 2870 1323 si
2900 1269 3026 1339 quid
3055 1268 3253 1324 factum
3285 1278 3388 1334 est,
3419 1270 3520 1324 hoc
3549 1284 3644 1340 per
3671 1269 3850 1339 ipsum

2262 1355 2456 1414 factum
2497 1373 2618 1415 esse
2653 1358 2799 1425 dixi;
2845 1360 2958 1415 sive
2987 1359 3272 1427 invisibile,
3304 1360 3418 1416 sive
3445 1361 3849 1431 incorporeum,

2259 1451 2375 1507 sive
2399 1452 2452 1506 in
2481 1452 2614 1507 caelo
2633 1453 2650 1485 ί
2681 1451 2877 1508 factum
2904 1452 2994 1508 sit.
3032 1451 3158 1508 ideo
3187 1467 3293 1508 non
3328 1451 3645 1522 simpliciter
3667 1451 3851 1506 omnia

2259 1543 2398 1609 dixi;
2427 1543 2523 1600 sed
2552 1545 2598 1601 si
2626 1545 2753 1618 quid
2783 1545 2980 1601 factum
3000 1554 3120 1600 est:
3144 1543 3248 1602 boc
3270 1553 3374 1611 est,
3393 1561 3512 1615 qua:
3539 1543 3676 1601 facta
3700 1554 3850 1599 sunt.

2259 1641 2490 1710 Spiritus
2511 1655 2640 1697 vero
2662 1639 2833 1696 factus
2863 1657 2967 1696 non
2990 1651 3092 1697 est.
3111 1638 3295 1696 Viden’
3322 1649 3624 1695 accuratam
3649 1637 3855 1694 doctri-

2262 1734 2421 1789 nam?
2444 1733 2644 1790 Rerum
2671 1733 2948 1790 sensilium
2976 1737 3302 1788 creationem
3333 1732 3665 1797 memoravit,
3688 1745 3853 1802 quam

2263 1835 2416 1882 antea
2447 1827 2657 1899 Moyses
2683 1825 2935 1881 docuerat
2969 1843 2984 1880 :
3013 1825 3206 1880 deinde
3224 1823 3336 1895 jam
3366 1822 3597 1879 imbutos
3622 1822 3689 1878 ad
3716 1822 3855 1879 sui»

2263 1919 2471 1975 litniura
2496 1919 2720 1985 ducens,
2749 1919 3060 1988 incorporea
3094 1933 3287 1988 nempe
3312 1925 3368 1972 et
3392 1916 3705 1982 invisibilia,
3729 1915 3855 1986 Spir

2265 2011 2422 2064 ritum
2444 2018 2685 2067 sauctum
2706 2009 2775 2066 ab
2792 2010 2937 2064 omni
2956 2018 3199 2065 creatura
3229 2007 3482 2079 sejuoxit.
3508 2007 3597 2064 Sic
3626 2016 3681 2062 et
3710 2007 3856 2066 Patu-

2267 2103 2349 2158 lus
2387 2105 2486 2159 bac
2530 2103 2699 2175 gratia
2747 2104 3035 2172 inspiratus
3069 2103 3282 2159 dicebat
3313 2119 3327 2158 :
3360 2102 3614 2169 Quoniam
3651 2102 3705 2156 in
3741 2101 3868 2172 ipso.

2264 2203 2433 2248 creata
2461 2203 2582 2249 sunt
2610 2195 2782 2249 omnia
2804 2193 2942 2265 (Col.
2966 2195 3018 2249 ί.
3045 2194 3156 2265 l6).
3185 2193 3283 2250 llic
3307 2208 3441 2248 vero
3459 2207 3670 2248 rursum
3701 2207 3857 2248 earn-

2263 2284 2387 2342 dem
2432 2287 2826 2342 accuratiouem
2877 2289 3131 2343 observes
3181 2287 3365 2345 velim.
3429 2285 3572 2344 Idem
3620 2302 3867 2356 namque

2265 2378 2499 2450 Spiritus
2520 2379 2656 2434 banc
2683 2395 2895 2450 quoque
2921 2379 3168 2434 movebat
3189 2378 3443 2434 animum.
3471 2377 3548 2433 Ne
3571 2377 3696 2448 quis
3712 2377 3858 2431 enim

2269 2486 2383 2528 rem
2410 2471 2598 2526 iactam
2627 2475 2929 2540 quampiam
2958 2487 2986 2523 a
3022 2471 3112 2526 Dei
3141 2471 3419 2526 creatione
3441 2483 3762 2531 removeret,
3792 2483 3867 2524 ea

2269 2563 2409 2633 quod
2443 2563 2553 2632 ipsa
2585 2561 2867 2616 invisibilia
2887 2571 3095 2625 essent;
3127 2575 3260 2614 neve
3292 2560 3375 2616 bis
3406 2559 3741 2616 Paracletum
3764 2559 3862 2612 anl-

2272 2655 2554 2720 misceret,
2603 2653 2977 2724 praetermissis
3023 2651 3401 2719 scusibilibus,
3441 2666 3560 2720 qua:
3609 2650 3864 2706 omnibus

2271 2757 2393 2801 uota
2419 2754 2592 2810 erant,
2620 2745 2850 2801 caelestia
2871 2753 3142 2800 enumerat
3174 2743 3256 2799 bis
3277 2740 3453 2801 verbis
3482 2758 3498 2799 :
3524 2740 3643 2798 Siue
3668 2741 3858 2803 throni,

2271 2837 2374 2891 sive
2387 2838 2768 2902 dominationes,
2783 2837 2886 2900 sive
2897 2835 3234 2908 principatus,
3251 2837 3351 2891 sive
3367 2844 3632 2903 potestates
3645 2835 3662 2904 (
3673 2831 3862 2904 lbid.).

2275 2927 2403 2983 Illud
2431 2929 2596 2995 enim,
2628 2928 2767 2994 Sive,
2804 2929 3025 2998 singulis
3055 2928 3356 2997 appositum
3381 2968 3398 2992 ,
3432 2926 3559 2979 nihil
3589 2924 3740 2980 aliud
3761 2938 3864 2979 no-

2276 3019 2358 3075 bis
2382 3020 2668 3090 signiﬁcat,
2695 3037 2854 3092 quam
2882 3021 3004 3085 bon,
3030 3021 3216 3075 Omnia
3243 3037 3330 3090 per
3357 3021 3522 3091 ipsum
3552 3021 3690 3090 fncm
3719 3027 3862 3081 sum,

2272 3123 2319 3168 et
2351 3115 2460 3183 sine
2494 3114 2607 3184 ipso
2641 3116 2832 3185 faction
2859 3125 2931 3168 est
2967 3111 3099 3167 nihil
3124 3113 3259 3183 quod
3286 3115 3476 3183 factum:
3501 3120 3591 3167 est.
3636 3110 3789 3177 Quod
3817 3113 3865 3166 si

2277 3206 2426 3269 illud,
2463 3205 2584 3270 Per,
2611 3206 3018 3260 diminutionem
3045 3204 3348 3276 signiﬁcare
3375 3214 3549 3275 putes,
3579 3202 3702 3258 audi
3738 3218 3867 3271 pro-

2276 3301 2489 3373 pbctam
2521 3301 2783 3357 dicentem
2811 3319 2822 3354 :
2856 3299 3011 3353 Initio
3041 3310 3114 3360 tu,
3137 3297 3374 3363 Domine,
3388 3308 3586 3350 terram
3613 3295 3865 3366 fundasti,

2276 3408 2320 3452 et
2366 3413 2520 3465 Opera
2559 3412 2798 3449 manuum
2831 3405 3032 3448 tuarum
3063 3402 3176 3446 sunt
3205 3392 3316 3446 caeli
3346 3392 3362 3460 (
3395 3390 3540 3446 Psal‘.
3573 3391 3696 3446 ιθι.
3727 3390 3798 3444 Ξϐ
3824 3390 3867 3456 ).

2275 3489 2425 3557 Quod
2475 3487 2543 3542 de
2584 3487 2740 3542 Patre
2789 3495 2843 3539 ttt
2883 3494 3124 3540 creatore
3171 3483 3370 3537 dictum
3415 3492 3517 3546 est,
3553 3481 3611 3536 id
3635 3481 3702 3534 de
3733 3481 3879 3533 Filio

2275 3581 2446 3633 dicit:
2482 3595 2586 3632 non
2628 3577 2898 3642 dicturus,
2943 3576 3042 3631 nisi
3088 3584 3315 3631 creator.
3350 3589 3450 3628 nec
3478 3582 3678 3627 tantum
3711 3571 3871 3624 mini-

2276 3678 2386 3724 ster
2407 3668 2742 3723 existimatus
2763 3676 2922 3722 essm.
2957 3664 3106 3732 Quod
3138 3666 3182 3719 si
3211 3665 3294 3718 bic
3322 3663 3422 3718 Per
3441 3665 3606 3732 ipsum
3637 3663 3870 3726 dicatur,

2278 3778 2382 3816 non
2421 3763 2520 3815 alia
2552 3762 2618 3815 de
2643 3772 2803 3816 causa
2840 3760 3069 3825 dicitur,
3102 3773 3258 3828 quam
3287 3772 3353 3812 ne
3377 3757 3496 3827 quis
3534 3755 3725 3810 Filium
3761 3773 3870 3809 non

2277 3854 2516 3923 genitum
2540 3867 2659 3908 esse
2687 3853 3009 3921 sospicetur.
3040 3849 3478 3918 Quandoquidem
3507 3848 3646 3915 quod
3675 3863 3871 3902 secun-

2279 3943 2403 3996 dum
2430 3942 2716 3997 creationis
2742 3941 3054 4011 dignitatem
3083 3937 3216 3994 nibil
3249 3939 3424 3992 minus
3455 3937 3673 3998 habeat.
3705 3956 3869 4008 quam

2279 4033 2454 4098 Pater,
2480 4033 2600 4087 audi
2631 4033 2800 4100 ipsum
2827 4033 3092 4087 dicentem
3115 4048 3127 4085 :
3149 4029 3295 4085 Sicut
3327 4029 3480 4084 Pater
3507 4031 3714 4084 suscitat
3734 4047 3875 4084 mor-

2277 4135 2390 4179 tuos
2421 4136 2467 4179 rt
2497 4126 2730 4194 vivi/ictu,
2762 4125 2832 4179 sie
2859 4134 2905 4177 et
2937 4122 3102 4178 Filius
3131 4140 3257 4192 quos
3287 4123 3390 4176 vult
3418 4124 3638 4190 vivi/ictu
3670 4123 3690 4193 (
3707 4123 3871 4178 Joan.

2278 4217 2332 4271 5.
2361 4217 2480 4284 2i).
2522 4215 2580 4268 Si
2625 4217 2802 4284 itaque
2832 4215 2901 4268 de
2945 4213 3076 4266 Filio
3116 4213 3321 4266 dicatur
3361 4212 3412 4265 in
3460 4212 3639 4267 Veteri
3682 4212 3874 4267 Testa-

2281 4316 2481 4368 mento,
2515 4303 2673 4360 Initio
2702 4315 2775 4370 tu,
2808 4303 3044 4369 Domine,
3071 4314 3254 4357 terram
3283 4303 3515 4375 fundasti
3538 4344 3554 4368 ,
3591 4301 3876 4359 manifesta

2280 4410 2362 4454 est
2406 4397 2694 4454 creationis
2734 4397 2963 4467 dignitas
2993 4415 3007 4448 :
3033 4396 3114 4451 sin
3154 4395 3223 4449 de
3262 4395 3418 4449 Patre
3461 4393 3773 4464 prophetam
3820 4395 3874 4449 id

2283 4492 2560 4562 quuutum
2582 4489 2802 4554 dixeris,
2834 4489 3055 4543 Paulum
3078 4498 3256 4543 antctn
3284 4487 3416 4541 Filio
3446 4487 3800 4558 adscripsisse
3822 4489 3877 4545 id

2279 4583 2418 4652 quod
2450 4583 2516 4638 de
2547 4582 2700 4636 Patre
2731 4581 2930 4636 dictum
2958 4590 3103 4643 erat;
3133 4579 3359 4648 idipsmn
3387 4589 3562 4633 tamen
3594 4591 3874 4650 sequetur.

2280 4677 2463 4746 Neque
2484 4675 2626 4729 enim
2656 4674 2704 4727 id
2735 4673 2927 4728 Paulus
2958 4671 3092 4725 Filio
3117 4681 3422 4740 competere
3449 4673 3744 4739 statuisset,
3771 4675 3884 4729 nisi

2280 4767 2567 4822 admodum
2612 4777 2790 4822 certus
2813 4809 2827 4827 ,
2866 4782 3046 4835 parcnt
3074 4781 3193 4821 esse
3221 4766 3554 4837 dignitatem.
3601 4767 3877 4823 Extrcnue

2283 4875 2510 4928 namque
2536 4858 2772 4913 audacia:
2797 4867 2960 4921 esset,
2989 4874 3048 4911 ea
3081 4875 3198 4928 qua:
3228 4857 3630 4926 incomparabili
3664 4868 3878 4914 natnrze

2282 4961 2669 5020 (‘0lllpeiel'8nl,
2698 4951 2888 5005 minori
2917 4959 2971 5006 et
2997 4950 3240 5008 inferiori
3270 4951 3598 5008 adSrribere.

2353 5047 2404 5100 5.
2431 5048 2497 5099 At
2523 5059 2695 5113 neque
2718 5049 2912 5109 minor,
2939 5059 3110 5115 neque
3134 5042 3353 5097 inferior
3379 5043 3549 5098 Patris
3573 5043 3874 5100 substantia

2282 5146 2363 5190 cst
2393 5135 2578 5189 Filius.
2610 5134 2944 5204 Quapropter
2979 5150 3082 5186 non
3117 5133 3217 5189 hoc
3246 5135 3418 5189 solum
3448 5133 3517 5197 de
3545 5133 3682 5189 Filio
3710 5150 3880 5191 ausus

2282 5239 2362 5282 est
2387 5227 2582 5282 Paulus
2609 5226 2819 5291 dioere,
2846 5226 2942 5282 sed
2970 5228 3128 5282 etiam
3158 5225 3260 5280 alia
3293 5226 3507 5279 similia.
3541 5224 3672 5281 Nam
3703 5227 3874 5293 illud,

2283 5319 2363 5374 lia:
2388 5335 2506 5388 quo,
2535 5318 2675 5389 quod
2708 5328 2762 5373 tu
2791 5320 2956 5374 solius
2987 5319 3156 5374 Putris
3183 5319 3426 5390 dignitati
3453 5319 3716 5376 adscribis
3735 5361 3755 5387 ,
3785 5321 3878 5377 ille

2279 5413 2346 5466 de
2393 5413 2527 5468 Filio
2568 5411 2698 5466 dicit
2745 5410 2829 5466 bis
2871 5411 3046 5466 verbis
3073 5429 3084 5464 :
3115 5410 3197 5464 Ea:
3224 5427 3322 5481 quo
3353 5420 3510 5464 totum
3537 5426 3756 5482 corpus,
3787 5430 3878 5481 per

2280 5521 2438 5557 nexus
2471 5513 2514 5557 et
2549 5503 2928 5572 conjunctiones
2962 5501 3397 5556 subministratum
3428 5512 3474 5554 et
3500 5512 3873 5568 constructum,

2278 5595 2453 5648 crescit
2479 5595 2530 5646 in
2559 5603 2883 5664 augmentum
2909 5592 3002 5646 Dei
3032 5591 3264 5662 (Colon.
3289 5592 3344 5646 2.
3377 5592 3497 5663 19).
3543 5590 3728 5661 Neque
3770 5590 3876 5648 hoc

2280 5687 2395 5741 εθιιο
2416 5692 2699 5740 contentus
2720 5693 2822 5751 est,
2847 5683 2941 5739 sed
2971 5692 3025 5740 ct
3051 5683 3266 5740 aliunde
3287 5683 3436 5738 vobis
3459 5683 3726 5740 obstruxit
3751 5700 3870 5750 ora,

2345 5843 2357 5872 '
2400 5843 2481 5893 .tlii
2515 5843 2714 5902 habent,
2740 5844 2836 5904 sive
2861 5843 2908 5892 in
2928 5841 3211 5893 hominibus.
