4078 6492
198 427 259 485 ω
1318 407 1382 463 ΙΝ
1419 400 1737 462 ΙΟΛΝΝΕΜ
1779 401 1785 456 1

1896 400 2015 456 νηί..
2051 400 2114 455 γ.
2157 402 2229 458 ai.
2271 399 2361 461 iV.
3472 407 3544 461 53

201 557 312 594 rum
343 537 496 600 illud,
531 535 638 590 Per
668 549 848 606 quem,
876 529 1014 602 quod
1037 526 1296 582 minorem
1323 518 1625 590 significare
1655 515 1810 580 dicis,

203 633 335 688 l‘atri
361 629 649 684 adscribit.
689 623 889 680 Fidelis
913 623 1051 678 enim
1084 619 1254 681 Deus,
1286 613 1489 686 inquit,
1531 627 1623 681 per
1663 624 1809 673 quem

203 723 355 777 vocati
379 721 502 776 estis
533 721 588 773 in
615 720 912 773 societatem
954 712 1081 767 Filii
1119 712 1232 779 ejus
1278 709 1325 772 (i
1382 705 1500 760 Cor.
1535 704 1586 758 1.
1625 701 1727 770 9);
1757 708 1808 754 ct

181 811 432 884 rursum,
466 812 574 868 Per
602 815 916 867 voluntatem
942 809 1052 878 ejus
1080 803 1307 874 (Ep/tes.
1341 801 1390 854 1.
1420 802 1442 852 1
1471 797 1525 867 );
1557 805 1609 849 et
1639 793 1763 847 alibi
1790 833 1804 856 ,

202 907 449 976 Quoniam
497 922 566 959 ea:
611 905 728 972 ipso
753 943 770 968 ,
806 911 854 954 et
891 915 978 970 per
1020 899 1212 966 ipsum,
1244 903 1290 947 et
1333 893 1387 945 in
1429 890 1599 958 ipsum
1635 887 1808 938 omnia

198 999 360 1070 (liam.
389 999 479 1054 11.
504 997 624 1068 56).
659 995 845 1065 itaque
872 1007 975 1045 non
1004 990 1094 1045 uni
1125 987 1262 1042 Filio
1283 982 1433 1047 illud,
1461 982 1544 1037 Ea:
1564 997 1684 1052 quo.
1709 978 1803 1033 sed

197 1093 348 1145 etiam
374 1088 606 1160 Spiritui
645 1088 915 1143 tribuitur.
952 1083 1160 1139 Etenim
1192 1077 1430 1148 Josepho
1458 1075 1683 1147 angelus
1714 1073 1801 1127 di-

195 1183 380 1236 cebat:
422 1180 506 1235 Ne
547 1181 730 1233 timeas
773 1179 1002 1249 accipere
1043 1173 1268 1229 Mariam
1307 1170 1576 1242 conjugem
1616 1178 1755 1221 tuam
1783 1182 1802 1219 ,ο

194 1278 320 1344 quod
349 1277 484 1330 enim
510 1275 565 1328 in
591 1291 653 1328 cu
668 1283 843 1328 natum
866 1282 958 1336 cst,
981 1287 1045 1324 ex
1066 1269 1267 1338 Spiritu
1288 1274 1466 1320 sancto
1487 1272 1561 1317 est
1582 1261 1798 1333 (Matth.

196 1371 238 1422 1.
264 1367 376 1436 ‘20).
411 1365 886 1432 Quemadmodum
909 1372 963 1417 et
989 1360 1138 1422 illud,
1164 1358 1194 1412 Ι
1201 1378 1230 1410 ιι
1252 1375 1370 1429 quo,
1396 1355 1536 1427 quod
1567 1355 1800 1421 Spiritus

193 1473 286 1521 est,
322 1478 429 1515 non
462 1469 684 1514 rec-mal
707 1457 963 1529 propheta
999 1455 1107 1509 lico
1140 1454 1396 1516 tribucre,
1427 1451 1552 1503 dtnn
1584 1450 1658 1501 ait
1690 1466 1702 1500 ε
1735 1445 1800 1500 In

195 1554 293 1608 Deo
322 1557 575 1623 faciemus
599 1555 832 1608 uirtutem
861 1549 1037 1622 (Psal.
1069 1548 1159 1606 59.
1193 1547 1297 1617 14).
1334 1546 1398 1600 Et
1426 1544 1620 1598 Paulus
1644 1583 1660 1608 ,
1692 1540 1798 1594 0b-

192 1665 385 1702 serraus
406 1688 422 1714 ,
463 1647 538 1700 ait
563 1689 581 1713 ,
613 1648 658 1700 si
681 1646 932 1716 quomodo
961 1642 1165 1698 tandem
1195 1639 1469 1710 aliquando
1499 1651 1797 1707 prosperum

193 1742 278 1795 iter
305 1741 522 1795 habeam
554 1743 610 1794 in
638 1741 896 1796 voluntate
927 1737 1021 1793 Dei
1047 1736 1282 1792 veniendi
1310 1733 1380 1788 ad
1409 1749 1494 1788 vos
1526 1731 1703 1802 (Rom.
1741 1731 1792 1785 1.

195 1837 274 1908 10)
304 1855 316 1891 :
348 1844 403 1891 et
451 1837 648 1891 iterum
697 1835 748 1890 id
789 1835 856 1890 de
895 1832 1111 1889 Christo
1137 1831 1298 1893 dicit,
1333 1827 1395 1883 In
1418 1827 1620 1884 Christo
1643 1826 1792 1879 λειω.

195 1927 573 1997 llujnsccmodi
621 1937 770 1982 certe
826 1925 984 1981 verba
1042 1922 1514 1982 indiscriminatim
1572 1927 1792 1988 accepta

195 2023 499 2091 h-rtptrnter
520 2019 893 2089 reperiemus:
919 2016 1058 2085 quod
1093 2016 1315 2070 minime
1348 2012 1519 2076 ﬁeret,
1552 2011 1651 2065 nisi
1678 2010 1788 2062 nbi-

191 2130 286 2182 quc
314 2111 505 2166 eadem
537 2111 834 2165 subSIautia
866 2118 1027 2164 esset.
1072 2108 1148 2163 Ne
1181 2115 1364 2160 autem
1397 2104 1524 2160 illud
1551 2145 1566 2167 ,
1602 2101 1792 2158 Omnia

191 2221 270 2272 per
290 2207 456 2277 ipsum
478 2205 621 2274 facta
639 2213 780 2269 sunt,
797 2203 865 2259 de
884 2203 1050 2273 signis
1074 2211 1226 2272 putes
1246 2214 1386 2253 nunc
1402 2213 1521 2254 esse
1543 2197 1745 2252 dictmn
1773 2213 1786 2250 :

189 2295 250 2350 de
284 2297 345 2351 iis
383 2298 532 2351 enim
575 2296 767 2367 reliqui
801 2295 1145 2366 evangelista:
1173 2293 1331 2348 verba
1364 2292 1636 2354 fecerunt;
1670 2299 1790 2359 post

193 2386 297 2442 iure
320 2388 498 2442 subdit
525 2404 539 2441 :
563 2386 630 2442 In
657 2387 847 2441 mundo
868 2399 994 2450 erat,
1019 2397 1064 2440 et
1087 2385 1307 2439 mundus
1328 2401 1415 2446 per
1429 2385 1598 2452 ipsum
1620 2386 1788 2452 {nctus

187 2488 252 2530 est
281 2493 298 2532 :
325 2494 430 2533 non
457 2487 644 2533 autem
669 2477 918 2546 Spiritus,
949 2478 1036 2548 qui
1069 2493 1173 2531 non
1203 2493 1264 2530 ωε
1295 2489 1520 2529 numero
1547 2472 1790 2542 opilieio—

189 2587 293 2626 rom
324 2582 429 2638 est,
461 2572 560 2627 sed
593 2586 757 2641 supra
781 2585 970 2626 omnes
995 2559 1216 2624 omnino
1247 2577 1548 2624 creaturas.
1585 2564 1783 2620 Verum

185 2665 281 2732 jam
309 2664 514 2736 reliqua
545 2679 955 2735 prosequamur.
1001 2663 1132 2717 Cum
1160 2661 1228 2714 dc
1254 2660 1528 2715 creatione
1559 2658 1786 2729 loquens

186 2754 406 2811 Joannes
431 2755 668 2810 dixisset
697 2773 710 2808 :
744 2753 928 2808 Omnia
961 2770 1050 2821 per
1071 2755 1237 2824 ipsum
1267 2754 1405 2824 facta
1434 2759 1570 2811 sunt,
1600 2763 1648 2804 et
1675 2751 1787 2805 sine

186 2847 285 2916 ipso
308 2851 503 2918 pictam
537 2857 612 2900 est
638 2845 772 2900 nihil
797 2844 937 2913 quod
961 2850 1152 2916 factum
1184 2854 1294 2910 est;
1332 2843 1402 2898 de
1445 2842 1780 2914 providentia

186 2953 478 2994 rennmnem
507 2937 695 3004 adiicit
723 2937 806 2992 bis
833 2937 1031 3001 verbis,
1058 2935 1121 2989 In
1142 2936 1254 3006 ipso
1276 2934 1376 2988 rita
1397 2944 1523 2988 erat.
1558 2932 1636 2987 Ne
1661 2934 1784 3003 quis

186 3030 316 3084 enim
343 3029 656 3085 incredulus
681 3028 972 3094 dubitaret,
995 3027 1269 3098 quomodo
1298 3036 1375 3080 tot
1400 3034 1656 3093 tantaque
1686 3040 1783 3094 per

190 3123 346 3194 ipsum
392 3123 534 3179 facta
585 3124 716 3189 sint,
747 3123 984 3178 subdidit
1016 3140 1029 3176 :
1065 3120 1128 3175 In
1157 3123 1269 3191 ipso
1291 3121 1390 3175 vita
1413 3130 1540 3174 erat.
1575 3119 1780 3186 Quem-

188 3217 458 3271 admodum
490 3218 539 3272 si
577 3233 644 3272 ex
685 3215 832 3272 fonte
859 3216 1084 3288 abyssos
1113 3215 1394 3270 emittente
1422 3227 1616 3282 aquam
1647 3212 1781 3264 han-

189 3311 332 3372 seris,
358 3323 859 3381 quantumcumque
888 3308 1104 3364 haurias
1129 3307 1328 3362 fontem
1355 3305 1490 3362 nihil
1520 3305 1731 3362 tniuues
1762 3323 1775 3359 :

189 3402 248 3457 ila
268 3404 332 3459 de
349 3404 624 3475 linigeniti
651 3404 701 3458 ri
721 3403 979 3474 operandi
1004 3403 1321 3474 putandum,
1344 3410 1779 3472 quantacumque

191 3516 273 3566 per
301 3501 468 3568 ipsam
499 3499 640 3554 facta
670 3498 967 3554 credideris
988 3539 1003 3560 .
1034 3512 1326 3566 numquam
1358 3495 1447 3556 illa
1479 3495 1776 3559 minuitur;

192 3590 285 3643 bno
311 3608 435 3646 vero
463 3602 522 3646 nt
553 3591 724 3661 magis
751 3591 970 3662 proprio
998 3600 1117 3644 utar
1141 3589 1391 3658 exemplo
1412 3631 1428 3652 ,
1463 3604 1656 3657 nempe
1688 3587 1770 3641 lu-

191 3683 276 3744 eis,
306 3684 370 3738 de
395 3700 498 3752 qua
531 3681 625 3738 ille
655 3698 778 3737 mox
805 3681 1026 3752 adjicit,
1067 3679 1130 3735 Et
1158 3682 1260 3735 vita
1290 3690 1396 3734 erat
1427 3679 1536 3734 lux.
1571 3678 1776 3746 Quem-

191 3774 459 3829 admodum
500 3789 634 3845 ergo
678 3774 799 3837 ius,
841 3783 1273 3845 quantacumque
1299 3770 1577 3826 hominum
1609 3771 1776 3826 tnillia

193 3865 429 3924 ilhuuincl
453 3909 470 3933 ,
503 3867 641 3922 nihil
669 3866 974 3937 splendoris
1000 3866 1198 3920 amittit
1225 3881 1240 3918 :
1273 3864 1350 3919 sic
1376 3880 1590 3935 quoque
1632 3863 1778 3919 Deus

192 3969 238 4011 et
268 3971 548 4031 antequam
576 3969 834 4029 operetur
861 3967 916 4014 et
948 3967 1068 4027 post
1093 3957 1290 4013 emissa
1321 3972 1485 4026 Opera
1505 3999 1520 4020 ,
1551 3957 1778 4027 perinde

193 4051 376 4123 inti-ger
419 4061 628 4116 manet,
673 4067 772 4108 nec
815 4053 1094 4114 minttimr,
1124 4067 1298 4122 neque
1346 4066 1411 4106 ex
1459 4051 1776 4120 Operatione

194 4145 338 4197 outlta
386 4144 672 4216 fatigatur;
717 4144 811 4199 sed
849 4144 1060 4200 etiamsi
1105 4144 1249 4197 mille
1301 4142 1530 4197 mundos
1573 4142 1776 4197 similes

193 4248 358 4289 creare
387 4245 691 4313 oporteret,
717 4235 927 4291 etiamsi
963 4235 1220 4300 inlinitos,
1255 4234 1357 4288 illis
1385 4233 1637 4288 omnibus
1661 4233 1775 4288 suf-

195 4322 388 4387 ﬁceret,
429 4341 532 4382 nec
572 4325 821 4382 creandis
850 4325 1044 4391 modo,
1078 4326 1170 4381 sed
1199 4327 1360 4381 etiam
1393 4334 1514 4396 post
1541 4327 1774 4380 creatio-

197 4428 302 4471 nem
325 4419 624 4474 servandis.
655 4417 790 4474 Vita:
819 4418 1016 4489 quippe
1043 4435 1240 4472 nomen
1272 4417 1359 4472 hic
1389 4433 1492 4473 non
1525 4417 1591 4472 ad
1619 4432 1775 4485 crea-

198 4507 373 4564 tionem
399 4511 580 4566 solum
611 4510 838 4580 pertinet
865 4552 881 4577 ,
914 4510 1008 4565 sed
1038 4519 1093 4565 et
1117 4509 1183 4564 ad
1215 4508 1641 4580 providentiam,
1671 4525 1774 4580 qna

197 4612 272 4654 res
291 4611 478 4656 creata
504 4609 794 4656 servantur
815 4611 871 4656 et
895 4612 1231 4672 permanent.
1281 4599 1564 4669 Etiamque
1589 4617 1774 4655 resur-

199 4693 426 4750 rectionis
454 4694 759 4749 doctrinam
786 4692 898 4761 jam
935 4691 1087 4746 nobis
1115 4691 1340 4747 fundare
1378 4692 1597 4762 incipit,
1627 4692 1776 4747 etab

198 4782 504 4840 admirandis
563 4784 712 4841 hisce
760 4785 1056 4854 evangeliis
1103 4784 1330 4840 orditur.
1380 4783 1498 4838 Vita
1544 4800 1777 4854 namque

199 4873 254 4928 ad
281 4891 371 4930 nos
399 4878 745 4943 adveniente,
772 4878 1008 4932 solutum
1030 4888 1111 4933 est
1142 4877 1334 4932 mortis
1362 4875 1668 4945 imperium,
1698 4878 1778 4931 lu-

199 4981 348 5038 sitque
389 4978 486 5027 nes
515 4969 864 5026 illuminante
887 5013 902 5036 ,
939 4971 1175 5027 tcncbm
1204 4987 1316 5025 non
1345 4971 1479 5024 nitra
1515 4981 1734 5024 manent
1759 4988 1773 5033 ;

201 5060 282 5114 sed
304 5074 478 5120 manet
502 5080 722 5135 semper
752 5065 805 5120 in
837 5065 990 5121 nobis
1015 5066 1142 5132 vita,
1169 5074 1223 5120 et
1252 5079 1399 5119 mors
1428 5066 1476 5120 ei
1511 5066 1775 5121 dominari

203 5165 292 5207 non
317 5166 503 5224 potest.
536 5157 719 5228 itaque
743 5158 884 5227 quod
913 5158 980 5214 de
1005 5159 1163 5214 Patre
1184 5158 1386 5214 dictum
1418 5168 1502 5215 est
1523 5201 1537 5222 ,
1575 5161 1643 5214 de
1676 5162 1776 5214 hoc

202 5258 390 5315 Quoque
422 5249 640 5318 proprie
668 5249 897 5313 dicatur,
931 5246 994 5301 In
1020 5249 1131 5318 ipso
1159 5250 1392 5314 rit-imus,
1423 5267 1699 5315 uteremur,
1731 5263 1777 5306 et

203 5351 359 5393 tantas
393 5342 544 5407 (Aet.
575 5342 659 5396 i7.
689 5339 794 5411 28)
832 5356 846 5397 :
879 5340 931 5395 id
961 5340 1102 5412 quod
1127 5342 1288 5396 etiam
1319 5342 1516 5396 Paulus
1541 5343 1780 5399 declarat

207 5423 275 5480 his
299 5431 464 5486 verbis
491 5448 505 5484 :
543 5431 796 5498 Quoniam
820 5432 874 5486 in
900 5432 1012 5502 ipso
1041 5442 1211 5485 creata
1237 5443 1354 5486 sunt
1375 5434 1568 5499 omnia,
1596 5446 1644 5488 et
1671 5453 1782 5487 out-

207 5517 280 5568 nia
302 5519 349 5572 in
371 5521 478 5590 ipso
503 5533 733 5577 constant
762 5526 779 5588 ί
801 5522 915 5579 σοι.
941 5525 989 5578 1.
1025 5523 1149 5592 16).
1180 5523 1520 5594 Quapropter
1547 5537 1600 5580 et
1629 5527 1777 5581 radix

208 5604 377 5665 dicitur
401 5627 454 5667 et
484 5613 913 5671 fundamentum.

270 5696 412 5757 Pater
449 5723 546 5759 non
586 5710 935 5780 compositas,
972 5705 1136 5763 Filius
1175 5709 1295 5762 item
1337 5726 1437 5764 non
1472 5712 1781 5779 rontpositus

213 5799 289 5841 tu.
308 5804 518 5850 unum
549 5809 723 5854 autem
755 5799 934 5864 audis,
963 5796 1028 5875 in
1059 5803 1169 5868 ipso
1191 5801 1294 5853 vita
1316 5811 1442 5866 erat,
1471 5816 1538 5855 ne
1567 5817 1781 5871 compo-

213 5879 348 5937 situm
376 5889 696 5960 suspiceris:
730 5907 861 5949 nam
897 5900 1078 5962 postea
1121 5892 1187 5947 de
1224 5892 1380 5946 Patre
1418 5892 1545 5946 dicit
1579 5913 1590 5946 :
1625 5893 1777 5948 Sit-ut

1929 512 2085 569 Pater
2114 515 2261 571 habet
2286 518 2441 572 vitam
2471 517 2525 571 iu
2547 516 2839 588 sentctipso,
2862 520 2935 571 sic
2957 517 3098 570 dedit
3118 527 3167 572 et
3192 516 3327 571 Filio
3356 518 3538 573 habere

1922 607 2074 660 vitam
2105 605 2288 678 (Joan.
2312 607 2367 663 5.
2396 607 2510 678 26).
2545 607 2652 664 Sed
2674 609 2820 663 sicut
2847 607 3063 663 Patrem
3088 623 3194 663 non
3228 609 3350 664 ideo
3379 623 3534 663 com-

1921 699 2157 768 positum
2202 700 2407 756 dixeris
2427 743 2440 766 ,
2487 702 2567 756 sic
2605 716 2705 758 nec
2736 700 2928 756 Filium
2956 699 3132 770 dicas.
3163 700 3373 756 Etenim
3407 700 3534 756 alibi

1918 807 2134 862 quoque
2154 793 2303 858 dicit,
2335 793 2452 849 Lux
2479 805 2551 849 est
2575 793 2715 849 Deus
2740 795 2790 866 (1
2847 793 3008 848 Joan.
3043 794 3096 848 1.
3129 792 3218 865 5);
3246 803 3300 849 et
3323 808 3536 857 rursus,

1917 885 2107 940 Lucem
2150 885 2341 940 habitat
2375 886 2769 941 inaccessibilem
2818 886 2882 958 (1
2957 885 3094 941 Tim.
3142 882 3358 956 6.12).
3407 885 3535 941 ΙΙτιια

1916 993 2082 1049 porro
2103 977 2282 1032 omnia
2315 979 2457 1033 dicta
2483 988 2630 1040 sunt,
2665 994 2771 1033 non
2799 987 2858 1034 nt
2881 979 3331 1049 compositionem
3363 979 3536 1049 saepi-

1913 1078 2134 1135 cemur,
2169 1071 2262 1124 sed
2294 1083 2350 1124 nt
2389 1072 2642 1140 paulatim
2675 1070 2743 1125 ad
2777 1070 3039 1126 doctrina:
3078 1071 3296 1124 culmen
3325 1071 3531 1126 eveha-

1911 1177 2034 1216 mnr
2087 1159 2220 1217 Cum
2245 1163 2388 1216 enim
2419 1177 2523 1217 non
2549 1160 2707 1218 facile
2726 1177 2755 1216 a
2780 1163 2939 1234 vulgo
2965 1161 3187 1232 intelligi
3218 1163 3405 1231 possit,
3425 1177 3529 1230 qua

1911 1256 2123 1312 ratione
2149 1255 2253 1309 vita
2295 1255 2346 1309 in
2385 1256 2502 1326 ipso
2529 1257 2775 1322 exsistat,
2809 1257 2985 1326 primo
3013 1254 3064 1310 id
3095 1256 3236 1327 quod
3269 1256 3528 1311 humilius

1909 1358 1990 1401 est
2017 1347 2175 1410 dicit;
2210 1348 2451 1404 eruditos
2487 1364 2616 1404 vero
2645 1359 2830 1420 postea
2853 1349 3016 1405 altius
3045 1350 3222 1420 erigit.
3257 1349 3357 1418 Qui
3379 1349 3525 1405 enim

1907 1438 2063 1506 dixit,
2096 1438 2252 1493 Dedit
2275 1441 2321 1493 ei
2341 1441 2496 1494 vitam
2517 1441 2723 1508 habere,
2758 1442 2803 1496 is
2835 1441 2949 1510 ipse
2975 1442 3050 1495 ait
3075 1459 3088 1496 :
3111 1440 3222 1508 Ego
3250 1457 3364 1494 sum
3391 1442 3530 1507 vita;

1906 1541 1962 1585 et
1990 1545 2197 1592 rursus,
2227 1530 2337 1603 Ego
2366 1548 2480 1586 sum
2505 1533 2597 1586 tua:
2624 1531 2804 1602 (Joan.
2836 1533 2888 1587 5.
2918 1530 3010 1587 26.
3056 1533 3144 1588 ib.
3172 1533 3227 1587 6.
3261 1533 3521 1605 ει8.12).

1908 1623 1976 1678 Et
2001 1623 2195 1695 qualis,
2223 1639 2432 1694 qtneso,
2464 1624 2578 1679 luet:
2611 1625 2698 1679 lux
2727 1626 2849 1679 est?
2875 1625 2991 1679 Non
3016 1625 3257 1692 sensilis,
3287 1625 3382 1681 sed
3411 1627 3524 1696 spi-

1904 1716 2114 1770 ritualis
2137 1757 2151 1780 ,
2182 1731 2302 1786 qua:
2334 1716 2603 1770 illuminat
2629 1721 2885 1771 animam.
2935 1716 3070 1786 Quia
3102 1716 3247 1772 enim
3274 1717 3523 1773 Christus

1903 1810 2150 1865 dicturus
2175 1819 2323 1875 erat,
2353 1808 2521 1864 Nemo
2555 1821 2714 1881 potest
2758 1810 2928 1865 venire
2961 1810 3032 1864 ad
3065 1812 3323 1877 me,,nisi
3365 1810 3524 1864 Pater

1904 1903 2116 1957 traxerit
2140 1918 2253 1956 eum
2289 1901 2449 1971 (Ibid.
2484 1901 2535 1956 6.
2568 1901 2683 1972 44),
2719 1902 2840 1957 idco
2872 1903 3209 1972 prmi-coieris
3240 1903 3517 1974 evangeli-

1901 2003 1982 2050 sta
2009 1993 2146 2048 dixit
2173 1997 2346 2063 ipsum
2376 2009 2499 2049 esse
2519 1996 2607 2064 qtti
2633 1995 2896 2050 illuminat
2920 2012 2933 2061 ;
2964 2005 3019 2049 ut
3044 1996 3088 2050 si
3113 1995 3180 2050 de
3209 1995 3367 2051 Patre
3390 1997 3519 2067 quid

1899 2086 2076 2142 simile
2116 2087 2323 2152 audias,
2372 2101 2441 2141 ne
2487 2085 2538 2140 id
2583 2085 2752 2139 Sulllls
2803 2085 2998 2152 Patris,
3023 2086 3118 2141 sed
3147 2085 3267 2140 Filii
3301 2102 3520 2158 quoque

1899 2195 2020 2235 esse
2048 2180 2352 2251 proﬁtearis
2387 2197 2401 2235 :
2433 2195 2558 2234 nam
2589 2177 2800 2244 Omnia,
2832 2179 3023 2249 inquit,
3056 2196 3386 2252 quantumque
3423 2181 3520 2234 hn-

1899 2275 1990 2328 bet.
2005 2271 2163 2327 Pater
2184 2287 2342 2337 meus,
2379 2289 2489 2326 mea
2516 2281 2634 2326 sunt
2666 2270 2828 2341 (Ibid.
2861 2272 2950 2326 16.
2977 2271 3105 2341 15).
3139 2270 3325 2327 Primo
3353 2273 3517 2343 igitur

1895 2367 2228 2422 creationem
2271 2382 2368 2421 nos
2408 2367 2591 2421 docuit
2615 2383 2629 2418 :
2653 2365 2851 2421 deinde
2881 2367 3078 2419 anima:
3103 2365 3238 2420 bona
3270 2381 3392 2435 quae
3422 2382 3517 2420 ve.-

1897 2459 2051 2514 nicns
2077 2459 2231 2514 nobis
2258 2459 2479 2528 largitus
2507 2467 2612 2522 est,
2638 2473 2746 2512 uno
2770 2458 2936 2512 verbo
2964 2446 3321 2512 subindieavit
3347 2472 3514 2512 evan-

1891 2553 2080 2625 gelista
2122 2554 2310 2609 dicens
2343 2569 2357 2606 :
2394 2550 2461 2605 Et
2501 2554 2603 2606 vita
2630 2560 2736 2604 erat
2765 2553 2859 2606 tua:
2893 2551 3172 2605 hominum.
3211 2550 3322 2606 Nec
3352 2550 3510 2614 dixit,

1894 2646 2024 2700 Erat
2074 2646 2161 2700 lux
2209 2644 2545 2708 Iuda-orum,
2589 2644 2706 2710 sed,
2764 2642 3150 2699 Universormn
3202 2644 3510 2700 hominum.

1891 2739 2078 2810 Neque
2105 2741 2248 2794 enim
2278 2739 2448 2794 Judaei
2480 2747 2708 2803 tanltttn,
2735 2738 2827 2791 sed
2851 2737 3011 2790 etiam
3036 2736 3261 2806 gentiles
3283 2736 3348 2790 ad
3369 2736 3512 2792 hanc

1890 2833 2255 2903 cognitionem
2295 2833 2633 2886 devenerunt
2656 2873 2670 2894 ,
2701 2841 2748 2884 et
2789 2831 2902 2884 hatc
2936 2827 3022 2885 lux
3053 2831 3360 2886 communis
3390 2845 3513 2885 om-

1891 2926 2050 2983 nibus
2084 2927 2354 2996 proposita
2378 2934 2514 2979 erat.
2545 2923 2658 2978 Cur
2683 2933 2864 2978 autem
2897 2939 3001 2978 non
3027 2923 3249 2994 angelos
3272 2922 3510 2987 addidit,

1888 3019 1983 3074 sed
2012 3019 2258 3074 homines
2289 3019 2465 3073 solum
2502 3018 2671 3072 dixit?
2698 3017 2832 3084 Quia
2867 3033 3008 3072 nunc
3037 3019 3136 3089 ipsi
3168 3016 3236 3074 de
3267 3018 3504 3073 humana

1889 3121 2077 3167 natura
2123 3127 2305 3168 sermo
2351 3121 2466 3173 est;
2512 3121 2568 3166 et
2613 3111 2923 3165 hominibus
2969 3112 3108 3164 bona
3152 3112 3504 3167 nuntiaturus

1887 3205 2052 3260 venit.
2086 3204 2140 3258 5.
2173 3201 2241 3258 Et
2268 3203 2361 3258 lux
2386 3204 2440 3258 in
2471 3202 2688 3256 tenebris
2715 3204 2869 3256 lucet.
2911 3199 3194 3257 Tenebras
3233 3201 3320 3258 hic
3347 3211 3508 3258 vocat

1887 3310 2121 3356 mortem
2162 3307 2218 3354 et
2256 3312 2520 3353 errorem.
2556 3295 2681 3351 llaec
2709 3295 2908 3366 quippe
2938 3295 3027 3349 lux
3059 3294 3281 3350 sensilis
3305 3311 3414 3350 non
3449 3298 3502 3350 in

1887 3392 2129 3449 tenebris
2159 3390 2332 3458 lucet,
2363 3388 2459 3445 sed
2495 3389 2613 3443 sine
2649 3388 2888 3442 tenebris
2925 3394 3029 3446 est.
3062 3386 3384 3443 Prmdiczttio
3407 3405 3504 3442 an-

1885 3493 1992 3540 tem
2025 3483 2167 3538 inter
2183 3496 2332 3546 eum,
2354 3482 2445 3551 qui
2473 3479 2652 3534 omnia
2675 3487 3056 3549 occupaverat,
3084 3493 3326 3534 errorem
3349 3479 3501 3534 eil‘nl-

1883 3577 1992 3643 sit,
2027 3589 2260 3645 eumque
2305 3572 2541 3628 suStnlit.
2586 3571 2656 3627 Et
2700 3572 2753 3626 in
2803 3572 2973 3643 ipsam
3022 3580 3254 3627 mortem
3281 3572 3511 3630 veniens

1885 3672 2023 3741 ipse,
2051 3670 2134 3724 sic
2165 3668 2311 3724 illam
2343 3668 2622 3736 superavit
2649 3707 2663 3728 ,
2695 3675 2752 3719 ut
2781 3681 2879 3720 eos
2901 3665 2992 3736 qui
3024 3674 3200 3720 morte
3223 3665 3336 3736 jam
3364 3665 3501 3720 deti-

1883 3762 2173 3827 nebantur,
2198 3766 2435 3816 erueret.
2462 3757 2728 3826 Quoniam
2754 3758 2914 3828 igitur
2937 3773 3113 3829 neque
3134 3772 3300 3826 mors,
3327 3773 3508 3829 neque

1882 3869 2038 3911 error
2061 3854 2235 3909 lucem
2265 3851 2413 3906 illam
2435 3861 2800 3920 superarunt;
2844 3849 2938 3904 sed
2965 3861 3046 3906 est
3076 3849 3274 3921 ubique
3313 3850 3500 3920 splen-

1883 3947 2029 4012 dida,
2056 3955 2112 4001 et
2140 3943 2356 4014 propria
2385 3943 2436 3996 vi
2467 3942 2628 4012 fulget
2666 3959 2680 3997 :
2715 3941 2838 3997 ideo
2862 3945 2936 3996 ait
2963 3983 2978 4009 ,
3027 3938 3093 3995 Et
3133 3941 3355 3996 tenebrat
3389 3957 3506 3996 eam

1883 4058 1984 4095 non
2009 4038 2524 4109 comprehenderunt.
2573 4035 2668 4091 Est
2712 4035 2858 4091 enim
2901 4022 3370 4108 inexpugnabilis,
3401 4051 3509 4092 nec

1884 4135 2114 4190 libenter
2142 4132 2193 4186 in
2225 4130 2422 4186 animis
2447 4130 2672 4194 habitat,
2705 4129 2793 4198 qui
2824 4129 3014 4182 nolunt
3040 4126 3353 4183 illuminari.

1953 4228 2008 4282 Δ.
2034 4224 2231 4279 Lumen
2269 4225 2468 4279 caleste
2508 4237 2609 4277 non
2647 4221 2903 4276 illuminat
2939 4221 3040 4275 nisi
3067 4221 3249 4284 uirtute
3286 4231 3332 4276 et
3369 4220 3506 4276 bona

1881 4321 2140 4375 uoluntate
2164 4319 2454 4372 instructos.
2498 4315 2749 4370 Peccator
2773 4322 2919 4385 quast
2944 4316 2996 4369 in
3025 4315 3265 4376 ebrietate
3289 4325 3334 4370 et
3365 4326 3504 4371 tene-

1884 4415 1986 4470 bris
2006 4421 2254 4475 oersatur,
2275 4411 2451 4468 omnia
2473 4419 2583 4463 tata
2604 4410 2802 4464 timens.
2834 4407 3010 4464 Satias
3035 4419 3110 4464 est
3126 4409 3317 4464 nudum
3347 4426 3504 4480 quam

1883 4512 2103 4585 peccatis
2128 4518 2363 4564 onustum
2392 4507 2768 4561 ambulare.—
2795 4505 2950 4573 Quod
2977 4506 3021 4560 si
3056 4521 3164 4560 non
3196 4519 3387 4560 omnes
3411 4521 3499 4562 ce-

1886 4606 2042 4675 perit,
2076 4619 2144 4658 ne
2189 4602 2239 4657 id
2269 4613 2321 4657 te
2363 4595 2709 4656 conturbet':
2746 4615 2851 4653 non
2890 4599 3034 4653 enim
3075 4615 3141 4653 ex
3173 4598 3498 4654 necessitate

1883 4708 1976 4752 aut
2004 4698 2075 4760 vi,
2107 4699 2204 4750 sed
2238 4709 2304 4748 ex
2336 4692 2614 4745 voluntate
2641 4699 2696 4746 et
2747 4690 2975 4744 arbitrio
3017 4690 3084 4743 ad
3143 4704 3242 4744 nos
3286 4690 3497 4745 accedit

1888 4789 2050 4844 Deus.
2075 4787 2152 4842 Ne
2191 4785 2295 4840 luci
2317 4784 2442 4838 huic
2462 4783 2662 4837 ostium
2694 4781 2935 4846 claudas,
2959 4790 3009 4838 et
3035 4780 3201 4834 multa
3226 4780 3502 4848 voluptate

1886 4882 2102 4938 frueris.
2125 4880 2253 4934 [hec
2282 4893 2447 4950 porro
2474 4878 2563 4932 lux
2595 4891 2688 4946 per
2715 4875 2874 4930 [idem
2903 4874 3138 4940 accedit,
3164 4883 3220 4929 et
3247 4889 3372 4929 cum
3417 4889 3506 4928 se-

1886 4976 1994 5031 mel
2017 4975 2255 5038 advenit,
2288 4972 2648 5042 excipientem
2679 4984 2739 5024 sc
2788 4966 3080 5022 admodum
3112 4967 3380 5021 illuminat
3410 4984 3423 5020 :
3454 4977 3511 5022 et

1885 5070 1928 5125 si
1969 5084 2158 5139 puram
2201 5066 2463 5121 exhibeas
2510 5064 2698 5127 vitam,
2744 5069 3003 5130 perpetuo
3033 5060 3180 5114 intus
3220 5059 3508 5114 manebit:

1887 5177 2011 5216 nam
2063 5159 2164 5226 Qui
2191 5159 2361 5230 diligit
2403 5172 2504 5222 me,
2544 5153 2793 5208 mandata
2824 5168 2937 5206 mea
2966 5151 3206 5217 servabit,
3242 5161 3290 5205 et
3335 5152 3507 5205 uenit:-

1887 5271 2002 5308 mus
2030 5253 2098 5306 ad
2127 5269 2241 5306 etim
2281 5267 2375 5320 ego
2420 5259 2468 5302 et
2518 5245 2674 5300 Pater
2703 5261 2865 5308 meus,
2917 5255 2962 5298 et
3009 5243 3329 5298 mansionem
3365 5244 3515 5314 apud

1888 5363 2004 5400 eum
2061 5345 2306 5414 faciemus
2339 5339 2521 5410 (Joan.
2571 5340 2661 5394 H.
2688 5335 2804 5409 25).
2851 5334 3319 5403 Quemadmodum
3363 5336 3514 5391 enim

1889 5453 1996 5492 non
2055 5442 2233 5507 potest
2273 5434 2392 5504 quis
2436 5432 2589 5486 radio
2621 5431 2782 5486 solari
2817 5429 2987 5498 probe
3016 5429 3140 5494 frui,
3188 5429 3288 5484 nisi
3319 5429 3516 5484 oculos

1890 5533 2097 5599 aperiat
2129 5548 2142 5583 :
2175 5528 2246 5582 ita
2281 5542 2455 5597 neque
2515 5525 2676 5592 hujus
2701 5523 3006 5594 splendoris
3035 5523 3252 5579 abunde
3285 5538 3518 5579 censms

1889 5639 2034 5688 esse,
2060 5621 2163 5676 nisi
2191 5621 2386 5674 animae
2418 5618 2605 5672 oculos
2635 5617 2862 5686 aperiat,
2883 5629 3183 5685 eorumque
3206 5615 3379 5670 aciem
3409 5630 3510 5667 un-

1893 5715 2053 5784 dique
2082 5720 2254 5783 paret.
2284 5711 2571 5777 Quomodo
2613 5715 2796 5762 autem
2827 5707 2880 5761 id
2914 5706 3030 5761 ﬁeri
3058 5707 3271 5777 possit?
3313 5705 3370 5760 Si
3398 5707 3512 5760 ani-

1896 5821 2043 5858 mum
2071 5802 2222 5857 omni
2255 5802 2386 5854 vitio
2419 5812 2730 5870 purgemus.
2766 5797 3052 5852 Peccatum
3079 5796 3224 5850 enim
3259 5795 3516 5849 tenebro—

1897 5912 2014 5949 sum
2071 5907 2150 5950 est
2182 5937 2195 5959 ,
2244 5896 2518 5962 densaque
2574 5892 2803 5963 caligine
2864 5889 3131 5954 otiosum;
3182 5888 3342 5959 idque
3389 5888 3514 5943 inde
