4078 6530
547 428 617 487 Β
1234 418 1294 476 S.
1334 415 1609 474 .IOANNIS
1643 405 2119 470 CIIRYSOS'I'OMI
2161 404 2478 468 MlClllEP.
2517 409 3059 470 CONSTANTINOP.
3748 410 3820 470 tto

551 540 725 613 palam
770 547 874 604 est,
905 537 1045 609 quod
1093 534 1479 591 inconsiderate.
1527 541 1581 588 et
1625 532 1740 586 sine
1780 529 1998 586 arbitris
2026 529 2120 582 ad.

552 633 812 689 mittatur.
855 629 987 686 Nam
1043 627 1219 683 Omnis
1267 626 1353 693 qui
1400 624 1532 676 male
1572 625 1707 693 agit,
1735 623 1840 675 odit
1868 621 2051 684 lucem,
2079 630 2124 673 ct

553 740 654 778 non
678 723 808 777 venit
857 719 924 774 ad
951 720 1108 773 lucem
1124 700 1309 786 (John.
1327 715 1381 768 3.
1399 712 1491 781 ξω
1515 728 1531 777 ;
1559 722 1633 776 et,
1666 711 1795 778 Qua
1829 711 1882 763 in
1927 711 2126 763 occulto

551 819 704 885 ﬁant,
731 825 878 882 turpe
894 820 967 867 est
990 819 1038 864 et
1065 809 1231 863 dicere
1254 805 1471 876 (Ephes.
1495 805 1549 860 5.
1583 803 1693 875 12).
1721 799 1871 859 Sicut
1895 801 2037 857 enim
2070 799 2124 854 in

551 904 781 961 tenebris
808 916 906 958 nec
939 902 1171 956 amicum
1211 913 1311 955 nec
1345 896 1613 953 inimicum
1651 892 1989 966 agnoscimus
2033 905 2124 946 re-

553 1011 774 1064 rumque
794 994 1030 1049 onminm
1052 1001 1290 1047 naturam
1313 990 1636 1061 ignoramus,
1666 989 1743 1043 sic
1758 997 1812 1041 et
1833 988 1884 1041 itt
1910 995 2126 1056 peccato

550 1086 764 1142 accidit.
791 1084 920 1140 Nam
951 1083 1040 1155 qni
1061 1083 1294 1138 avaritiae
1315 1080 1513 1146 studet,
1543 1095 1646 1134 non
1674 1075 1950 1148 distinguit
1993 1075 2128 1130 Imi-

547 1194 670 1234 cum
695 1181 764 1234 ab
791 1176 1008 1234 inimico
1039 1192 1057 1231 :
1088 1175 1404 1244 invidusque
1433 1170 1828 1228 necessitudine
1868 1167 1970 1225 sibi
1995 1167 2125 1238 jun-

547 1281 690 1326 ctttm
720 1280 775 1324 ttt
819 1270 1087 1325 inimicum
1119 1265 1314 1331 habet;
1371 1280 1433 1321 ac
1461 1265 1550 1335 qui
1583 1263 1891 1325 insidiatur.
1937 1269 2124 1316 contra

546 1379 731 1418 omnes
752 1361 946 1417 bellum
971 1363 1152 1430 gerit:
1185 1373 1290 1413 uno
1306 1358 1487 1420 verbo,
1517 1356 1756 1428 quisquis
1781 1363 1998 1424 peccato
2021 1353 2124 1408 ob—

549 1457 735 1511 noxius
763 1463 864 1519 cst,
894 1451 1022 1507 nihil
1051 1449 1227 1506 diliert
1253 1449 1322 1504 ab
1347 1449 1508 1504 ebriis
1521 1461 1570 1502 et
1591 1447 1908 1510 furentibus,
1953 1458 2126 1513 neque

549 1561 727 1601 rerum
775 1553 1015 1598 naturam
1063 1541 1227 1597 novit.
1272 1542 1351 1596 Ac
1383 1538 1831 1608 quemadmodum
1877 1545 2034 1591 noctu
2068 1535 2129 1588 li-

549 1654 730 1708 gnum,
757 1636 1049 1706 plumbunt,
1083 1635 1302 1700 ferrum,
1326 1642 1627 1703 argentum.
1657 1646 1865 1694 aurum,
1895 1628 2125 1699 lapidem

550 1731 866 1800 pretiosum,
893 1728 1176 1796 omniaque
1219 1724 1332 1796 pari
1379 1723 1540 1779 modo
1565 1723 1851 1787 cernimus,
1880 1736 2000 1777 cum
2037 1719 2125 1774 lux

549 1820 616 1874 ad
657 1816 773 1876 hanc
798 1816 1144 1874 discernenda
1175 1830 1281 1870 non
1303 1813 1444 1869 adsit
1471 1830 1486 1867 :
1517 1813 1597 1868 sic
1635 1812 1724 1882 qui
1757 1811 1860 1866 vita
1887 1811 2127 1878 impurus

549 1920 652 1977 est,
682 1909 1046 1976 temperantiae
1066 1908 1314 1962 virtutem
1346 1921 1451 1961 non
1483 1906 1653 1968 novit,
1681 1917 1854 1974 neque
1882 1901 2126 1973 philoso-

551 2002 688 2072 phiae
715 1999 1183 2071 pulchritudinem.
1237 1997 1292 2053 In
1322 1996 1558 2052 tenebris
1588 1996 1752 2060 enim,
1783 2003 1837 2049 ut
1854 1994 1965 2063 jam
1993 1992 2124 2054 disi,

551 2108 617 2148 ne
648 2091 849 2162 lapides
873 2090 1085 2162 quidem
1110 2090 1327 2159 pretiosi
1360 2087 1804 2159 pulchritudinem
1852 2100 2002 2139 suam
2031 2099 2166 2154 ex»,

552 2186 755 2249 bibent,
788 2199 892 2238 non
919 2191 1122 2238 natura:
1141 2197 1252 2237 suae
1285 2181 1431 2243 vitio,
1463 2180 1557 2236 sed
1587 2178 1940 2250 spectantium
1980 2178 2128 2247 igno-

549 2278 742 2334 rantia.
781 2277 961 2346 Neque
989 2275 1090 2331 hoc
1121 2290 1281 2329 unum
1325 2273 1481 2329 nobis
1513 2273 1765 2327 damnum
1815 2271 1866 2324 itt
1911 2277 2128 2339 peccato

548 2367 862 2438 degentibus
886 2366 1104 2432 accidit;
1127 2365 1218 2422 sed
1234 2376 1289 2419 et
1304 2364 1356 2418 in
1383 2373 1641 2434 perpetuo
1657 2373 1800 2418 metu
1819 2375 2124 2414 versamur:

549 2474 614 2515 ac
655 2457 1100 2529 quemadmodum
1142 2457 1174 2511 ii
1218 2457 1308 2527 qui
1357 2471 1454 2526 per
1499 2466 1709 2510 noctem
1760 2454 1980 2507 illunem
2030 2452 2131 2505 iter

551 2560 736 2620 agunt,
763 2564 977 2619 semper
1001 2557 1253 2613 tremunt,
1279 2549 1404 2602 licet
1427 2561 1586 2602 nemo
1627 2545 1768 2600 adsit
1808 2545 1895 2615 qui
1928 2554 2129 2599 metum

552 2642 772 2696 incutiat
803 2661 814 2696 :
843 2643 920 2697 sic
944 2642 977 2696 ii
1007 2642 1093 2712 qui
1119 2641 1347 2709 peccatis
1373 2640 1536 2695 dediti
1570 2648 1714 2703 sunt,
1741 2639 1904 2692 iidere
1927 2651 2128 2707 neque-

552 2742 648 2785 unt
671 2773 686 2797 ,
715 2731 919 2786 etiamsi
961 2731 1136 2785 nullus
1173 2729 1310 2783 adsit
1354 2729 1444 2800 qui
1485 2728 1800 2798 redargnat;
1831 2727 1922 2780 sed
1953 2727 2129 2780 omnia

555 2821 902 2876 formidantet
923 2829 1166 2888 suspecta
1183 2820 1399 2879 habent.
1418 2819 1747 2875 conscientia
1764 2817 2070 2872 stimulante
2088 2818 2129 2882 ’,

553 2912 837 2982 omniaque
866 2912 993 2981 ipsis
1018 2924 1222 2967 terrore
1241 2923 1295 2965 et
1321 2910 1601 2965 formidine
1617 2910 1769 2979 plena
1793 2919 1938 2973 sunt,
1954 2910 2129 2962 omnia

495 2997 500 3002 ’
552 3000 1158 3070 ansiicircumspicinnt.
1180 3001 1309 3054 Tam
1338 3001 1611 3055 molestam
1634 3014 1761 3070 ergo
1778 3000 1935 3054 vitam
1960 2998 2132 3070 iugia-

557 3109 696 3149 mus.
729 3092 858 3148 Nam
885 3103 1001 3162 post
1028 3108 1280 3162 angorem
1329 3092 1653 3162 huiusmodi,
1683 3108 1829 3147 mors
1858 3101 2130 3161 sequetur,

536 3248 539 3256 λ
556 3201 701 3243 mors
719 3184 1035 3242 immortalis
1059 3202 1073 3237 :
1102 3185 1211 3240 illic
1229 3185 1369 3238 enim
1393 3185 1570 3239 nullus
1586 3183 1828 3254 supplicii
1857 3185 1976 3238 finis
1995 3183 2094 3238 erit
2115 3200 2129 3247 ;

555 3277 641 3333 hic
661 3292 785 3333 vero
809 3275 878 3332 ab
905 3275 1292 3331 insanientibus
1313 3275 1442 3330 nihil
1465 3275 1713 3331 differunt
1736 3276 1792 3341 ii,
1822 3276 2012 3345 quires
2033 3274 2132 3329 sibi

555 3369 777 3440 lingunt,
796 3383 914 3439 qua:
943 3383 1011 3423 ne
1030 3367 1244 3438 quidem
1265 3367 1554 3422 exsistunt.
1586 3365 1840 3421 Videntur
1865 3366 2004 3420 enim
2033 3365 2132 3420 sibi

553 3463 742 3517 divites
785 3477 941 3526 esse,
993 3476 1115 3517 cum
1145 3476 1250 3516 non
1280 3461 1420 3524 sint;
1459 3475 1518 3515 se
1549 3459 1784 3514 deliciari
1830 3467 2035 3528 putant,
2081 3467 2137 3514 et

561 3553 726 3607 nulla:
753 3551 1000 3607 deliciae:
1034 3567 1133 3606 nec
1171 3553 1316 3622 prius
1343 3549 1608 3606 fallaciam
1635 3561 1689 3605 nt
1722 3566 1816 3620 par
1844 3561 1988 3606 esset
2014 3565 2136 3605 sen-

555 3644 714 3707 tittnt,
746 3658 902 3711 quam
929 3641 996 3695 ab
1018 3641 1118 3696 hac
1147 3641 1351 3696 insania
1379 3641 1690 3706 liberentur,
1721 3651 1774 3695 et
1795 3639 1967 3694 donec
1987 3655 2136 3694 som-

558 3749 682 3787 num
709 3732 998 3788 excutiant.
1033 3731 1264 3803 ldeoqne
1297 3741 1354 3786 ut
1378 3731 1542 3786 sobrii
1571 3732 1738 3786 simus
1773 3739 1828 3785 et
1857 3731 2139 3800 vigilemus

562 3825 754 3881 Paulus
778 3825 1026 3880 omnibus
1055 3824 1299 3894 prmcipit
1329 3839 1344 3879 :
1375 3834 1433 3878 et
1478 3822 1704 3892 idipsnm
1736 3838 1949 3892 quoque
1981 3821 2138 3875 Chri-

556 3926 689 3972 stus.
718 3916 817 3983 Qui
837 3915 1046 3972 sobrius
1073 3927 1157 3970 est
1178 3926 1232 3971 et
1254 3915 1456 3986 vigilat,
1488 3916 1538 3969 si
1578 3930 1607 3967 a
1637 3923 1855 3983 peccato
1877 3913 2138 3983 capiatur,

564 4006 672 4062 cito
700 4007 871 4078 ipsum
909 4004 1108 4061 excutit
1145 4022 1158 4060 :
1186 4005 1277 4076 qui
1309 4020 1436 4060 vero
1464 4004 1661 4060 dormit
1686 4013 1776 4059 aut
1825 4003 2043 4069 insanit,
2074 4019 2141 4058 ne.

623 4119 641 4151 ι
677 4117 787 4176 Alii,
812 4115 1076 4193 mordente.

2233 529 2449 600 quidem
2472 533 2626 588 sentit
2651 531 2921 604 quomodo
2939 547 2969 587 a
2997 541 3216 602 peccato
3243 539 3504 586 teneatur.
3532 527 3611 586 Ne
3641 531 3820 604 itaque

2231 624 2579 679 dormiamus.
2609 623 2791 694 Neque
2819 624 2961 679 enim
2990 625 3163 679 noctis
3191 633 3400 693 tempus
3423 633 3526 684 est.
3563 623 3657 678 sed
3687 623 3819 678 diei.

2233 712 2416 783 Itaque
2438 714 2582 771 Sicut
2608 716 2660 769 in
2689 715 2772 770 die
2799 717 3003 770 honeste
3028 715 3343 769 ambulemus
3368 714 3544 785 (Rom.
3581 716 3668 771 13.
3702 715 3818 782 i3).

2233 804 2373 860 Nihil
2398 807 2539 863 cnim
2561 815 2778 876 peccato
2799 806 3028 875 turpius.
3057 806 3232 862 Ninus
3260 816 3343 862 est
3369 806 3591 867 malmn.
3621 821 3814 862 sectiu-

2233 897 2358 953 dum
2409 894 2750 968 turpitudinis
2799 898 3082 963 rationem,
3133 897 3331 962 nudos,
3385 912 3544 966 qnam
3589 897 3824 966 peccatis

2231 999 2287 1046 et
2328 991 2620 1046 sceleribus
2661 997 2885 1045 onustos
2935 988 3304 1044 obambulare.
3337 987 3466 1044 Illud
3513 989 3656 1043 enim
3713 1003 3821 1042 non

2237 1091 2442 1139 tantum
2471 1082 2673 1137 crimen
2717 1091 2895 1137 esset:
2942 1096 3087 1151 sape
3123 1095 3353 1151 namque
3392 1096 3459 1137 ex
3507 1089 3824 1150 paupertate

2233 1177 2440 1231 oritur:
2471 1185 2753 1244 peccatore
2779 1185 2957 1230 autem
2983 1172 3114 1229 nihil
3146 1173 3374 1243 turpius,
3407 1173 3538 1228 nihil
3566 1181 3820 1228 conteru-

2234 1279 2324 1338 ptn
2341 1268 2572 1339 dignius.
2589 1265 2895 1337 Cogitemus
2919 1281 3046 1338 ergo
3067 1280 3183 1330 eos,
3213 1264 3305 1332 qui
3337 1264 3538 1336 rapina:
3566 1273 3620 1319 et
3644 1278 3824 1318 usura:

2233 1377 2390 1417 causa
2423 1363 2475 1416 in
2499 1360 2756 1427 judicium
2784 1371 3085 1430 raptantur,
3111 1374 3270 1430 quam
3303 1370 3515 1439 turpes,
3544 1374 3704 1428 quam
3745 1357 3823 1410 rio

2233 1455 2394 1510 diculi
2423 1454 2722 1518 videantur,
2749 1463 2804 1508 ut
2825 1454 2917 1525 qui
2960 1454 3140 1507 omnia
3171 1451 3530 1523 impudenter,
3561 1450 3824 1506 fallaciter

2232 1557 2287 1604 et
2313 1563 2436 1604 cum
2467 1546 2716 1602 violentia
2745 1546 2978 1616 egerint.
3007 1544 3118 1600 Nos
3143 1553 3321 1600 autem
3355 1544 3426 1599 ita
3465 1543 3645 1598 miseri
3681 1543 3823 1599 infe-

2233 1639 2466 1708 licesque
2530 1651 2744 1700 sumus,
2797 1647 2855 1693 ut
2883 1636 3010 1692 dum
3060 1637 3280 1708 pallium
3343 1636 3678 1707 negligenter
3734 1634 3823 1690 vel

2233 1740 2534 1786 transverse
2560 1729 2788 1800 positum
2810 1737 3022 1800 gestare
3036 1743 3141 1783 non
3165 1728 3430 1798 patimur;
3460 1743 3566 1782 imo
3589 1727 3822 1799 idipsttm

2233 1823 2284 1878 in
2310 1822 2417 1878 alio
2459 1819 2842 1886 emendamns;
2887 1837 3009 1878 cum
3059 1831 3237 1875 autem
3267 1831 3322 1876 et
3349 1835 3449 1875 nos
3493 1830 3547 1874 et
3591 1821 3823 1890 proximi

2233 1913 2397 1967 nostri
2427 1913 2639 1968 inverso
2664 1911 2837 1982 capite
2862 1911 3213 1972 ambulemus,
3237 1911 3287 1965 id
3310 1926 3377 1966 ne
3391 1911 3604 1981 quidem
3623 1913 3826 1967 sentia-

2233 2021 2368 2060 mus.
2398 2004 2533 2071 Quid
2553 2003 2718 2068 enim,
2742 2018 2944 2074 qmcso,
2977 2002 3182 2072 turpius
3195 2002 3340 2067 ‘viro,
3364 2003 3452 2072 qtti
3481 2003 3822 2058 meretricem

2231 2096 2381 2150 adit?
2406 2094 2531 2165 quid
2561 2094 2970 2159 contumelioso,
3003 2093 3128 2164 quid
3157 2093 3442 2157 maledico,
3465 2092 3590 2163 qttid
3641 2094 3825 2148 invido

2233 2188 2342 2242 risu
2371 2187 2616 2257 dignius?
2645 2186 2734 2257 qui
2788 2186 2901 2242 ﬁeri
2935 2195 3108 2256 potest
3141 2194 3198 2240 nt
3228 2183 3343 2239 ha-c
3372 2200 3475 2240 non
3509 2193 3614 2239 tam
3648 2185 3822 2254 turpia

2236 2279 2548 2342 habeantur,
2599 2293 2756 2348 quam
2786 2276 2957 2331 nudos
2986 2275 3295 2332 ambulare?
3342 2276 3386 2329 Α
3431 2274 3823 2330 consuetudine

2234 2379 2457 2424 mntnm.
2493 2368 2627 2422 lilnd
2658 2369 2801 2424 enim
2830 2383 2990 2423 nemo
3014 2382 3247 2438 unquam
3294 2375 3483 2436 sponte
3513 2382 3605 2422 sna
3634 2381 3825 2437 passus

2233 2469 2335 2524 est,
2371 2460 2470 2514 hoc
2489 2475 2619 2515 vero
2647 2474 2835 2514 omnes
2858 2457 3191 2514 confidenter
3213 2457 3431 2513 audent.
3455 2443 3610 2513 Certe
3631 2457 3675 2511 si
3703 2459 3828 2527 quis

2235 2553 2547 2622 angelorum
2575 2560 2773 2606 emtum
2801 2551 2993 2616 adiret,
3019 2550 3070 2604 in
3088 2565 3194 2620 quo
3220 2548 3351 2605 nihil
3378 2563 3609 2620 unquam
3642 2547 3830 2617 hujus-

2237 2642 2379 2696 tnodi
2408 2650 2616 2711 gestum
2653 2651 2756 2707 est,
2791 2641 2968 2694 statim
3017 2638 3224 2694 videret
3265 2654 3425 2709 quam
3471 2637 3692 2693 ridicula
3739 2651 3827 2691 res

2234 2743 2400 2790 esset.
2458 2733 2655 2804 Ecquid
2703 2733 3012 2803 angelorum
3047 2741 3249 2786 emtum
3283 2731 3566 2785 memoro?
3607 2728 3739 2783 Nam
3772 2727 3824 2780 in

2238 2827 2592 2895 imperatoriis
2635 2826 2770 2893 apud
2816 2839 2914 2878 nos
2941 2823 3166 2886 :cdibns,
3191 2823 3234 2876 si
3264 2823 3385 2892 quis
3411 2820 3622 2876 inducta
3646 2834 3825 2874 mere-

2238 2919 2368 2972 trice
2389 2927 2588 2982 utatur,
2617 2918 2698 2972 vel
2723 2917 2764 2971 si
2793 2916 3054 2972 ebrietate
3079 2915 3341 2986 capiatur,
3371 2913 3452 2968 vei
3484 2922 3640 2981 turpe
3681 2911 3826 2966 aliml

2237 3008 2503 3080 quidpiam
2525 3007 2790 3073 admittat,
2840 3017 3107 3062 extremas
3149 3005 3241 3060 dat
3269 3019 3475 3075 poenas.
3505 3002 3659 3073 Quod
3689 3004 3733 3058 si
3775 3005 3828 3057 in

2238 3099 2590 3170 imperatoriis
2606 3098 2809 3154 milibus
2836 3099 2956 3152 talia
2979 3098 3177 3153 audere
3208 3113 3312 3152 non
3349 3097 3497 3160 licet;
3517 3097 3683 3150 multo
3710 3115 3829 3153 ma-

2237 3192 2339 3262 gis,
2378 3191 2572 3262 ubiqtte
2604 3201 2867 3261 praesente
2915 3191 3284 3246 universorum
3336 3191 3502 3266 Rege,
3535 3190 3830 3262 omniaque

2238 3284 2722 3353 circumspiciente,
2750 3283 2796 3339 si
2850 3283 3045 3338 similia
3084 3283 3493 3354 aggrediamur,
3526 3292 3828 3339 extremtnn

2243 3375 2456 3429 luemus
2479 3375 2819 3444 supplicium.
2847 3374 3184 3445 Quapropter
3206 3389 3359 3444 rogo,
3383 3374 3604 3428 multam
3629 3373 3682 3428 in
3733 3374 3832 3427 lim-

2240 3467 2343 3520 vita
2399 3465 2630 3536 quietem
2699 3474 2755 3521 et
2811 3465 3164 3532 modestiam,
3222 3465 3444 3520 multam
3514 3465 3830 3520 munditiem

2239 3559 2607 3614 exhibeamus.
2656 3558 2854 3629 Regem
2903 3559 3102 3627 quippe
3160 3557 3454 3623 habemus,
3502 3556 3592 3627 qui
3649 3567 3830 3611 nostr.-

2241 3651 2418 3706 omnia
2451 3658 2706 3719 perpetuo
2747 3649 3001 3703 intuetur.
3031 3647 3102 3705 Ut
3148 3649 3328 3718 itaque
3364 3663 3577 3717 semper
3604 3648 3692 3702 lux
3747 3647 3834 3700 illa

2244 3758 2342 3796 nos
2395 3743 2674 3805 illuminet,
2728 3740 2868 3796 hunc
2911 3741 3064 3794 nobis
3109 3740 3314 3795 radium
3359 3741 3716 3795 attrahanms.
3760 3739 3834 3793 Ita

2244 3834 2385 3888 cnim
2423 3843 2478 3888 et
2514 3833 2864 3903 prmsentibus
2889 3842 2942 3886 et
2961 3830 3153 3886 futuris
3195 3833 3433 3888 fruemur
3452 3833 3627 3897 bonis,
3663 3833 3836 3903 gratia

2245 3934 2299 3977 et
2331 3922 2657 3992 benignitate
2705 3921 2917 3976 Domini
2951 3921 3117 3976 nostri
3143 3921 3269 3977 Jesu
3301 3921 3519 3987 Christi,
3552 3937 3646 3992 per
3675 3937 3836 3992 quem

2245 4024 2297 4067 et
2325 4029 2444 4067 cunt
2473 4028 2580 4081 quo
2617 4012 2760 4066 Patri
2790 4012 2960 4082 gloria
2986 4053 3003 4076 ,
3035 4027 3247 4083 unaque
3276 4014 3494 4082 Spiritui
3541 4024 3750 4080 sancto,
3785 4011 3837 4067 in

2246 4109 2440 4162 sIecula
2481 4106 2819 4163 smculorum.
2849 4109 3039 4161 Amen.

1951 4315 2292 4377 HOMILIA
2338 4316 2446 4377 VI.

564 4440 616 4494 ϐ.
651 4436 768 4492 Fuit
794 4437 942 4492 homo
969 4437 1148 4490 missus
1182 4451 1213 4488 o
1248 4434 1392 4501 Deo,
1437 4435 1520 4489 cui
1557 4451 1735 4490 nomen
1763 4446 1870 4490 erat
1898 4435 2143 4489 Joannes.

631 4535 848 4590 Joannis
877 4533 1116 4605 Baptista
1131 4532 1319 4588 missio.
1346 4531 1646 4602 Explicatur
1663 4531 1812 4596 illud,
1850 4529 1970 4585 Fuit
1988 4529 2147 4584 homo

565 4630 759 4686 missus
791 4643 821 4682 a
863 4627 990 4682 Deo.
1019 4624 1122 4682 Cur
1160 4634 1208 4680 et
1243 4624 1495 4692 quomodo
1538 4623 1768 4678 Christus
1807 4623 2146 4678 testimonium

564 4721 775 4790 accipiat
803 4720 864 4774 ab
904 4719 1121 4774 homine.
1171 4717 1412 4772 Doctrina
1447 4717 1575 4770 nihil
1614 4717 1816 4785 prodest
1859 4717 1969 4771 sine
2007 4716 2148 4770 bonis

567 4809 960 4881 operibus.—ln
988 4810 1208 4886 exordio
1232 4809 1300 4864 de
1326 4809 1435 4864 Deo
1461 4808 1638 4862 Verbo
1657 4825 1775 4879 qua:
1802 4809 2068 4879 prmcipua
2095 4819 2150 4864 et

572 4904 736 4972 magis
764 4901 1061 4958 necessaria
1100 4907 1252 4955 erant
1286 4899 1535 4969 loquutus
1562 4899 1888 4968 evangelista
1909 4941 1923 4964 ,
1965 4898 2152 4953 ordine

574 4993 895 5065 procedens,
942 4991 1010 5046 ad
1054 4990 1211 5046 Verbi
1261 5005 1562 5061 praeconem
1624 4989 1722 5044 sibi
1779 4989 2150 5059 cognominem

569 5086 828 5143 Joannem
859 5091 1039 5152 postea
1071 5080 1232 5136 venit.
1281 5081 1358 5134 'l‘u
1389 5096 1512 5148 vera
1549 5096 1668 5135 cum
1712 5081 1865 5135 audis
1909 5080 2080 5149 ipsum
2123 5096 2152 5134 a

575 5176 686 5231 Deo
710 5175 928 5229 missum
956 5171 1148 5238 fuisse,
1185 5172 1318 5228 nihil
1346 5171 1632 5227 humamnn
1659 5173 1727 5226 ab
1751 5188 1816 5227 eo
1845 5173 1948 5227 dici
1977 5183 2150 5243 putes.

575 5267 687 5324 Non
714 5267 854 5321 enim
882 5280 976 5320 sua
997 5305 1010 5331 ,
1035 5264 1126 5320 sed
1153 5265 1410 5319 mittentis
1433 5280 1490 5320 se
1515 5264 1653 5319 dicta
1679 5263 1903 5334 profert.
1928 5263 2157 5334 Ideoque

577 5359 794 5431 angelus
823 5356 1118 5428 appellatus
1146 5367 1230 5411 est
1271 5371 1286 5409 :
1328 5355 1503 5426 angeli
1545 5372 1671 5410 vero
1699 5356 1811 5409 sive
1842 5355 2010 5409 nuntii
2041 5354 2160 5408 ofii-

579 5455 716 5506 riutu
742 5460 854 5513 est,
887 5448 1016 5503 nihil
1043 5463 1106 5503 ex
1134 5462 1192 5502 se
1214 5447 1409 5503 dicere.
1439 5447 1570 5502 lllnd
1603 5457 1779 5501 autctn
1803 5488 1816 5510 ,
1849 5445 2005 5510 Fuit,
2053 5461 2156 5500 non

581 5545 666 5599 hic
694 5542 759 5597 ad
796 5540 1160 5595 essistcntiam
1191 5539 1466 5594 transitum
1493 5539 1752 5608 signiﬁcat
1775 5581 1789 5602 ,
1820 5538 1914 5594 sed
1947 5538 2156 5591 missio-

583 5648 702 5690 nem
735 5634 923 5702 ipsam.
956 5630 1086 5686 Nam
1115 5628 1244 5684 illud
1267 5672 1282 5694 ,
1318 5628 1436 5684 Fuit
1475 5631 1656 5686 missus
1684 5647 1715 5684 a
1746 5629 1886 5695 Deo,
1931 5628 2155 5697 idipsum

584 5734 664 5781 ρει
694 5723 868 5796 quod,
909 5721 1098 5777 Missus
1135 5729 1217 5776 est
1253 5737 1280 5774 a
1324 5721 1448 5778 Deo.
1482 5721 1759 5790 Quomodo
1798 5723 1957 5793 igitur
1986 5720 2150 5787 illud,

588 5814 822 5883 Quicum
850 5813 1094 5881 informa
1137 5811 1228 5866 Dei
1267 5822 1388 5867 esset
1419 5811 1685 5884 (Philipp.
1727 5813 1780 5870 ‘2.
1823 5812 1936 5882 6),
1975 5813 2154 5868 dicunt

2250 4450 2355 4490 non
2395 4435 2610 4505 intelligi
2639 4434 2707 4490 de
2733 4435 3034 4506 aequalitate
3072 4437 3190 4492 Filii
3220 4453 3342 4494 cum
3374 4438 3530 4494 Patre
3549 4482 3565 4506 ,
3606 4455 3671 4494 eo
3700 4443 3844 4511 quod

2250 4527 2508 4581 articulus
2535 4542 2639 4580 non
2668 4528 3004 4597 apponatur?
3031 4528 3166 4584 Ecce
3191 4530 3333 4584 enim
3377 4531 3462 4585 hic
3490 4547 3706 4601 quoque
3733 4535 3845 4589 nuto

2252 4618 2333 4674 lus
2361 4618 2512 4674 adest
2539 4620 2813 4674 articulus.
2860 4621 2942 4674 An
2983 4619 3143 4690 igitur
3182 4621 3268 4677 hic
3311 4623 3381 4677 de
3419 4623 3575 4678 Patre
3619 4641 3724 4679 non
3761 4636 3845 4681 est

2250 4712 2467 4765 sermo?
2493 4710 2628 4778 Quid
2654 4726 2782 4782 ergo
2807 4711 3046 4767 dicemus
3073 4713 3140 4768 de
3168 4715 3424 4784 prepheta
3451 4716 3540 4786 qni
3566 4716 3641 4771 ait
3669 4736 3682 4772 :
3716 4717 3846 4773 Ecce

2252 4817 2343 4871 ego
2373 4802 2513 4854 mitto
2537 4803 2774 4870 angelum
2798 4820 2965 4857 meum
2989 4813 3104 4858 ante
3128 4807 3307 4876 faciem
3337 4817 3505 4871 tuam,
3523 4810 3610 4879 qui
3637 4826 3844 4881 praepa—

2252 4891 2382 4944 rabit
2412 4892 2541 4944 viam
2570 4903 2706 4946 tuam
2738 4892 2893 4965 (Mal.
2924 4893 2978 4949 5.
3011 4895 3034 4949 Ι
3068 4896 3128 4963 )7
3161 4895 3291 4951 Illud
3339 4914 3514 4952 meum
3558 4908 3611 4953 et
3651 4910 3802 4956 tuutn
3831 4949 3847 4970 ,

2255 4983 2387 5038 duas
2415 5000 2668 5054 personas
2697 4986 2960 5056 signiﬁcat
2987 5005 3002 5039 :
3035 4988 3088 5042 7.
3116 4986 3216 5043 Hic
3245 4991 3375 5042 venit
3400 4990 3453 5044 in
3480 4992 3843 5061 testimonium,

2256 5088 2308 5130 ut
2338 5078 2673 5131 testimonium
2705 5078 2980 5148 perhiberet
3009 5079 3071 5132 de
3098 5081 3305 5134 lumine.
3345 5081 3482 5148 Quid
3524 5083 3626 5138 hoc
3645 5125 3660 5148 ,
3701 5085 3848 5140 dicet

2258 5167 2479 5223 fortasse
2526 5168 2824 5238 quispiam,
2872 5184 3057 5224 servus
3105 5171 3172 5225 de
3220 5171 3437 5226 domino
3482 5175 3847 5232 testimonium

2259 5260 2536 5328 perhibet?
2564 5260 2694 5314 Cum
2722 5277 2850 5329 ergo
2877 5275 2980 5315 non
3010 5262 3168 5316 modo
3195 5262 3342 5316 illttttt
3372 5263 3511 5318 serti
3541 5266 3850 5320 testimonio

2259 5349 2523 5420 perhiberi
2555 5351 2794 5415 videbis,
2836 5353 2929 5409 sed
2959 5355 3118 5409 etiam
3157 5355 3222 5409 ad
3265 5371 3474 5410 servum
3520 5359 3741 5427 venire,
3787 5375 3850 5414 ac

2257 5460 2377 5497 cum
2395 5442 2593 5500 Judaeis
2614 5445 2681 5498 ab
2699 5446 2788 5500 illo
2811 5446 3090 5515 baptizari,
3109 5462 3285 5501 annon
3311 5449 3479 5519 magis
3499 5449 3849 5520 obstupesces

2258 5545 2312 5590 et
2339 5535 2637 5591 dubitabis?
2663 5535 2766 5592 Sed
2799 5553 2904 5592 non
2931 5548 3143 5608 oportet
3165 5541 3362 5595 turbari
3387 5542 3467 5597 vel
3496 5547 3851 5610 commoveri,

2258 5637 2314 5683 at
2356 5630 2531 5698 potius
2574 5630 2690 5699 ejus
2735 5629 3055 5686 ineffabilem
3104 5631 3482 5703 benignitatem
3533 5634 3735 5690 mirari.
3793 5638 3850 5693 Si

2261 5734 2390 5775 vero
2417 5721 2534 5790 quis
2558 5719 2751 5775 dubius
2779 5720 2831 5774 in
2864 5722 3259 5790 perturbatione
3299 5735 3548 5792 maneat,
3590 5726 3638 5780 id
3671 5727 3744 5782 illi
3769 5731 3852 5784 di-

2261 5821 2346 5867 cet
2365 5853 2379 5877 ,
2410 5811 2548 5882 quod
2578 5809 2763 5866 .loanni
2795 5828 2806 5866 :
2841 5811 2964 5867 Sine
2992 5813 3141 5870 modo
3171 5830 3191 5868 :
3211 5816 3282 5870 sic
3311 5817 3442 5872 enim
3468 5819 3604 5872 decet
3633 5834 3724 5874 nos
3751 5823 3852 5875 ins-
