4078 6550
169 501 218 554 lil
989 478 1052 535 IN
1090 472 1405 533 JOANNEM
1447 469 1680 528 IIOMIL.
1715 470 1770 525 \'l

1878 463 1930 524 ιτ
1973 468 2085 524 Vll.
2125 469 2198 523 al.
2243 467 2306 525 Υ.
2351 466 2440 524 ΕΤ
2484 461 2568 522 Vl.
3412 474 3480 527 εἳ

175 619 291 684 plere
315 621 504 662 omnem
527 600 800 674 justitiam
828 596 845 666 (
864 592 1046 648 Matth.
1078 591 1131 646 ὅ.
1172 587 1288 660 l5).
1320 584 1476 684 Quod
1503 584 1550 684 si
1589 583 1759 684 magis

171 671 322 756 adhuc
345 671 604 760 turbetur,
639 690 792 745 dicet
835 685 904 740 illi
935 694 1143 737 rursum
1189 679 1240 734 id
1279 675 1421 747 quod
1451 671 1651 729 Jttdteis
1679 671 1761 726 di-

173 793 339 852 cebat,
382 785 500 841 Non
529 784 594 838 ab
623 780 834 836 homine
861 772 1194 830 testimonium
1231 767 1427 836 accipio
1474 762 1668 836 (Joan.
1702 763 1755 818 5.

171 881 282 954 δι).
309 880 361 937 Si
391 893 518 948 ergo
551 877 657 930 hoc
693 867 998 926 teStimonio
1042 878 1146 918 non
1193 867 1347 930 eget,
1391 874 1488 912 cur
1525 855 1760 910 Joannes

172 949 354 1029 missus
373 983 454 1026 est
482 987 512 1024 a
543 966 696 1022 lico?
743 962 858 1018 Non
901 956 1042 1030 quod
1085 955 1202 1025 ejus
1243 949 1548 1007 testimonio
1578 956 1760 1018 egeret

171 1067 252 1134 (id
278 1065 415 1121 enim
443 1063 648 1124 dicere,
681 1065 936 1110 extremm
967 1048 1255 1119 impietatis
1281 1043 1448 1114 esset)
1475 1085 1488 1108 ,
1528 1040 1623 1096 sed
1665 1055 1762 1093 cur

174 1133 404 1213 Iaudem?
433 1153 564 1210 illud
594 1153 712 1222 ipse
739 1149 970 1203 Joannes
990 1144 1169 1206 docet,
1189 1155 1311 1196 cum
1343 1139 1414 1191 ait
1447 1154 1459 1190 :
1489 1133 1557 1190 Ut
1588 1151 1761 1188 omnes

172 1252 404 1306 crederent
433 1264 524 1317 per
546 1245 699 1299 illum
717 1247 756 1296 ‘.
787 1241 907 1311 Ipse“
930 1251 1059 1291 vero
1076 1233 1320 1289 Christus
1349 1244 1471 1284 cum
1502 1227 1758 1288 dixisset,

172 1341 278 1395 Non
305 1344 364 1394 ab
390 1339 598 1392 homine
626 1333 964 1389 testimonium
991 1327 1207 1397 accipio,
1239 1338 1308 1378 ne
1335 1321 1475 1392 apud
1505 1319 1760 1388 insipien-

169 1433 313 1486 tior-es
355 1429 457 1485 sibi
510 1427 612 1499 ipsi
664 1435 964 1494 repugnare
999 1417 1305 1479 videretur;
1344 1427 1467 1468 cum
1509 1424 1650 1465 nunc
1682 1407 1764 1462 di-

167 1534 239 1576 (λιιι
269 1523 442 1577 :Alius
469 1529 546 1573 cst
562 1518 650 1589 qui
663 1513 998 1570 testimonium
1016 1508 1236 1580 perhibet
1250 1507 1312 1560 de
1326 1521 1406 1559 nte
1425 1513 1498 1572 :get
1518 1504 1622 1557 scio
1642 1502 1762 1571 quia

165 1629 316 1668 rerum
340 1623 413 1667 es:
440 1609 784 1666 testimonium
802 1607 911 1672 ejus
933 1599 1110 1675 (Joan.
1138 1599 1193 1656 5.
1225 1597 1336 1669 39.),
1366 1595 1433 1652 de
1458 1595 1665 1650 Joanne
1685 1593 1765 1646 lo—

165 1721 349 1776 quens;
373 1718 518 1759 nunc
548 1715 699 1766 vero,
725 1698 846 1753 Non
867 1697 930 1751 ab
951 1695 1155 1748 homine
1176 1690 1512 1746 testimonium
1540 1686 1758 1754 accipio,

164 1799 465 1852 Solutionetn
501 1809 630 1849 mox
661 1790 844 1861 adjicit
869 1788 1058 1844 dicens
1095 1803 1110 1838 :
1140 1781 1248 1839 Sed
1275 1782 1382 1834 hac
1410 1780 1524 1832 dico
1558 1786 1762 1848 prapter

166 1909 258 1956 vos,
287 1902 336 1944 nt
379 1891 510 1944 salui
543 1888 690 1952 sitis;
730 1899 794 1939 ac
823 1883 869 1938 si
899 1881 1102 1937 diceret
1133 1897 1147 1934 :
1179 1877 1320 1932 Deus
1362 1888 1479 1928 sum
1503 1914 1518 1938 ,
1568 1879 1622 1926 et
1665 1867 1761 1924 Dei

167 2000 308 2040 verus
336 1984 522 2046 Filius.
565 1997 632 2037 ex
666 1977 964 2034 substantia
1008 1974 1097 2029 illa
1141 1968 1432 2027 immortali
1471 1977 1526 2022 et
1567 1965 1759 2026 beata,

166 2078 450 2146 nulliusque
478 2071 790 2129 testimonio
819 2082 970 2138 egeo.
1001 2064 1112 2120 Etsi
1142 2063 1286 2118 cnim
1315 2073 1473 2115 nemo
1497 2057 1547 2112 id
1576 2054 1765 2112 testiﬁ-

165 2167 259 2221 rari
287 2167 466 2232 vellet,
497 2165 554 2220 in
580 2163 725 2217 nullo
753 2159 1050 2216 secundum
1079 2163 1327 2211 naturam
1355 2151 1532 2206 minor
1560 2163 1758 2203 essem.

164 2263 279 2327 Quia
302 2275 430 2316 vero
449 2258 752 2314 multorum
775 2254 923 2310 salus
949 2251 1079 2307 mihi
1099 2263 1246 2304 cura:
1270 2256 1373 2311 est,
1400 2245 1524 2299 ideo
1546 2245 1601 2298 in
1625 2241 1764 2297 hanc

166 2370 238 2408 me
257 2353 444 2409 demisi
467 2352 853 2414 humilitatem,
883 2357 938 2401 ut
965 2343 1171 2400 homini
1197 2340 1562 2397 testimonium
1586 2336 1654 2392 de
1677 2351 1764 2392 me

165 2444 426 2499 ferendum
476 2443 900 2499 committerem.
947 2437 1080 2492 Nam
1124 2440 1401 2504 perspecta
1450 2428 1762 2485 Judteorum

166 2537 521 2591 imbecillitate
543 2577 559 2600 ,
595 2535 676 2588 sic
703 2532 908 2587 facilior
939 2528 1072 2584 lides
1097 2529 1148 2582 in
1177 2540 1298 2581 eum
1339 2522 1514 2578 futura
1545 2520 1766 2576 videba-

167 2643 256 2684 tur.
286 2630 436 2685 Sicut
467 2629 636 2699 igitur
665 2639 881 2681 earuem
913 2621 1118 2686 induit,
1155 2634 1222 2674 ne
1250 2631 1372 2673 cum
1401 2614 1544 2670 nuda
1573 2612 1767 2670 divini-

167 2731 258 2776 tate
286 2735 654 2792 congressus,
688 2732 876 2772 omnes
916 2713 1203 2785 perderet;
1247 2710 1325 2765 sic
1363 2717 1419 2764 et
1461 2720 1763 2778 praeconem

164 2817 295 2868 misit
318 2813 630 2874 hominem,
655 2821 713 2864 ut
734 2821 1089 2878 cengcuerem
1115 2804 1215 2860 sibi
1247 2816 1435 2857 vocem
1461 2800 1762 2862 audientes,

167 2908 356 2960 facilius
386 2907 422 2959 ii
452 2906 546 2975 qui
580 2914 706 2957 tunc
733 2900 1022 2956 audiebant
1061 2896 1401 2952 accederent.
1444 2893 1574 2948 Nam
1621 2890 1766 2962 quod

166 3015 262 3054 non
289 2999 426 3052 illius
457 2995 774 3052 testimonio
808 3007 942 3063 Opus
968 2990 1228 3052 haberet,
1264 2988 1365 3042 hoc
1391 2985 1563 3040 solum
1606 2983 1767 3037 modo

167 3090 359 3144 ostendi
400 3096 651 3159 poterat,
685 3087 728 3140 si
770 3098 963 3152 nempe
1002 3096 1062 3137 se
1103 3079 1245 3134 nuda
1288 3077 1588 3132 substantia
1617 3073 1766 3128 exhi-

168 3181 389 3247 buisset,
423 3193 734 3248 clunesque
775 3177 826 3230 in
870 3185 1143 3244 stuporem
1189 3171 1531 3240 coniecisset.
1571 3169 1766 3223 Verum

167 3275 212 3328 id
236 3290 336 3327 non
364 3273 492 3329 fecit
513 3314 530 3338 ,
561 3271 815 3340 quoniam
837 3311 852 3334 ,
879 3277 936 3322 ut
959 3265 1175 3335 jainjam
1203 3263 1343 3328 dixi,
1370 3275 1560 3316 omnes
1591 3260 1772 3330 perdi-

165 3369 312 3422 dissct
337 3411 350 3432 ,
383 3366 535 3437 quod
567 3379 728 3419 netno
754 3365 937 3432 posset
965 3360 1295 3413 inaccessam
1327 3355 1470 3409 illam
1499 3353 1634 3407 lueis
1661 3351 1766 3404 vim

169 3459 315 3514 ferre.
351 3458 480 3513 Ideo
511 3470 737 3511 carnem
770 3451 974 3514 induit,
1007 3460 1060 3505 et
1093 3447 1459 3504 teStitnouium
1496 3444 1565 3500 de
1605 3459 1663 3498 se
1694 3442 1771 3496 fe-

167 3553 304 3606 rendi
349 3551 602 3607 olﬁcium
647 3547 736 3601 ttni
782 3557 1166 3600 conservorum
1211 3549 1521 3596 nostrorum
1569 3536 1765 3601 tradit,

167 3645 274 3713 quia
297 3645 481 3699 omnia
505 3641 577 3696 ad
607 3640 834 3694 salutem
864 3636 1140 3690 hominum
1167 3640 1418 3702 operatus
1439 3639 1521 3685 est
1549 3646 1562 3684 :
1599 3643 1771 3696 neque

165 3757 264 3797 sua:
290 3740 543 3812 dignitati
578 3745 782 3791 tantum
802 3776 816 3800 ,
846 3733 939 3788 sed
969 3731 1128 3787 etiam
1157 3725 1460 3784 auditorum
1500 3723 1678 3794 captui
1718 3731 1773 3777 et

166 3835 367 3888 utilitati
392 3831 678 3889 consuluit
707 3847 720 3882 :
751 3825 894 3898 quod
921 3834 977 3882 et
1006 3824 1119 3894 ipse
1145 3820 1492 3877 subindicans
1514 3816 1727 3873 dicebat
1754 3834 1770 3872 :

169 3922 288 3980 Hae
315 3925 432 3980 dico
463 3933 679 3995 propter
717 3935 836 3983 uos,
881 3928 936 3971 ut
966 3914 1249 3971 saloemini.
1297 3911 1367 3967 Et
1405 3909 1731 3982 evangelista
1753 3948 1769 3971 ,

167 4018 250 4084 qui
275 4032 335 4070 ea
366 4017 483 4086 ipsa
508 4057 524 4079 ,
555 4028 680 4084 quae
711 4011 986 4075 Dominus,
1020 4008 1274 4078 loquitur,
1304 4011 1586 4076 postquam
1623 4000 1775 4055 dixe-

167 4118 268 4170 rat,
302 4107 368 4165 Ut
399 4106 754 4163 testimonium
783 4103 1064 4171 perhiberet
1090 4101 1154 4154 de
1191 4097 1384 4152 lumine
1408 4136 1423 4160 ,
1455 4093 1728 4165 subjunxit
1755 4135 1770 4157 ,

169 4197 231 4254 Ut
269 4217 442 4256 omnes
469 4199 736 4254 crederent
771 4212 866 4267 per
889 4212 1039 4262 eum;
1068 4208 1132 4249 ac
1159 4193 1204 4248 si
1235 4190 1441 4246 diceret
1472 4208 1484 4240 :
1516 4187 1592 4243 Ne
1620 4196 1774 4258 putes

222 4331 238 4365 ‘
274 4331 326 4383 ln
362 4331 480 4384 aliis
518 4330 708 4385 lenitur
735 4345 746 4379 :
771 4330 864 4381 Sed
906 4343 995 4380 cur
1033 4337 1240 4379 Joannes
1264 4325 1424 4385 addit,
1458 4343 1480 4370 ι
1511 4330 1570 4374 Ut
1611 4334 1775 4373 omnes

163 4399 410 4446 crederent
428 4408 527 4457 per
549 4392 690 4444 illam
719 4392 742 4442 ?
765 4409 788 4437 ι

1871 579 1994 637 ideo
2040 580 2446 636 testiﬁcaturum
2489 580 2701 634 venisse
2727 578 2990 636 Joannem
3042 580 3331 654 Baptistam
3359 627 3371 649 .
3421 602 3480 642 ιιι,

1865 673 2066 745 aliquid
2108 671 2232 728 ﬁdei
2271 672 2452 728 verbis
2491 672 2703 726 Domini
2745 671 3012 726 adderet:
3045 689 3151 728 non
3195 686 3479 746 prolttetea

1867 766 2046 829 venit,
2093 763 2188 820 sed
2231 772 2290 819 ut
2326 763 2655 818 contribules
2696 765 2778 819 sui
2825 780 2920 834 per
2959 764 3132 834 ipsum
3169 767 3476 823 crederent.

1865 857 2020 927 Quod
2050 868 2227 914 autem
2253 857 2320 912 ad
2353 872 2471 911 eam
2502 856 2797 912 tollendam
2837 858 3199 930 suspicionem
3244 860 3359 915 hinc
3400 861 3478 915 di-

1868 951 2026 1014 xerit,
2049 967 2116 1006 ex
2138 950 2486 1020 sequentibus
2507 959 2718 1006 constat
2743 968 2755 1004 :
2779 949 2928 1006 addit
2949 953 3091 1006 enim
3114 952 3202 1008 :8.
3229 951 3351 1008 Non
3372 965 3479 1009 erat

1866 1043 1952 1097 ille
1978 1043 2086 1096 lux.
2115 1041 2228 1097 Nisi
2257 1042 2400 1097 enim
2443 1042 2602 1109 hujus
2631 1041 2910 1112 abigendte
2950 1043 3269 1112 suspicionis
3307 1048 3475 1115 gratia

1868 1134 1985 1190 hinc
2009 1133 2266 1198 dixisset,
2299 1133 2628 1203 superﬂuum
2674 1133 2776 1188 hoc
2801 1143 2987 1198 esset,
3033 1143 3088 1189 et
3128 1135 3296 1206 ongis
3326 1152 3480 1207 repe-

1869 1227 1987 1279 titio
2017 1241 2175 1296 quam
2207 1226 2496 1295 explicatio
2523 1223 2804 1280 doctrinae.
2846 1224 2982 1281 Cum
3023 1226 3255 1282 dixisset
3292 1229 3434 1284 enim
3461 1272 3475 1293 ,

1867 1320 2058 1374 Missus
2086 1329 2167 1375 est
2215 1317 2283 1374 Ut
2311 1318 2653 1373 testimonium
2694 1318 2975 1388 perhiberet
3014 1319 3078 1374 de
3115 1320 3340 1386 tantine,
3383 1337 3482 1377 cur

1870 1412 2061 1465 iterum
2086 1411 2253 1476 dicit,
2295 1408 2413 1463 Non
2445 1420 2551 1463 erat
2591 1411 2679 1464 ille
2706 1410 2836 1465 lux?
2863 1410 2977 1466 Non
3007 1409 3203 1467 frustra
3236 1429 3334 1468 nec
3362 1416 3479 1471 sine

1866 1518 2030 1560 causa
2063 1522 2076 1557 :
2107 1503 2202 1559 sed
2228 1503 2351 1573 quia
2387 1501 2700 1573 frequenter
2727 1503 2869 1573 apud
2899 1519 2996 1558 nos
3021 1506 3193 1574 major
3217 1515 3295 1560 est
3326 1507 3371 1563 is
3389 1511 3477 1578 qni

1868 1595 2206 1660 testiﬁcatur,
2260 1610 2422 1665 quam
2468 1595 2561 1650 ille
2605 1595 2674 1651 de
2717 1613 2824 1666 qtto
2870 1599 3252 1652 testimonintn-
3287 1598 3476 1664 fertur,

1871 1691 2083 1760 fideque
2111 1689 2324 1758 dignior
2353 1690 2675 1759 plerumque
2705 1688 2917 1744 videtur
2942 1703 3064 1745 esse
3111 1708 3124 1744 :
3167 1706 3237 1746 ne
3262 1692 3382 1762 quis
3411 1691 3480 1747 ile

1867 1783 2075 1839 Joanne
2106 1781 2158 1836 id
2193 1781 2584 1852 suspicaretur,
2625 1781 2805 1835 statim
2836 1796 2866 1836 a
2898 1781 3160 1852 principio
3191 1781 3330 1838 hanc
3367 1799 3482 1838 tua-

1871 1876 1974 1930 lam
2005 1874 2367 1946 suspicionem
2401 1874 2563 1937 tollit,
2585 1888 2757 1944 eaque
2783 1867 3271 1938 radicitus'evulsa,
3300 1862 3482 1931 oSteu-

1867 1968 1945 2024 dit
1971 1969 2094 2039 quis
2123 1967 2192 2023 sit
2220 1968 2266 2021 is
2290 1968 2379 2036 qui
2404 1963 2743 2034 testiﬁcatur,
2786 1977 2840 2022 et
2878 1967 3001 2037 quis
3038 1969 3127 2024 ille
3165 1969 3233 2024 de
3268 1985 3375 2042 quo
3403 1981 3476 2025 te-

1868 2064 2181 2119 stimonium
2232 2059 2424 2127 fertur,
2474 2072 2530 2116 et
2577 2070 2836 2131 quantum
2888 2061 2958 2116 sit
3005 2062 3145 2118 inter
3197 2075 3483 2135 utrumque

1868 2158 2182 2213 discrimen.
2216 2157 2293 2211 Ac
2324 2162 2603 2225 postquam
2635 2154 2737 2209 hoc
2766 2152 2918 2220 fecit,
2961 2156 3307 2229 ostenditque
3340 2161 3483 2216 illius

1850 2249 2346 2326 incomparabilem
2392 2247 2807 2315 excellentiam,
2858 2248 3090 2305 fidenter
3124 2250 3235 2321 jam
3285 2263 3480 2308 cmtera

1871 2342 2214 2414 prosequitur
2243 2360 2257 2395 :
2290 2349 2346 2396 et
2380 2341 2428 2396 si
2466 2340 2592 2411 quid
2627 2339 2848 2396 absurdi
2891 2343 3321 2413 ittsipientiornm
3361 2348 3482 2400 ani-

1873 2451 1988 2492 mos
2017 2435 2253 2500 subit-ct,
2285 2435 2387 2490 hoc
2416 2434 2705 2505 diligenter
2744 2437 2986 2503 sublato,
3031 2438 3187 2495 facile
3228 2440 3484 2512 deinceps

1870 2536 1925 2583 et
1968 2527 2084 2583 sine
2128 2528 2282 2582 obice
2321 2527 2580 2582 doctrinae
2620 2527 2843 2583 verbum
2885 2529 3142 2587 immittit.
3195 2533 3484 2589 Precemur

1872 2621 2079 2691 itaque,
2116 2631 2174 2674 ιιι
2203 2635 2326 2676 eum
2356 2629 2624 2674 tantarum
2654 2621 2988 2676 revelatione
3017 2639 3226 2688 rerum,
3255 2638 3485 2695 cumque

1872 2729 2001 2770 sana
2027 2724 2280 2784 rectaque
2309 2713 2551 2768 doctrina
2581 2713 2745 2768 vitam
2775 2731 2988 2785 quoque
3009 2732 3196 2786 puram
3223 2728 3486 2774 sanctam-

1871 2822 1975 2877 que
1997 2805 2276 2861 ducamus.
2307 2805 2557 2861 Doctrina
2578 2807 2778 2876 quippe
2801 2808 2930 2862 nihil
2955 2809 3108 2863 nobis
3129 2810 3348 2880 prodest
3368 2812 3485 2867 sine

1874 2899 2029 2954 bonis
2054 2897 2333 2969 operibus.
2358 2898 2510 2953 Licet
2535 2900 2679 2952 enim
2705 2899 2864 2954 tidem
2892 2900 3154 2971 integram
3185 2903 3485 2974 Scriptura-

1875 3005 2100 3063 rumque
2128 2994 2530 3062 intelligentiam
2564 3001 2865 3060 teneamus,
2897 2996 2940 3049 si
2971 2995 3123 3050 bona:
3158 2999 3282 3052 vine
3308 3007 3486 3069 patro-

1873 3086 2017 3140 cinio
2060 3086 2184 3139 nudi
2214 3095 2268 3140 ct
2298 3085 2448 3139 vacui
2484 3085 2691 3152 simus,
2735 3084 2865 3140 nihil
2908 3087 3163 3158 impediet
3202 3093 3489 3160 quominus

1875 3181 1927 3234 iu
1979 3178 2243 3250 gehennae
2288 3178 2465 3249 ignem
2492 3179 2830 3246 dejiciamur,
2862 3188 2917 3234 et
2955 3181 3005 3234 in
3045 3181 3309 3238 inﬁnitum
3339 3185 3489 3241 inex-

1875 3270 2166 3341 stinguibili
2217 3269 2433 3325 ﬂamma
2486 3271 2889 3326 comburantur.
2941 3272 3089 3328 Sicut
3129 3275 3272 3329 enim
3315 3275 3350 3331 ii
3394 3280 3486 3347 qui

1877 3363 2013 3417 bona
2041 3370 2299 3432 egerunt,
2344 3373 2630 3434 resurgent
2667 3363 2718 3416 in
2760 3365 2924 3418 vitam
2964 3375 3254 3432 mternam;
3295 3371 3374 3425 sic
3415 3372 3488 3426 illi

1875 3455 1965 3524 qui
1988 3455 2254 3509 contraria
2278 3454 2391 3507 ausi
2415 3462 2572 3519 sunt,
2599 3454 2650 3507 in
2679 3466 2942 3511 tete-roum
2959 3469 3014 3511 et
3031 3474 3302 3530 nunquam
3326 3461 3487 3517 ﬁnem

1879 3545 2182 3600 habiturum
2206 3546 2548 3616 supplicium.
2575 3546 2935 3615 Quamobrem
2960 3564 3121 3607 omne
3138 3554 3491 3612 adhibeamus

1877 3639 2145 3707 studium,
2188 3648 2246 3694 ut
2277 3655 2345 3696 ne
2376 3641 2582 3696 lucrum
2614 3643 2769 3698 nobis
2809 3659 2876 3699 ex
2916 3655 3060 3700 recta
3100 3647 3203 3704 ﬁde
3243 3661 3450 3720 partum
3475 3697 3488 3716 ,

1878 3748 2102 3804 operum
2131 3733 2393 3802 pravitate
2420 3730 2832 3799 Iabefactemus;
2862 3737 2954 3792 sed
2977 3752 3099 3793 cum
3127 3738 3215 3794 hic
3241 3742 3326 3810 pie
3353 3744 3492 3799 vixe-

1880 3826 2067 3892 rimus,
2098 3823 2372 3880 Christum
2401 3841 2522 3879 cum
2552 3825 2744 3881 ﬁducia
2783 3828 3081 3896 videamus,
3126 3834 3209 3887 cui
3256 3834 3491 3891 beatitu-

1879 3915 1988 3969 dini
2020 3932 2114 3986 par
2142 3915 2274 3971 nihil
2306 3933 2538 3987 unquam
2569 3917 2749 3974 fuerit.
2781 3918 2996 3976 Utinam
3026 3938 3126 3977 nos
3155 3940 3314 3996 supra
3347 3927 3488 3983 dicta

1879 4011 2264 4080 consequuti‘,
2313 4011 2378 4064 ad
2425 4012 2649 4082 gloriam
2700 4013 2790 4068 Dei
2843 4015 3023 4070 omnia
3067 4017 3354 4085 faciamus,
3405 4027 3489 4078 eui

1879 4104 2046 4173 gloria
2077 4118 2180 4158 una
2207 4119 2329 4158 cum
2363 4105 2642 4175 unigenito
2686 4103 2822 4162 Filio
2849 4117 2904 4163 et
2941 4107 3143 4180 Spiritu
3182 4127 3399 4180 saneto,
3440 4117 3489 4169 in

1881 4197 2074 4252 saecula
2107 4197 2449 4252 saeculorum.
2480 4200 2673 4254 Amen.

1947 4316 1964 4348 ι
1990 4312 2096 4388 ﬁlii
2116 4325 2128 4359 :
2145 4310 2357 4388 latinam
2395 4324 2503 4388 nos.
2527 4318 2674 4388 ruam
2697 4327 2849 4388 supra
2886 4314 3030 4388 dictis
3049 4331 3325 4388 _consonam
3349 4336 3493 4388 agcn-

1881 4385 1969 4430 tes.
1990 4385 2077 4425 Pro
2110 4381 2319 4436 utraque
2347 4375 2566 4424 lectione
2583 4383 2717 4426 stant
2739 4375 2846 4426 lllss.
2865 4376 3083 4442 plurimi.

166 4499 3496 4534 MM

1568 4579 1920 4645 HOMILIA
1958 4575 2094 4669 vn.

166 4738 214 4791 9.
258 4739 383 4795 Erat
417 4743 518 4794 luo:
543 4756 693 4803 cera,
725 4752 840 4806 qute
881 4736 1134 4789 illuminat
1178 4750 1375 4788 omnem
1407 4732 1659 4786 hominem
1690 4745 1776 4783 ve-

602 4831 822 4884 nientem
848 4831 898 4882 in
921 4830 1052 4883 hunc
1077 4831 1343 4882 mundum.

239 4994 288 5046 l.
327 4991 637 5046 Met/tadum
661 4987 943 5042 disserendi
966 5004 996 5040 a
1021 5003 1075 5042 se
1099 4996 1396 5056 usurpatam
1418 4983 1594 5038 asserit
1614 4979 1782 5052 Chry-

171 5095 438 5139 restomus.
494 5079 1043 5147 lncomprehensibilia
1086 5077 1182 5131 Dei
1228 5093 1329 5131 non
1373 5075 1670 5130 scrutanda.
1710 5103 1783 5115 -—

177 5175 294 5230 Ideo
321 5219 336 5238 ,
371 5172 721 5229 dilectissimi
764 5170 887 5235 ﬁlii,
921 5186 1016 5223 vos
1061 5168 1361 5222 minutatim
1391 5176 1447 5222 ct
1481 5183 1575 5237 per
1605 5176 1784 5237 partes

171 5255 576 5336 scripturarum
605 5262 849 5318 doctrina
883 5263 1172 5330 pascimus,
1207 5275 1379 5329 neque
1415 5259 1571 5312 simul
1604 5259 1782 5312 omnia

173 5357 508 5411 effundimus
532 5398 546 5421 ,
581 5365 639 5409 ut
669 5355 877 5409 facilior
919 5354 1072 5408 vobis
1101 5353 1170 5407 sit
1200 5353 1381 5408 emissi
1418 5351 1565 5406 verbi
1598 5362 1783 5406 custo-
1810 5377 1816 5414 ς

175 5449 278 5502 ilia.
312 5449 451 5503 Nam
487 5449 539 5503 in
571 5447 847 5512 :ediﬁciis,
879 5447 970 5516 qui
1012 5455 1296 5514 antequam
1335 5445 1542 5513 priores
1580 5445 1786 5515 lapides

177 5544 452 5612 conjuncti
485 5543 626 5608 sint,
659 5541 795 5595 alios
826 5539 1249 5610 superimponit,
1278 5553 1384 5593 non
1417 5537 1628 5592 ﬁrmum
1650 5579 1665 5606 ,
1692 5540 1786 5593 sed

180 5633 334 5690 facile
365 5639 634 5690 ruiturum
668 5636 827 5690 struit
861 5635 1152 5705 parietem;
1181 5634 1271 5703 qui
1301 5643 1479 5688 autem
1513 5642 1791 5702 exspectat

179 5725 349 5782 donec
378 5729 532 5783 calce
561 5728 862 5792 ﬁrmentur,
893 5739 949 5781 et
973 5728 1050 5782 sic
1078 5727 1329 5797 paulatim
1358 5736 1556 5782 cmtera
1583 5726 1785 5795 adjicit,

182 5828 372 5884 tutam,
402 5820 611 5875 firmam
635 5820 833 5890 diuque
853 5820 1164 5874 duraturam
1192 5819 1410 5875 domum
1441 5823 1658 5876 excitat.
1685 5820 1792 5876 llos

184 5914 380 5966 aedium
418 5924 712 5968 structores
742 5924 795 5968 et
837 5927 938 5968 nos
977 5899 1270 5980 imitemur,
1304 5913 1601 5986 eodemque
1633 5913 1794 5970 modo

524 6034 786 6094 ΡΑτιιοι..
831 6031 947 6090 Gn.
998 6029 1159 6089 LIX.

1882 4729 2093 4805 vestras
2123 4719 2450 4778 mdiﬁcemus
2488 4723 2696 4776 animas
2721 4725 2759 4777 ί.
2794 4724 3074 4783 Timemus
3101 4732 3244 4785 enim
3268 4774 3281 4797 ,
3315 4751 3379 4787 ne
3411 4753 3498 4789 rc-

1884 4828 2016 4869 ccns
2041 4828 2162 4867 cum
2193 4813 2264 4865 sit
2294 4813 2445 4882 prior
2471 4821 2761 4880 structura,
2791 4820 3044 4875 secunda:
3075 4822 3273 4880 addita:
3302 4842 3498 4897 Specu-

1888 4908 2134 4971 lationes,
2160 4907 2368 4976 priores
2393 4909 2760 4976 pessumdeut,
2790 4924 2910 4965 cum
2941 4929 3094 4969 mens
3123 4931 3354 4987 nequeat
3383 4939 3498 4975 unt-

1888 5001 1975 5054 nia
2015 4999 2174 5054 simul
2216 4999 2518 5054 coutittere.
2548 5000 2688 5068 Quid
2732 5003 2893 5073 igitur
2933 5003 3092 5061 hodie
3137 5009 3335 5065 lectum
3379 5023 3494 5079 est,

1887 5089 2019 5145 Erat
2049 5090 2140 5145 lita:
2159 5107 2276 5143 vero
2300 5107 2413 5160 qna:
2436 5091 2692 5147 illuminat
2717 5111 2916 5149 omnem
2947 5096 3203 5153 hominem
3226 5105 3502 5161 uenientem

1888 5183 1941 5236 in
1982 5183 2117 5236 hunc
2158 5182 2428 5236 mundum.
2457 5183 2555 5249 Qui
2601 5186 2745 5239 enim
2793 5203 2955 5257 supra
2988 5190 3057 5247 de
3087 5190 3297 5251 Joanne
3325 5197 3502 5253 disse-

1893 5292 2035 5362 rens,
2072 5276 2285 5331 diccbat
2309 5292 2432 5331 eum
2466 5278 2700 5344 venisse,
2739 5279 2808 5335 Ut
2844 5277 3186 5339 testimonium
3223 5290 3504 5354 perhiberet

1893 5370 1955 5424 de
1984 5369 2206 5436 lumine,
2239 5381 2294 5425 et
2332 5386 2475 5425 nunc
2516 5375 2740 5428 missum
2781 5390 2942 5441 esse;
2986 5395 3052 5433 ne
3091 5382 3212 5449 quis
3254 5383 3369 5438 htec
3408 5401 3504 5438 au-

1892 5463 2076 5524 diens,
2108 5463 2178 5517 ob
2207 5479 2472 5532 nuperum
2505 5465 2843 5520 testificantis
2873 5469 3195 5540 adventum,
3227 5474 3295 5529 de
3325 5491 3390 5530 eo
3420 5481 3502 5532 cui

1895 5556 2260 5609 testimonium
2295 5555 2567 5611 ferebatur
2600 5557 2829 5627 aliquam
2863 5563 3224 5630 suspicionem
3259 5569 3506 5623 admitte-

1897 5658 2000 5715 ret,
2035 5659 2242 5705 mentes
2272 5651 2444 5704 ercxit
2467 5692 2482 5718 ,
2511 5662 2564 5706 et
2603 5651 2666 5706 ad
2697 5655 2842 5708 omni
2876 5655 3142 5728 principio
3172 5664 3505 5730 superiorem

1966 5807 1981 5836 ι
2019 5805 2092 5854 sic
2134 5807 2470 5878 Mssuqmdam
2495 5817 2654 5878 recte.
2680 5813 2822 5863 savil.
2853 5824 3018 5865 autem
3039 5825 3091 5867 et
3115 5814 3277 5866 Morel.
3308 5855 3320 5878 ,
3348 5819 3508 5869 imitus

1901 5878 2090 5944 ante...
2132 5866 2454 5944 erdiﬁcannts,
2494 5871 2701 5944 legunt;
2729 5889 2841 5938 quae
2874 5878 2932 5926 ad
2966 5866 3151 5932 seriem
3181 5866 3507 5944 Citrystatmitl

1904 5940 2002 5978 non
2038 5937 2134 5979 tam
2158 5931 2288 5980 bene
2312 5931 2571 5994 quadrare'
2581 5931 2826 5988 videntur.
