4078 6478
630 432 696 484 (i3

629 540 992 598 c-xsistentiam
1023 527 1350 593 transmisit,
1384 538 1503 594 qua:
1536 518 1738 574 nullum
1769 512 2012 568 habitura
2043 507 2204 561 linem

629 645 731 690 est.
761 633 827 689 Et
852 627 1118 703 quomodo
1148 628 1370 694 possunt
1400 617 1516 672 haec
1541 626 1692 676 esse,
1725 606 1958 679 inquies,
1992 597 2206 703 cum'sit

637 688 829 782 Pilius'
850 688 969 776 {De
992 719 1101 773 Deo
1120 688 1406 785 loquimur,
1430 718 1485 762 et
1507 713 1564 760 tu
1590 703 1885 771 interrogas
1905 688 2206 767 quomodo?

637 830 806 888 neque
836 814 990 869 times
1014 809 1100 865 vel
1128 801 1431 863 horrescis?
1455 798 1536 855 Ad
1567 796 1703 861 haec,
1732 793 1776 848 si
1803 790 1924 888 quis
1949 792 2150 888 quierat
2176 797 2206 837 a

635 921 704 973 te,
722 875 993 978 quomodo
1020 901 1212 956 animm
1231 903 1284 952 et
1303 907 1527 962 corpora
1554 883 1836 978 immortali
1861 881 1967 935 vita
1988 875 2207 932 fruitura

633 959 767 1064 sint:
789 992 1257 1064 interrogationem
1286 959 1432 1041 illam
1457 959 1672 1042 rideliis,
1701 974 1851 1047 quasi
1882 986 1986 1027 non
2015 970 2083 1023 sit
2112 966 2211 1020 hu.

634 1104 808 1145 mana:
835 1084 1029 1142 mentis
1056 1092 1316 1152 quaerere,
1338 1073 1434 1131 sed
1459 1069 1680 1127 credere
1707 1075 1908 1121 tantum
1929 1069 2205 1131 Oporteat;

635 1194 806 1251 neque
840 1177 1038 1234 dictum
1075 1149 1206 1226 illud
1247 1164 1474 1224 scrutari
1500 1203 1513 1228 ,
1544 1159 1696 1229 cujus
1725 1155 1994 1251 sufﬁciens
2021 1152 2090 1205 sit
2112 1149 2207 1251 de-

637 1239 949 1327 monstratio
977 1261 1202 1320 dicentis
1239 1257 1475 1330 petentia
1499 1270 1515 1319 ;
1545 1251 1626 1306 sin
1656 1254 1833 1303 autem
1864 1243 2013 1298 illum
2039 1239 2128 1311 qui
2158 1249 2212 1293 et

634 1366 839 1421 animas
876 1371 932 1418 et
976 1371 1200 1428 corpora
1247 1350 1484 1415 creavit,
1532 1355 1584 1403 et
1629 1342 1771 1399 nulla
1813 1333 2210 1406 comparatione

635 1467 932 1518 creaturam
963 1450 1266 1506 universam
1298 1447 1622 1512 exsuperat,
1653 1436 1768 1492 sine
1806 1428 2064 1503 principio
2092 1438 2211 1480 esse

635 1516 894 1608 dicamus,
923 1552 978 1596 tu
1007 1535 1358 1607 intcrrogabis
1384 1528 1652 1602 quomodo
1677 1524 1727 1579 id
1759 1525 1951 1576 factum
1978 1516 2084 1573 sit?
2111 1514 2212 1570 Ec-

635 1637 755 1708 quis
780 1649 924 1691 sane:
951 1629 1144 1688 mentis
1171 1627 1284 1682 hinc
1313 1638 1433 1681 esse
1461 1617 1696 1678 dixerit?
1728 1615 1848 1686 quis
1874 1613 2010 1668 bene
2035 1609 2213 1662 valen-

639 1704 705 1783 t‘is
733 1726 894 1783 animi
922 1735 974 1780 et
1004 1719 1306 1780 ratiocinii?
1336 1714 1571 1772 Audistis
1601 1709 1750 1775 illud,
1784 1707 1908 1762 Erat
1947 1704 2037 1758 lux
2072 1717 2206 1756 vera.

637 1818 772 1886 Quid
804 1817 996 1872 frustra
1023 1809 1338 1875 contendis,
1369 1815 1428 1861 ut
1457 1804 1714 1860 inﬁnitam
1755 1800 1900 1854 illam
1932 1796 2091 1872 vitam
2122 1807 2208 1846 ra-

636 1885 851 1964 tiocinio
870 1903 1190 1976 assequaris,
1214 1915 1332 1971 quae
1354 1911 1458 1953 non
1484 1901 1658 1966 potest
1680 1889 1904 1960 attingi?
1922 1885 2048 1958 quid
2068 1899 2212 1954 qua:-

636 2003 707 2056 ris
735 2015 796 2056 ea
827 2014 942 2070 qua:
971 1994 1177 2067 exquiri
1203 1990 1515 2064 nequeunt?
1536 2003 1633 2043 cur
1657 1977 2211 2054 incomprehensibilia

633 2091 926 2148 scrutaris?
963 2105 1058 2145 cur
1096 2087 1371 2144 examinas
1399 2098 1459 2138 ea
1488 2098 1606 2152 qua:
1635 2076 1871 2134 examini
1893 2091 1996 2129 non
2029 2071 2211 2141 subja-

633 2185 798 2241 cent?
824 2183 1084 2239 Salarium
1116 2179 1382 2234 radiorum
1412 2174 1658 2246 pcrquire
1682 2170 1944 2230 radicem;
1977 2180 2082 2220 non
2113 2177 2210 2233 po.

638 2275 764 2332 teris
793 2272 1037 2343 assequi.
1078 2283 1252 2341 neque
1292 2275 1469 2322 tamen
1508 2259 1830 2332 indignaris,
1862 2271 2034 2327 neque
2072 2268 2213 2324 aegre

637 2369 744 2422 fers
785 2363 1195 2420 imbecillitatem
1229 2372 1392 2413 tuam.
1430 2356 1537 2411 Cur
1569 2368 1696 2421 ergo
1724 2351 1775 2405 in
1802 2347 2090 2417 majoribus
2114 2360 2212 2398 au-

635 2462 735 2515 dax
763 2475 824 2514 es
849 2469 902 2513 et
931 2452 1284 2511 temerarius?
1308 2451 1540 2506 Joannes
1566 2447 1703 2500 lilius
1724 2441 1963 2506 touitrui,
1990 2439 2079 2510 qui
2104 2435 2212 2506 spi-

635 2551 808 2608 rituali
839 2548 962 2603 tuba
987 2546 1162 2610 canit,
1196 2543 1282 2598 ubi
1319 2540 1443 2596 illud
1463 2579 1480 2605 ,
1513 2537 1670 2600 Erat,
1700 2548 1727 2586 a
1756 2531 1953 2601 Spiritu
1982 2528 2210 2592 audivit,

635 2643 763 2698 nihil
793 2642 925 2695 ultra
953 2635 1198 2709 quaesivit
1226 2651 1238 2688 :
1268 2641 1324 2688 et
1363 2640 1416 2685 tu
1454 2643 1558 2683 non
1601 2625 1711 2695 pari
1751 2622 1918 2693 gratia
1948 2619 2210 2684 donatus,

633 2733 720 2803 qui
749 2747 816 2788 ex
855 2708 1078 2784 intirmis
1120 2721 1410 2781 ratiociniis
1453 2718 1557 2774 tuis
1592 2714 1827 2785 loqueris
1850 2752 1866 2778 ,
1897 2708 2215 2782 cognitionis

636 2824 777 2878 illius
806 2821 1092 2877 terminum
1138 2811 1515 2873 transcendere
1555 2806 1803 2864 conaris?
1842 2803 2072 2872 Ideoque
2109 2816 2213 2855 non

634 2929 814 2985 parem
840 2914 926 2976 ei.
958 2925 1116 2983 quam
1158 2909 1248 2964 ille
1288 2903 1503 2970 habuit,
1543 2902 1780 2956 notitiam
1807 2911 2037 2969 unquam
2065 2907 2210 2949 asse-

632 3007 828 3078 queris.
860 2999 1168 3074 llnjusmodi
1198 3011 1426 3067 namque
1454 3004 1535 3050 est
1559 2991 1754 3048 diaboli
1783 2989 2049 3045 calliditas
2075 3002 2088 3044 :
2118 2999 2212 3040 eos

588 3147 592 3150 .
636 3097 725 3168 qui
753 3095 826 3151 illi
853 3095 1240 3164 obsequuntur,
1266 3098 1415 3145 extra
1446 3085 1702 3144 terminos
1727 3097 1755 3135 a
1787 3082 1896 3136 Deo
1925 3078 2077 3135 nobis
2117 3091 2212 3147 po-

637 3191 769 3244 sitos
796 3183 1069 3250 transfert,
1100 3181 1250 3253 quasi
1292 3179 1448 3249 longe
1473 3176 1725 3232 ulteriora
1752 3174 2010 3243 attingere
2040 3168 2213 3240 possi~

636 3295 750 3333 mus
773 3295 786 3331 :
812 3284 1088 3347 postquam
1111 3281 1286 3326 autem
1313 3269 1414 3324 hac
1439 3282 1534 3339 spe
1560 3266 1824 3321 inescatos
1846 3279 1874 3318 a
1899 3262 2073 3317 divina
2095 3275 2214 3331 gra-

637 3372 706 3425 tia
736 3366 976 3433 extrusit,
1007 3375 1132 3420 tunc
1154 3363 1366 3418 demum
1396 3375 1500 3416 non
1530 3357 1689 3413 modo
1712 3356 1842 3412 nihil
1876 3355 2012 3409 ultra
2035 3353 2209 3417 addit;

634 3457 899 3530 quomodo
926 3456 1066 3512 enim
1096 3453 1147 3511 id
1178 3453 1377 3509 faceret
1398 3492 1412 3516 ,
1440 3449 1694 3530 diabolus
1709 3463 1828 3503 cum
1855 3443 1968 3501 sit?
1990 3442 2085 3500 sed
2115 3457 2213 3498 nec

635 3555 758 3608 sinit
784 3559 836 3606 ut
879 3549 946 3604 ad
987 3548 1163 3620 priora
1184 3585 1197 3610 ,
1233 3546 1284 3599 in
1311 3543 1460 3615 queis
1489 3550 1601 3596 tuto
1632 3527 1994 3600 versabantur,
2022 3533 2211 3590 redea—

637 3659 792 3709 mus;
822 3657 1006 3698 verum
1036 3641 1234 3695 circum
1265 3649 1473 3706 quaque
1508 3635 1614 3704 agit
1649 3639 1896 3687 errantes
1917 3670 1932 3695 ,
1962 3628 2051 3699 qui
2089 3641 2213 3681 nus-

639 3752 793 3807 quam
821 3735 1114 3791 consistere
1145 3730 1426 3801 possimus.
1459 3726 1548 3782 Sic
1586 3725 1811 3796 primum
1843 3731 2119 3792 parentem
2146 3733 2213 3772 cx

639 3826 882 3898 paradiso
917 3823 1165 3882 excidere
1202 3822 1423 3877 curavit.
1455 3819 1586 3873 Cum
1624 3816 1766 3872 enim
1804 3814 1952 3868 illum
1983 3827 2078 3882 spe
2103 3825 2217 3863 ma-

639 3919 766 3990 joris
795 3916 1032 3973 scientiae
1061 3923 1118 3970 et
1144 3909 1363 3970 honoris
1390 3909 1624 3966 inflasset
1649 3948 1663 3969 .
1697 3907 1855 3963 etiam
1886 3905 2032 3959 illum
2057 3903 2124 3956 ali
2155 3901 2218 3956 iis

639 4010 830 4081 quibus
871 4007 1155 4079 tranquille
1195 4005 1465 4060 fruebatur
1502 4001 1679 4071 ejecit.
1721 3995 1836 4053 Non
1881 3995 2038 4050 modo
2074 3993 2214 4048 enim

643 4114 748 4156 non
777 4100 943 4154 factus
971 4107 1053 4155 est
1091 4097 1306 4168 aqualis
1343 4095 1480 4157 Deo,
1513 4102 1568 4148 ut
1598 4092 1694 4161 ipsi
1729 4089 2092 4160 pollicebatur,
2122 4084 2214 4140 sed

641 4192 743 4248 sub
783 4191 969 4247 mortis
1010 4187 1343 4261 tyrannidem
1385 4184 1654 4248 detrusit;
1690 4197 1788 4237 nec
1821 4180 1997 4235 solum
2029 4195 2056 4230 a
2089 4177 2214 4244 ligni

641 4299 735 4341 esu
774 4283 904 4338 nihil
949 4281 1184 4350 accepit,
1215 4278 1311 4333 sed
1353 4278 1512 4332 etiam
1554 4291 1620 4331 ex
1666 4275 1750 4328 illa
1791 4288 1949 4342 quam
1993 4269 2221 4324 habebat

643 4375 864 4430 scientia
897 4387 1001 4427 non
1029 4386 1214 4442 parum
1243 4368 1420 4423 amisit
1443 4407 1457 4430 ,
1492 4365 1650 4434 idque
1678 4380 1773 4434 spe
1801 4362 2016 4431 majoris
2048 4359 2217 4428 adipi-

646 4465 875 4520 scendae.
919 4463 1047 4518 Nam
1093 4470 1218 4516 tunc
1259 4459 1488 4530 primum
1529 4457 1596 4511 de
1635 4455 1871 4509 nuditate
1905 4453 2219 4508 erubescere

645 4554 841 4624 coepit,
881 4568 1000 4606 cum
1043 4559 1194 4606 antea
1239 4550 1386 4604 omni
1426 4546 1627 4618 pudore
1667 4555 1720 4599 et
1761 4545 1952 4598 rubore
1979 4541 2219 4612 superior

648 4648 850 4702 fuisset.
883 4643 1010 4699 lllud
1051 4643 1211 4698 etiam
1241 4639 1382 4712 quod
1411 4654 1468 4695 se
1499 4639 1696 4693 nudum
1731 4651 1851 4692 esse
1888 4636 2215 4699 adverteret,

646 4739 786 4809 quod
815 4737 1050 4792 vestibus
1080 4734 1271 4790 exinde
1314 4742 1524 4803 egeret,
1555 4729 1686 4785 illud
1707 4771 1720 4793 ,
1751 4733 1995 4798 inquam,
2028 4736 2082 4783 et
2120 4727 2219 4780 alia

648 4828 872 4898 plurima
898 4825 1064 4880 tristia
1087 4823 1413 4879 acciderunt.
1438 4820 1590 4889 Quod
1613 4835 1679 4874 ne
1702 4819 1853 4873 nobis
1874 4834 2082 4886 quoque
2102 4833 2223 4871 cnn-

652 4923 851 4990 tingat,
883 4917 990 4972 Deo
1019 4915 1474 4984 obtemperemus,
1515 4913 1632 4981 ejus
1673 4922 1934 4980 praecepta
1973 4909 2224 4964 observe-

652 5026 788 5076 mus,
815 5017 869 5065 et
897 5008 1028 5063 nihil
1057 5008 1283 5062 ulterius
1308 5007 1522 5060 curiose
1547 5004 1947 5075 perquiramus;
1981 5009 2038 5054 ut
2064 5016 2129 5055 nc
2158 5014 2223 5054 ex

655 5103 807 5158 nobis
827 5100 1098 5156 concessis
1123 5099 1429 5155 excidamus
1454 5097 1624 5160 bonis,
1649 5095 1789 5167 quod
1816 5104 1869 5149 et
1893 5095 1991 5148 illis
2012 5092 2222 5148 accidit.

656 5196 788 5250 Dum
827 5195 966 5248 enim
1002 5192 1124 5246 vitm
1167 5191 1428 5262 principio
1481 5190 1709 5244 carentis
1757 5186 2070 5257 principium
2108 5198 2226 5254 pcr-

652 5288 902 5355 quirunt,
933 5286 1094 5339 etiam
1126 5285 1211 5338 illa
1245 5297 1361 5353 quae
1402 5281 1599 5336 habere
1638 5288 1878 5349 poterant
1914 5277 2223 5332 amiserunt.

654 5377 833 5446 Neque
857 5377 996 5431 enim
1025 5376 1074 5430 id
1101 5374 1238 5444 quod
1260 5374 1570 5445 qumrebant
1593 5374 1936 5433 invenerunt;
1964 5385 2066 5423 non
2086 5366 2226 5423 enim

657 5476 902 5537 poterant
926 5486 939 5532 ;
974 5478 1132 5536 atque
1158 5482 1188 5521 a
1215 5482 1340 5521 sana
1363 5467 1504 5521 circa
1525 5465 1862 5535 Unigenitum
1895 5462 1996 5516 tide
2019 5460 2229 5516 excide-

655 5573 794 5618 runt.
821 5563 1001 5616 Alnos
1031 5577 1094 5617 ne
1124 5560 1498 5615 transferamus
1523 5559 1776 5613 terminos
1800 5555 2068 5624 antiquos,
2098 5568 2230 5622 quos

658 5665 948 5724 posuerunt
974 5664 1152 5725 patres
1186 5654 1383 5715 nostri,
1413 5662 1466 5708 ct
1492 5653 1684 5721 ubique
1708 5650 1935 5720 Spiritus
1961 5648 2128 5702 sancti
2153 5647 2228 5700 le-

723 5852 741 5881 ‘
773 5858 910 5902 Juxta
928 5853 1156 5917 quosdam
1175 5852 1438 5917 legendum
1458 5861 1551 5914 est,
1578 5865 1686 5901 cum
1710 5852 1768 5901 sit
1795 5849 1944 5900 Filius
1967 5848 2176 5899 (timore.

1343 412 1400 467 S.
1440 401 1718 464 ιοιΝΝιε
1753 387 2214 458 οιιῐιιδοδτοιιι

2322 384 2579 444 RCIIIEP.
2621 379 3152 441 CONSTANTINOP.
3835 374 3907 428 ιιι

2314 501 2470 571 gibus
2495 500 2747 557 cedamus
2772 516 2785 553 :
2810 507 2864 554 et
2891 513 3011 553 cum
3037 494 3304 557 audimus.
3339 492 3462 547 Erat
3490 493 3581 548 tua
3607 507 3745 557 uera,
3770 488 3903 544 nihil

2315 595 2537 651 ulterius
2564 591 2890 662 inquiramus
2915 606 2928 642 :
2953 602 3126 655 neque
3147 586 3290 641 enim
3313 583 3446 638 ultra
3471 596 3757 654 possumus
3779 595 3905 650 per-

2317 689 2542 759 tingere.
2570 685 2703 741 Nam
2731 683 2776 740 si
2805 683 2947 738 Deus
2983 689 3040 736 ut
3077 679 3238 734 homo
3267 678 3569 748 genuisset,
3597 675 3910 730 necessario

2317 780 2586 836 interstitii
2625 777 2896 849 quidpiam
2939 774 3126 829 fuisset
3157 773 3452 844 genitorem
3485 770 3623 824 inter
3661 778 3713 823 et
3751 768 3907 836 geni-

2319 880 2428 926 tum
2454 890 2468 936 ;
2500 871 2592 927 sed
2630 874 2750 940 quia
2788 865 3038 922 inell'abili
3079 865 3240 919 modo
3268 871 3322 919 et
3347 874 3400 917 ut
3429 862 3594 916 Deum
3621 860 3778 915 decet
3804 872 3906 930 ge-

2319 963 2458 1030 nuit,
2480 962 2685 1017 abstine
2707 959 2775 1015 ab
2801 959 2884 1014 his
2907 956 3148 1020 vocibus,
3170 964 3287 1009 ante
3313 965 3366 1008 el
3392 962 3501 1024 post
3522 967 3541 1006 :
3570 953 3683 1006 lucc
3703 950 3907 1020 quippe

2318 1065 2618 1124 temporum
2639 1050 2853 1107 nomina
2879 1057 3004 1104 sunt
3027 1065 3039 1101 :
3065 1045 3229 1102 Filius
3249 1060 3377 1101 vero
3397 1045 3556 1101 etiam
3582 1042 3907 1099 saeculorum

2316 1147 2553 1202 omnium
2581 1142 2825 1199 conditor
2848 1150 2951 1196 est.

2387 1237 2444 1291 2.
2482 1235 2612 1290 Vera
2633 1235 2695 1288 de
2727 1231 2882 1286 Patre
2905 1241 2952 1287 et
2977 1230 3040 1285 de
3072 1229 3208 1286 Filio
3252 1229 3500 1302 doctrina.
3551 1224 3907 1282 Sabbelliam

2317 1347 2430 1384 rum
2489 1338 2534 1383 et
2588 1326 3038 1382 Harecflianorum
3095 1323 3311 1379 insania.
3371 1321 3586 1377 Peccata
3649 1318 3906 1390 quomodo

2317 1419 2828 1488 abluantur.-—Et'go
2858 1433 2962 1471 non
2995 1425 3162 1486 pater.
3181 1415 3312 1479 ales,
3332 1413 3426 1469 sed
3455 1412 3617 1466 frater
3644 1419 3746 1465 est.
3769 1410 3908 1477 Qua:

2319 1516 2629 1580 necessitas,
2661 1512 2889 1584 quaeso?
2917 1511 3048 1566 Nam
3081 1511 3124 1565 si
3157 1509 3369 1564 Patrem
3389 1514 3450 1563 et
3487 1505 3679 1560 Filiu'n
3709 1518 3772 1558 ex
3794 1501 3904 1556 alia

2319 1621 2372 1667 et
2397 1611 2601 1665 diversa
2628 1606 2808 1664 radice
2836 1616 2985 1662 ortos
3028 1603 3328 1659 diceremus
3353 1641 3368 1666 ,
3416 1599 3531 1655 lucc
3563 1599 3683 1669 jure
3719 1595 3909 1651 dicere

2320 1717 2507 1775 posses
2540 1721 2557 1756 -.
2585 1702 2668 1756 sin
2713 1700 2852 1755 hanc
2893 1699 3124 1752 vitamus
3165 1695 3526 1764 impietatem,
3571 1690 3908 1757 dicimusth

2319 1795 2528 1850 Patrem
2553 1793 2669 1848 sine
2696 1791 2954 1862 principio
2983 1804 3135 1855 esse,
3163 1802 3261 1842 nec
3285 1785 3518 1856 genitura
3563 1781 3762 1843 fuisse;
3807 1777 3905 1833 Fi-

2319 1885 2445 1940 lium
2477 1899 2606 1939 vero
2632 1885 2749 1938 sine
2775 1880 3039 1953 principio
3065 1878 3278 1949 quidem
3318 1889 3439 1930 esse
3462 1914 3478 1937 .
3526 1870 3619 1927 sed
3659 1871 3907 1941 genitum

2320 1992 2349 2030 a
2377 1977 2530 2031 Patre
2555 2017 2571 2041 ,
2599 1991 2716 2045 quae
2746 1973 3037 2030 necessitas
3065 1985 3133 2026 ex
3167 1969 3265 2024 hac
3291 1966 3611 2039 cogitatione
3634 2005 3650 2031 ,
3679 1962 3907 2034 impium

2319 2069 2465 2124 illum
2493 2067 2693 2123 inferre
2721 2063 3061 2122 sermonem?
3097 2060 3252 2118 Nulla
3283 2075 3431 2115 sane.
3464 2057 3674 2113 Etenim
3716 2057 3906 2126 splen-

2317 2159 2416 2214 dor
2441 2169 2555 2223 est;
2587 2156 2843 2229 splendor
2867 2166 3046 2210 autem
3082 2152 3239 2208 simul
3282 2149 3594 2220 intelligitur
3632 2161 3751 2203 cum
3801 2161 3906 2200 na-

2319 2262 2436 2310 tura
2468 2253 2554 2308 illa
2576 2293 2590 2318 ,
2624 2251 2775 2321 cujus
2801 2257 2886 2306 est
2909 2247 3183 2319 splendor.
3211 2244 3333 2300 ldeo
3361 2243 3502 2299 enim
3535 2241 3728 2297 Paulus
3753 2238 3908 2293 illum

2317 2347 2396 2402 sic
2422 2344 2628 2398 vocavit
2651 2382 2667 2406 ,
2703 2352 2761 2395 ut
2787 2339 2916 2395 nihil
2947 2338 3179 2395 medium
3219 2334 3569 2406 suspicareris
3613 2331 3752 2386 inter
3799 2328 3911 2384 Pa-

2320 2446 2454 2492 trem
2482 2444 2536 2492 et
2573 2434 2808 2490 Filium:
2845 2430 2897 2486 id
2937 2431 3078 2486 enim
3131 2428 3234 2483 hoc
3282 2427 3497 2482 nomine
3546 2423 3902 2495 signiﬁcatur.

2319 2529 2445 2585 Post
2473 2528 2574 2582 hoc
2602 2524 2906 2596 exemplum
2931 2564 2946 2588 ,
2983 2537 3103 2578 eam
3150 2535 3270 2591 qua:
3326 2519 3447 2572 hinc
3497 2516 3636 2587 apud
3686 2514 3908 2568 insanos

2318 2621 2546 2677 suboriri
2575 2627 2780 2690 poterat
2823 2615 3205 2672 absurditatcm
3251 2611 3489 2682 corrigit.
3537 2609 3652 2673 Ne,
3699 2605 3905 2678 inquit,

2318 2712 2567 2783 quoniam
2599 2707 2941 2780 splendorem
2989 2705 3220 2767 audisti,
3257 2704 3428 2772 ipsum
3470 2699 3680 2770 propria
3731 2697 3910 2767 hypo-

2317 2804 2444 2857 ειτιεὶ
2476 2801 2670 2873 privari
2701 2811 2873 2871 putes.
2905 2797 3036 2853 Nam
3069 2796 3288 2866 impium
3317 2795 3417 2847 hoc
3437 2799 3597 2855 esset,
3632 2799 3686 2845 et
3709 2787 3909 2843 Sabelc

2317 2895 2577 2950 lianorum
2604 2890 3173 2957 Marcellianorumque
3199 2885 3421 2940 insania.
3447 2881 3556 2941 Nos
3584 2890 3761 2934 autem
3793 2893 3909 2932 non

2316 2985 2390 3041 ita
2417 2984 2712 3049 sentimus,
2751 2981 2844 3035 sed
2894 2982 3065 3050 ipsum
3115 2978 3168 3032 in
3219 2976 3431 3048 propria
3476 2973 3577 3028 sibi
3629 2967 3911 3043 hypOstasi

2318 3092 2437 3134 esse
2467 3077 2696 3132 dicimus
2727 3092 2739 3127 :
2772 3073 2892 3128 ideo
2919 3079 3197 3142 postquam
3237 3067 3384 3122 illum
3430 3061 3770 3136 splendorem
3807 3075 3910 3130 ap-

2318 3171 2643 3242 pellaverat,
2689 3167 2902 3231 intulit,
2964 3163 3031 3218 Et
3079 3163 3340 3217 character
3386 3143 3681 3213 substantia
3723 3154 3912 3220 illius,

2318 3263 2516 3336 (Hebr.
2557 3263 2608 3316 1.
2645 3260 2744 3331 '5),
2777 3268 2832 3313 ut
2861 3256 3130 3328 propriam
3180 3252 3490 3324 hypustasin
3537 3248 3866 3319 signiﬁcaret
3891 3287 3911 3310 ,

2318 3357 2735 3426 ostenderetque
2761 3354 2932 3422 ipsum
2960 3366 3024 3407 ex
3056 3347 3244 3405 eadem
3271 3361 3392 3402 esse
3417 3342 3732 3405 substantia,
3749 3339 3914 3409 cujus

2318 3449 2599 3506 character
2628 3455 2731 3502 est.
2772 3443 2956 3513 Neque
2978 3439 3120 3497 enim
3154 3439 3283 3494 satis
3312 3448 3395 3493 est
3437 3435 3656 3491 verbum
3696 3447 3864 3487 unum
3893 3473 3911 3494 ,

2319 3552 2376 3596 ut
2397 3543 2505 3610 jam
2531 3539 2677 3604 dixi,
2708 3537 2774 3592 ad
2805 3536 2893 3592 illa
2921 3535 2988 3590 de
3030 3533 3140 3589 Deo
3177 3531 3425 3602 dogmata
3475 3525 3781 3583 hominibus
3828 3527 3913 3579 si-

2318 3631 2616 3706 gnificanda
2652 3649 2665 3685 :
2699 3630 2792 3686 sed
2821 3625 3113 3699 optandum
3141 3633 3197 3679 ut
3226 3623 3406 3680 multis
3434 3620 3593 3676 simul
3618 3617 3813 3683 allatis,
3841 3634 3912 3672 ca

2319 3725 2540 3796 singulis
2553 3721 2691 3792 quod
2709 3719 2989 3777 conveniat
3005 3717 3310 3787 seligamus.
3349 3712 3421 3768 lta
3445 3713 3586 3767 enim
3613 3708 3917 3781 poterimus

2320 3816 2479 3886 digne
2501 3813 2727 3885 gloriam
2757 3811 2847 3866 Dei
2871 3809 3178 3871 celebrare;
3207 3806 3365 3876 digne
3383 3803 3587 3858 scilicet
3611 3798 3914 3856 secundum

2322 3909 2622 3963 facultatem
2653 3914 2908 3960 nostram.
2940 3901 2995 3957 Si
3027 3901 3146 3972 quis
3192 3899 3337 3954 enim
3389 3895 3457 3952 de
3503 3895 3590 3950 illa
3643 3893 3802 3964 digne
3848 3907 3917 3947 se

2320 3999 2462 4071 loqui
2492 4012 2646 4070 posse
2673 4004 2841 4067 putet,
2872 4003 3030 4064 atque
3055 3997 3329 4047 assereret
3353 4003 3412 4043 se
3434 3988 3504 4043 ita
3528 3988 3693 4041 Deum
3722 3997 3913 4049 nosse,

2322 4103 2379 4147 ut
2403 4094 2516 4163 ipse
2543 4107 2601 4146 se
2630 4091 2807 4155 novit,
2838 4089 2884 4143 is
2907 4087 3137 4142 maxime
3163 4085 3327 4139 Deum
3360 4083 3589 4153 ignorat.
3622 4080 3745 4132 Ilzec
3781 4093 3914 4132 cunt

2322 4187 2552 4239 sciamus
2571 4223 2583 4246 ,
2611 4182 2895 4250 diligenter
2922 4178 3247 4232 retineamus
3273 4189 3334 4229 ea
3363 4189 3481 4244 qua:
3513 4170 3782 4225 tradidere
3805 4186 3915 4222 nn-

2325 4279 2406 4333 bis
2433 4277 2468 4331 ii
2495 4276 2583 4346 qui
2610 4274 2680 4328 ab
2705 4272 2855 4327 initio
2885 4270 3012 4342 ipsis
3037 4269 3209 4323 oculis
3257 4267 3540 4329 viderunt,
3585 4273 3638 4319 et
3677 4263 3918 4317 ministri

2325 4371 2474 4425 fuere
2518 4366 2717 4431 Verbi,
2767 4379 2942 4434 neque
2990 4362 3125 4416 ultra
3176 4360 3386 4415 curiose
3429 4367 3746 4413 scrutemur.
3795 4354 3923 4410 Duo

2325 4475 2557 4529 namque
2607 4459 2803 4512 damna
2862 4457 2964 4509 hoc
3010 4453 3199 4508 morbo
3255 4451 3560 4505 laborantes
3610 4445 3915 4502 invadent:

2324 4549 2465 4622 quod
2497 4557 2701 4604 temere
2734 4547 2976 4600 laborent
3004 4543 3091 4596 illa
3123 4539 3414 4611 qua‘rendo
3435 4580 3450 4606 ,
3497 4553 3617 4608 quae
3667 4537 3920 4591 invenire

2327 4649 2632 4712 nequeunt;
2663 4647 2716 4692 et
2738 4636 2879 4707 quod
2914 4637 3078 4690 Deum
3107 4635 3158 4687 in
3189 4633 3320 4686 iram
3354 4641 3668 4701 provocent,
3698 4630 3826 4684 dum
3847 4631 3924 4682 :ila

2328 4735 2444 4805 ipso
2472 4732 2676 4803 positos
2703 4730 2962 4784 terminos
2985 4735 3228 4782 evertere
3252 4734 3538 4779 conantur.
3569 4722 3717 4790 Quod
3748 4739 3918 4793 quan-

2329 4835 2511 4895 topere
2539 4825 2669 4877 iram
2702 4822 2796 4888 Dei
2822 4821 3090 4885 concitet,
3123 4834 3227 4873 non
3258 4833 3393 4887 Opus
3419 4827 3501 4872 est
3533 4817 3683 4871 vobis
3707 4815 3922 4881 dicere,

2329 4933 2446 4973 cum
2477 4916 2523 4970 id
2554 4930 2739 4968 omnes
2768 4915 2970 4968 sciatis.
2996 4912 3358 4980 Quamobrem
3393 4909 3553 4963 missa
3579 4909 3794 4964 illorum
3821 4925 3920 4963 ar-

2332 5009 2567 5082 rogantia
2593 5049 2608 5073 ,
2643 5007 2734 5061 Dei
2758 5005 2918 5060 verba
2942 5022 3061 5059 cum
3091 5015 3323 5058 tren‘iore
3359 5003 3636 5056 audiamus
3659 5041 3674 5062 ,
3717 5010 3777 5054 ut
3827 5002 3927 5057 ille

2332 5110 2589 5173 perpetuo
2613 5113 2712 5154 nos
2745 5108 2955 5153 tueatur
2985 5113 2999 5149 :
3033 5112 3154 5150 nam
3183 5095 3255 5148 ait
3276 5135 3293 5160 ,
3340 5095 3416 5146 Ad
3459 5111 3607 5163 quem
3647 5093 3926 5160 respiciam

2333 5196 2429 5249 uisi
2453 5194 2520 5246 ad
2544 5202 2861 5246 mansuetum
2887 5198 2931 5243 et
2961 5188 3203 5242 humilem
3222 5229 3235 5252 ,
3270 5197 3316 5241 ct
3341 5187 3559 5256 quietum
3587 5228 3602 5252 ,
3631 5197 3675 5240 et
3701 5196 3926 5241 (rente):-

2334 5295 2427 5340 tem
2450 5284 2596 5338 verba
2618 5299 2726 5338 mea
2750 5283 2767 5351 (
2785 5280 2913 5337 lani.
2945 5279 3036 5335 66.
3065 5279 3101 5333 (Ξ
3125 5279 3179 5350 )?
3221 5277 3332 5333 [lac
3362 5278 3521 5347 igitur
3548 5279 3706 5332 missa
3736 5279 3928 5331 curin-

2335 5381 2525 5443 sitate,
2585 5385 2930 5430 conteramus
2968 5371 3170 5433 corda,
3230 5380 3446 5441 peccata
3496 5369 3808 5440 lugeamus,
3871 5385 3928 5426 nt

2335 5471 2576 5527 Christus
2599 5469 2756 5537 jussit
2780 5506 2796 5531 ,
2823 5465 2891 5520 de
2918 5464 3210 5520 sceleribus
3240 5462 3441 5518 nostris
3471 5476 3928 5532 eompungainur,

2336 5579 2397 5618 ac
2423 5562 2705 5632 diligenter
2734 5559 2915 5614 animo
2944 5565 3247 5625 repetamus
3277 5569 3338 5610 ea
3369 5570 3486 5623 qua:
3526 5553 3781 5607 hactenus
3825 5556 3926 5607 ad.

2339 5654 2582 5709 misimus
2605 5650 2796 5706 delicta
2826 5666 2841 5715 ;
2873 5647 3184 5702 Studeamus
3213 5646 3297 5700 illa
3324 5647 3542 5699 omnino
3571 5644 3812 5699 abluere.
3850 5648 3933 5700 Ad

2342 5750 2476 5798 hanc
2497 5742 2692 5812 quippe
2724 5755 2838 5795 rem
2864 5737 3056 5791 nmltas
3084 5737 3224 5791 Deus
3250 5721 3402 5790 nobis
3428 5737 3628 5804 aperuit
3655 5737 3787 5787 vius.
3836 5735 3930 5790 lli.

2349 5848 2400 5890 tu
2430 5838 2567 5906 prior
2588 5877 2602 5901 ,
2636 5833 2835 5904 inquit,
2862 5831 3150 5903 iniquitates
3175 5839 3284 5884 tuus
3302 5872 3316 5897 ,
3347 5828 3713 5900 tttjttstiﬁceris
3752 5827 3927 5898 (lani.
