4078 6534
197 519 258 573 65

197 635 273 689 t3.
322 624 468 696 26)?
523 633 576 678 et
636 634 860 681 rursus,
905 613 1086 678 Dixi',
1156 607 1443 678 Conﬁtebor
1503 606 1769 661 adversum

198 736 266 774 me
281 715 572 788 injustitiam
619 727 786 766 meam
833 706 1046 763 Domino
1071 745 1085 767 .
1131 713 1178 757 et
1223 712 1278 755 tu
1323 700 1560 755 remisisti
1587 699 1770 770 impie-

192 820 325 863 tatem
345 807 508 861 cordis
534 804 632 858 mei
669 801 852 874 (Psal.
898 798 987 856 3|.
1031 795 1122 867 5).
1175 793 1361 864 Neque
1393 792 1537 847 enim
1580 806 1768 862 parum

194 903 331 958 nobis
385 898 594 955 confert
645 895 710 950 ad
776 891 1117 948 minuendam
1183 894 1524 958 peccatorum
1570 885 1768 940 molem

195 993 427 1062 frequens
455 1003 644 1045 eorum
681 985 937 1042 memoria
981 993 1036 1038 et
1081 977 1374 1035 accusatio.
1427 977 1522 1031 Est
1568 985 1622 1030 et
1663 975 1767 1030 alia

193 1084 442 1138 eflicacior
485 1082 610 1147 via,
666 1079 710 1134 si
751 1076 952 1133 nemini
998 1089 1184 1129 eorum
1211 1113 1226 1136 ,
1276 1070 1366 1142 qui
1411 1070 1464 1124 in
1515 1082 1614 1122 nos
1643 1081 1769 1137 pec-

196 1168 947 1236 carunt,succenseamus;si
970 1164 1221 1221 omnibus
1273 1163 1374 1225 iis,
1428 1160 1516 1232 qui
1567 1160 1618 1214 in
1671 1174 1770 1215 nos

191 1266 542 1334 deliquerunt,
588 1261 779 1317 delicta
803 1257 1190 1313 coudonemus.
1228 1253 1318 1309 Vis
1343 1261 1396 1308 et
1425 1250 1634 1306 tertiam
1653 1249 1772 1305 edi-

193 1370 326 1410 scere
366 1354 539 1408 viam?
581 1352 720 1408 Audi
766 1351 1038 1406 Dauielem
1083 1346 1352 1401 dicentem
1385 1360 1398 1395 :
1437 1341 1771 1409 Quamobrem

191 1456 377 1515 peccata
397 1458 485 1500 tua
504 1443 833 1514 eleentosgnis
858 1441 1068 1505 redime,
1099 1448 1148 1492 et
1168 1437 1456 1502 iniquitates
1487 1444 1599 1488 tuas
1623 1433 1770 1488 mise-

191 1537 394 1590 ricordia
423 1553 544 1607 erga
578 1550 824 1606 pauperes
867 1531 1046 1603 (Dan.
1101 1530 1154 1585 4.
1200 1527 1337 1599 24).
1389 1525 1485 1581 Est
1523 1535 1577 1581 et
1624 1525 1723 1579 alia
1749 1565 1766 1589 ,

192 1645 364 1700 nempe
389 1631 692 1684 orationum
723 1626 1040 1696 frequentia,
1066 1632 1122 1679 et
1152 1623 1204 1676 in
1235 1617 1485 1691 precibus
1504 1616 1570 1672 ad
1597 1617 1765 1671 Deum

190 1725 377 1778 emissis
424 1723 845 1794 perseverantia.
875 1717 1046 1774 All‘ert
1072 1717 1233 1772 etiam
1261 1712 1418 1769 nobis
1443 1708 1770 1766 consolatio-

188 1832 293 1873 nctu
323 1834 423 1871 non
447 1816 714 1870 modicam
740 1824 794 1870 et
821 1811 1197 1869 remissionem
1237 1813 1580 1878 peccatorum
1625 1801 1768 1872 jeju-

191 1912 342 1973 nium,
371 1910 588 1978 quando
639 1923 759 1962 cum
811 1903 1142 1975 benignitate
1190 1913 1313 1970 erga
1366 1897 1500 1952 alios
1539 1892 1768 1963 conjun-

186 2011 307 2055 etnnt
345 2014 462 2067 est,
512 2013 674 2071 atque
726 2001 820 2053 ira:
869 1998 961 2053 Dei
1011 1994 1406 2051 vehementiam
1456 1988 1766 2060 exstinguit.

240 2111 254 2142 ¹
286 2110 407 2171 Vox,
427 2110 559 2171 dixi,
576 2111 725 2161 deest
747 2112 794 2159 in
813 2107 957 2159 Savil.

3470 0 3854 12 1—f—

3470 0 3854 12 1—f—

1217 475 1221 478 ‘
1266 493 1335 550 IN
1371 488 1685 548 JOANNEM
1727 486 1962 545 nontL.
2003 485 2138 543 vnt.
2182 484 2254 540 al.
2296 481 2405 541 vn.
3403 501 3474 558 δὴ

1880 603 2061 676 Ignem
2110 604 2254 660 enim
2293 605 2642 675 ﬂammantem
2688 618 2824 674 aqua
2870 601 3184 676 exstinguet,
3241 611 3288 658 et
3349 605 3481 657 etea-

1879 696 2107 768 mosynis
2132 706 2341 767 peccata
2368 704 2656 769 purgantur
2684 693 2881 766 (Eccli.
2915 695 2972 752 ὅ.
3005 695 3075 751 ω
3170 694 3226 750 In
3251 694 3332 750 his
3353 709 3483 764 ergo

1878 787 1980 842 viis
2007 788 2260 844 omnibus
2285 787 2618 858 gradiantur.
2641 787 2696 844 Si
2722 787 2867 844 enim
2907 787 2961 842 itt
3003 787 3069 842 iis
3108 800 3331 858 semper
3363 801 3484 840 ver-

1877 893 2081 944 semur,
2106 879 2150 934 si
2178 880 2232 936 in
2251 879 2316 936 iis
2342 893 2506 936 omne
2531 879 2772 936 studium
2801 881 3160 946 lnsumamus,
3191 893 3298 934 non
3321 875 3483 931 modo

1880 971 2151 1041 prmterita
2175 979 2396 1041 peccata
2417 970 2721 1039 abluemus,
2753 969 2850 1029 sed
2879 970 3044 1028 etiam
3074 969 3128 1025 in
3154 967 3341 1025 futuro
3363 983 3482 1023 ma-

1876 1062 2020 1117 xima
2050 1061 2400 1118 lucrabimur.
2428 1061 2614 1134 Neque
2637 1063 2782 1118 enim
2821 1061 3039 1119 diabolo
3065 1062 3240 1117 locum
3289 1058 3485 1115 offere-

1877 1161 1997 1209 m'us
2025 1168 2126 1210 nos
2157 1153 2468 1221 invadendi,
2499 1170 2674 1227 neque
2697 1155 2750 1210 in
2778 1154 3061 1225 segnitiem
3095 1152 3179 1209 vel
3204 1153 3256 1206 in
3301 1151 3483 1223 perni-

1875 1247 2079 1312 ciosam
2108 1247 2479 1303 curiositatem
2509 1247 2832 1303 incidemus.
2864 1246 2968 1302 Per
2999 1246 3116 1301 lucc
3141 1243 3288 1300 enim
3316 1250 3480 1314 atque

1876 1338 2021 1405 alia,
2063 1338 2282 1395 insanas
2309 1339 2429 1395 illas
2475 1339 2840 1410 quaestiones,
2891 1337 3185 1408 noxiasque
3236 1333 3480 1405 disputa-

1877 1429 2054 1486 tiones
2083 1429 2320 1494 inducit,
2364 1429 2509 1501 quod
2535 1429 2739 1487 otiosos
2783 1428 3111 1498 desidesque
3155 1425 3376 1494 videat,
3425 1438 3481 1482 et

1877 1520 2078 1576 nullam
2103 1522 2230 1576 vitae
2256 1522 2442 1592 proba:
2467 1536 2652 1596 curam
2683 1531 2957 1594 gerentes.
2983 1522 3052 1578 At
3082 1535 3180 1577 nos
3202 1519 3348 1578 hunc
3401 1520 3476 1577 illi

1876 1612 2083 1668 aditum
2108 1613 2474 1680 obstruamus,
2494 1615 2799 1686 vigilemus,
2828 1616 2993 1672 sobrii
3022 1615 3215 1682 simus,
3248 1624 3306 1670 ut
3331 1624 3480 1686 post-

1875 1718 2035 1774 quam
2064 1703 2168 1760 hoc
2211 1704 2359 1761 brevi
2406 1715 2651 1777 tempore
2695 1707 2967 1764 modicum
3013 1707 3475 1774 laboraverimus,

1877 1795 2272 1851 immortalibus
2297 1811 2394 1867 per
2417 1798 2623 1854 infinita
2649 1799 2845 1856 saecula
2871 1799 3110 1855 fruamur
3136 1799 3328 1868 bonis,
3356 1815 3480 1869 gra-

1879 1885 1950 1938 tia
1998 1894 2052 1940 et
2095 1886 2427 1957 benignitate
2475 1888 2687 1944 Domini
2739 1889 2911 1945 nostri
2949 1889 3080 1946 Jesu
3108 1888 3309 1967 Christi
3334 1932 3350 1956 ,
3381 1906 3480 1961 per

1875 1992 2036 2048 quem
2069 1978 2123 2034 et
2151 1995 2274 2036 cum
2308 1997 2415 2052 quo
2445 1982 2626 2049 Patri,
2653 1992 2707 2037 et
2727 1997 2833 2038 una
2869 1981 3092 2054 Spiritui
3134 1993 3323 2040 sancto
3359 1984 3481 2055 glo-

1876 2069 1953 2125 ria
1973 2109 1989 2135 ,
2024 2070 2076 2125 in
2102 2073 2299 2128 ssccula
2326 2075 2672 2131 seculorum.
2700 2076 2897 2131 Amen.

185 2199 3455 2230 Μ

1519 2271 1853 2337 HOMILIA
1896 2274 2067 2340 VIII.

277 2435 395 2490 Erat
422 2437 515 2490 lux
544 2450 662 2488 vera
684 2473 698 2497 ,
728 2446 840 2503 quia
864 2428 1122 2482 illuminat
1161 2438 1359 2478 onmem
1399 2417 1655 2475 hominem

544 2528 824 2580 venientem
851 2524 904 2576 in
935 2522 1070 2575 hunc
1099 2517 1366 2572 mundum.

245 2624 288 2676 l.
315 2622 544 2678 Christus
575 2635 722 2674 verus
750 2616 886 2670 Deus
907 2625 1001 2669 est.
1047 2611 1171 2682 Ipse
1192 2652 1208 2677 ,
1236 2626 1352 2664 cum
1379 2608 1444 2662 sit
1470 2606 1564 2660 lus;
1608 2619 1726 2658 nera
1747 2642 1762 2670 ,

184 2733 258 2767 τιν
293 2731 388 2769 non
439 2730 614 2769 onmes
643 2710 915 2764 illuminat.
963 2705 1124 2760 Pauli
1171 2699 1492 2760 Santosateni
1539 2695 1762 2752 insania.

183 2809 342 2862 Inanis
364 2807 543 2878 glorise
565 2803 826 2874 tyrannis.
858 2799 1086 2855 Mundus
1114 2799 1199 2868 qui
1223 2795 1479 2851 Christum
1525 2809 1628 2847 non
1667 2803 1766 2846 ‘co-

183 2900 332 2967 gnat-it
357 2941 370 2963 ,
400 2898 537 2964 quis.
570 2893 848 2964 PrOphetaz
895 2889 1149 2960 quomodo
1196 2886 1455 2942 Christum
1496 2890 1762 2938 nouerunt.

180 3017 239 3028 —
265 2989 398 3044 Nihil
423 2989 574 3044 enim
599 2984 866 3056 prohibet,
894 2983 1182 3053 quominus
1213 2978 1370 3034 hodie
1391 2976 1578 3033 eadem
1603 2973 1765 3030 verba

185 3078 555 3146 expendamus.
583 3077 704 3146 quia
731 3089 900 3144 nuper
933 3071 1248 3142 dogmatum
1283 3068 1549 3138 expositio
1589 3066 1764 3136 impeo

182 3169 396 3228 dimcnto
455 3171 595 3236 fuit,
638 3169 925 3238 quominus
969 3165 1148 3219 omnia
1201 3178 1322 3233 quae
1367 3163 1506 3218 lecta
1552 3158 1766 3215 fuerant

183 3262 576 3331 explicaremus.
607 3258 708 3315 Ubi
734 3267 858 3313 sunt
898 3258 1060 3329 igitur
1089 3255 1194 3320 illi,
1221 3255 1312 3325 qui
1360 3253 1551 3308 dicunt
1586 3252 1760 3321 ipsum

184 3370 346 3410 verum
373 3355 548 3410 Deum
579 3367 684 3406 non
712 3351 878 3407 esse?
907 3349 1006 3405 llic
1042 3347 1186 3404 enim
1219 3347 1311 3402 lux
1360 3360 1485 3399 vera
1529 3343 1764 3413 appella-

184 3460 290 3514 tur;
320 3449 440 3503 alibi
474 3460 612 3502 vero
645 3445 758 3514 ipsa
787 3445 1008 3508 veritas,
1039 3441 1154 3512 ipsa
1181 3440 1310 3495 vita.
1350 3438 1546 3492 Verum
1586 3432 1716 3490 illud
1742 3474 1757 3500 ,

183 3557 283 3595 rom
299 3557 360 3597 eo
381 3540 808 3612 pervenerimus,
832 3541 1071 3607 apertius
1101 3533 1470 3605 indagabimus
1504 3549 1519 3586 :
1551 3530 1602 3585 in
1623 3544 1764 3600 prte-

183 3636 299 3688 senti
343 3649 523 3689 autem
578 3645 798 3687 necesse
843 3637 926 3685 est
963 3628 1015 3683 id
1057 3626 1271 3682 interim
1313 3624 1523 3680 caritati
1565 3631 1763 3678 vestra:

183 3738 459 3780 recensere.
489 3724 547 3781 Si
579 3723 840 3778 illuminat
880 3735 1099 3778 omnem
1135 3719 1409 3775 hominem
1454 3717 1761 3772 venientem

184 3815 227 3868 in
252 3814 382 3872 hunc
411 3815 677 3872 mundum
702 3855 718 3881 ,
748 3812 1019 3884 quomodo
1057 3819 1136 3866 tot
1159 3809 1407 3865 homines
1436 3824 1543 3864 non
1568 3807 1762 3863 illumi-

182 3907 277 3960 nati
304 3918 520 3964 manent
541 3907 568 3960 1
588 3907 702 3962 Non
725 3907 868 3960 enim
891 3919 1086 3960 omnes
1113 3901 1315 3959 Christi
1361 3901 1564 3957 cultum
1595 3914 1762 3971 agno-

181 4009 335 4054 scunt.
364 3999 653 4069 Quomodo
695 4013 822 4069 ergo
862 3998 1132 4054 illuminat
1176 4011 1389 4065 omnem
1441 3993 1762 4049 hominem?

182 4090 420 4158 Quantum
451 4094 508 4146 in
543 4090 664 4161 ipso
691 4101 795 4144 est.
836 4089 893 4146 Si
920 4089 1008 4158 qui
1037 4102 1167 4142 vero
1208 4096 1403 4156 sponte
1439 4100 1534 4140 sua
1567 4083 1762 4139 mentis

181 4183 344 4239 oculos
366 4183 707 4247 claudentes,
740 4180 896 4257 hujus
933 4179 1073 4235 lucis
1121 4178 1303 4234 radios
1347 4178 1627 4248 percipere
1655 4191 1756 4230 no-

185 4274 302 4340 lint,
349 4293 455 4331 non
505 4291 572 4330 ex
615 4283 802 4329 natura
848 4271 982 4328 lucis
1031 4272 1214 4326 evenit
1262 4269 1488 4341 quodin
1523 4267 1761 4324 tenebris

181 4381 441 4434 maneant,
486 4367 582 4423 scd
609 4382 675 4421 ex
705 4366 940 4436 nequitia
967 4379 1158 4420 eorum
1183 4365 1274 4433 qui
1319 4373 1510 4433 sponte
1552 4377 1612 4418 se
1657 4361 1761 4418 hoc

183 4459 369 4526 prii-ant
397 4474 647 4514 munere.
677 4457 858 4513 Gratia
889 4456 1092 4527 quippe
1120 4456 1172 4510 in
1201 4469 1392 4509 omnes
1418 4453 1588 4508 elTusa
1635 4462 1717 4508 est
1742 4467 1757 4518 ;

183 4568 274 4606 non
297 4552 539 4608 Judaeum
569 4593 584 4616 ,
615 4565 722 4605 non
771 4549 1020 4604 Graecum
1049 4587 1064 4612 ,
1117 4562 1223 4602 non
1278 4545 1565 4601 barbarum
1588 4585 1604 4611 ,
1651 4559 1758 4600 non

181 4645 434 4715 Scytlmm,
465 4659 572 4698 non
606 4641 855 4708 liberum,
880 4656 986 4696 non
1024 4655 1262 4706 servum,
1293 4654 1399 4693 non
1429 4639 1623 4705 virum,
1653 4653 1759 4693 non

183 4739 466 4801 mulierem,
492 4752 600 4791 non
625 4750 846 4798 senem,
876 4749 983 4789 non
1010 4732 1267 4804 juvenem
1301 4739 1620 4795 aversatur;
1664 4730 1759 4786 sed

183 4846 349 4884 omnes
377 4832 628 4886 similiter
654 4829 889 4882 admittit
914 4868 929 4894 ,
969 4838 1024 4883 et
1048 4841 1171 4881 cum
1203 4826 1316 4896 pari
1345 4832 1502 4880 vocat
1533 4824 1757 4880 honore.

181 4921 267 4986 Qui
294 4937 414 4976 vero
444 4923 634 4977 nolunt
664 4918 768 4976 hoc
792 4917 894 4974 frui
923 4919 1067 4974 dono
1090 4962 1104 4985 ,
1135 4917 1274 4972 hanc
1302 4916 1404 4971 sibi
1445 4915 1575 4985 ipsis
1601 4915 1760 4969 cazci-

185 5020 328 5066 tatem
357 5015 620 5083 imputcnt
646 5019 883 5082 oportet.
934 5011 1070 5066 Cum
1115 5010 1261 5064 enim
1312 5006 1459 5062 aditu
1512 5006 1762 5062 omnibus

185 5111 399 5170 patente,
414 5116 467 5160 et
489 5119 520 5158 a
550 5103 766 5158 nemine
791 5100 1105 5166 intercluso,
1133 5098 1348 5170 quidam
1373 5114 1436 5153 ex
1463 5097 1760 5153 voluntaria

186 5198 403 5266 nequitia
429 5208 577 5253 extra
610 5204 852 5262 manent,
880 5195 914 5248 ii
947 5208 1046 5249 suo
1063 5183 1265 5248 tantum
1281 5193 1412 5249 vitio
1433 5191 1763 5262 pereuntJn

185 5284 358 5342 stando
372 5297 479 5344 erat
509 5303 528 5341 :
555 5297 610 5341 at
636 5301 744 5342 non
775 5297 1047 5357 tamquam
1077 5285 1276 5341 mundo
1297 5295 1607 5342 cozctaneus
1629 5304 1644 5352 ;
1663 5286 1764 5341 ab-

184 5380 260 5431 sit.
288 5379 406 5435 ldeo
432 5380 628 5446 intulit,
651 5377 716 5432 Et
747 5380 966 5432 mundus
992 5395 1082 5449 per
1105 5379 1270 5448 ipsum
1300 5383 1466 5448 factus
1485 5389 1556 5433 est
1578 5377 1760 5449 (Joan.

188 5466 232 5520 Ι.
265 5470 351 5538 ιο)
372 5488 386 5526 :
411 5487 501 5540 per
532 5471 647 5525 ham
679 5483 888 5525 rursum
923 5478 973 5524 te
1001 5468 1206 5524 inducit
1228 5469 1293 5523 ad
1321 5470 1464 5524 illam
1493 5469 1761 5541 Unigeniti

186 5570 302 5618 ante
321 5565 509 5619 mula
534 5563 925 5619 exsistentiatn.
957 5561 1088 5617 Nam
1115 5563 1202 5634 qui
1230 5562 1432 5617 audivit
1471 5563 1610 5618 hunc
1640 5565 1764 5618 uni-

190 5664 385 5709 versum
396 5654 645 5710 mundum
664 5653 805 5708 illius
822 5668 942 5709 esse
959 5668 1114 5723 opus,
1133 5653 1342 5708 etiamsi
1367 5667 1527 5709 sensu
1548 5670 1776 5724 prorsus

187 5753 376 5808 careat,
393 5745 600 5800 etiamsi
627 5733 878 5801 inimicus
900 5755 956 5800 et
981 5744 1322 5801 adversarius
1345 5745 1532 5816 gloriae
1556 5746 1651 5802 Dei
1672 5748 1764 5814 sit,

193 5839 409 5889 attamen
439 5838 567 5891 velit
587 5834 721 5891 nolit
745 5875 760 5902 ,
795 5834 1130 5892 conditorem
1167 5846 1296 5891 ante
1339 5836 1554 5907 opificia
1600 5836 1766 5893 fuisse

197 5923 420 5982 confiteri
445 5938 685 6001 cogetur.
722 5927 1085 5997 Quamobrem
1133 5928 1314 5984 mirari
1364 5943 1579 6002 semper
1625 5929 1767 5986 subit

1876 2417 2022 2474 Pauli
2049 2421 2382 2481 Samosateni
2412 2426 2675 2484 insaniam
2696 2469 2711 2492 ,
2745 2428 3019 2499 quomodo
3043 2437 3150 2485 tam
3178 2429 3477 2486 manifestae

1872 2514 2082 2567 veritati
2106 2514 2372 2574 obsistere
2401 2520 2650 2587 potuerit,
2669 2534 2897 2591 seseque
2926 2532 3120 2592 sponte
3143 2523 3472 2593 praecipitem

1873 2601 2100 2660 dederit.
2135 2606 2318 2677 Neque
2338 2609 2480 2664 enim
2510 2625 2576 2666 ex
2596 2611 2917 2682 ignorantia,
2950 2613 3045 2669 sed
3073 2615 3149 2670 rei
3177 2612 3471 2669 admodum

1874 2708 2075 2765 gnarus
2103 2698 2335 2765 erravit,
2371 2716 2478 2756 non
2509 2717 2671 2758 secus
2699 2719 2763 2759 ac
2788 2703 2983 2759 Judmi.
3008 2703 3474 2774 Quemadmodum

1872 2790 2016 2842 enim
2048 2790 2146 2858 illi,
2176 2791 2567 2851 uthominibus
2591 2807 3017 2864 assentarentur,
3053 2814 3236 2855 sanam
3287 2799 3475 2870 prodi.

1872 2878 2004 2934 dere
2032 2880 2222 2950 ﬁdem,
2255 2884 2408 2956 gnari
2436 2887 2610 2958 ipsum
2639 2886 2985 2959 Uuigenitutn
3014 2890 3107 2945 Dei
3137 2904 3287 2955 esse,
3329 2890 3476 2960 prin-

1872 2971 2051 3043 cipum
2070 2989 2200 3031 vero
2225 2986 2371 3033 metu
2401 2978 2453 3033 id
2486 2995 2595 3036 non
2629 2981 2972 3046 confitentes,
3005 2998 3074 3038 ne
3103 2998 3167 3038 ex
3198 2997 3470 3057 synagoga

1838 3097 1841 3101 »
1871 3065 2200 3134 eiicerentur
2232 3084 2246 3121 :
2281 3069 2351 3124 ita
2383 3078 2438 3125 et
2465 3072 2616 3126 illum
2646 3072 2698 3127 in
2731 3073 2975 3128 mulieris
3011 3075 3312 3144 cujuspiam
3352 3091 3476 3147 gra-

1871 3158 2000 3214 tiam
2021 3199 2037 3224 ,
2091 3159 2322 3217 salutem
2371 3177 2522 3217 suam
2553 3164 2802 3235 inquiunt
2827 3165 3128 3235 prodidisse
3158 3163 3258 3238 (η).
3285 3166 3476 3224 Gravis

1871 3249 2016 3305 enim
2040 3291 2055 3318 ,
2085 3253 2264 3320 gravis
2285 3263 2433 3310 certe
2457 3263 2542 3310 est
2571 3257 2748 3313 inanis
2790 3257 2978 3329 gloria:
3021 3259 3263 3330 tyrannis
3283 3299 3298 3324 ,
3353 3275 3474 3332 qua:

1871 3346 2042 3414 possit
2062 3348 2223 3401 etiam
2256 3348 2578 3419 sapientium
2618 3350 2806 3406 oculos
2842 3365 3151 3418 excaecare,
3181 3351 3282 3407 nisi
3328 3353 3464 3423 vigi-

1871 3437 2004 3494 lent.
2034 3439 2167 3494 Nam
2195 3442 2242 3496 si
2273 3457 2496 3498 munera
2542 3442 2596 3498 id
2641 3453 2904 3514 possunt,
2960 3444 3132 3500 multo
3175 3446 3346 3517 magis
3387 3444 3475 3502 hic

1869 3529 2095 3588 affectus
2146 3533 2306 3606 longe
2372 3535 2680 3592 violentior.
2746 3535 2951 3594 Idcirco
3001 3537 3204 3594 ludatis
3259 3538 3477 3596 dicebat

1868 3621 2159 3679 Christus:
2190 3627 2458 3692 Quomodo
2489 3627 2699 3698 potestis
2728 3628 2936 3683 credere
2955 3670 2969 3694 ,
3003 3629 3091 3699 qui
3143 3629 3360 3702 gloriam
3411 3633 3474 3686 ab

1871 3716 2159 3773 hominibus
2185 3719 2419 3789 accipitis
2443 3761 2459 3785 ,
2491 3729 2540 3774 et
2564 3720 2783 3788 gloriam
2803 3761 2818 3786 ,
2849 3735 2965 3790 qua
2991 3737 3024 3774 a
3052 3720 3162 3776 solo
3203 3719 3316 3777 Deo
3355 3733 3428 3778 est
3454 3763 3470 3790 ,

1867 3807 2220 3881 non‘quwritis
2252 3808 2449 3879 (Joan.
2476 3810 2530 3866 5.
2567 3808 2718 3882 ﬂ)?
2746 3810 2835 3866 10.
2866 3810 2933 3865 Ει
2959 3811 3176 3867 mundus
3221 3829 3337 3867 eum
3368 3830 3472 3868 non

1867 3902 2116 3971 cognovit.
2174 3900 2273 3956 Hie
2326 3901 2586 3957 mundum
2626 3911 2786 3958 vocat
2829 3903 3227 3961 multitudinem
3282 3919 3474 3961 corru-

1869 4003 2013 4064 ptam
2060 4001 2115 4050 et
2141 3996 2374 4051 terrenis
2402 3997 2563 4052 rebus
2591 3995 2888 4053 inhiantem
2917 4039 2932 4063 ,
2965 3998 3174 4053 turbam
3196 4041 3210 4064 ,
3241 3999 3433 4070 vulgus
3453 4043 3469 4066 ,

1871 4085 2220 4156 insipientem
2252 4087 2530 4157 populum.
2559 4086 2694 4143 Nam
2725 4088 2818 4144 Dei
2857 4089 3016 4145 amici
3043 4099 3098 4146 et
3127 4091 3473 4149 admirabiles

1868 4179 1970 4234 viri
2001 4193 2195 4235 omnes
2215 4179 2388 4249 ipsum
2416 4222 2431 4245 ,
2459 4179 2621 4236 etiam
2648 4191 2773 4238 ante
2800 4182 3222 4240 incarnationem
3244 4226 3259 4248 ,
3303 4200 3471 4241 nove-

1866 4279 2008 4327 rant.
2036 4270 2110 4326 De
2132 4271 2437 4341 patriarcha
2460 4273 2662 4343 quippe
2691 4275 3006 4330 nominatim
3031 4274 3163 4330 dicit
3182 4275 3428 4333 Christus
3454 4298 3469 4335 :

1869 4362 2128 4418 Abraham
2153 4372 2295 4433 pater
2321 4375 2482 4419 vester
2509 4367 2798 4432 exsultavit,
2816 4375 2870 4420 ut
2897 4367 3084 4422 videret
3109 4369 3245 4422 diem
3272 4386 3472 4427 meum:

1867 4462 1915 4508 et
1938 4454 2082 4519 vidit,
2110 4464 2156 4508 et
2185 4457 2388 4526 gavisus
2416 4467 2488 4511 est
2529 4456 2722 4528 (Joan.
2747 4457 2802 4514 8.
2832 4458 2964 4529 56).
3008 4460 3084 4516 De
3133 4460 3332 4517 Davide
3376 4479 3472 4518 au-

1871 4554 1976 4600 tem
2002 4545 2225 4601 Iudaeos
2254 4546 2540 4604 confutans
2575 4567 2588 4603 :
2625 4550 2892 4617 Quomodo
2919 4568 3038 4622 ergo
3065 4551 3239 4608 David
3267 4555 3319 4610 in
3348 4554 3474 4626 Spi-

1867 4639 1968 4691 ritu
1998 4648 2140 4693 t'ocat
2164 4654 2277 4692 eum
2307 4637 2617 4708 Dominum,
2647 4642 2855 4697 dicens:
2885 4641 3031 4697 Dixit
3084 4641 3333 4701 Dominus
3359 4646 3471 4702 Do-

1867 4730 2007 4784 mino
2033 4746 2143 4785 meo
2168 4771 2182 4796 ,
2214 4730 2351 4786 Sede
2378 4748 2411 4786 a
2437 4732 2631 4789 dextris
2658 4735 2782 4788 meis
2809 4735 2828 4804 (
2849 4734 3044 4793 Matth.
3070 4737 3161 4792 22.
3203 4739 3295 4794 l5.
3327 4741 3398 4796 44
3418 4743 3473 4810 )ἳ

1867 4821 1946 4875 Ac
1977 4835 2121 4890 saepe
2149 4820 2256 4876 illis
2286 4822 2560 4879 obsistens
2589 4865 2606 4890 ,
2639 4824 2876 4898 Moysem
2907 4838 3192 4884 memorat.
3229 4831 3304 4887 De
3343 4834 3472 4888 reli-

1867 4913 1988 4983 quis
2013 4929 2144 4969 vero
2175 4915 2454 4984 prophetis
2483 4917 2782 4986 apostolus.
2804 4916 3161 4975 Omnesenim
3180 4922 3473 4994 prophetas

1868 5021 1898 5061 a
1927 5004 2180 5063 Samuele
2211 5009 2360 5064 illum
2388 5009 2708 5078 cognovisse
2733 5050 2748 5076 ,
2778 5020 2834 5066 et
2884 5011 3172 5068 adventum
3217 5015 3335 5086 ejus
3380 5017 3474 5072 diu

1869 5107 1995 5154 ante
2024 5102 2417 5169 prreuuutiasse
2445 5101 2580 5157 dicit
2610 5101 2804 5157 Petrus
2835 5102 2919 5158 his
2946 5103 3125 5160 verbis
3154 5122 3167 5159 :
3201 5105 3272 5160 Et
3298 5125 3475 5166 omnes

1870 5195 2132 5264 propheta:
2155 5210 2188 5247 a
2209 5193 2454 5250 Samuele
2485 5203 2533 5249 et
2559 5195 2795 5266 deinceps
2815 5197 2903 5268 qui
2942 5199 3135 5270 loquuti
3173 5212 3327 5270 sunt,
3375 5220 3476 5258 an-

1871 5286 2230 5340 nuntiaverunt
2259 5287 2366 5341 dies
2386 5287 2511 5341 istos
2537 5287 2692 5356 (Act.
2721 5289 2774 5344 3.
2806 5288 2940 5363 24).
2962 5289 3166 5348 Iacobo
3197 5303 3376 5351 autem
3423 5305 3478 5352 et

1936 5438 2010 5504 (rt)
2042 5438 2317 5504 Quoddicit
2353 5438 2764 5504 Chrysostomns,
2808 5440 3010 5493 Paulum
3031 5449 3399 5497 Samosatenum
3425 5450 3478 5500 in

1870 5501 2096 5570 mulieris
2118 5502 2368 5570 cujusdam
2409 5501 2651 5570 gratiam,
2675 5501 2889 5570 salutem
3075 5507 3351 5569 prodidisse
3369 5547 3383 5570 ,
3411 5512 3479 5562 de

1869 5564 2079 5614 Zenobia
2102 5563 2695 5629 Palmyrenorumgregina
2717 5565 2931 5629 intelligi
2953 5563 3126 5623 debet.
3142 5582 3254 5629 quae
3278 5563 3477 5622 Paulum

1870 5584 2079 5614 Leuuuut
2105 5584 2494 5628 rauuyrcuurum
2517 5584 2695 5627 regula
2717 5584 2931 5629 Inteulgt
2953 5584 3126 5623 uenet.
3175 5584 3254 5622 uae
3278 5584 3477 5622 mutum

1870 5633 2234 5700 samosatenunt
2252 5626 2550 5700 aliquamdiu
2562 5628 2936 5700 proteritnuod
2954 5637 3121 5700 autem
3135 5584 3478 5700 gieitmaulunt

1870 5689 1919 5738 in
1931 5688 2155 5755 mulieris
2166 5688 2300 5738 illius
2320 5688 2544 5755 gramm,
2561 5688 2614 5739 et
2626 5697 2963 5755 contra_quam
2985 5693 3093 5755 ipse
3108 5688 3360 5746 sentiebat
3376 5695 3480 5746 hae-

1871 5702 1919 5738 tn
1931 5702 2155 5739 muneris
2166 5702 2300 5738 tutus
2320 5702 2544 5799 ﬁrmam,
2561 5702 2614 5739 et
2629 5702 2795 5740 contra
2817 5702 2963 5753 quam
2985 5702 3093 5755 ipse
3108 5702 3360 5746 sentiebat
3376 5702 3479 5746 nae-

1871 5753 2036 5817 resitn
2047 5750 2179 5801 illam
2197 5757 2336 5817 protu
2363 5753 2476 5817 sse,
2502 5752 2672 5817 nescio
2690 5762 2752 5800 an
2773 5750 2900 5802 alius
2913 5766 3144 5817 umquam
3163 5756 3363 5806 dixerit.
3394 5757 3479 5809 1η.

1871 5819 1952 5863 ter
1973 5812 2070 5864 alia
2082 5812 2248 5864 autem
2279 5813 2477 5864 dicebat
2497 5812 2673 5863 Paulus
2690 5812 3035 5866 Samosatenus
3069 5819 3235 5867 Fllitun
3259 5817 3310 5867 in
3333 5823 3481 5871 Patre

1871 5875 2073 5939 quidem
2108 5888 2224 5943 esse
2246 5889 2265 5943 ;_
2296 5876 2385 5943 sed
2419 5888 2537 5943 non
2569 5888 2826 5943 ινυαόσςιιτθν,
2850 5889 2962 5943 non
2985 5878 3259 5943 hypostasia
3286 5876 3480 5930 habere

1874 5935 2031 6000 suain,
2055 5937 2184 6003 quod
2209 5935 2268 5989 ad
2292 5935 2492 5988 sabellii
2526 5938 2742 5988 hacresin
2767 5935 3047 5989 accedebat.
