4078 6472
653 415 724 473 επ
1395 405 1451 461 S.
1490 399 1764 460 JOANNIS
1801 393 2216 478 CllllYSOSTO]

2325 394 2626 450 lliClllEP.
2664 389 3195 450 CONSTANTINOP.
3841 384 3905 440 68

657 531 790 594 patri
816 570 830 594 ,
866 543 1072 583 nernon
1091 535 1142 581 et
1161 536 1260 578 avo
1287 521 1400 590 ejus
1419 559 1434 584 ,
1465 529 1519 574 et
1559 516 1706 572 visus
1735 524 1789 568 et
1815 513 2066 583 loquutus
2090 519 2172 564 est
2196 550 2213 573 ,

656 624 822 691 iisque
847 619 1006 672 mtdta
1035 625 1088 672 et
1109 629 1292 685 magna
1322 625 1380 667 se
1407 611 1650 665 daturum
1677 617 1760 662 est
1789 603 2075 676 pollicitus,
2103 614 2222 671 qua:

653 715 813 766 etiam
837 717 1158 776 exsequutus
1187 713 1286 760 est.
1321 701 1600 771 Quomodo
1625 716 1754 769 ergo
1779 740 1794 764 ,
1824 696 2066 766 inquies-,
2111 694 2223 761 ipse

651 803 784 855 dixit
805 841 821 864 ,
853 797 1005 852 Multi
1030 797 1290 868 prophetw
1316 794 1574 848 voluerunt
1605 791 1771 844 videre
1792 805 1905 859 quae
1934 784 2107 840 videtis
2126 826 2141 850 ,
2173 792 2219 836 et

651 909 750 944 non
775 890 1001 944 viderunt
1021 931 1035 954 ,
1060 897 1105 943 et
1132 888 1307 941 audire
1328 901 1443 957 qua:
1476 882 1696 947 auditis,
1728 890 1776 934 et
1817 897 1916 934 non
1952 877 2222 931 audierunt

648 982 666 1050 (
696 979 818 1033 Luc.
856 980 935 1034 l0.
965 977 1036 1032 25
1055 978 1110 1048 )l
1136 979 1323 1032 Annon
1367 973 1579 1029 fuerunt
1610 972 1727 1040 ejus
1753 969 2072 1040 cognitionis
2104 981 2222 1036 par-

650 1071 874 1142 ticipes‘!
903 1069 1133 1124 Fuerunt
1160 1076 1304 1121 certe
1333 1083 1345 1118 :
1376 1064 1533 1134 idque
1560 1078 1622 1118 ex
1654 1062 1754 1116 hoc
1788 1062 1926 1126 loco,
1958 1057 2097 1114 unde
2127 1072 2222 1126 pu-

651 1173 763 1219 tant
791 1161 1001 1234 quidam
1034 1161 1175 1229 ipsos
1225 1157 1322 1212 hac
1347 1155 1646 1226 cognitione
1693 1154 1923 1224 privatos
1944 1193 1961 1215 ,
1994 1151 2220 1206 demon-

649 1267 824 1311 strare
857 1251 1092 1308 tentabo.
1124 1248 1276 1305 Multi
1305 1248 1480 1314 enim,
1522 1246 1723 1316 inquit.
1766 1244 2027 1298 voluerunt
2055 1240 2223 1295 videre

647 1364 760 1417 qua:
783 1346 979 1401 videtis.
1011 1344 1192 1415 Itaque
1221 1343 1466 1396 viderunt
1496 1354 1616 1396 eum
1645 1338 1709 1392 ad
1739 1336 2000 1392 homines'
2029 1343 2220 1389 ventu-

649 1455 763 1494 rum
793 1453 913 1493 esse
929 1479 942 1500 .
973 1447 1028 1492 et
1054 1451 1118 1491 ea
1143 1435 1568 1505 dispensatorem
1591 1446 1708 1499 qum
1730 1443 1854 1483 vere
1874 1425 2219 1496 dispensavit.

649 1530 830 1600 Neque
869 1529 1046 1593 enim,
1087 1525 1186 1581 nisi
1217 1525 1508 1587 novissent,
1548 1521 1729 1576 videre
1773 1517 2216 1586 concupivissent.

650 1621 815 1675 Nemo
836 1619 978 1674 enim
1004 1631 1188 1674 eorum
1212 1656 1227 1681 ,
1256 1631 1480 1685 quorutn
1515 1612 1758 1668 notitiam
1785 1626 1888 1665 non
1921 1608 2096 1668 habet,
2127 1606 2220 1660 de-

651 1711 850 1767 siderio
877 1710 991 1779 capi
1021 1715 1213 1778 potest.
1247 1706 1428 1776 Itaque
1456 1711 1820 1774 cognoverunt
1842 1700 2030 1755 Filium
2080 1698 2172 1752 Dei
2200 1739 2218 1765 ,

647 1813 702 1858 et
725 1812 1002 1858 venturum
1033 1813 1154 1854 eum
1183 1799 1247 1852 ad
1280 1797 1523 1851 homines
1565 1810 1684 1851 esse
1734 1800 2017 1848 noverunt.
2060 1790 2219 1857 Qua:-

650 1909 771 1948 nam
798 1907 926 1964 ergo
955 1899 1217 1960 suntqum
1239 1888 1545 1943 nescierunt
1567 1929 1582 1951 ,
1614 1896 1666 1940 et
1694 1899 1938 1954 quamam
1963 1898 2083 1953 qua:
2115 1897 2219 1936 non

648 1983 967 2041 audierunt?
1010 1983 1135 2037 llwc
1181 1997 1298 2051 qua:
1352 1995 1489 2035 nune
1541 1993 1636 2034 vos
1680 1977 1871 2032 videtis
1915 1987 1967 2029 et
2004 1975 2219 2028 auditis.

647 2077 797 2146 Quod
820 2077 862 2131 si
887 2075 963 2130 illi
996 2083 1050 2130 et
1073 2089 1256 2139 vocem
1279 2072 1395 2142 ejus
1415 2072 1712 2132 audierunt,
1739 2077 1790 2124 et
1811 2069 2054 2122 viderunt
2073 2082 2218 2132 eum,

646 2179 699 2221 at
727 2183 830 2222 non
858 2167 909 2221 in
935 2180 1124 2230 carne,
1157 2178 1329 2234 neque
1374 2163 1443 2216 ita
1489 2176 1606 2214 cum
1653 2157 1954 2213 hominilms
1984 2171 2222 2210 'verSan-

650 2269 786 2321 tcm,
843 2272 1013 2324 neque
1067 2265 1171 2308 tam
1219 2253 1382 2308 libere
1422 2267 1544 2305 eum
1597 2236 1726 2320 ipsis
1754 2249 2079 2317 loquentem.
2111 2245 2221 2299 lloc

649 2350 805 2419 igitur
831 2357 885 2402 et
909 2349 1023 2418 ipse
1051 2346 1354 2417 significans
1383 2360 1487 2398 non
1515 2342 1826 2412 simpliciter
1852 2341 2009 2403 dixit,
2034 2340 2222 2408 Cupiec

648 2449 766 2494 runt
795 2439 974 2493 videre
1004 2453 1121 2503 me;
1149 2435 1243 2491 sed
1270 2435 1430 2504 quid?
1479 2434 1605 2502 Quia
1651 2449 1736 2487 vos
1787 2432 2000 2496 videtis;
2048 2447 2218 2499 neque

646 2533 829 2587 audire
850 2547 964 2595 me;
993 2529 1087 2585 sed
1111 2527 1422 2599 quidloutz
1466 2543 1553 2580 vos
1602 2525 1807 2578 auditis.
1863 2524 2040 2593 Itaque
2101 2523 2223 2576 licet

646 2624 762 2692 ejus
790 2623 842 2676 in
870 2636 1032 2676 carne
1057 2621 1340 2675 adventum
1372 2634 1476 2672 non
1506 2616 1755 2680 viderint,
1789 2612 2019 2669 futurum
2045 2623 2220 2668 tamen

648 2731 768 2771 esse
813 2721 1105 2775 noverunt,
1155 2724 1312 2779 quem
1354 2707 1534 2764 videre
1557 2707 1877 2778 cupiebant;
1912 2705 1964 2758 in
1994 2718 2223 2772 eumque

647 2806 972 2871 credebant,
1006 2805 1130 2860 licet
1158 2803 1307 2858 illum
1334 2802 1385 2856 in
1413 2816 1574 2858 carne
1619 2815 1726 2855 non
1776 2798 2051 2852 vidissent.
2088 2794 2219 2852 Cum

649 2902 823 2970 itaque
845 2914 941 2953 nos
964 2896 1192 2967 gentiles
1217 2893 1582 2950 accusaverim
1602 2890 1842 2946 dicentes
1863 2907 1873 2942 :
1893 2887 2027 2955 Quid
2054 2885 2218 2960 priori

648 2990 736 3045 illo
767 2999 1005 3056 tempore
1033 2984 1258 3040 faciebat
1281 2984 1545 3047 Christus,
1574 2995 1693 3036 cum
1724 2979 1956 3036 nondum
1988 2977 2220 3032 humano

645 3079 828 3152 generi
861 3077 1227 3149 prospiceret?
1257 3086 1312 3130 et
1330 3091 1426 3132 cur
1452 3084 1696 3131 extremo
1727 3082 1966 3142 tempore
2001 3070 2142 3125 venit
2165 3081 2221 3124 ut

649 3181 844 3227 nostra:
866 3169 1029 3226 saluti
1075 3167 1417 3240 provideret,
1467 3177 1744 3239 postquam
1786 3177 1930 3221 tanto
1980 3174 2220 3235 tempore

648 3277 744 3318 nos
771 3260 1110 3332 neglexerat?
1139 3259 1578 3330 reSpondebimus
1603 3301 1619 3327 ,
1668 3260 1840 3330 ipsum
1893 3259 2054 3312 etiam
2095 3266 2218 3312 ante

647 3351 932 3407 adventum
963 3349 1111 3405 illum
1143 3350 1193 3404 in
1223 3348 1421 3404 mundo
1443 3349 1637 3412 luisse,
1667 3347 1734 3402 de
1760 3347 2013 3418 Operibus
2051 3347 2119 3402 ab
2161 3362 2219 3400 se

645 3440 865 3497 edendis
891 3440 1037 3510 prius
1063 3440 1324 3510 cogitasse
1347 3479 1361 3503 ,
1396 3447 1556 3509 atque
1586 3439 1688 3494 illis
1734 3439 1981 3495 omnibus
2032 3437 2216 3509 cogni-

647 3541 755 3586 tum
784 3529 946 3586 fuisse
967 3573 981 3596 ,
1011 3531 1099 3600 qui
1134 3531 1230 3585 hac
1260 3530 1564 3599 cognitione
1588 3530 1730 3600 digni
1763 3541 1932 3585 erant.
1977 3530 2125 3599 Quod
2172 3534 2214 3586 si

643 3621 765 3692 quia
793 3637 898 3676 non
921 3622 1167 3676 omnibus
1195 3632 1317 3676 lllllc
1346 3631 1500 3676 notus
1525 3620 1643 3685 luit,
1675 3623 1766 3675 sed
1807 3623 1982 3691 probis
2015 3631 2214 3676 tzmtum

643 3724 698 3768 et
749 3714 942 3769 virtute
989 3715 1250 3782 "aedilis.
1305 3714 1424 3769 ideo
1470 3715 1646 3770 dicitis
1696 3715 1843 3769 illum
1892 3703 2216 3786 incognitum

645 3805 807 3860 fuisse
826 3846 842 3870 ,
871 3803 1058 3860 eadem
1089 3804 1296 3858 ratione
1327 3804 1498 3874 ipsum
1526 3819 1667 3860 nunc
1693 3821 1908 3874 quoque
1935 3820 2039 3859 non
2086 3805 2215 3861 ado-

645 3895 748 3951 rari
786 3895 854 3950 ab
893 3895 1194 3950 hominibus
1239 3896 1479 3950 dixeritis
1504 3936 1517 3959 ,
1566 3896 1688 3966 quia
1734 3897 1893 3951 etiam
1942 3912 2083 3952 nunc
2109 3912 2214 3953 non

641 4000 829 4042 omnes
859 3985 1030 4056 ipsum
1063 3995 1338 4040 noverunt,
1375 3985 1480 4041 Sed
1519 3985 1964 4055 quemadmodum
1995 3988 2046 4041 in
2081 4002 2217 4057 prm-

644 4077 776 4134 senti
795 4091 973 4143 nemo,
989 4077 1108 4147 quia
1135 4093 1163 4131 a
1189 4078 1367 4132 multis
1385 4078 1671 4148 ignoratur,
1693 4079 1860 4146 ipsum
1883 4093 1912 4132 a
1931 4078 2109 4134 multis
2125 4095 2217 4134 co-

640 4167 822 4236 gnosci
840 4169 1110 4239 negaverit
1131 4187 1144 4222 :
1165 4169 1242 4224 sic
1269 4185 1438 4239 neque
1456 4169 1802 4224 dubitandum
1830 4179 1912 4224 est
1933 4172 2101 4240 ipsum
2126 4185 2216 4224 su-

643 4258 938 4325 perioribus
962 4258 1065 4312 illis
1082 4259 1430 4326 temporibus,
1453 4274 1482 4313 a
1507 4259 1706 4324 multis,
1732 4260 1839 4315 imo
1857 4261 2016 4314 etiam
2040 4261 2216 4328 probis

642 4347 746 4401 illis
779 4355 835 4400 et
879 4347 1207 4402 admirandis
1259 4347 1384 4402 viris
1429 4350 1676 4404 oumibus
1720 4349 1988 4421 cognitum
2032 4350 2212 4405 fuisse.

710 4438 766 4491 2.
796 4438 948 4504 Quod
980 4440 1022 4493 si
1054 4440 1172 4509 quis
1205 4440 1400 4494 dixerit
1426 4483 1440 4507 ,
1472 4438 1577 4495 Cur
1606 4456 1710 4495 non
1743 4457 1931 4496 onmcs
1962 4451 2086 4496 tunc
2115 4443 2212 4512 ipsi

641 4528 1005 4594 adhzcserunt,
1035 4529 1208 4600 neque
1226 4548 1413 4586 omnes
1443 4534 1612 4601 ipsum
1640 4535 1918 4588 coluerunt
1944 4577 1959 4598 ,
1984 4536 2074 4588 Sed
2109 4535 2210 4589 soli

635 4619 807 4688 justi?
832 4622 1141 4677 sciscitabor
1167 4632 1220 4677 et
1243 4639 1376 4692 ego,
1405 4623 1513 4678 Cur
1534 4624 1696 4679 etiam
1729 4643 1866 4680 nunc
1891 4644 1995 4682 non
2023 4646 2212 4684 omnes

641 4711 810 4779 ipsum
835 4715 1131 4765 noverunt?
1155 4714 1351 4783 Ecquid
1379 4715 1444 4770 de
1465 4715 1675 4769 Christo
1704 4718 1930 4786 loquor?
1955 4718 2081 4772 Nam
2113 4720 2214 4775 Pa-

642 4812 774 4854 trem
811 4816 1021 4871 quoqnc
1049 4804 1164 4869 ejus
1201 4818 1297 4856 cur
1336 4819 1440 4858 non
1471 4821 1657 4859 omnes
1697 4817 1750 4860 et
1795 4816 1918 4862 tunc
1960 4819 2012 4862 ct
2056 4811 2213 4866 hodie

641 4893 936 4946 noverunt?
980 4891 1171 4947 Verum
1213 4895 1300 4946 alii
1349 4897 1525 4949 omnia
1567 4909 1765 4968 temere
1815 4898 1939 4952 ferri
1982 4897 2205 4964 dicunt;

637 4983 725 5036 alii
756 4983 1086 5037 dmtnonibus
1118 4985 1353 5039 universi
1381 4986 1764 5053 providentiam
1796 4989 2063 5043 tribuunt:
2090 4998 2214 5043 sunt

635 5075 796 5127 etiam
826 5073 912 5127 alii
940 5114 954 5137 ,
982 5075 1069 5143 qui
1112 5085 1305 5144 printer
1331 5075 1471 5130 hunc
1501 5077 1661 5131 Deum
1688 5118 1704 5144 ,
1736 5079 1899 5132 alium
1927 5079 2028 5132 sibi
2061 5094 2206 5133 com-

637 5164 989 5218 miniscuntur
1009 5182 1022 5218 :
1043 5180 1105 5219 ex
1129 5164 1192 5219 iis
1211 5165 1426 5236 quidam
1453 5167 1809 5223 adversariam
1842 5170 1949 5224 Deo
1971 5181 2209 5240 potesta-

636 5267 742 5310 tem
771 5270 892 5310 esse
912 5255 1309 5324 blasphemant,
1337 5270 1392 5313 et
1411 5259 1553 5328 leges
1578 5261 1693 5329 ejus
1712 5261 1927 5330 maligni
1950 5263 2210 5316 dmmouis

633 5361 757 5401 esse
786 5355 995 5416 putant.
1038 5347 1172 5414 Quid
1213 5348 1409 5419 igitur?
1446 5367 1571 5405 num
1615 5353 1734 5407 ideo
1765 5353 2004 5408 dicemus
2039 5355 2206 5409 Deum

635 5452 739 5490 non
781 5453 938 5504 esse,
978 5441 1099 5508 quia
1140 5439 1352 5509 quidam
1397 5441 1498 5498 hoc
1528 5444 1752 5498 dicunt?
1783 5461 1906 5499 num
1939 5459 1992 5501 et
2037 5447 2206 5516 ipsum

635 5529 835 5582 malum
858 5543 976 5585 esse
1001 5528 1398 5596 conﬁtebimur,
1429 5535 1550 5603 quia
1581 5536 1792 5605 quidam
1821 5537 1870 5590 id
1900 5537 2059 5605 impie
2083 5555 2205 5606 pro-

638 5619 894 5675 ﬁtentur?
925 5622 1104 5692 Apage
1129 5623 1404 5678 stultitiam
1437 5636 1832 5700 extremamque
1856 5628 2199 5685 dementiam.

699 5748 716 5778 '
745 5746 1058 5821 εκνϋμθείι,
1081 5753 1139 5821 de
1165 5753 1314 5812 ratiis,
1341 5769 1440 5818 pro,
1459 5757 1770 5821 (td/minutas.
1800 5769 1852 5810 ,δι
1873 5775 1932 5809 ex
1951 5762 2140 5813 duobus
2161 5767 2202 5813 si

637 5810 845 5861 alterum
863 5810 1063 5875 dicatur,
1091 5810 1308 5866 alterum
1341 5810 1737 5880 Suloiutelltgttur.

2335 506 2466 564 Nam
2495 508 2540 563 si
2568 524 2631 565 ex
2667 507 2953 562 furentium
2990 505 3191 575 judicio
3228 504 3475 574 dogmata
3508 512 3861 558 statueremus
3887 543 3904 570 ,

2337 603 2467 657 nihil
2498 603 2711 658 obesset
2737 601 3024 672 quominus
3049 610 3102 654 et
3129 599 3226 668 ipsi
3271 597 3449 651 furore
3478 597 3788 664 gravissimo
3815 595 3905 648 du-

2333 709 2596 750 cerentur.
2629 692 2787 750 Certe
2815 708 2976 750 nemo
3006 693 3173 746 solem
3201 701 3386 745 natura
3412 704 3504 744 sua
3534 688 3703 742 oculis
3734 689 3908 756 perni-

2333 786 2538 840 ciosum
2567 799 2685 840 esse
2713 784 2949 849 dixerit,
2985 785 3107 853 quia
3151 781 3390 837 nonnulli
3420 782 3589 835 oculis
3625 780 3902 843 laborant;

2332 875 2426 930 sed
2457 876 2662 931 lucidus
2690 875 2884 929 dicitur
2904 891 2970 929 ex
2997 890 3182 930 eorum
3203 874 3294 943 qui
3323 887 3483 926 sanos
3510 872 3694 925 oculos
3717 870 3909 926 habent

2330 965 2531 1035 judicio
2563 984 2574 1018 :
2606 967 2707 1021 mel
2731 981 2941 1036 quoque
2969 980 3127 1019 nemo
3155 979 3393 1018 amarum
3422 963 3613 1017 dixerit
3637 1004 3651 1024 ,
3680 963 3800 1032 quia
3829 962 3907 1015 in-

2332 1058 2498 1112 llrmis
2526 1058 2842 1128 quibusdam
2875 1058 2976 1112 tale
3000 1057 3208 1112 videtur
3226 1047 3450 1121 essc;‘et
3465 1056 3628 1109 Deum
3655 1066 3825 1110 tamen
3845 1068 3908 1108 rx

2332 1151 2664 1205 inlirmorum
2691 1149 2943 1218 opinione
2975 1149 3055 1205 vel
3083 1165 3187 1204 non
3217 1163 3337 1204 esse
3362 1191 3376 1214 ,
3404 1149 3489 1202 νισι
3519 1147 3714 1200 malum
3746 1161 3866 1201 esse
3892 1186 3906 1207 .

2329 1243 2410 1296 vel
2456 1243 2613 1296 modo
2666 1242 2945 1310 providere
2968 1283 2982 1304 ,
3013 1240 3171 1295 modo
3208 1255 3311 1294 non
3357 1239 3667 1310 providere,
3699 1238 3908 1305 quidam

2333 1333 2797 1403 pronuntiabunt?
2831 1333 3026 1401 Ecquis
3056 1332 3175 1386 illos
3201 1347 3343 1387 sana:
3374 1331 3569 1385 mentis
3594 1344 3714 1385 esse
3735 1329 3908 1383 dicat?

2327 1425 2448 1495 quis
2477 1441 2578 1478 non
2621 1423 2848 1479 furiosos
2879 1435 2932 1480 et
2970 1434 3209 1480 extrema
3239 1423 3503 1479 dementia
3551 1431 3732 1490 captos
3757 1420 3906 1476 dixe-

2334 1518 2447 1572 rit?
2494 1516 2719 1572 Mundus
2760 1534 2869 1570 enin
2896 1534 2998 1570 non
3036 1517 3263 1587 cognorit
3288 1558 3302 1580 ,
3334 1516 3558 1586 inquies.
3596 1514 3700 1569 Sed
3733 1515 3764 1568 ii
3795 1512 3909 1581 qui-

2335 1609 2431 1663 bus
2459 1609 2650 1679 dignus
2682 1625 2783 1664 non
2813 1621 2929 1664 erat
2952 1610 3217 1673 mundus,
3252 1609 3424 1678 ipsum
3459 1619 3740 1662 noverunt.
3777 1605 3906 1661 Cum

2328 1711 2503 1756 autem
2541 1710 2802 1756 memorat
2841 1715 2934 1756 eos
2977 1703 3066 1770 qui
3111 1703 3280 1770 ipsum
3320 1716 3425 1754 non
3462 1709 3756 1760 noverunt.
3788 1713 3907 1754 car-

2332 1793 2462 1862 ptim
2490 1793 2802 1862 ignorantia:
2831 1807 3043 1846 causam
3077 1791 3292 1847 indiCat.
3321 1790 3503 1859 Neque
3534 1791 3672 1844 enim
3710 1789 3911 1859 simpli-

2329 1885 2464 1939 citer
2503 1884 2670 1949 dixit,
2712 1883 2878 1939 Nemo
2922 1884 3091 1954 ipsum
3140 1882 3443 1951 novit;sed
3469 1923 3482 1944 .
3521 1880 3754 1936 Mundus
3794 1898 3910 1936 eum

2331 1993 2432 2030 non
2475 1976 2744 2046 cognovit;
2777 1975 2831 2030 id
2875 1985 2985 2037 est.
3016 1977 3048 2028 ii
3088 1974 3332 2036 homines
3360 1974 3448 2044 qni
3481 1972 3679 2028 mundo
3707 1981 3908 2028 tantum

2333 2070 2574 2132 ha-rrnt,
2608 2079 2662 2124 et
2706 2086 2765 2123 ca
2814 2085 2934 2140 quze
2975 2069 3155 2123 mundi
3199 2078 3323 2123 sunt
3364 2069 3594 2137 sapiunt.
3637 2068 3726 2122 Sic
3768 2066 3908 2122 enim

2328 2163 2466 2217 solet
2503 2161 2751 2218 Christus
2792 2163 2934 2232 ipsos
2964 2163 3270 2232 appellare,
3307 2171 3364 2215 ut
3392 2175 3511 2216 cum
3541 2159 3707 2223 dicit,
3758 2157 3911 2214 Pater

2329 2264 2517 2320 sancte,
2549 2265 2595 2306 et
2621 2254 2841 2308 mundus
2863 2263 2909 2307 te
2935 2271 3034 2308 non
3057 2255 3288 2324 cognovit
3317 2253 3493 2323 (Joan.
3531 2254 3618 2307 l7.
3646 2251 3757 2320 25).
3791 2249 3905 2306 Non

2332 2346 2488 2414 igitur
2520 2345 2712 2399 Filium
2743 2354 2946 2399 tantum
2967 2387 2982 2410 ,
3015 2345 3110 2400 sed
3143 2346 3302 2400 etiam
3344 2345 3556 2400 Patrem
3597 2346 3713 2413 ejus
3752 2358 3908 2397 mun-

2329 2435 2430 2488 dus
2456 2435 2716 2505 ignoravit
2742 2475 2757 2498 ,
2790 2444 2846 2488 ut
2871 2435 3201 2490 dicebamus.
3231 2435 3366 2490 Nihil
3399 2435 3540 2490 enim
3579 2435 3647 2488 ita
3677 2443 3907 2488 mentem

2331 2525 2542 2592 turbat,
2577 2537 2631 2580 ut
2654 2527 2812 2580 rebus
2835 2527 3189 2597 prresentibus
3211 2526 3436 2581 inhiare.
3472 2527 3596 2581 Ilzec
3622 2541 3741 2581 cum
3770 2523 3906 2578 scia-

2331 2619 2396 2671 tis
2426 2660 2440 2683 ,
2473 2633 2501 2672 a
2541 2619 2739 2672 mundo
2781 2635 2874 2673 vos
2915 2628 3227 2689 segregate,
3257 2627 3312 2674 et
3351 2633 3380 2672 a
3412 2618 3712 2673 carnalibus
3751 2615 3910 2673 rebus

2328 2709 2596 2764 abscedite
2617 2752 2630 2775 ,
2661 2719 2917 2790 quantum
2949 2710 3060 2765 tieri
3103 2711 3302 2780 poterit
3336 2730 3346 2758 :
3380 2725 3554 2778 neque
3583 2709 3724 2764 enim
3769 2709 3821 2763 in
3852 2723 3909 2766 re

2328 2800 2520 2854 nullius
2550 2802 2704 2871 pretii
2733 2801 2858 2857 hinc
2885 2803 3136 2857 dannmm
3166 2803 3333 2857 oritur
3356 2841 3373 2868 ,
3403 2802 3494 2856 sed
3527 2801 3579 2856 in
3609 2801 3780 2872 capite
3811 2801 3908 2858 bo-

2329 2905 2540 2945 norum.
2571 2891 2754 2962 Neque
2782 2893 2922 2947 enim
2953 2901 3125 2962 poteSt
3155 2892 3346 2955 homo.
3378 2893 3469 2960 qui
3501 2892 3780 2962 prmsentis
3805 2893 3904 2948 :evi

2327 2983 2490 3038 rebus
2510 2983 2793 3038 admodum
2823 2983 2991 3038 bzorct
3010 3025 3024 3044 ,
3050 2985 3284 3040 caelestia
3306 2995 3451 3040 recte
3473 2984 3746 3053 percipere
3772 3003 3785 3038 :
3814 2985 3908 3040 sed

2330 3089 2551 3130 necesse
2588 3084 2668 3129 est
2691 3089 2814 3129 eum
2837 3116 2850 3131 .
2882 3075 2971 3144 qui
3007 3075 3090 3128 his
3130 3074 3373 3130 addictus
3408 3085 3511 3141 est,
3539 3075 3606 3129 ab
3633 3074 3734 3130 illis
3763 3076 3907 3132 exci-

2325 3166 2457 3222 dere
2489 3185 2503 3222 :
2539 3165 2658 3219 Non
2686 3170 2891 3235 potestis
2921 3167 3084 3231 enim,
3128 3167 3319 3237 inquit,
3362 3166 3470 3222 Deo
3496 3169 3682 3222 sentire
3705 3177 3750 3222 et
3794 3184 3907 3222 ma-

2326 3272 2492 3310 monu:
2533 3254 2697 3328 (an.
2749 3255 2830 3316 ιϐ.
2886 3257 3012 3324 15);
3048 3266 3105 3311 ut
3149 3257 3240 3312 uni
3288 3258 3628 3327 hzcreamns,
3676 3258 3906 3313 alterum

2326 3349 2507 3402 odisse
2536 3355 2768 3417 oportet.
2807 3347 2929 3402 Ilaec
2960 3348 3071 3418 ipsa
3105 3363 3286 3403 rerum
3317 3349 3644 3418 experientia
3690 3348 3902 3404 clamal.

2323 3438 2425 3506 Qui
2467 3438 2608 3493 enim
2657 3439 2999 3507 pscnniarum
3041 3441 3529 3508 concupiscentiam
3570 3440 3844 3504 derident.
3874 3441 3909 3499 ii

2327 3533 2557 3588 maxime
2587 3541 2713 3586 sunt
2740 3533 2827 3602 qui
2853 3533 3018 3588 Deum
3052 3541 3106 3588 ut
3137 3533 3288 3588 decet
3312 3545 3527 3598 amant;
3556 3534 3908 3604 quemadmo-

2323 3626 2449 3679 dum
2491 3638 2545 3680 et
2570 3626 2658 3695 qui
2699 3642 2727 3677 a
2761 3626 3020 3696 principio
3058 3626 3178 3681 illas
3203 3627 3468 3682 mirantur
3493 3669 3507 3691 .
3543 3628 3576 3680 ii
3610 3629 3906 3698 prtesertim

2324 3718 2560 3787 suntqui
2592 3718 2754 3771 Deum
2788 3717 3062 3772 rcmEssius
3089 3717 3337 3785 diligunt.
3371 3719 3563 3772 Anima
3593 3720 3733 3774 enim
3769 3719 3905 3773 divi-

2326 3811 2517 3864 tiarum
2544 3823 2727 3864 amore
2755 3811 2921 3862 semel
2946 3819 3099 3879 capta
3126 3849 3140 3873 ,
3175 3825 3280 3862 non
3309 3808 3466 3864 facile
3488 3810 3710 3864 absistet
3743 3811 3812 3864 ab
3844 3811 3907 3866 iis

2322 3900 2542 3967 agendis
2565 3941 2580 3966 ,
2607 3916 2726 3969 quae
2753 3901 2918 3955 Deum
2951 3900 3015 3954 ad
3048 3899 3179 3955 iram
3211 3911 3542 3971 provocant,
3577 3911 3760 3972 utpote
3789 3919 3907 3972 qua!

2321 3990 2478 4046 alteri
2523 3991 2727 4045 serviat
2774 3991 3028 4056 domino,
3059 3991 3147 4061 qui
3199 3991 3251 4045 in
3290 3991 3539 4047 omnibus
3579 4001 3762 4048 contra
3814 3992 3905 4049 Dei

2322 4081 2567 4135 mandata
2617 4081 2907 4149 praecipiat.

2398 4172 2656 4240 Quantum
2685 4171 2953 4224 discrimen
2974 4173 3103 4225 inter
3132 4189 3297 4226 servos
3327 4173 3513 4228 Christi
3539 4183 3584 4227 ct
3610 4191 3776 4229 servos
3799 4192 3908 4229 rita-

2322 4279 2502 4316 mame.
2527 4291 2597 4301 —-
2622 4263 2840 4331 \‘igilaie
2882 4264 3061 4331 itaque
3086 4273 3139 4317 et
3163 4265 3589 4335 expergiscimini
3617 4307 3631 4330 ,
3665 4283 3727 4323 ac
3752 4268 3902 4338 cogi-

2324 4363 2494 4407 tantes
2537 4351 2809 4421 cnjnsnam
2842 4352 3042 4408 domini
3075 4356 3242 4408 siums
3295 4356 3434 4410 servi
3461 4399 3475 4419 ,
3511 4358 3627 4427 ejus
3669 4370 3904 4415 tantum-

2324 4445 2483 4498 modo
2539 4461 2760 4513 regnnm
2807 4447 3128 4515 diligamus;
3196 4450 3469 4518 lugeamus
3521 4463 3574 4504 et
3631 4455 3899 4522 prarterita

2319 4537 2657 4606 deploremns
2689 4545 2947 4606 tempora,
2994 4541 3188 4608 quibus
3226 4557 3487 4596 mamonte
3537 4543 3899 4601 servivimus:

2319 4629 2626 4697 abjiciamus
2666 4629 2830 4683 semel
2867 4633 3050 4700 jngum
3096 4631 3214 4700 ejus
3257 4646 3419 4702 grave
3445 4642 3498 4688 et
3527 4634 3901 4701 intolerabile,

2320 4733 2375 4776 et
2409 4722 2592 4791 jngmn
2633 4721 2830 4776 Christi
2884 4723 2998 4776 leve
3028 4733 3083 4777 et
3125 4739 3289 4778 suave
3339 4740 3458 4779 cum
3505 4727 3902 4795 perseverantia

2319 4814 2590 4876 leranms;
2633 4813 2720 4883 qui
2775 4813 2905 4866 nihil
2955 4815 3060 4868 tale
3106 4815 3390 4883 praecipit,
3432 4817 3587 4884 quale
3630 4832 3900 4872 mamona.

2321 4908 2415 4961 llic
2444 4907 2585 4962 enim
2611 4908 2762 4975 jubet
2793 4923 2892 4962 nos
2937 4909 3188 4963 omnibus
3219 4909 3464 4963 inimicos
3507 4896 3666 4975 esse;
3714 4920 3900 4966 contra

2319 5014 2445 5053 vero
2490 4999 2734 5053 Christus
2763 5039 2776 5059 ,
2819 5013 3006 5054 omnes
3052 4999 3299 5067 amplecti
3342 5009 3396 5054 et
3424 5015 3626 5055 amare.
3674 5000 3768 5057 Ille
3806 5017 3902 5055 nos
3943 5018 3946 5022 ί

2319 5089 2428 5142 luto
2469 5098 2522 5142 et
2569 5088 2824 5142 lateribus
2867 5087 3126 5158 alﬂgens,
3157 5088 3260 5143 hoc
3298 5099 3383 5144 est
3420 5106 3592 5157 auro,
3637 5107 3702 5147 ne
3740 5102 3900 5146 noctu

2316 5179 2527 5248 quidem
2578 5179 2705 5233 sinit
2755 5194 2854 5233 nos
2909 5179 2992 5234 vel
3045 5180 3315 5250 paululmn
3373 5183 3682 5248 respirare;
3733 5182 3824 5238 hic
3869 5201 3896 5236 a

2313 5269 2575 5337 superﬂua
2617 5270 2704 5323 illa
2734 5280 2787 5324 et
2815 5272 2997 5324 insana
3046 5287 3175 5326 cura
3206 5288 3305 5327 nos
3334 5274 3562 5339 liberat;
3608 5275 3702 5330 sed
3742 5275 3894 5343 jubet

2316 5359 2593 5414 thesauros
2635 5361 2684 5412 in
2716 5360 2846 5413 ca-lo
2868 5377 3054 5430 parare
3089 5381 3100 5414 :
3127 5377 3231 5416 non
3264 5379 3326 5418 ex
3353 5364 3539 5434 injuria
3572 5366 3690 5420 aliis
3711 5367 3854 5421 illata
3876 5408 3892 5430 ,

2314 5449 2408 5505 sed
2438 5466 2501 5504 ex
2550 5451 2761 5520 prepria
2787 5451 3010 5520 justitia.
3047 5451 3138 5508 llle
3167 5463 3284 5522 post
3310 5456 3503 5509 multos
3534 5456 3756 5512 sudores
3795 5475 3893 5513 no.

2313 5549 2454 5595 stros
2481 5552 2532 5593 et
2579 5541 2819 5595 miserias
2851 5557 2956 5594 non
2999 5543 3192 5611 poterit
3217 5544 3403 5599 adesse
3431 5545 3581 5601 nobis
3603 5588 3619 5613 ,
3649 5563 3699 5602 et
3717 5562 3768 5600 m
3796 5565 3893 5604 ex-

2312 5641 2480 5686 tremo
2510 5632 2770 5700 supplicio
2799 5634 3081 5702 punit-mur
3103 5675 3118 5700 ,
3152 5644 3208 5689 et
3236 5637 3305 5689 ob
3331 5636 3476 5705 leges
3503 5637 3620 5707 ejus
3650 5651 3893 5696 servatas

2313 5722 2451 5777 mala
2484 5724 2783 5792 patiemur;
2815 5725 2920 5778 imo
2950 5724 3217 5780 ﬂammam
3247 5729 3503 5784 accendet
3529 5747 3542 5790 ;
3573 5731 3657 5785 hic
3682 5732 3724 5786 si
3759 5748 3891 5802 pne-

2313 5815 2470 5886 cipiat
2513 5818 2755 5886 poculum
2787 5832 2937 5886 aqua:
2965 5816 3168 5888 frigidm
3198 5819 3358 5890 dare,
3391 5838 3456 5877 ne
3489 5821 3644 5892 hujus
3671 5824 3883 5894 quidem
