2023 3254
107 249 133 277 to
625 235 657 264 IN
676 234 735 263 .IOA
740 232 833 262 NNEM
854 231 899 260 IIO

955 248 970 258 μ
987 230 1032 259 IX.
1053 231 1089 258 al.
1105 229 1171 259 VIII.
1709 225 1743 252 70

108 307 158 336 lacti
178 302 328 333 mercedem
344 300 435 328 amitti
452 298 521 326 sinet
534 317 542 329 .
558 294 606 323 sed
626 294 700 329 large
715 299 765 321 nos
779 289 891 327 praemio

109 351 211 380 donabit.
226 350 325 376 Annon
339 351 472 375 extremm
484 341 626 371 dententim
642 339 724 367 l‘ucrit
737 359 745 370 ,
762 343 815 365 tam
832 336 890 372 pla-

109 397 155 424 rid:
168 401 193 423 et
206 399 244 421 tot
262 393 344 421 benis
360 390 460 419 rel‘crta
482 388 610 417 servitute
624 385 746 421 neglecta
757 405 766 417 ,
781 383 890 418 ingrato

107 441 195 469 servire
214 444 329 476 tyranno
342 458 350 469 .
364 435 412 471 qui
435 441 521 469 neque
542 432 585 459 ltic
597 452 604 465 ,
621 437 709 476 neque
730 428 787 456 illic
803 430 894 476 potest

107 496 145 514 eos
156 485 196 521 qui
210 473 259 512 sibi
275 484 460 516 obchtteutes
478 483 541 507 sttnt
554 476 669 513 jttvare?
686 474 779 510 Neque
803 473 829 500 id
845 480 893 500 so-

108 535 153 561 lum
171 533 230 561 mali
244 536 272 559 et
293 529 388 558 damni
402 532 444 556 est
454 548 461 559 .
475 525 547 562 quod
562 523 695 560 supplicio
714 521 827 549 traditos
839 527 894 547 non

107 585 189 613 eruat;
201 579 248 608 sed
271 577 343 613 quod
358 597 367 609 ,
382 581 411 603 ut.
423 574 495 606 dixi.
508 578 639 607 sequaces
659 576 724 597 suos
746 565 896 613 innumeris

108 612 189 655 obruat
201 612 290 653 malis.
315 623 451 650 Plurimos
471 619 544 647 enim
557 625 590 645 ex
606 617 638 644 iis
653 615 697 651 qui
713 614 749 642 ibi
771 612 895 640 crucian-

109 679 144 701 tur
153 693 160 705 ,
173 671 261 698 videre
281 674 325 697 est
345 668 408 695 ideo
421 664 553 701 supplicio
569 662 683 690 traditos
695 681 703 693 ,
716 659 788 696 quod
812 665 896 694 pecu-

109 719 151 746 niis
164 715 304 745 servierint
318 719 346 742 et
358 720 453 741 aurum
466 709 584 739 amat-int
593 730 600 743 ,
611 707 757 743 egenisque
768 712 822 733 non
835 710 895 732 ero-

109 765 192 801 garint.
207 764 271 797 Quas
294 769 331 790 ne
344 768 396 788 nos
405 765 512 795 qquue
526 756 674 792 patiamur,
686 753 875 788 dispergamus
886 770 895 783 ,

109 800 190 839 demus
204 807 368 845 pauperibus
380 827 388 839 ,
411 804 528 832 animam
552 805 671 829 nostram
694 804 821 827 eruamus
835 800 863 824 et
881 803 896 822 a

946 289 1034 317 noxiis
1055 287 1134 323 hujus
1160 289 1224 315 vita:
1246 287 1337 321 curis,
1352 290 1380 314 el.
1394 294 1409 314 :t
1434 286 1568 322 supplicio
1591 286 1645 315 illic
1668 289 1746 317 nobis

947 341 1040 372 parato
1055 345 1062 363 :
1075 335 1242 369 deponamns
1252 333 1386 369 justitiam
1402 333 1428 360 in
1444 333 1518 361 erlis
1533 342 1540 360 :
1557 334 1616 360 loco
1627 338 1749 361 terrena-

946 390 1005 410 rum
1013 389 1094 417 opum
1106 381 1265 417 colligamus
1277 380 1421 408 thesauros
1432 379 1476 415 qui
1488 380 1591 407 absumi
1605 384 1750 416 nequeant,

948 429 1089 457 thesauros
1102 429 1147 463 qui
1160 427 1264 463 possint
1276 427 1418 454 nobiscum
1434 427 1460 453 in
1476 426 1572 453 emittm
1589 426 1731 461 pervenire
1741 447 1749 457 .

947 475 992 511 qui
1007 477 1111 510 possint
1130 474 1209 502 nobis
1225 473 1442 510 periclitantibus
1461 473 1623 507 patroeiuari
1638 478 1666 500 et
1678 473 1749 508 judi-

947 529 1006 558 cent
1021 521 1136 549 reddere
1151 520 1313 556 propitium;
1327 527 1408 555 quem
1427 519 1530 546 utinam
1546 523 1575 546 et
1598 526 1670 546 nunc
1683 524 1710 547 et
1723 519 1749 547 iu

948 569 994 596 illa
1007 568 1052 596 die
1065 567 1210 603 propitium
1223 566 1356 595 habentes
1366 587 1374 600 ,
1388 573 1450 593 cutn
1463 565 1589 593 libertate
1605 565 1684 594 bonis
1697 565 1750 593 illis

950 615 975 642 in
990 613 1058 642 caelo
1072 613 1174 648 paratis
1190 613 1223 640 iis
1235 612 1281 648 qui
1296 616 1371 639 recte
1384 611 1499 646 diliguttt
1511 619 1573 638 etttn
1586 632 1592 643 ,
1609 610 1748 639 fruamur:

948 660 1033 696 gratia
1053 664 1082 687 et
1101 659 1265 694 benignitate
1292 658 1401 686 Domini
1429 657 1514 685 nostri
1539 657 1603 686 Jesn
1629 656 1751 688 Christi.

949 706 1056 741 quicum
1071 705 1142 732 i‘atri
1157 705 1242 740 gloria
1258 711 1367 740 unaque
1382 709 1477 731 sancto
1491 703 1613 739 Spiritui,
1630 711 1701 732 nunc
1725 709 1753 732 et

949 758 1074 787 semper,
1090 756 1116 779 et
1130 751 1158 778 in
1173 750 1271 778 saecula
1286 749 1460 777 satculornm.
1476 750 1572 777 Amen.

101 859 1016 883 __________________

801 901 906 933 HOMI
910 900 978 932 LIA
994 900 1052 931 IX.

146 986 185 1014 Il.
199 984 232 1013 In
246 984 355 1020 proprio
367 982 446 1015 venit,
460 986 484 1009 et
496 983 537 1008 snt
551 987 607 1006 eum
621 986 673 1005 non
692 980 851 1010 receperunt.

139 1034 161 1060 Ι.
174 1032 201 1060 Si
215 1031 338 1067 priorum
350 1026 563 1057 reminiscamini
577 1046 585 1058 ,
598 1032 659 1060 quae
672 1026 822 1059 sequuntur
834 1028 896 1049 cum

108 1078 190 1113 majori
212 1077 356 1105 alacritate
378 1073 558 1109 adjiciemus,
580 1074 673 1106 utpote
697 1068 742 1113 qui
769 1074 896 1103 tnagnum

109 1125 251 1160 impendere
266 1124 374 1151 lucrttm
398 1121 547 1149 videamus.
569 1119 605 1146 Ita
629 1117 702 1144 enim
725 1115 802 1143 vobis
817 1116 898 1148 captu

109 1159 200 1200 cteilior
213 1177 307 1198 sermo
328 1169 380 1196 erit
393 1188 400 1200 ,
417 1167 439 1194 si
458 1166 513 1200 jam
536 1164 671 1192 dictorum
698 1159 896 1192 memineritis;

109 1219 226 1254 uobisque
246 1224 303 1245 non
319 1215 405 1242 tmtlto
424 1220 493 1249 opus
513 1212 565 1240 erit
586 1210 696 1256 labore,
719 1215 780 1256 cum
792 1212 898 1256 ‘vosAex-

108 1251 216 1292 discendi
241 1262 393 1298 cupiditate
417 1259 523 1287 acutius
543 1262 641 1285 caetera
664 1252 824 1290 dispicietis.
847 1251 899 1285 Qui

110 1311 172 1338 enim
195 1318 225 1337 ea
249 1314 313 1345 qua:
328 1307 426 1335 tradita
441 1309 505 1333 sunt
520 1310 630 1339 semper
652 1300 770 1333 amittit,
786 1298 900 1326 doctore

107 1364 203 1391 semper
216 1356 317 1391 egebit,
336 1361 386 1381 nec
401 1358 528 1387 umquam
541 1351 609 1378 sciet
623 1347 779 1384 quidpiam;
794 1345 839 1379 qui
851 1352 899 1372 au-

110 1409 155 1431 tem
169 1408 277 1438 accepta
291 1400 411 1430 custodit
422 1421 430 1434 ,
447 1405 474 1427 et
487 1399 588 1434 reliqua
603 1394 779 1432 superaddit,
794 1392 849 1421 cito
864 1399 899 1420 ex

109 1449 230 1488 discipulo
253 1449 384 1483 magister
406 1445 477 1477 erit.
505 1451 554 1472 nec
573 1443 623 1470 sibi
649 1441 754 1474 solum,
769 1438 817 1488 sed
839 1438 899 1465 aliis

108 1485 204 1530 quoque
218 1495 304 1522 utilis.
317 1491 475 1527 Huiusmodi
487 1497 569 1525 spero
582 1488 639 1516 lore
649 1487 718 1515 hanc
728 1485 897 1517 concionem.

109 1540 179 1575 idque
199 1548 233 1567 es
246 1543 323 1567 tanto
338 1544 429 1565 vestro
449 1535 577 1564 audiendi
592 1533 682 1562 studio
702 1539 828 1568 auguror.
843 1531 900 1567 Age

109 1594 176 1622 ergo,
191 1586 216 1613 in
231 1585 335 1613 vestris
349 1583 457 1616 animis,
476 1581 555 1617 quasi
566 1581 593 1608 in
610 1579 745 1607 tutissimo
760 1579 898 1610 thesauro,

109 1638 239 1668 argentum
265 1631 373 1660 Domini
388 1631 557 1665 deponamtts
568 1647 576 1660 ,
590 1631 618 1655 et
641 1634 703 1662 qua:
723 1624 802 1652 nobis
817 1623 899 1651 hodie

111 1680 236 1715 proposita
262 1683 341 1711 sunt.
356 1682 486 1713 quantum
502 1675 581 1702 nobis
595 1673 713 1709 Spiritus
728 1671 813 1708 gratia
834 1677 900 1705 sup-

110 1726 236 1760 peditabit,
250 1725 429 1760 explicemus.
448 1722 556 1750 Dixerat
567 1740 575 1753 ,
592 1719 707 1747 Mundus
721 1726 779 1746 eum
792 1725 843 1744 non
856 1724 900 1743 co-

109 1771 199 1807 gnovit,
225 1772 260 1799 de
284 1769 482 1805 antiquioribus
508 1767 563 1795 illis
586 1765 752 1800 temporibus
774 1763 898 1799 loquens.

111 1818 242 1847 Descendit
264 1817 365 1845 deinde
385 1815 419 1844 ad
441 1819 547 1850 tempus
564 1811 781 1849 prmdication’ts,
798 1814 825 1837 et
837 1809 875 1836 ait
891 1816 898 1835 :

111 1864 138 1892 In
150 1865 250 1901 proprio
265 1864 334 1891 venit
346 1884 354 1895 .
369 1868 392 1890 et
407 1862 446 1890 sui
461 1869 519 1889 eum
531 1868 583 1888 non
597 1862 759 1894 receperunt.
771 1856 841 1884 Suos
856 1855 900 1883 hic

109 1910 204 1938 luds-es
217 1915 308 1942 vocat.
320 1913 351 1937 ut
364 1908 489 1943 populum
504 1906 679 1942 peculiarem,
692 1904 734 1932 vel
747 1903 828 1931 etiam
842 1909 901 1930 om-

111 1963 151 1983 nes
171 1955 295 1984 homines
316 1960 450 1989 tamquam
465 1952 499 1980 ab
513 1953 571 1988 ipso
581 1955 697 1979 creatos.
713 1950 753 1977 Ac
767 1948 900 1984 quemad-

111 2002 205 2029 modum
219 2008 302 2037 supra
315 2000 350 2028 de
378 2000 523 2027 multorum
537 1997 656 2025 amentia
678 2001 790 2030 stupens
801 2016 808 2028 ,
826 1998 853 2022 et
866 1993 901 2021 de

110 2051 233 2076 mtnmuni
246 2034 342 2075 natura
355 2046 519 2074 erubescens
531 2044 650 2076 dicebat,
666 2042 796 2070 mundum
808 2041 843 2068 ab
855 2034 912 2068 illo‘

111 2094 237 2121 conditum
248 2114 256 2126 ,
273 2097 425 2121 creatorem
446 2098 525 2119 Suum
542 2097 595 2117 non
610 2088 768 2124 cognovisse
784 2095 791 2114 ε
813 2087 853 2114 sic
873 2090 902 2113 et

111 2139 155 2167 hoc
167 2139 224 2167 loco
236 2139 394 2167 Judzcorum
413 2137 581 2171 aliorumque
607 2135 751 2163 multorum
766 2134 900 2169 ingratum

111 2186 218 2213 animum
231 2193 307 2222 regre
322 2185 429 2218 terens,
444 2184 470 2211 itt
483 2183 635 2219 graviorem
649 2181 801 2217 prorumpit
819 2187 901 2207 accu-

113 2231 232 2259 sationem
246 2253 254 2264 .
286 2230 402 2259 dicens:
428 2229 477 2258 Sui
499 2237 557 2257 eum
581 2237 633 2256 non
656 2232 825 2262 receperunt,
850 2224 901 2253 etsi

114 2277 163 2312 ipse
173 2277 206 2305 ad
226 2277 289 2305 illos
304 2277 418 2304 venerit.
445 2275 538 2311 Neque
552 2275 610 2310 ipse
624 2274 712 2302 solum
727 2293 735 2306 ,
751 2272 799 2300 sed
820 2271 901 2300 etiam

114 2323 238 2359 propheta:
254 2323 372 2361 idipsttm
386 2321 537 2351 mirabtmdl
547 2320 673 2349 dixerunt
689 2328 697 2346 :
713 2326 817 2347 necnon
834 2318 902 2345 Pau-

114 2369 149 2397 ltts
160 2370 199 2398 his
211 2369 246 2398 de
260 2362 345 2398 rebus
367 2368 572 2403 obstttpescens.
588 2367 622 2394 Et
641 2365 780 2401 propheta:
794 2364 902 2399 quidem

113 2422 141 2442 ex
161 2423 272 2450 persona
298 2414 398 2443 Christi
421 2415 570 2442 clamantes
592 2413 742 2441 dixerunt:
767 2410 903 2447 Populus,

114 2469 179 2495 quas
190 2470 240 2489 non
255 2461 365 2496 cognovi
375 2481 382 2493 ,
398 2460 498 2488 servivit
515 2459 577 2486 milti
592 2469 600 2486 :
617 2459 644 2486 iu
660 2458 750 2486 auditu
761 2457 831 2484 auris
845 2456 904 2484 obe-

115 2507 168 2533 disit
182 2507 251 2534 mihi.
268 2506 333 2534 Filii
344 2507 422 2534 alieni
436 2507 532 2533 mentiti
544 2509 604 2533 sunt
617 2504 698 2536 mihi;
713 2503 761 2538 lilii
773 2502 851 2530 alieni
864 2503 905 2528 in-

117 2553 208 2579 ruenti
230 2557 291 2580 sunt
304 2573 311 2585 ,
326 2557 349 2579 et
371 2552 579 2579 claudicaverunt
598 2559 614 2577 a
634 2549 730 2577 smilis
749 2549 802 2576 suis
818 2547 904 2583 (Psal.

119 2598 211 2626 ιλιδ.
225 2597 284 2634 ιδ).
300 2597 336 2625 Et
350 2604 457 2625 rursum
475 2606 481 2624 :
499 2597 597 2630 Quibus
612 2604 663 2623 non
677 2600 713 2623 ut
725 2599 860 2623 narratum
875 2594 907 2621 de

116 2651 156 2676 ω,
171 2643 289 2670 uidebunt
299 2651 310 2669 ι
327 2648 350 2670 ει
364 2643 407 2679 qui
432 2651 483 2670 nou
505 2642 657 2675 audierunt,
672 2640 811 2676 intelligent
827 2638 904 2675 (hui.

118 2687 155 2714 52.
171 2688 233 2724 is);
248 2692 293 2721 et,
309 2688 321 2714 ι
326 2694 428 2715 urentur
445 2697 499 2715 sum
513 2697 527 2714 a
541 2695 592 2715 non
605 2687 775 2722 querentibus
788 2693 846 2714 me:
861 2693 908 2721 pa-

119 2734 163 2759 luut
171 2735 281 2769 apponi
294 2735 326 2762 iis
339 2736 382 2769 qui
397 2743 436 2761 me
447 2742 496 2761 non
509 2732 700 2769 interrogabant
712 2731 794 2766 (Ibid.
811 2732 854 2759 66.
870 2731 906 2766 l).

121 2780 210 2808 l'aulus
229 2787 320 2807 autem
345 2782 377 2807 ad
395 2780 530 2807 liotnanos
549 2779 673 2806 scribens
694 2777 800 2805 dicebat
816 2786 822 2804 :
839 2776 908 2810 Quid

120 2826 191 2861 ergo!
201 2827 268 2861 quod
278 2826 405 2861 quaerebat
422 2825 505 2852 Israel
516 2846 524 2858 ,
541 2825 589 2851 hoc
604 2832 656 2852 non
671 2828 706 2852 est
720 2829 888 2859 conuquutus
900 2831 909 2849 .'

120 2873 198 2898 (ια-ιω
212 2878 297 2899 autem
308 2878 464 2906 consequuta
479 2877 516 2899 est
531 2872 621 2907 (liam.
636 2872 676 2899 II.
692 2871 730 2906 7).
746 2871 778 2899 Et
792 2870 887 2898 iterum
901 2879 908 2897 ε

122 2917 182 2948 Quid
196 2927 254 2954 (rgo
268 2918 403 2946 dicemus?
420 2919 496 2952 Quod
509 2923 596 2954 gentes
607 2939 614 2950 ,
637 2925 695 2951 qua!
711 2926 761 2945 non
777 2917 910 2944 sectaban-

122 2967 156 2989 Il!
174 2966 314 2999 justitiam,
336 2966 559 3000 oppri-laetitiam“
582 2965 711 2998 justitiam
730 2972 739 2990 :
757 2963 839 2991 Israrl
854 2971 910 2991 rura

952 973 1073 1000 sectanda
1086 973 1166 1008 legem
1179 972 1305 1008 justititz,
1322 973 1349 1000 in
1361 973 1443 1009 legem
1456 973 1567 1009 justitie
1578 982 1629 1001 non
1644 975 1756 1010 peracuit

955 1019 1043 1056 (Rom.
1057 1019 1085 1047 9.
1102 1018 1159 1054 30).
1175 1018 1230 1047 Res
1242 1024 1284 1047 est
1298 1019 1370 1046 enim
1386 1019 1567 1048 admiratione
1581 1020 1672 1056 digna,
1689 1029 1756 1057 quo-

953 1065 1034 1094 modo
1049 1065 1066 1092 ii
1079 1066 1123 1101 qui
1144 1066 1170 1092 in
1194 1065 1360 1101 propheticis
1375 1066 1451 1094 libris
1466 1065 1571 1094 educati
1594 1072 1657 1095 sunt
1669 1088 1677 1101 ,
1694 1069 1756 1103 qui-

952 1121 1005 1148 que
1027 1112 1147 1148 quotidie
1169 1112 1281 1140 audiunt
1304 1113 1414 1148 Moysen
1439 1113 1580 1142 innumera
1601 1114 1635 1142 de
1655 1114 1756 1143 Christi

953 1158 1071 1186 adventu
1097 1158 1250 1194 loquentem
1264 1178 1272 1191 ,
1287 1165 1392 1186 necnon
1415 1160 1586 1193 sequentium
1604 1164 1755 1195 temporum

954 1204 1099 1239 prophetas
1113 1225 1120 1237 ,
1136 1209 1217 1238 atqtte
1232 1204 1319 1239 ipsum
1341 1203 1478 1232 Christum
1492 1205 1612 1241 quotidie
1627 1206 1756 1234 miracula

955 1255 1105 1285 patrantem
1117 1270 1125 1284 ,
1141 1258 1257 1285 cumque
1280 1250 1346 1286 ipsis
1361 1251 1427 1279 solis
1452 1257 1605 1280 versantem
1618 1274 1626 1286 ,
1641 1253 1756 1281 necdum

955 1297 1153 1332 permittentem
1169 1297 1309 1333 discipulis
1323 1304 1352 1325 ut
1367 1299 1393 1325 itt
1409 1299 1479 1326 viam
1493 1300 1614 1335 gentium
1628 1300 1734 1329 abirent
1747 1322 1755 1334 ,

954 1348 1000 1370 attt
1013 1343 1038 1370 itt
1053 1343 1190 1371 civitatem
1205 1343 1437 1372 Samaritanorum
1452 1346 1669 1381 ingrederentur,
1684 1347 1756 1382 qttod

955 1397 1042 1425 neque
1051 1390 1108 1425 ipse
1123 1390 1237 1418 faciebat
1247 1411 1255 1424 ,
1270 1391 1318 1419 sed
1328 1390 1484 1427 frequenter
1491 1392 1598 1420 dicebat
1606 1401 1636 1421 se
1644 1394 1757 1421 missum

955 1443 1015 1464 esse
1030 1436 1063 1463 ad
1078 1443 1144 1464 oves
1153 1444 1212 1472 qua:
1222 1437 1357 1472 perierant
1366 1437 1554 1466 domnslsrael
1565 1447 1573 1471 ;
1586 1443 1704 1466 attamen
1718 1440 1756 1467 illi

955 1487 1015 1517 post
1023 1486 1062 1509 tot
1073 1482 1148 1518 signa
1159 1483 1185 1509 itt
1196 1483 1309 1518 gratiam
1319 1484 1359 1510 sui
1370 1483 1452 1517 edita,
1465 1491 1526 1512 cum
1536 1486 1680 1520 prophetas
1690 1493 1757 1522 quo-

955 1527 1160 1560 tidieaudirent.
1172 1528 1313 1564 ipsumque
1323 1529 1459 1557 Christum
1471 1530 1579 1558 assidue
1588 1536 1755 1562 monentem.

955 1581 1040 1608 usque
1053 1574 1122 1602 adeo
1142 1582 1229 1603 caecos
1243 1580 1325 1610 atque
1346 1575 1444 1604 surdos
1466 1584 1496 1603 se
1520 1578 1712 1612 pnestiterint,
1729 1584 1758 1606 ut

954 1619 1030 1646 nullo
1050 1627 1144 1647 eorum
1159 1620 1192 1647 ad
1207 1620 1286 1648 ﬁdem
1312 1620 1338 1648 in
1352 1621 1489 1649 Christum
1503 1621 1592 1650 induci
1610 1624 1756 1658 potuerint.

990 1666 1105 1694 Externa
1118 1667 1280 1702 philosophia
1293 1675 1369 1702 quant
1382 1668 1492 1695 absurda
1505 1670 1628 1704 ctturpis.
1638 1685 1673 1690 —
1682 1670 1756 1698 Gen-

955 1711 1015 1739 tiles
1036 1717 1125 1740 atttem
1142 1713 1210 1740 nihil
1230 1713 1326 1741 horum
1346 1715 1504 1749 ettnseqttuti
1521 1734 1529 1746 .
1542 1714 1631 1743 divina
1647 1718 1756 1745 oracula

955 1765 990 1785 ue
1002 1757 1028 1785 in
1040 1758 1143 1785 somnis
1152 1758 1260 1794 quidem
1287 1759 1429 1788 audierant
1443 1769 1451 1793 ;
1469 1761 1515 1788 sed
1531 1761 1556 1789 in
1573 1761 1669 1789 fabulis
1683 1764 1756 1790 insa-

955 1804 1085 1832 nientium
1101 1805 1197 1832 versati
1210 1804 1220 1841 (
1236 1805 1275 1833 sic
1288 1806 1361 1833 enim
1375 1814 1442 1834 voco
1453 1812 1593 1835 externam
1610 1808 1682 1835 illattt
1699 1808 1757 1844 piti-

955 1849 1105 1886 Iosophiatn
1117 1851 1127 1887 )
1140 1856 1167 1879 et
1184 1856 1322 1887 poetarum
1341 1852 1517 1881 deliramenta
1534 1859 1679 1883 tractantes
1695 1876 1703 1887 ,
1726 1855 1757 1883 Ii-

954 1897 1014 1933 gnis
1036 1901 1065 1926 et
1085 1898 1217 1933 lapidibus
1237 1898 1337 1926 addicti
1353 1905 1431 1927 erant
1444 1921 1451 1933 ,
1471 1908 1520 1929 nec
1538 1900 1580 1928 vel
1593 1901 1618 1928 in
1633 1902 1756 1930 doctrina

957 1943 999 1970 vel
1013 1943 1040 1970 in
1056 1951 1162 1972 morum
1173 1944 1315 1980 disciplina
1325 1945 1463 1981 quidpiam
1477 1954 1571 1974 sanum
1582 1947 1623 1975 vel
1631 1948 1695 1976 utile
1705 1957 1756 1976 no-

955 1993 1067 2022 verant;
1081 1990 1134 2016 vita
1149 1990 1247 2025 qttippc
1261 1990 1366 2018 illoruut
1387 1992 1517 2027 impurior
1532 2000 1612 2028 quam
1635 1993 1757 2022 doctrina

955 2034 1147 2071 scelestiorque
1155 2040 1223 2063 erat.
1233 2036 1301 2070 Quid
1318 2042 1406 2064 autem
1423 2038 1493 2065 aliud
1508 2039 1672 2074 sperandum
1686 2044 1755 2073 erat,

953 2088 1014 2108 cum
1029 2080 1095 2109 deos
1110 2089 1174 2110 suos
1188 2082 1311 2110 viderent
1323 2084 1405 2111 nullis
1420 2092 1472 2111 non
1482 2085 1588 2119 ﬂagitiis
1596 2085 1755 2121 gaudentes,

953 2131 1034 2162 atque
1048 2128 1185 2156 obscaenis
1197 2129 1287 2157 verbis
1299 2151 1306 2163 ,
1321 2129 1590 2167 obscmuioribusque
1602 2131 1682 2160 rebus
1696 2133 1757 2160 cul-

954 2178 996 2202 tos
1011 2183 1017 2200 :
1034 2174 1091 2202 hate
1108 2182 1156 2209 pro
1171 2174 1246 2203 l'estis
1261 2175 1357 2204 diebus
1369 2181 1396 2204 et
1412 2185 1460 2212 pro
1473 2177 1577 2206 honore
1599 2177 1731 2207 habentes
1748 2188 1755 2208 :

953 2220 986 2248 ad
1002 2221 1059 2248 haec
1072 2222 1153 2249 etiam
1170 2222 1293 2250 nel‘andis
1316 2223 1436 2251 caedibus
1450 2245 1457 2257 ,
1481 2232 1681 2261 puerorumque
1698 2234 1756 2254 tna-

954 2268 1117 2296 ctationibus
1131 2268 1288 2302 honoratos,
1300 2277 1353 2305 qua
1363 2270 1388 2297 in
1402 2278 1432 2298 re
1447 2270 1512 2299 deos
1528 2271 1577 2306 ipsi
1591 2279 1654 2299 suos
1668 2272 1758 2300 imita-

955 2314 1062 2342 bantur.
1076 2315 1201 2344 Attamen
1214 2316 1240 2343 itt
1255 2315 1342 2352 ipsum
1355 2317 1482 2352 nequitias
1497 2317 1661 2353 profundum
1678 2319 1758 2354 lapsi,

956 2366 1067 2396 repente
1078 2363 1155 2397 quasi
1167 2370 1214 2397 per
1226 2362 1371 2397 quamdam
1384 2363 1536 2391 machinam
1549 2364 1681 2392 sublimes
1695 2366 1759 2399 arti,

955 2417 988 2437 ex
1003 2409 1062 2444 ipso
1074 2409 1202 2436 ctelorum
1219 2409 1320 2437 vertice
1330 2409 1458 2437 sublimes
1471 2409 1549 2437 nobis
1563 2417 1759 2445 apparuerunt.

957 2454 986 2482 Id
999 2462 1064 2482 vero
1080 2453 1216 2489 quomodo
1228 2457 1256 2481 ct
1273 2454 1344 2482 unde
1357 2454 1467 2482 evenit?
1482 2455 1551 2482 Audi
1565 2455 1677 2483 Paulum
1698 2465 1759 2484 nur—

958 2505 1074 2528 rantem.
1093 2500 1191 2528 Beatus
1203 2501 1304 2536 quippe
1318 2501 1365 2529 ille
1381 2521 1389 2534 ,
1404 2501 1469 2528 dum
1492 2501 1550 2530 haec
1565 2502 1708 2538 diligenter
1725 2504 1761 2531 in-

958 2547 1087 2582 quit-cret,
1101 2555 1153 2574 non
1174 2548 1290 2575 cessavit
1312 2547 1400 2575 dottec
1414 2555 1524 2575 causam
1546 2549 1694 2578 invenisset
1707 2570 1716 2584 ,
1731 2555 1760 2577 ttt

958 2593 1084 2620 omnibtts
1105 2593 1232 2628 aperiret.
1257 2594 1385 2628 Quasnam
1403 2594 1446 2621 illa
1462 2599 1503 2622 est
1519 2616 1527 2629 ,
1553 2601 1580 2623 et
1597 2595 1666 2623 unde
1689 2600 1760 2623 tanta

958 2640 1065 2667 accitas
1079 2639 1144 2675 ipsis
1159 2640 1305 2668 obvenerat
1317 2640 1329 2666 ’ξ
1340 2640 1409 2667 Attdi
1425 2640 1499 2668 illum
1513 2641 1557 2668 cui
1574 2641 1625 2669 ltoe
1640 2642 1762 2670 ministe-

960 2687 1030 2714 rittnt
1042 2687 1175 2714 creditum
1190 2687 1287 2715 fuerat.
1303 2687 1372 2722 Quid
1389 2695 1453 2724 ergo
1468 2688 1533 2716 dicit
1545 2710 1552 2722 ,
1570 2695 1598 2717 ut
1612 2689 1755 2718 dubitatio-

961 2742 1022 2761 nem
1043 2734 1188 2761 ntttltorttttt
1206 2734 1293 2761 solvat
1307 2733 1319 2761 ?
1343 2733 1496 2770 Ignorautrs
1505 2736 1636 2771 justitiam
1659 2735 1705 2764 Dei
1718 2758 1725 2768 .
1740 2742 1763 2764 ct

961 2784 1101 2815 quaerentes
1114 2780 1246 2814 propriam
1255 2780 1385 2815 justitiam
1399 2786 1520 2813 statuere,
1529 2777 1640 2817 justitiw
1656 2782 1702 2810 Dei
1713 2791 1764 2810 non

962 2831 1020 2853 sunt
1029 2826 1134 2862 subjecti
1146 2826 1233 2862 (Ilom.
1243 2827 1285 2853 Il).
1296 2826 1335 2862 5).
1347 2827 1491 2862 Propterea
1502 2829 1598 2864 ergoid
1611 2829 1680 2864 passi
1689 2835 1762 2855 sunt.

964 2873 1002 2899 .-\c
1015 2880 1106 2900 rursus
1119 2872 1233 2907 idipsutn
1252 2873 1332 2900 aliter
1349 2874 1487 2908 explicans
1507 2874 1573 2901 dicit
1590 2884 1596 2901 :
1622 2875 1690 2907 Quid
1706 2884 1764 2910 ergo

964 2918 1073 2945 dicemus
1087 2918 1099 2945 3'
1116 2918 1190 2952 Quod
1211 2924 1296 2954 gentes
1311 2928 1367 2953 qua:
1378 2929 1428 2947 nou
1442 2920 1603 2947 sectabantur
1613 2920 1743 2954 justitiam
1757 2939 1762 2947 .

967 2964 1188 3000 upprrhrmlrt'uut
1204 2966 1332 3000 justitiam
1345 2966 1489 3001 :justitiam
1509 2972 1593 2994 autem
1604 2975 1661 3001 qua:
1673 2975 1703 2994 (π
1716 2968 1767 3002 ﬁds
