4078 6498
430 429 484 483 71
1135 417 1188 472 S.
1228 410 1504 470 JOANNIS
1529 403 2006 466 'CllRYSOSTOlll
2045 404 2364 461 ARCIIIEP.
2405 406 2935 465 CONSTANTINOP.
3639 415 3706 468 7-3

431 550 520 594 est.
547 537 710 592 Istue!
729 551 842 590 vero
868 530 1267 599 scctttudolrgem
1281 525 1516 598 justitiu',
1544 524 1595 576 in
1622 523 1775 593 legem
1795 518 2010 591 justitia:

437 650 534 686 uou
559 629 797 700 pervenit.
831 628 921 679 Dic
941 641 1040 694 qua
1069 614 1131 676 dc
1152 621 1349 676 causa?
1378 619 1509 687 Quia
1527 634 1626 672 non
1655 631 1715 670 ea:
1745 615 1846 683 ﬁde
1873 628 1890 666 :
1916 613 2009 664 imo

434 735 670 793 pegeraut
699 719 829 772 enim
857 718 908 770 iu
935 714 1155 784 lapidem
1187 709 1479 779 o/feusiouis
1506 707 1676 780 (Rom.
1710 706 1762 762 9.
1793 701 2006 774 50-32);

439 818 539 868 hoc
590 825 693 880 cst,
735 809 1078 866 incredulitas
1101 806 1203 861 illis
1228 820 1384 858 causa
1419 803 1675 857 malorum
1706 800 1800 854 fuit
1830 816 1844 852 :
1875 798 2009 851 hanc

434 923 562 960 vero
589 908 796 974 peperit
823 901 1159 970 arrogantia.
1202 897 1333 964 Quia
1359 896 1499 949 enim
1527 903 1681 947 antea
1715 892 2003 961 plusquam

431 998 656 1067 gentiles
684 995 938 1051 habentes
969 1033 984 1056 ,
1015 991 1156 1062 quod
1205 1004 1394 1057 nempe
1433 988 1602 1054 legem
1631 985 1957 1054 accepissent
1990 1023 2002 1045 ,

436 1091 599 1145 Deum
639 1095 859 1142 nossent
889 1127 904 1151 ,
935 1095 988 1140 et
1018 1084 1120 1137 alia
1162 1097 1279 1151 qua)
1321 1079 1514 1134 l‘aulus
1546 1086 1803 1132 memorat
1839 1117 1853 1139 ,
1887 1083 2007 1143 post

431 1181 627 1236 Christi
659 1180 943 1234 adventum
990 1174 1215 1246 gentiles
1265 1171 1505 1226 viderunt
1554 1185 1649 1239 per
1683 1167 1839 1222 ﬁdem
1883 1179 2006 1218 cum

433 1281 547 1346 μηνὶ
575 1287 755 1326 secum
784 1269 988 1324 honore
1016 1274 1230 1320 vocatos
1259 1303 1274 1329 ,
1305 1277 1367 1317 ac
1394 1271 1512 1332 post
1539 1259 1696 1315 tidem
1724 1256 1855 1312 nihil
1891 1258 2007 1325 plus

437 1367 633 1422 habere
661 1377 782 1419 eum
824 1361 913 1430 qui
943 1375 1005 1415 ex
1038 1355 1447 1431 circumcisione
1472 1361 1616 1409 esset
1650 1393 1664 1418 ,
1694 1365 1851 1422 quam
1883 1364 2006 1403 cum

432 1459 520 1528 qui
542 1473 604 1513 ex
627 1454 875 1526 gentibus
898 1452 1212 1508 accessisset
1247 1469 1260 1503 :
1294 1464 1360 1504 ex
1384 1447 1628 1517 superbia
1673 1445 1726 1500 in
1755 1442 2030 1498 invidiam

429 1549 631 1619 delapsi
659 1556 782 1602 sunt
811 1587 824 1607 ,
855 1558 1016 1615 atque
1063 1541 1382 1598 ineli'abilem
1416 1541 1557 1594 illam
1588 1538 2008 1604 immensamque

434 1643 641 1699 Domini
668 1639 1044 1710 benignitatem
1074 1651 1179 1690 non
1211 1625 1444 1689 tulerunt
1469 1650 1482 1685 :
1503 1630 1641 1701 quod
1665 1645 1768 1684 non
1795 1626 2008 1682 aliunde

432 1733 708 1805 processit,
743 1745 896 1800 quam
926 1743 989 1783 ex
1021 1727 1347 1797 arrogantia,
1377 1722 1610 1792 nequitia
1637 1731 1691 1776 et
1719 1719 1866 1775 odio.

495 1827 553 1880 9.
577 1824 710 1894 Quid
741 1825 904 1889 enim,
934 1821 1170 1876 omnium
1200 1815 1538 1877 stultissimi,
1569 1814 1656 1868 illa
1687 1814 1738 1866 in
1765 1813 1900 1866 alios
1927 1810 2005 1864 el-

426 1922 539 1975 t'usa
569 1915 894 1985 providentia
919 1913 1070 1968 vobis
1099 1910 1276 1965 damni
1295 1906 1486 1962 aﬂ'ert?
1518 1921 1639 1959 num
1666 1905 1802 1959 bona
1830 1911 2007 1956 vestra

430 2025 493 2062 ex
551 2009 776 2062 aliorum
829 2002 1101 2058 consortio
1161 1996 1580 2053 minuebantur?
1627 1993 1821 2050 Verum
1869 2007 2007 2047 caica

427 2098 667 2169 profecto
710 2095 907 2150 malitia
939 2103 1020 2148 est
1045 2135 1059 2158 ,
1084 2107 1200 2162 qua:
1228 2090 1352 2160 quid
1381 2088 1566 2144 deccat
1595 2088 1872 2157 percipere
1915 2098 2006 2138 ne-

427 2190 559 2259 quit.
595 2186 894 2243 Exulcerati
919 2199 1048 2254 ergo
1072 2184 1212 2254 quod
1243 2183 1292 2236 in
1321 2178 1765 2236 cademlibcrtate
1787 2191 2008 2233 consor-

437 2293 520 2337 tes
553 2281 829 2345 haberent,
858 2280 910 2332 iu
941 2292 998 2332 se
1021 2277 1253 2347 gladium
1288 2273 1613 2345 itnpuleruut
1637 2313 1652 2337 ,
1687 2285 1850 2338 seque
1878 2285 1907 2322 a
1939 2267 2011 2322 di-

433 2378 553 2432 vina
581 2374 904 2446 benignitate
931 2372 1200 2442 ejecernut
1224 2387 1238 2434 ;
1263 2377 1318 2423 et
1343 2367 1463 2436 jure
1491 2364 1725 2436 quidem.
1751 2363 1881 2417 Nam
1914 2362 2008 2415 ait:

430 2469 603 2522 Amice
630 2509 644 2533 ,
671 2482 770 2520 uou
799 2465 934 2536 fucio
961 2462 1046 2516 tibi
1072 2460 1315 2530 iujuriam
1341 2473 1358 2510 :
1383 2457 1496 2510 volo
1520 2465 1687 2508 autem
1713 2464 1759 2507 et
1782 2453 1859 2506 his
1889 2451 2013 2504 dare

427 2560 556 2612 sicut
585 2567 630 2610 et
660 2556 747 2608 tibi
771 2561 787 2626 (
813 2552 1000 2607 Matth.
1029 2551 1121 2606 20.
1153 2550 1238 2604 l5.
1271 2547 1398 2619 14).
1432 2547 1542 2600 Ιιιιο
1567 2559 1634 2599 ne
1654 2543 1869 2614 quidem
1911 2541 2010 2595 hac

429 2649 776 2720 reSpousione
798 2645 938 2715 digni
965 2651 1108 2697 sunt.
1135 2639 1231 2694 Ille
1253 2653 1482 2708 namque
1502 2636 1599 2692 clsi
1619 2649 1760 2706 :rgre
1785 2633 2008 2697 ferebat,

433 2751 638 2813 poterat
669 2751 844 2793 tamen
871 2735 976 2791 diei
1007 2735 1168 2790 totius
1191 2733 1399 2786 labores
1433 2773 1447 2797 ,
1475 2745 1742 2784 :erumnas
1777 2770 1792 2795 ,
1821 2736 2008 2781 a-slum

437 2846 484 2892 et
527 2834 775 2888 sudorem
827 2829 1065 2900 proferre
1094 2844 1108 2881 :
1141 2826 1192 2879 lii
1225 2839 1351 2880 vero
1379 2822 1501 2893 quid
1545 2822 1723 2876 dicere
1760 2819 2012 2890 possint?

433 2926 571 2981 Nihil
595 2924 806 2994 quidem
838 2921 940 2974 tale
967 2936 980 2985 ;
1013 2919 1107 2973 sed
1135 2916 1392 2972 desidiam
1420 2957 1433 2975 ,
1465 2913 1924 2983 lutcmperantiam
1954 2920 2010 2965 et

425 3017 570 3071 .nille
589 3017 708 3070 vitia
740 3055 754 3079 ,
789 3028 908 3082 qua:
925 3010 1196 3082 propheta:
1218 3021 1404 3062 omnes
1432 3007 1734 3061 incusantes
1762 3004 1863 3057 illis
1887 3018 2010 3074 pcr-

430 3116 592 3176 petuo
613 3107 937 3176 objiciebant
968 3121 981 3157 :
1018 3117 1112 3171 per
1153 3116 1272 3170 qua:
1318 3099 1442 3151 vitia
1489 3097 1562 3150 illi
1597 3095 1816 3165 perinde
1846 3102 2007 3162 atque

426 3177 650 3266 gentiles
683 3199 846 3252 Deum
871 3194 1225 3250 ollenderent.
1257 3189 1309 3244 id
1341 3189 1480 3260 quod
1513 3188 1795 3242 declarans
1814 3186 2010 3240 Paulus

429 3292 638 3346 dicebat
669 3307 682 3342 :
717 3286 837 3341 Nou
863 3286 995 3340 enim
1032 3293 1102 3338 cst
1133 3281 1387 3336 distinctio
1412 3279 1581 3335 Judaei
1609 3289 1767 3347 atque
1790 3275 1960 3333 Grazci
1993 3293 2007 3330 :

428 3401 598 3439 omnes
621 3383 749 3436 enim
778 3382 1140 3451 peccauerunt,
1175 3386 1218 3429 et
1246 3382 1388 3445 egent
1412 3372 1576 3444 gloria
1607 3370 1715 3424 Dei.
1735 3370 2008 3440 justi/icati

429 3479 586 3545 gratis
632 3491 719 3544 per
748 3471 964 3543 gratiam
993 3468 1152 3540 ipsius
1197 3465 1370 3536 (Rcui.
1403 3465 1456 3518 5.
1488 3463 1559 3516 22
1589 3461 1705 3532 21).
1742 3461 1852 3516 Iloc
1877 3475 2006 3514 vero

429 3576 586 3637 caput
616 3573 780 3619 totum
813 3562 1012 3617 utiliter
1033 3568 1087 3614 ct
1113 3555 1395 3612 admodum
1427 3554 1714 3625 prudenter
1741 3554 1790 3607 in
1811 3553 2010 3624 episto-

432 3661 480 3714 la
509 3657 593 3712 illa
625 3661 931 3726 pertractat.
967 3649 1226 3720 Superius
1269 3656 1446 3702 autem
1496 3645 1613 3700 illos
1663 3645 1850 3714 majori
1881 3659 2007 3714 sup-

435 3749 588 3818 plicio
612 3747 800 3816 dignos
827 3742 1060 3797 ostendit
1092 3759 1106 3792 :
1138 3741 1446 3808 Quicumque
1466 3741 1598 3791 enim
1623 3737 1676 3790 iu
1698 3738 1806 3807 lege
1827 3752 2006 3805 pecca-

433 3847 622 3902 ventut,
662 3853 747 3905 per
790 3837 946 3905 legem
962 3831 1330 3903 judicabuutur
1357 3827 1529 3899 (Rom.
1553 3827 1607 3883 2.
1641 3827 1726 3898 l9.)
1759 3845 1772 3881 ε
1802 3827 1853 3881 id
1883 3836 1960 3882 est
1991 3869 2005 3895 ,

428 3932 675 4002 gravius;
701 3930 821 3998 quia
854 3936 1051 3997 prmter
1098 3936 1343 3978 naturam
1393 3923 1563 3992 legem
1596 3937 1810 3992 quoque
1841 3937 2004 3977 accu-

427 4035 639 4081 saniem
671 4020 955 4075 habebunt.
979 4016 1159 4086 Neque
1186 4015 1309 4069 hinc
1335 4024 1560 4076 tantum,
1589 4013 1683 4068 sed
1710 4022 1763 4068 et
1789 4013 1930 4084 quod
1952 4013 2005 4067 in

435 4132 596 4170 causa
628 4111 822 4166 iuerint
851 4125 945 4163 cur
963 4119 1148 4178 gentes
1182 4108 1346 4160 Deum
1380 4106 1812 4178 blasphemarent
1842 4123 1853 4157 :
1888 4104 2002 4158 No-

436 4221 548 4259 uen
587 4205 715 4258 enim
740 4218 923 4261 meum,
956 4199 1124 4266 inquit
1147 4238 1160 4257 ,
1187 4213 1273 4265 per
1299 4213 1383 4250 vos
1409 4168 1785 4266 bldsphematur
1804 4197 1854 4248 iu
1883 4213 2008 4265 gen-

430 4295 559 4345 tibus
581 4287 737 4359 (lsai.
768 4285 858 4339 52.
889 4285 941 4338 5.
979 4282 1126 4335 Rom.
1153 4280 1338 4348 iii).
1366 4281 1498 4332 (Iuni
1533 4280 1689 4349 igitur
1715 4278 1817 4333 hoc
1843 4279 2009 4333 illuxi-

431 4398 518 4436 me
556 4376 825 4434 murderet
858 4374 1018 4434 illos;
1062 4371 1258 4426 ctenim
1299 4369 1637 4424 credentibus
1667 4386 1894 4441 .quoquc
1936 4387 2006 4426 ex

431 4467 832 4526 circumcisione
861 4479 946 4518 res
969 4461 1225 4532 stupenda
1253 4460 1526 4514 videbatur
1558 4477 1677 4517 esse
1702 4480 1716 4526 ;
1749 4464 2009 4533 quamob-

434 4577 548 4618 rem
603 4559 810 4613 l’elrum
860 4552 1171 4609 incusabant
1200 4550 1443 4607 Czesarea
1474 4553 1540 4607 ad
1570 4567 1629 4608 se
1655 4554 1961 4610 redeuutem
1988 4596 2003 4621 ,

431 4655 568 4723 quod
600 4653 664 4707 ad
694 4651 834 4704 viros
877 4647 1192 4718 praaputium
1246 4645 1501 4700 habentes
1541 4647 1812 4717 ingressus
1837 4660 2000 4713 esset,

436 4757 490 4801 et
526 4761 645 4800 cum
693 4743 797 4796 illis
843 4739 1204 4794 comedisset:
1236 4748 1289 4791 et
1316 4749 1593 4807 postquam
1648 4740 1736 4792 Dei
1788 4756 2006 4796 ascono-

441 4837 598 4890 miam
647 4831 1068 4893 intellexerant,
1109 4829 1283 4882 adhuc
1329 4831 1661 4884 mirabantur
1699 4848 1805 4900 quo
1855 4843 2009 4902 pacto

435 4929 630 4983 donum
652 4923 818 4978 sancti
841 4922 1067 4991 Spiritus
1099 4920 1148 4972 in
1172 4930 1358 4990 gentes
1375 4918 1595 4974 eli'usum
1614 4931 1758 4978 esset
1781 4940 1794 4990 ;
1815 4939 1879 4978 ex
1901 4934 2012 4979 stu.

439 5037 564 5092 pore
581 5017 937 5089 signiﬁcantes
953 5030 1010 5070 se
1031 5029 1314 5084 numquam
1334 5029 1445 5068 rem
1462 5023 1566 5068 tam
1588 5017 1910 5084 inopinatam
1930 5035 2013 5074 ex-

439 5109 911 5185 spectavisseQuia
927 5124 1052 5177 ergo
1065 5108 1263 5161 sciebat
1277 5108 1394 5162 illos
1413 5107 1513 5162 hoc
1528 5109 1859 5177 potissimum
1874 5129 2014 5182 a-gre

441 5207 606 5270 ferre,
622 5205 751 5258 nihil
780 5219 882 5255 non
914 5201 1022 5270 agit
1047 5209 1098 5252 ut
1124 5214 1309 5254 eorum
1345 5210 1605 5255 tumorem
1627 5200 1931 5270 deprimat,
1962 5215 2015 5259 et

442 5314 492 5353 ιιι
512 5320 517 5346 .=
535 5297 746 5364 Ogantia
773 5293 981 5348 inﬂatos
997 5291 1229 5360 dejiciat.
1255 5291 1323 5345 Et
1351 5291 1474 5347 vide
1495 5293 1763 5363 quomodo
1792 5294 1842 5349 id
1871 5305 2012 5365 agat.

511 5387 682 5442 Judci
705 5397 978 5452 carpuntur
1005 5400 1035 5436 a
1072 5383 1236 5437 Paulo
1277 5385 1494 5439 maxime
1520 5385 1581 5440 ob
1609 5402 1753 5440 suam
1775 5404 2018 5459 arrogan-

443 5486 584 5538 tium.
616 5479 864 5550 Superbia
889 5494 1060 5530 omnes
1089 5478 1290 5530 virtutes
1321 5477 1488 5531 reddit
1516 5478 1736 5532 inutiles.
1769 5510 1840 5519 -—
1867 5481 2018 5536 Ροει.

441 5590 597 5644 quam
624 5571 690 5626 de
719 5568 1006 5641 gentilibus
1032 5567 1395 5636 disputaverat
1416 5609 1430 5633 ,
1453 5569 1866 5640 ostendi-ratque
1898 5572 2015 5628 illos

443 5666 636 5718 nullam
669 5678 883 5733 prorsus
911 5658 1273 5714 defensionem
1299 5659 1513 5722 habere,
1541 5661 1846 5732 nullamque
1866 5679 2012 5734 spem

447 5758 630 5811 salutis
659 5797 674 5820 ,
726 5756 1021 5823 acriterque
1052 5755 1165 5808 illos
1210 5753 1546 5809 incusaverat
1570 5756 1637 5810 de
1667 5761 2013 5825 perversitate

449 5845 699 5903 ili-ctrina:
735 5845 908 5916 deque
943 5849 1060 5899 vita:
1093 5842 1390 5914 impuritate
1408 5862 1425 5910 ;
1473 5843 1534 5900 ad
1562 5845 1777 5905 .ittlaCOS
1811 5866 2009 5909 sermo-

2124 533 2243 573 nem
2277 521 2528 576 transfert
2557 536 2572 585 ;
2616 537 2680 577 ac
2710 523 2992 578 recensitis
3038 524 3102 578 iis
3143 525 3399 580 omnibus
3428 542 3549 595 quae
3582 543 3705 596 prii-

2122 607 2278 678 pheta
2307 609 2374 667 de
2399 611 2505 667 illis
2531 611 2779 680 dixerat,
2810 613 2951 684 quod
2979 615 3194 671 scelesti
3221 625 3403 670 essent
3433 659 3447 680 ,
3478 618 3650 672 dolosi
3684 660 3699 682 ,

2117 702 2294 758 callidi
2325 745 2340 770 ,
2373 704 2514 774 quod
2539 720 2729 760 omnes
2769 707 2986 761 inutiles
3026 707 3145 762 iacti
3176 749 3192 773 ,
3239 721 3302 763 ac
3348 708 3524 763 nullus
3554 711 3605 764 in
3637 711 3703 764 ii.

2115 804 2260 849 esset
2285 796 2374 865 qui
2406 796 2570 850 Deum
2600 798 2914 867 requireret,
2947 798 3040 853 sed
3073 813 3264 855 onmes
3286 799 3653 856 declinassent
3683 845 3699 865 ,

2116 895 2170 940 et
2193 887 2383 942 similia
2417 928 2431 951 ,
2461 887 2696 942 Subdidit
2725 906 2738 941 :
2765 887 2967 944 Scimus
2995 901 3160 944 autem
3180 891 3419 959 quoniam
3438 907 3702 960 qua-cum.

2114 994 2210 1048 que
2229 978 2310 1034 lea:
2337 979 2558 1049 loquitur
2584 1021 2599 1044 ,
2625 980 2687 1034 iis
2717 982 2801 1052 qui
2824 982 2876 1036 iu
2901 982 3010 1053 lege
3031 994 3148 1038 sunt
3176 985 3402 1052 loquitur
3427 999 3449 1049 ;
3476 995 3531 1038 ut
3557 1000 3706 1039 auius

2113 1086 2168 1124 os
2189 1071 2497 1140 obstruetur,
2526 1083 2572 1126 et
2596 1073 2822 1128 subditus
2850 1075 2940 1142 ﬁat
2967 1076 3127 1130 omnis
3157 1076 3375 1131 mundus
3399 1075 3527 1130 Deo.
3578 1075 3701 1129 0m-

2119 1180 2206 1216 nes
2227 1165 2355 1217 enim
2378 1175 2726 1234 peccaverunt,
2750 1175 2798 1220 et
2826 1179 2968 1237 egeat
2993 1168 3157 1238 gloria
3189 1167 3286 1222 Dei
3307 1168 3326 1240 (
3354 1167 3504 1223 Rom.
3529 1169 3582 1223 3.
3611 1170 3703 1224 18.

2117 1267 2162 1309 ct
2187 1254 2304 1326 25).
2336 1255 2472 1322 Quid
2494 1271 2622 1328 ergo
2652 1266 2703 1312 te
2731 1256 2913 1321 elfers,
2943 1256 3173 1314 ludite?
3199 1274 3294 1314 cur
3314 1260 3480 1314 altum
3511 1261 3656 1329 sapis
3681 1261 3704 1315 ἲ

2115 1347 2245 1402 Nam
2274 1363 2336 1403 os
2367 1363 2582 1419 quoque
2609 1358 2756 1404 tutnn
2778 1350 3112 1406 obstructum
3149 1359 3232 1406 est
3251 1392 3264 1416 ,
3296 1360 3351 1406 et
3379 1349 3705 1406 conﬁdentia

2115 1451 2201 1494 tua
2251 1442 2457 1497 sublata
2488 1484 2503 1508 ,
2551 1457 2614 1498 ac
2654 1457 2774 1497 cum
2820 1443 3070 1498 universo
3103 1442 3300 1500 mundo
3331 1452 3386 1499 tu
3427 1442 3599 1499 factus
3642 1458 3708 1499 es

2113 1531 2358 1587 subditus
2391 1574 2406 1598 ,
2438 1543 2495 1586 et
2534 1533 2756 1603 perinde
2793 1543 2951 1605 atque
2983 1533 3070 1589 alii
3099 1548 3234 1604 Opus
3261 1534 3427 1591 habes
3453 1545 3511 1590 ut
3535 1536 3707 1607 gratis

2108 1623 2438 1693 jnslillccris.
2466 1622 2758 1694 Oportebat
2798 1636 2946 1680 certe
2991 1627 3200 1681 etiamsi
3230 1627 3394 1696 probe
3426 1628 3652 1682 vixisscs
3686 1670 3703 1691 ,

2113 1728 2167 1771 et
2194 1719 2439 1772 liduciam
2490 1718 2712 1772 multam
2741 1719 2882 1789 apud
2931 1719 3098 1774 Deum
3131 1719 3428 1784 habuisses,
3460 1720 3565 1775 illis
3595 1736 3708 1776 non

2115 1807 2352 1864 invidere
2375 1850 2388 1873 ,
2412 1809 2501 1878 qui
2535 1824 2630 1879 per
2660 1809 3042 1880 benignitatem
3073 1811 3163 1866 Dei
3192 1811 3615 1866 misericordiam
3649 1822 3710 1867 ct

2113 1902 2337 1955 salutem
2365 1902 2745 1968 consequuturi
2782 1912 2955 1955 erant.
2987 1900 3116 1956 Nam
3155 1910 3417 1957 extremae
3450 1902 3706 1973 nequitia:

2113 2001 2197 2047 est
2221 2034 2234 2057 ,
2282 1993 2506 2046 aliorum
2546 1992 2684 2046 bona
2715 1993 2896 2063 inique
2927 1993 3066 2049 ferre
3101 2036 3113 2056 ,
3161 2010 3281 2049 cuni
3327 1995 3557 2050 maxime
3585 1997 3709 2050 sine

2116 2085 2225 2138 ullo
2249 2095 2339 2137 tuo
2365 2085 2688 2140 detrimento
2715 2083 2766 2138 id
2805 2086 3037 2139 futurum
3079 2095 3182 2140 est.
3223 2084 3277 2140 Si
3307 2086 3450 2140 euim
3476 2085 3707 2140 aliorum

2115 2178 2256 2231 salus
2286 2179 2422 2232 bona
2455 2187 2540 2231 tua
2589 2176 2990 2246 pessumdaret,
3029 2178 3152 2246 jure
3179 2177 3480 2243 doluisses;
3506 2178 3704 2233 etiam-

2114 2270 2157 2323 si
2196 2269 2246 2323 id
2279 2286 2383 2323 non
2415 2268 2636 2323 accedat
2671 2269 2732 2322 iis
2761 2268 2850 2340 qui
2885 2269 3248 2338 philosophari
3295 2269 3617 2325 didicerunt.
3648 2270 3709 2327 Si

2114 2370 2291 2413 autem
2318 2359 2537 2413 alterius
2555 2359 2869 2428 supplicium
2901 2359 3204 2414 mercedem
3231 2371 3374 2415 tuam
3399 2375 3503 2415 non
3525 2373 3708 2431 auget,

2117 2469 2287 2522 neque
2317 2451 2457 2504 illius
2489 2451 2714 2506 felicitas
2744 2453 2911 2520 ipsum
2945 2452 3157 2518 minuit,
3190 2470 3284 2508 cur
3309 2465 3361 2508 tu
3385 2452 3536 2509 doles
3563 2453 3711 2524 quo-l

2114 2545 2250 2597 alius
2293 2545 2459 2613 gratis
2511 2542 2683 2597 salute
2737 2542 3018 2598 dooetur?
3066 2545 3364 2613 Oportebat
3419 2545 3618 2615 igitur,
3651 2531 3714 2599 nt

2124 2636 2256 2701 dixi,
2290 2637 2495 2690 etiamsi
2519 2648 2569 2690 te
2596 2637 2762 2706 probe
2799 2637 3057 2706 gessisses
3076 2678 3090 2702 ,
3120 2652 3227 2692 non
3255 2638 3490 2694 morderi
3523 2637 3590 2693 de
3619 2653 3712 2692 sa-

2118 2731 2224 2785 lute
2270 2731 2320 2785 in
2352 2739 2538 2799 gentes
2578 2729 2786 2784 effusa:
2819 2745 2940 2784 cum
2988 2741 3168 2784 autem
3214 2730 3400 2807 iisdem
3442 2730 3712 2786 obnoxius

2117 2823 2347 2892 peccatis
2371 2824 2447 2878 sis
2471 2865 2485 2889 ,
2522 2823 2911 2893 Dominamque
2939 2821 3230 2900 offenderis
3264 2864 3278 2888 ,
3313 2823 3538 2878 aliorum
3563 2823 3708 2878 bona

2113 2931 2255 2985 :rgre
2288 2916 2417 2979 fers,
2446 2925 2500 2969 et
2531 2915 2694 2969 altum
2727 2915 2870 2984 sapis
2897 2955 2910 2978 ,
2937 2918 3087 2985 quasi
3117 2916 3263 2970 ευιιις
3292 2914 3493 2972 debeas
3515 2915 3710 2986 gratiae

2114 3022 2336 3061 consors
2359 3022 2502 3072 esse,
2534 3022 2639 3062 non
2667 3006 2877 3062 invidite
2903 3007 3080 3062 solum
3122 3019 3176 3062 et
3204 3007 3526 3078 arrogantiae
3558 3049 3574 3073 ,
3604 3007 3704 3064 sed

2115 3098 2277 3152 etiam
2331 3107 2494 3152 tanta:
2536 3097 2820 3153 dementia:
2869 3113 3028 3152 causa
3087 3097 3324 3152 omnium
3369 3098 3710 3168 gravissimis

2114 3190 2305 3259 dignus
2348 3188 2513 3244 lueris
2557 3189 2831 3259 suppliciis
2861 3207 2874 3244 :
2904 3192 3144 3244 omniurn
3194 3189 3390 3259 quippe
3439 3190 3707 3244 malorum

2117 3281 2352 3335 radicem
2404 3278 2711 3349 superbiam
2763 3281 2814 3334 in
2861 3289 2914 3336 te
2966 3281 3261 3337 inseruisti.
3311 3281 3437 3336 Ideo
3489 3282 3709 3351 sapient

2113 3371 2375 3442 quiSpiam
2405 3371 2614 3426 dicebat
2636 3388 2649 3402 ο
2679 3370 2998 3443 Principium
3029 3372 3221 3442 peccati
3244 3372 3480 3442 superbia
3507 3369 3703 3443 (Eccli.

2115 3463 2200 3516 10.
2232 3463 2323 3531 15)
2357 3479 2369 3526 ;
2407 3461 2508 3516 hoc
2531 3471 2616 3519 est
2649 3504 2664 3528 ,
2695 3463 2846 3517 radix
2880 3503 2896 3529 ,
2929 3462 3050 3517 lous
3082 3503 3097 3524 ,
3125 3474 3315 3518 mater.
3343 3459 3433 3518 Sic
3461 3478 3556 3532 per
3583 3479 3705 3517 eam

2115 3555 2316 3626 primus
2342 3555 2501 3608 homo
2524 3571 2552 3607 a
2587 3554 2744 3609 beato
2769 3555 2860 3609 illo
2886 3564 3025 3610 statu
3055 3554 3296 3624 dejectus
3327 3563 3446 3615 est;
3477 3554 3556 3609 sic
3582 3553 3705 3609 dia-

2115 3649 2266 3703 bolus
2297 3649 2385 3718 qui
2411 3649 2556 3703 illum
2586 3648 2821 3717 decepit,
2853 3645 2922 3701 ab
2949 3647 3036 3700 illa
3067 3645 3345 3717 dignitatis
3372 3645 3709 3702 sublimitate

2113 3738 2331 3794 excidit.
2360 3741 2536 3804 Quare
2557 3752 2680 3792 cum
2709 3748 2884 3791 nosset
2916 3736 3176 3790 scelestus
3204 3735 3292 3792 ille
3319 3735 3475 3806 hujus
3497 3736 3704 3805 peccati

2120 3843 2359 3887 naturam
2391 3846 2545 3901 posse
2567 3846 2630 3886 ex
2654 3831 2783 3900 ipsis
2812 3829 2958 3883 caelis
2986 3827 3239 3898 dejicere,
3268 3827 3408 3883 hanc
3430 3828 3710 3899 ingressus

2114 3927 2380 4006 viamyst,
2415 3940 2536 3979 cum
2565 3925 2826 3978 Adamutn
2873 3937 2939 3977 ex
2969 3932 3117 3976 lauto
3162 3921 3367 3976 honore
3413 3920 3708 3976 deturbare

2114 4019 2340 4074 curavit.
2369 4015 2501 4071 Cum
2547 4017 2691 4070 enim
2737 4015 2883 4068 illum
2936 4029 3032 4083 ενα
3076 4014 3398 4085 ωῳιειιίιτιιὶε
3441 4030 3561 4069 cum
3594 4013 3709 4070 Deo

2114 4106 2474 4177 adipiscendre
2503 4104 2744 4159 inllatmn
2778 4105 3097 4159 reddidisset
3127 4146 3143 4168 ,
3172 4105 3250 4158 sic
3292 4105 3439 4158 illmn
3483 4103 3703 4172 deiecit,

2112 4209 2165 4252 ct
2192 4199 2243 4251 in
2267 4196 2582 4265 profundum
2614 4195 2805 4252 inferni
2837 4196 3205 4266 praecipitavit.
3236 4195 3376 4250 Nihil
3405 4195 3546 4251 enim
3573 4196 3643 4250 ita
3675 4215 3703 4251 a

2117 4290 2206 4342 Dei
2233 4287 2562 4357 benignitate
2597 4288 2789 4342 avertit
2821 4329 2837 4354 ,
2890 4296 2943 4342 et
2971 4285 3230 4356 geheume
3259 4286 3394 4357 ignis
3438 4286 3707 4356 supplicio

2117 4379 2295 4443 tradit,
2329 4388 2385 4434 ut
2406 4379 2671 4448 superbia:
2697 4379 2958 4449 tyrannis.
2989 4379 3099 4434 llac
3125 4395 3223 4436 nos
3250 4392 3564 4451 occupante,
3599 4393 3712 4440 tota

2128 4474 2234 4528 vita
2262 4483 2442 4528 nostra
2468 4473 2675 4541 impura
2709 4471 2957 4538 efﬁcitur,
2981 4472 3188 4527 etiamsi
3217 4473 3516 4528 castitatem
3545 4516 3561 4541 ,
3592 4476 3707 4531 vir-

2117 4564 2393 4635 ginitatem
2418 4602 2432 4625 ,
2463 4561 2728 4631 jejunium
2753 4600 2768 4624 ,
2819 4561 3183 4632 precationem
3205 4603 3219 4626 ,
3254 4563 3654 4636 eleemosynam
3691 4611 3708 4634 ,

2116 4663 2446 4723 exterasque
2478 4654 2704 4708 virtutes
2732 4667 3080 4730 exerceamus
3129 4651 3434 4709 quuundus
3462 4697 3477 4720 ,
3511 4657 3709 4726 inquit,

2121 4745 2261 4815 apud
2285 4743 2560 4798 Dominum
2587 4745 2750 4798 omnis
2785 4744 3028 4815 superbus
3057 4746 3074 4814 (
3103 4745 3261 4798 Prov.
3294 4747 3384 4801 16.
3419 4747 3452 4802 6
3479 4747 3515 4819 ).
3555 4748 3714 4806 llum:

2117 4853 2242 4909 ergo
2266 4837 2428 4891 animi
2455 4846 2718 4891 tumorem
2748 4837 3166 4905 comprimamus
3199 4853 3214 4902 ;
3243 4837 3386 4915 hunc
3413 4839 3608 4894 fastum
3642 4841 3717 4895 de

2119 4930 2296 4985 medio
2326 4929 2572 4983 tollamus
2601 4972 2614 4993 ,
2646 4930 2689 4982 si
2735 4929 2916 4982 mundi
2967 4929 3194 4983 velimus
3217 4945 3337 4984 esse
3358 4972 3374 4994 ,
3420 4941 3476 4986 et
3517 4931 3587 4985 ab
3618 4947 3708 4993 eo,

2121 5023 2261 5092 quod
2301 5023 2516 5077 diabolo
2543 5031 2785 5092 paratum
2811 5031 2896 5076 est
2929 5063 2941 5083 ,
2983 5021 3246 5092 supplicio
3292 5023 3528 5079 liberari.
3567 5023 3708 5080 Nam

2118 5117 2257 5186 quod
2289 5130 2544 5184 arrogans
2569 5114 2761 5168 eodem
2791 5129 2896 5183 quo
2931 5113 3176 5169 diabolus
3206 5115 3276 5170 sit
3305 5108 3566 5186 supplicio
3599 5131 3696 5187 pu-

2120 5206 2365 5272 niendus,
2396 5206 2516 5261 audi
2544 5205 2762 5260 Paulum
2787 5204 3053 5260 dicentem
3087 5227 3100 5262 :
3131 5205 3254 5261 Non
3284 5211 3612 5280 ucopltytum,
3643 5226 3710 5264 uc

2118 5301 2170 5354 iu
2191 5299 2480 5370 superbiam
2505 5299 2664 5352 elatus
2689 5337 2702 5356 .
2734 5298 3053 5366 iujudicium
3077 5300 3265 5352 incidat
3296 5308 3352 5354 et
3372 5300 3422 5354 in
3453 5300 3707 5370 laqueum

2122 5391 2352 5462 diaboli(
2383 5392 2434 5446 1.
2471 5390 2602 5445 Tim.
2633 5392 2687 5447 3.
2713 5392 2745 5445 6
2776 5392 2816 5461 ).
2849 5389 2989 5460 Quid
3020 5400 3098 5445 est
3123 5390 3381 5460 judicium
3408 5391 3432 5446 ?
3477 5392 3527 5447 ln
3559 5408 3707 5448 eant-

2122 5483 2263 5547 deni,
2285 5483 2472 5552 inquit,
2504 5482 2921 5541 damnationem.
2948 5484 2998 5535 in
3025 5481 3163 5536 idem
3190 5482 3524 5552 supplicium.
3555 5483 3706 5550 Quo—

2124 5575 2281 5629 modo
2311 5573 2472 5643 igitur
2510 5571 2610 5626 hoc
2631 5572 2829 5626 malum
2861 5570 3115 5642 effugeris
3141 5573 3163 5624 Ὺ
3191 5571 3248 5626 Si
3279 5582 3455 5627 tecum
3483 5583 3704 5644 reputes

2128 5679 2368 5722 naturam
2397 5677 2561 5728 tuam,
2590 5666 2633 5719 si
2663 5675 3003 5734 peccatorum
3035 5663 3426 5718 nmltitudiuem
3461 5705 3476 5728 ,
3505 5665 3550 5718 si
3583 5682 3668 5718 tua
3687 5699 3705 5709 ο

2124 5757 2453 5830 gtutudincm
2496 5758 2869 5815 cruciatuum:
2904 5756 2946 5810 si
2996 5756 3312 5827 cogitaveris
3357 5772 3513 5828 quam
3561 5757 3709 5816 llun

2125 5857 2230 5911 siut
2257 5867 2321 5910 ea
2351 5868 2468 5926 qua:
2497 5853 2551 5908 in
2580 5853 2682 5908 hoc
2710 5850 2910 5907 mundo
2957 5850 3236 5924 splendida
3265 5849 3515 5908 videntur
3532 5863 3655 5905 esse
3694 5895 3715 5924 ,
