4046 6500
267 446 339 501 IS
1377 427 1441 484 ΙΝ
1483 420 1793 482 JOANNEM
1836 418 1887 476 lll

2006 420 2065 475 l..
2108 421 2176 477 Χ.
2218 423 2291 480 al.
2335 424 2430 483 IX.
3513 436 3575 493 τι

265 573 489 629 qucque
538 552 753 609 facilius
800 554 1158 610 marcescunt,
1202 555 1364 614 quam
1386 540 1538 595 verni
1570 537 1753 593 ﬂores.
1810 536 1866 590 Si
1973 547 2177 603 SllelIIS.
2206 550 2261 594 et
2291 540 2443 595 vobis
2462 550 2518 595 et
2537 542 2689 599 nobis
2716 559 2809 599 eor
2837 547 3126 601 contritmn
3151 556 3205 603 ct
3238 549 3575 608 btttniliatuui

267 651 370 705 has
405 651 715 715 frequenter
744 642 1104 713 cogitationes
1132 637 1313 691 animo
1339 647 1623 690 versemus
1641 673 1656 695 ,
1683 630 1727 685 si
1757 644 1866 685 me.

266 743 435 797 moria
483 748 798 808 repetamus
824 750 925 791 eos
953 732 1043 803 qui
1086 731 1138 785 in
1178 729 1376 784 virtute
1406 725 1639 782 maxime
1666 723 1866 780 ﬂorue-

269 840 396 887 runt
416 873 433 894 .
467 845 574 885 non
603 827 760 882 facile
796 824 1042 880 diabolus
1063 836 1163 877 nos
1192 818 1385 876 ed‘erre
1414 818 1609 889 poterit
1640 856 1654 881 ,
1691 829 1864 886 quan-

266 923 463 977 tumvis
489 921 832 982 contendat,
886 929 1060 985 neque
1109 914 1247 968 inire
1296 912 1435 966 viam
1475 924 1583 989 qua
1608 922 1707 962 nos
1741 920 1869 974 sup-

266 1012 492 1083 plantet.
527 1013 669 1066 Dens
696 1017 879 1065 autent
911 1005 1213 1070 humilium,
1239 1003 1499 1073 benignus
1523 1000 1613 1056 ille
1641 1006 1695 1055 et
1717 1013 1869 1052 man—

1974 630 2187 686 trilmat.
2237 630 2328 688 Sic
2373 634 2519 689 enim
2567 638 2864 703 poterimus
2914 649 3111 695 czctera
3154 656 3372 712 quoque
3421 644 3577 700 facile.

1976 732 2257 793 praestare,
2290 724 2355 779 ad
2379 726 2604 796 gloriam
2640 727 2850 783 Domini
2882 732 3049 786 nostri
3080 731 3207 788 Jesu
3237 733 3457 803 Christi,
3485 753 3584 809 per

1973 829 2133 884 quem
2161 824 2216 870 ct
2239 831 2361 870 cum
2399 833 2506 887 quo
2538 818 2680 873 Patri
2716 836 2929 891 unaque
2972 822 3196 893 Spiritui
3244 842 3434 882 sancto
3454 830 3574 901 glo-

1974 908 2071 971 ria,
2110 907 2162 962 in
2193 908 2384 963 scecula
2416 911 2759 966 smculorum.
2796 917 2991 970 Amen.

264 1118 3587 1160 ———-——————————-——'—-———————_—n—_—

1730 1180 2068 1244 HOMILIA
2113 1182 2195 1244 X.

430 1344 499 1399 In
525 1341 735 1413 propria
760 1338 912 1404 renit,
941 1346 988 1391 et
1016 1336 1096 1390 sui
1126 1352 1239 1389 eum
1270 1349 1370 1387 non
1396 1337 1708 1400 recepmmt.

342 1439 393 1494 Ι.
435 1435 579 1491 Deus
604 1450 698 1489 nos
726 1433 795 1486 ad
824 1433 1057 1486 virtutem
1085 1427 1319 1497 impellit,
1370 1425 1534 1479 illazsa
1581 1432 1755 1475 nostra
1804 1419 1869 1471 li-

265 1533 479 1583 bertate.
510 1526 687 1581 Bonus
710 1524 975 1595 probatur,
1004 1520 1155 1575 etiam
1195 1534 1310 1573 cum
1350 1515 1602 1587 supplicia
1628 1513 1868 1566 minatur.

268 1621 443 1686 Quam
494 1632 738 1690 generosa
786 1612 1070 1669 Saluatoris
1119 1612 1323 1664 raritas.
1365 1638 1437 1648 -—-
1480 1608 1641 1667 Deus,
1689 1612 1873 1671 utpote

262 1714 512 1768 clemens
538 1720 592 1766 et
622 1710 915 1771 benelicus,
939 1706 1133 1761 dilecte
1161 1707 1203 1770 ί,
1233 1702 1363 1757 nihil
1397 1715 1500 1755 non
1531 1700 1637 1769 agit
1663 1708 1717 1752 et
1743 1711 1875 1765 ope-

266 1819 444 1872 ratur,
478 1814 536 1859 ut
568 1819 669 1859 nos
698 1804 897 1857 virtute
924 1798 1187 1870 splendidi
1218 1797 1421 1861 simus;
1453 1793 1597 1865 quod
1626 1806 1723 1846 nos
1745 1790 1876 1845 velit

261 1909 525 1968 acceptos
553 1898 919 1969 probatosque
942 1908 1063 1950 esse
1088 1907 1104 1957 ;
1151 1890 1310 1961 idque
1336 1903 1442 1944 non
1472 1888 1520 1940 vi
1549 1895 1641 1940 aut
1673 1898 1871 1939 neces-

264 1993 455 2053 sitate,
488 1989 585 2044 sed
624 1987 877 2044 suasiOue
920 1995 977 2041 et
1021 1981 1303 2039 beneficiis
1346 1979 1457 2035 suis
1484 1978 1724 2032 volentes
1755 1988 1875 2028 om.-

267 2098 368 2138 nes
411 2081 586 2137 allicit
627 2088 684 2135 et
712 2078 795 2138 .ad
838 2091 898 2133 se
947 2074 1131 2131 trahit.
1171 2070 1534 2141 Quamobrem
1572 2068 1876 2123 venientem

267 2176 422 2229 illum
452 2172 546 2227 alii
579 2176 922 2240 receperunt,
970 2166 1063 2222 alii
1108 2177 1285 2220 secus.
1337 2160 1551 2217 Nullum
1593 2160 1737 2214 enim
1765 2156 1881 2212 vult

268 2266 499 2318 invitum
529 2262 614 2317 vel
646 2259 969 2316 necessitate
989 2266 1233 2313 coactum
1263 2267 1479 2309 servum
1508 2250 1746 2315 habere;
1783 2247 1878 2303 sed

264 2370 466 2410 ornncs
496 2353 729 2409 libenter
756 2361 810 2407 et
838 2365 904 2406 ex
934 2346 1223 2404 voluntatis
1253 2344 1528 2415 proposito
1561 2342 1766 2405 venire,
1817 2354 1881 2395 ac

266 2448 339 2502 de
367 2447 465 2501 tali
492 2446 753 2501 servitute
781 2442 1003 2513 gratiam
1034 2440 1132 2511 ipsi
1160 2438 1382 2494 habere.
1433 2435 1691 2492 llomiues
1735 2432 1879 2487 enim

268 2552 563 2595 servorum
587 2535 891 2592 ministerio
920 2547 1055 2603 opus
1083 2531 1369 2597 habentes,
1416 2529 1563 2599 ipsos
1583 2528 1605 2559 ³
1628 2525 1713 2580 vel
1743 2524 1883 2579 invi-

271 2642 359 2684 tos
405 2629 689 2685 servitutis
718 2626 820 2696 legi
852 2622 1145 2694 subjiciunt
1174 2640 1187 2676 :
1220 2621 1366 2678 Deus
1387 2630 1567 2675 autem
1585 2633 1709 2674 cum
1735 2618 1883 2673 nullo

273 2724 543 2795 indigeat,
573 2722 812 2791 nullique
839 2717 1170 2781 necessitati,
1212 2730 1314 2786 qua
1346 2715 1596 2768 homines
1626 2725 1880 2782 premun-

276 2827 391 2880 tur,
415 2816 489 2870 sit
518 2814 816 2883 subjectus,
869 2820 1066 2865 nostra:
1103 2807 1295 2863 salutis
1327 2820 1493 2862 causa
1527 2813 1735 2859 tantum
1763 2817 1883 2859 om-

273 2910 364 2963 nia
392 2908 544 2973 facit,
591 2908 801 2975 hocque
833 2912 1020 2958 nostro
1043 2900 1266 2955 arbitrio
1288 2909 1342 2953 et
1371 2897 1628 2956 voluntati
1664 2898 1885 2966 permit-

276 3003 342 3055 tit
375 3018 391 3053 :
425 2999 659 3067 ideoque
683 2994 991 3049 uolentibus
1028 2991 1231 3047 nullam
1260 2990 1368 3044 vim
1391 2996 1483 3043 aut
1509 2987 1883 3044 necessitatem

277 3093 467 3147 infert.
518 3087 599 3143 Ad
640 3095 881 3142 nostram
926 3084 1069 3140 enim
1119 3082 1295 3137 solum
1337 3088 1546 3150 spectat
1574 3080 1879 3134 utilitatem.

276 3181 417 3237 liam
452 3179 648 3233 invitos
676 3176 743 3233 ad
774 3176 913 3232 bane
938 3174 1076 3230 trahi
1106 3173 1505 3235 necessitatem,
1558 3170 1697 3225 idem
1740 3178 1888 3226 esset

279 3289 344 3329 ac
376 3272 536 3327 nullo
563 3269 726 3325 modo
755 3268 978 3323 servire.
1008 3267 1116 3321 Cur
1147 3280 1299 3335 ergo,
1329 3264 1561 3335 inquies,
1607 3263 1758 3333 punit
1792 3275 1888 3316 eos

278 3366 375 3437 qui
411 3364 609 3420 nolunt
634 3362 734 3433 ipsi
759 3358 1029 3431 obsequi?
1055 3367 1109 3414 et
1136 3373 1233 3414 cur
1260 3358 1561 3429 gehennam
1588 3356 1887 3412 commina—

281 3472 369 3513 tus
389 3466 479 3514 est
500 3458 589 3522 iis,
606 3460 695 3526 qui
722 3456 839 3526 ejus
868 3463 1133 3525 praecepta
1162 3468 1268 3507 non
1295 3451 1555 3507 audiunt?
1574 3450 1710 3519 Quia
1726 3451 1886 3504 etiam

282 3550 448 3606 nobis
473 3564 583 3604 non
614 3546 1110 3618 obtemperantibus
1133 3586 1148 3610 ,
1194 3558 1445 3615 magnam
1492 3543 1663 3598 nostri
1702 3556 1887 3596 curam

282 3643 447 3715 gerit,
501 3651 688 3712 utpote
734 3638 945 3705 bonus;
992 3639 1101 3693 imo
1139 3638 1297 3694 nobis
1333 3618 1701 3692 resilientibus
1726 3645 1781 3691 et
1804 3634 1890 3688 fu-

283 3736 584 3808 gientibus,
633 3749 737 3788 non
778 3732 1039 3789 abscedit.
1083 3732 1217 3799 Quia
1267 3732 1429 3802 igitur
1474 3731 1704 3801 priorem
1742 3729 1891 3784 illam

284 3826 542 3883 beneﬁcii
588 3827 728 3882 viam
765 3825 916 3881 adire
951 3824 1248 3889 noluimus,
1297 3838 1398 3879 nec
1423 3822 1663 3879 suasioni
1689 3821 1892 3879 benefi-

285 3922 501 3991 ciisque
542 3919 804 3974 cessimus
836 3934 851 3974 :
882 3917 1108 3972 alteram
1151 3916 1360 3971 induxit
1398 3930 1495 3986 per
1533 3912 1792 3985 supplicia
1834 3924 1891 3969 et

286 4012 601 4077 cruciatus;
650 4025 769 4081 quae
816 4008 1161 4067 acerbissima
1193 4007 1412 4079 quidem
1439 4018 1543 4074 est,
1575 4007 1670 4063 sed
1713 4016 1892 4063 tamen

287 4103 630 4160 necessaria.
677 4101 862 4158 Priore
888 4116 1121 4173 namque
1146 4109 1479 4170 contempta,
1512 4099 1745 4155 secunda
1790 4114 1888 4155 ne-

286 4195 538 4251 cessario
588 4192 877 4249 inducitur.
940 4186 1071 4248 Nam
1112 4201 1165 4247 et
1200 4193 1378 4263 legum
1426 4192 1625 4248 latores
1673 4206 1893 4264 magnas

286 4301 595 4358 gravesque
622 4294 808 4339 contra
841 4292 1124 4354 peccantes
1148 4284 1484 4339 constituunt
1512 4298 1697 4353 pinnas
1748 4302 1761 4339 :
1800 4299 1895 4340 ne-

289 4393 406 4450 que
448 4388 629 4433 tamen
671 4376 793 4433 ideo
820 4377 939 4431 illos
967 4391 1300 4443 aversamur,
1333 4377 1441 4431 imo
1465 4377 1632 4448 magis
1661 4376 1895 4432 honora-

291 4485 423 4525 mus
457 4469 732 4525 constituti
774 4468 1019 4539 supplicii
1063 4482 1246 4534 causa,
1290 4477 1347 4523 et
1376 4468 1517 4538 quod
1543 4468 1685 4523 nulla
1712 4478 1893 4524 nostra

295 4578 361 4620 re
393 4563 712 4633 indigentes,
739 4562 845 4615 imo
874 4575 1018 4629 saepe
1040 4561 1205 4617 nescii
1232 4561 1447 4631 quinam
1476 4561 1650 4631 legum
1673 4576 1894 4616 suarum

295 4671 410 4727 0pc
446 4655 669 4726 juvandi
714 4654 841 4720 sint,
888 4663 1121 4708 attamen
1153 4654 1293 4709 bono
1322 4653 1444 4708 vita:
1474 4663 1672 4707 nostrae
1701 4662 1756 4710 et
1784 4652 1895 4708 rei-

303 4747 543 4818 publicae
571 4745 745 4801 ordini
778 4744 1158 4815 advigilarunt,
1181 4747 1377 4800 virtute
1408 4746 1661 4813 praeditos
1686 4745 1892 4802 honore

298 4839 626 4907 allicientes,
672 4839 950 4909 improbos
988 4848 1167 4894 autem
1200 4845 1258 4893 et
1288 4846 1590 4908 protervos,
1638 4838 1728 4908 qui
1766 4837 1896 4893 reli-

300 4948 540 5007 quorum
568 4934 799 5004 quietem
842 4932 1080 4996 turbant,
1119 4947 1213 5001 per
1257 4932 1516 5000 supplicia
1562 4940 1898 4987 cocrcentes.

303 5028 467 5096 Quod
495 5026 538 5081 si
567 5025 667 5081 bos
692 5025 1019 5080 admiramur
1053 5032 1109 5080 et
1150 5024 1454 5096 diligimus,
1507 5037 1685 5079 nonne
1730 5021 1903 5077 multo

304 5117 485 5189 nugis
508 5117 647 5173 Deus
671 5117 740 5172 ob
755 5126 956 5172 tantam
987 5116 1261 5171 hominum
1282 5130 1465 5171 curam
1485 5123 1539 5170 et
1562 5113 1908 5170 admirandus

310 5220 375 5266 et
399 5207 663 5265 amandus
687 5208 802 5263 est?
830 5208 1151 5263 Immensum
1179 5207 1377 5277 quippe
1402 5206 1690 5263 discrimen
1719 5215 1802 5263 est
1828 5206 1913 5261 in-

314 5312 405 5357 ter
425 5300 639 5356 illorum
661 5311 716 5355 et
739 5300 832 5356 Dei
861 5314 986 5371 erga
1015 5314 1113 5354 nos
1144 5298 1533 5370 providentiam
1562 5316 1576 5353 :
1611 5298 1911 5355 ineﬂ'abiles

313 5392 562 5465 profecto
587 5401 642 5447 et
666 5405 825 5460 supra
858 5400 1094 5446 mentem
1120 5403 1341 5445 omnem
1367 5397 1494 5445 sunt
1518 5388 1718 5445 divitia:
1750 5389 1908 5445 boni-

313 5484 449 5539 tatis
476 5481 638 5538 illius.
668 5480 770 5538 Hic
793 5482 1033 5538 animum
1062 5480 1278 5537 adhibe.
1308 5479 1375 5535 ιη
1397 5481 1608 5552 propria
1628 5482 1782 5550 venit,
1804 5495 1913 5539 non

316 5574 660 5631 necessitatis
685 5591 796 5630 sum
822 5589 984 5631 causa
1033 5573 1228 5644 (Deus
1256 5575 1475 5647 quippe,
1508 5584 1569 5630 ut
1595 5573 1729 5642 dixi,
1767 5575 1915 5631 nullo

316 5667 587 5741 indiget),
615 5668 708 5724 sed
733 5668 798 5723 ad
825 5666 1081 5725 beneficia
1111 5668 1224 5724 suis
1251 5652 1571 5740 praestanda.
1610 5668 1714 5727 Sed
1746 5684 1918 5743 neque

386 5800 1106 5929 ς
1128 5801 1310 5856 dilecti.

1988 1329 2167 1409 sicuilli
2195 1330 2284 1401 qui
2313 1333 2391 1386 sui
2417 1343 2591 1403 erant,
2628 1337 2678 1390 in
2710 1340 2924 1409 propria
2955 1358 3050 1410 pro
3086 1345 3325 1413 ipsorum
3360 1351 3588 1408 utilitate

1983 1421 2310 1491 venientem,
2348 1437 2665 1494 receperunt
2691 1445 2849 1485 eum:
2886 1433 2994 1487 imo
3035 1438 3348 1507 repulerunt
3375 1462 3388 1498 :
3414 1460 3590 1514 neque

1982 1514 2085 1569 hoc
2108 1517 2238 1570 satis
2265 1518 2392 1587 ipsis
2425 1518 2542 1583 fuit,
2570 1522 2664 1577 sed
2696 1534 2843 1579 extra
2869 1528 3081 1583 vincant
3114 1531 3345 1601 ejectum
3378 1538 3591 1593 occide-

1987 1616 2116 1660 runt
2142 1608 2361 1674 (Matth.
2393 1610 2483 1667 2|.
2513 1613 2627 1681 39).
2658 1614 2842 1688 Neque
2870 1628 3047 1674 tamen
3080 1623 3157 1678 sic
3191 1626 3335 1694 ipsos
3362 1644 3388 1681 a
3420 1612 3593 1697 pinni-

1985 1699 2151 1753 tentia
2183 1702 2430 1763 exclusit,
2463 1704 2557 1759 sed
2589 1709 2862 1764 concessit
2892 1710 2999 1765 illis
3031 1723 3107 1780 ut,
3133 1716 3175 1768 si
3214 1730 3333 1786 post
3379 1730 3586 1777 ι.ιιιτιιιιι

1987 1788 2192 1845 facinus
2233 1795 2439 1848 scelera
2473 1811 2569 1851 sua
2598 1798 2819 1856 abluere
2854 1804 3056 1859 vellent
3085 1822 3182 1876 per
3210 1808 3369 1871 fidem
3406 1812 3457 1867 in
3507 1816 3587 1885 ip-

1984 1894 2125 1945 sum,
2174 1882 2238 1935 iis
2274 1884 2362 1952 qui
2397 1886 2528 1939 nihil
2554 1889 2659 1943 talc
2682 1890 3052 1961 admisissent,
3100 1901 3208 1952 imo
3247 1882 3592 1960 amicissimis

1985 1971 2085 2025 sibi
2135 1988 2291 2042 pares
2332 1974 2529 2031 forent.
2584 1980 2738 2049 Quod
2765 1995 2945 2040 autem
2975 2005 3081 2042 non
3113 1993 3284 2060 gratis
3313 1995 3394 2049 vel
3425 1998 3591 2052 animi

1986 2076 2146 2120 causa
2180 2066 2229 2119 id
2258 2067 2454 2131 dicam,
2492 2069 2607 2127 haec
2629 2073 2774 2129 clara
2805 2091 2937 2133 voce
2968 2082 3327 2140 testiﬁcantur
3353 2086 3441 2141 illa
3469 2106 3589 2143 om-

1986 2154 2072 2209 nia
2099 2172 2217 2226 qure
2245 2158 2402 2215 beato
2427 2162 2591 2219 Paulo
2619 2167 2961 2238 contigerunt
2991 2190 3002 2225 :
3028 2175 3115 2243 qui
3139 2185 3418 2247 postquam
3443 2180 3594 2235 Chri-

1990 2259 2133 2308 stum
2164 2261 2284 2316 post
2312 2252 2429 2323 ejus
2462 2263 2688 2313 mortem
2727 2273 3085 2331 persequutus
3123 2265 3315 2334 fuerat,
3364 2271 3594 2344 ejusque

1990 2346 2277 2414 martyrem
2333 2346 2671 2416 Stephanum
2730 2354 3021 2413 multorum
3077 2362 3326 2418 manibus
3382 2364 3585 2433 lapida-

1991 2443 2139 2525 verat
2173 2435 2281 2507 (α),
2330 2438 2451 2507 quia
2496 2444 2863 2511 paenitentiam
2921 2448 3049 2517 egit.
3082 2461 3135 2505 et
3190 2462 3366 2509 errata
3416 2460 3593 2525 priora

1990 2524 2282 2592 damnavit,
2334 2538 2493 2601 atque
2538 2532 2603 2587 ad
2654 2550 2776 2589 eum
2815 2553 2975 2608 quem
3028 2555 3390 2613 persequutus
3420 2524 3593 2602 fuerat

1994 2617 2238 2685 protinus
2264 2623 2514 2689 accessit,
2545 2625 2726 2680 statim
2760 2627 2900 2683 inter
2924 2632 3147 2694 amicos.
3173 2642 3224 2689 et
3249 2635 3469 2705 quidem
3498 2641 3598 2707 pri-

1992 2710 2193 2764 marios
2239 2708 2481 2767 adlectus
2527 2724 2611 2770 est
2652 2732 2683 2771 a
2727 2717 2941 2775 Christo
2967 2723 3057 2792 qui
3092 2723 3266 2794 ipsum
3293 2744 3597 2796 pra'eonem

1960 2824 1961 2827 η
1996 2802 2266 2873 totiusque
2298 2805 2447 2861 orbis
2473 2805 2752 2863 doctorem
2798 2814 3115 2882 constituit;
3158 2818 3249 2889 qui
3288 2821 3434 2888 prius
3479 2822 3597 2878 bla-

1992 2892 2274 2961 Sphcmus,
2311 2907 2667 2965 persequutor
2691 2908 2745 2955 ct
2771 2905 3195 2962 contumeliosus
3222 2909 3423 2965 fuerat:
3463 2924 3517 2967 ut
3544 2925 3601 2969 et

1996 2985 2109 3053 ipse
2136 2986 2202 3041 de
2234 2988 2323 3042 Dei
2361 2988 2691 3059 benignitate
2732 2996 3032 3063 exsultans,
3066 3000 3184 3055 sine
3213 3002 3412 3059 rubore
3442 3008 3596 3061 testi-

1997 3072 2183 3178 ficatus
2214 3087 2316 3132 est.
2352 3077 2463 3133 lino
2495 3090 2549 3135 et
2580 3082 2695 3152 ipse
2719 3086 2893 3155 priora
2920 3086 3155 3146 facinora
3186 3109 3279 3147 sua
3312 3095 3361 3149 in
3386 3097 3603 3166 scriptis

1996 3170 2110 3222 suis
2136 3170 2288 3237 quasi
2318 3170 2371 3223 in
2400 3170 2554 3240 cippo
2577 3182 2817 3239 exarata,
2844 3180 3093 3235 onmibus
3120 3183 3413 3241 declaravit
3446 3206 3457 3242 :
3490 3205 3603 3243 meo

1999 3256 2102 3311 lius
2144 3267 2335 3328 putans
2388 3258 2523 3322 fore,
2577 3262 2621 3317 si
2668 3266 2817 3333 prior
2845 3268 2949 3322 vita
2983 3284 3077 3324 sua
3109 3274 3247 3341 apud
3277 3292 3466 3333 omnes
3496 3288 3604 3333 tra-

1999 3346 2302 3452 duceretur,
2340 3361 2395 3405 ut
2423 3350 2590 3409 divini
2620 3353 2749 3411 doni
2777 3360 3089 3429 magnitudo
3111 3363 3414 3435 ell'ulgeret,
3438 3383 3601 3439 quam

1999 3448 2042 3493 si
2074 3448 2209 3509 ipse,
2237 3457 2303 3499 ne
2328 3453 2502 3497 errata
2526 3460 2621 3499 sua
2650 3448 2904 3504 omnibus
2932 3451 3253 3523 declararet,
3279 3458 3602 3516 inelfabilein

2004 3529 2097 3585 Dei
2126 3530 2508 3599 benignitatem
2538 3536 2840 3607 obtegeret.
2889 3540 3201 3613 PrOpterea,
3234 3552 3606 3621 persequutio-

2000 3635 2115 3684 nes,
2164 3622 2404 3691 insidias,
2449 3625 2589 3681 bella
2620 3639 2807 3684 contra
2837 3631 3134 3691 Ecclesiam
3183 3640 3413 3695 excitata
3459 3658 3607 3715 saepe

2001 3714 2196 3808 smpius
2223 3729 2630 3784 commemorat,
2667 3723 2828 3778 modo
2856 3725 3085 3805 dicens_:
3123 3728 3246 3785 Non
3282 3749 3394 3788 sum
3421 3714 3607 3808 dignus

2002 3807 2170 3859 uocari
2199 3809 2479 3877 apestolus,
2511 3813 2630 3881 quia
2662 3828 2991 3887 persequutus
3024 3837 3137 3874 sum
3182 3807 3606 3883 Ecclesiamillei

2005 3895 2081 3965 (1.
2113 3897 2229 3952 Cor.
2259 3899 2344 3955 15.
2377 3900 2433 3969 9)
2460 3918 2473 3966 ;
2526 3904 2686 3959 modo
2716 3916 2917 3975 autem,
2962 3908 3111 3965 Venit
3136 3914 3291 3970 Jesus
3318 3928 3605 3986 peccatores

2003 3989 2169 4043 salvos
2196 3990 2380 4059 facere,
2408 4009 2623 4063 quorum
2655 3998 2849 4066 primus
2876 4017 2969 4072 ego
2998 4020 3109 4057 sum
3142 4007 3159 4072 (
3174 4006 3218 4060 i.
3246 4006 3378 4061 Tim.
3398 4011 3419 4063 l
3435 4050 3447 4062 .
3481 4012 3603 4082 15);

2005 4092 2069 4133 ac
2098 4094 2338 4147 rursum,
2395 4082 2625 4147 Audistis
2664 4094 3092 4149 conservationem
3124 4114 3287 4152 meam
3328 4101 3609 4173 aliquando

2007 4171 2061 4224 in
2095 4172 2379 4241 judaisma,
2423 4178 2662 4241 quoniam
2706 4196 2864 4251 supra
2907 4187 3111 4239 modum
3142 4171 3473 4260 persequebar
3504 4192 3607 4249 Ec;

2010 4264 2215 4319 cleaiam
2245 4265 2363 4333 Dei,
2393 4279 2437 4321 et
2466 4273 2819 4343 expugnabo»:
2850 4276 2995 4331 illaut
3031 4280 3171 4351 (Gal.
3201 4284 3250 4336 1.
3278 4286 3386 4353 l3).

2078 4358 2134 4412 2.
2177 4358 2335 4415 Velut
2386 4362 2529 4417 etaim
2574 4367 2858 4435 quamdam
2904 4372 3073 4427 vicem
3116 4375 3331 4434 Christo
3376 4382 3611 4439 reddens

2014 4452 2085 4508 ob
2118 4454 2429 4521 patientiam
2460 4471 2618 4526 quam
2650 4473 2834 4515 secum
2862 4464 3201 4533 exhibuerat,
3252 4480 3307 4524 ut
3352 4475 3611 4531 ostende-

2012 4557 2096 4601 ret
2132 4547 2368 4616 qnalcm,
2414 4558 2469 4603 et
2506 4551 2776 4618 quomodo
2818 4553 3025 4610 hostem
3058 4569 3107 4613 et
3134 4560 3408 4619 inimicum
3436 4566 3612 4623 salute

2017 4639 2273 4695 donasset
2301 4657 2316 4694 :
2346 4642 2423 4696 sic
2452 4641 2619 4696 libere
2642 4644 2835 4700 bellum
2869 4648 2997 4703 illud
3030 4652 3303 4723 praedicat,
3326 4673 3433 4728 quo
3455 4659 3610 4715 Chri-

2027 4742 2168 4787 stum
2212 4735 2263 4788 in
2294 4735 2557 4803 principio
2586 4736 2838 4794 ardenter
2868 4740 3232 4813 impugnabat.
3283 4750 3416 4805 llinc
3438 4763 3616 4809 autem

2025 4824 2433 4894 desperantibus
2458 4840 2608 4896 spem
2639 4828 2833 4884 bonam
2866 4832 3019 4888 indit.
3059 4835 3188 4891 Nam
3219 4840 3293 4893 ait
3322 4842 3443 4898 ideo
3465 4843 3620 4899 Chriu

2033 4926 2173 4971 stum
2222 4933 2282 4973 se
2330 4919 2735 4999 resipiscentem
2778 4923 3080 4991 admisisse,
3131 4941 3187 4984 ιιι
3241 4933 3292 4987 in
3342 4950 3403 4991 se
3444 4939 3619 5006 primo

2028 5008 2337 5078 ostenderet
2377 5024 2591 5066 omnem
2625 5014 2959 5082 patientiam,
3007 5031 3060 5073 et
3086 5021 3376 5083 immensas
3403 5029 3615 5085 bonita-

2024 5101 2091 5155 tis
2144 5115 2256 5156 sum
2295 5100 2532 5169 divitias,
2577 5104 2627 5158 in
2665 5109 2973 5173 exemplum
3009 5127 3193 5167 eorum
3234 5118 3323 5185 qui
3355 5131 3537 5188 postea
3570 5126 3619 5178 in

2024 5192 2197 5263 ipsum
2225 5192 2482 5253 credituri
2529 5206 2683 5251 erant
2726 5198 2776 5251 in
2823 5201 2984 5255 vitam
3028 5213 3309 5262 :cternam.
3357 5210 3616 5268 Graviora

2026 5290 2222 5357 quippe
2252 5288 2321 5342 ab
2356 5289 2485 5359 ipsis
2524 5290 2757 5346 admissa
2789 5291 3040 5364 fuerant,
3073 5315 3229 5367 quam
3262 5314 3381 5372 quin
3412 5308 3623 5363 veniam

2026 5391 2395 5445 mererentur;
2419 5397 2539 5451 qum
2568 5382 2849 5439 declarans
2879 5391 3208 5459 evangelista
3241 5394 3453 5452 dicebat
3502 5417 3517 5454 :
3562 5399 3626 5455 In

2023 5473 2233 5547 propria
2272 5474 2423 5539 venit,
2471 5484 2517 5528 et
2541 5476 2621 5529 sui
2651 5492 2767 5530 eum
2792 5495 2894 5533 non
2922 5497 3238 5553 receperunt.
3288 5487 3442 5546 Unde
3485 5495 3626 5547 venit

2027 5565 2075 5621 is
2102 5566 2192 5637 qui
2223 5565 2403 5621 omnia
2429 5567 2640 5638 implet,
2682 5570 2773 5639 qui
2803 5572 3001 5640 ubique
3033 5591 3271 5645 praesens
3309 5584 3427 5637 est?
3469 5602 3623 5654 quem

2028 5659 2205 5714 locum
2256 5658 2489 5728 reliquit,
2542 5660 2632 5730 qui
2680 5662 2863 5718 omnia
2891 5679 3054 5722 manu
3088 5668 3233 5727 tenet
3263 5686 3316 5728 et
3342 5679 3583 5731 continet
3612 5680 3627 5730 Ρ

2095 5798 2377 5879 (ΦΒἯΨ
2406 5798 2945 5879 .‘I‘.‘.’L‘9E‘!'.“-E‘3!l'§‘3¥‘s
2980 5810 3276 5872 ςιθρὶιεηιιηι
3311 5812 3626 5879 laudaverat.

2030 5864 2155 5917 dum
2173 5876 2343 5916 eorum
2367 5864 2658 5915 vestimenta
2684 5874 2926 5917 servaret.
