4078 6502
424 418 491 477 75
1125 410 1180 467 5.
1221 407 1499 467 JOANNIS
1531 396 2006 462 CHRYSOSTOMI
2045 396 2360 457 ARCIIIEP.
2401 400 2936 461 CONSTANTINOP.
3609 424 3682 479 το

422 538 620 596 Locum
668 533 877 605 quidem
928 528 1124 597 unitum
1174 525 1409 597 reliquit,
1462 521 1768 595 (quomodo
1809 522 1990 590 posset

418 627 642 698 enim?)
687 637 785 681 suo
821 631 998 676 autem
1042 619 1109 675 ad
1152 631 1251 672 nos
1288 616 1547 671 descensu
1587 613 1639 668 id
1680 611 1823 666 fecit.
1855 608 1986 675 Quia

422 720 563 774 enim
597 718 648 772 in
681 712 880 769 mundo
908 726 1029 766 eum
1064 718 1231 775 esset,
1284 724 1387 763 non
1432 706 1707 761 videbatur
1755 701 1945 757 adesse
1970 739 1986 765 ,

422 808 576 879 quod
607 803 839 861 nondum
885 808 1297 873 cognosceretur
1326 816 1341 866 ;
1384 807 1566 868 postea
1594 809 1722 849 vero
1747 793 1983 861 seipstnn

419 897 673 963 ostendit,
704 912 824 951 cum
858 907 1092 949 nostram
1125 891 1346 947 induere
1369 903 1583 946 carnem
1606 886 1849 956 dignatus
1873 892 1983 939 est:

421 990 558 1043 hanc
585 986 1067 1043 manifestationem
1096 990 1147 1037 et
1175 982 1511 1040 descensum.
1560 979 1843 1033 adventttm
1888 989 1985 1043 ap-

417 1082 601 1147 pellat.
634 1078 824 1134 Mirum
861 1086 942 1131 est
967 1074 1284 1143 discipulum
1315 1089 1420 1126 non
1451 1070 1767 1127 erubescere
1794 1066 1861 1122 dc
1884 1082 1989 1120 ina-

416 1172 568 1242 gistri
593 1168 933 1235 contumelia,
964 1166 1055 1221 sed
1086 1180 1202 1221 eam
1230 1165 1397 1235 ipsam
1418 1162 1795 1219 contumeliam
1817 1159 1987 1215 ﬁden-

418 1272 498 1319 ter
529 1262 696 1317 literis
723 1259 992 1315 mandare.
1043 1256 1097 1311 ld
1143 1271 1271 1310 vero
1310 1269 1415 1308 non
1448 1268 1634 1323 parum
1656 1252 1987 1307 demonstrat

414 1369 569 1424 quam
596 1365 782 1405 amans
810 1348 1050 1405 veritatis
1076 1354 1237 1401 esset.
1265 1344 1511 1414 Alioquin
1538 1352 1714 1399 autem
1740 1342 1806 1409 is,
1824 1356 1982 1411 quem

415 1448 571 1515 pudet
609 1444 1039 1509 conviciantinm,
1088 1460 1192 1499 non
1241 1442 1405 1515 pudet
1446 1441 1582 1512 ejus,
1614 1441 1705 1512 qui
1728 1440 1995 1496 conviciis

414 1551 670 1594 oneratus
695 1548 795 1592 est.
828 1537 923 1592 llic
946 1539 1142 1608 quippe
1166 1535 1266 1591 hac
1292 1536 1497 1591 ratione
1521 1534 1717 1591 clarior
1742 1532 1858 1599 fuit,
1890 1533 1979 1603 qui

415 1640 535 1701 post
595 1631 971 1686 contumeliam
1024 1627 1533 1684 contumeliosurum
1596 1624 1980 1695 providentiam

411 1724 574 1791 gessit
606 1741 620 1779 :
650 1722 721 1777 illi
748 1735 877 1777 vero
907 1722 1097 1792 ingrati
1129 1728 1185 1774 et
1213 1718 1426 1775 scelesti
1470 1716 1607 1788 apud
1651 1729 1840 1771 omnes
1882 1715 1981 1768 visi

409 1822 552 1879 sunt,
584 1814 669 1884 qui
709 1827 854 1881 eum,
879 1812 966 1881 qui
999 1820 1075 1866 tot
1104 1810 1239 1865 bona
1265 1810 1523 1865 allaturos
1560 1816 1797 1869 venerat.
1828 1806 1978 1877 quasi

413 1907 684 1959 inimicum
712 1915 767 1959 et
794 1904 1001 1958 hostem
1032 1901 1371 1969 expulerunt.
1410 1898 1594 1968 Neque
1641 1896 1769 1952 illud
1810 1912 1979 1952 nocu-

409 1995 571 2048 menti
620 2000 819 2049 tantum
869 2000 1213 2062 acceperunt,
1267 1989 1359 2044 sed
1402 1989 1561 2043 etiam
1601 1988 1741 2058 quod
1779 2002 1843 2043 ea
1873 2002 1979 2043 non

406 2085 754 2149 obtinuerint.
801 2100 920 2155 quas
968 2081 1284 2153 consequuti
1323 2091 1448 2137 sunt
1488 2081 1520 2134 ii
1566 2081 1652 2151 qui
1687 2081 1855 2150 ipsum
1887 2096 1979 2135 ac-

407 2186 680 2246 ceperunt.
729 2178 982 2242 Qumnam
1025 2174 1077 2228 hi
1127 2173 1441 2243 consequuti
1484 2173 1651 2227 sunt?
1681 2172 1763 2227 12.
1814 2172 1977 2239 Quot.

410 2279 530 2337 quot
552 2279 717 2322 autem
746 2277 1034 2337 receperunt
1062 2284 1173 2322 eum
1193 2308 1209 2333 ,
1264 2266 1402 2319 dedit
1426 2266 1496 2319 eis
1526 2274 1818 2335 polestatem
1844 2266 1979 2334 ﬁlios

411 2361 503 2415 Dei
531 2361 660 2430 ﬁeri,
691 2360 878 2430 inquit.
906 2360 1014 2415 Cur
1045 2374 1149 2413 non
1183 2374 1367 2414 narras
1392 2358 1565 2422 nobis,
1602 2374 1634 2411 ο
1663 2359 1831 2423 beate,
1886 2374 1979 2412 eo-

405 2468 521 2505 rum
552 2452 892 2521 supplicium,
936 2452 1024 2522 qui
1052 2466 1157 2506 non
1186 2459 1503 2520 receperunt
1530 2450 1676 2503 illum
1703 2464 1721 2515 ;
1766 2450 1858 2504 sed
1887 2465 1979 2505 eos

403 2545 535 2599 dicis
562 2558 687 2598 suos
712 2543 893 2609 fuisse,
924 2552 979 2599 et
1028 2544 1082 2598 in
1113 2542 1323 2613 propria
1350 2544 1648 2597 venientem
1696 2557 1800 2595 non
1828 2556 1980 2596 rece-

406 2636 585 2704 pi~sc;
631 2644 684 2690 et
722 2635 849 2705 quid
894 2634 992 2689 hac
1026 2634 1093 2689 de
1123 2649 1281 2690 causa
1310 2635 1539 2705 passuri,
1582 2633 1830 2704 quodque
1850 2648 1976 2703 sup-

406 2726 619 2794 plicium
644 2726 864 2780 subituri
896 2728 1003 2779 sint
1032 2741 1137 2779 non
1162 2725 1448 2793 adiecisti?
1475 2724 1637 2796 Atqui
1666 2727 1833 2796 magis
1856 2725 1978 2780 illos

407 2819 477 2873 ita
520 2820 818 2881 terruisses,
866 2827 918 2872 ct
964 2834 1056 2887 per
1100 2818 1570 2874 comminationem
1617 2818 1781 2884 illam,
1822 2834 1975 2873 arro-

406 2911 597 2979 gantite
636 2910 882 2963 duritiem
930 2910 1304 2965 emollivisses.
1350 2907 1460 2964 Cur
1483 2923 1611 2979 ergo
1639 2909 1688 2963 id
1718 2909 1924 2963 tacuisti
1952 2910 1976 2962 τ

408 3000 642 3071 Ιίαιηιιά,
675 3000 896 3071 inquiet,
943 3001 1117 3069 majus
1145 3001 1246 3054 hoc
1272 2998 1531 3069 supplicio
1560 2999 1733 3063 fuerit,
1764 2998 1974 3069 quando

408 3103 666 3164 potestate
697 3092 825 3160 ipsis
844 3092 965 3146 data
995 3101 1051 3146 ut
1081 3092 1174 3145 lilii
1203 3092 1293 3146 Dei
1323 3090 1549 3157 fierent,
1578 3091 1675 3159 ipsi
1718 3088 1830 3144 ﬁeri
1874 3105 1973 3143 no«

410 3187 573 3248 luere,
619 3184 713 3241 sed
745 3195 887 3240 tanta
915 3199 974 3240 se
1005 3184 1300 3247 nobilitate,
1354 3192 1500 3237 tanto
1530 3199 1586 3237 sc
1632 3181 1836 3238 honore
1880 3197 1975 3236 sua

404 3286 593 3345 sponte
638 3275 948 3343 privarunt?
995 3274 1190 3329 Verum
1223 3290 1328 3329 non
1357 3273 1457 3329 hoc
1484 3281 1684 3328 tantum
1713 3273 1975 3344 supplicio

399 3366 719 3429 atllcicntus,
748 3366 887 3432 quod
913 3366 1015 3420 hoc
1039 3364 1234 3419 bonum
1265 3380 1369 3419 non
1390 3365 1727 3432 acceperint;
1761 3364 1852 3417 sed
1878 3377 1974 3419 eos

401 3460 558 3511 etiam
592 3458 1041 3527 incxstinguihilis
1069 3458 1204 3526 ignis
1243 3456 1491 3526 excipiet,
1541 3454 1591 3509 id
1621 3454 1760 3524 quod
1789 3462 1971 3524 postea

401 3550 591 3604 clarius
619 3549 843 3617 aperuit.
872 3550 1087 3604 Interim
1113 3564 1239 3603 vero
1265 3548 1544 3603 incli‘abilia
1574 3548 1709 3602 bona
1735 3557 1968 3614 enarrat,

401 3642 550 3710 queis
594 3638 825 3693 donandi
875 3648 998 3692 sunt
1039 3640 1109 3693 illi
1152 3640 1239 3708 qui
1272 3654 1395 3691 eum
1426 3646 1782 3707 receperunt;
1813 3638 1971 3708 idque

402 3730 547 3785 brevi
575 3728 778 3800 profert
806 3730 889 3784 Itis
916 3730 1044 3799 ipsis
1074 3731 1247 3784 verbis
1285 3747 1299 3783 :
1332 3729 1583 3798 Quotquot
1627 3739 1792 3790 autem
1835 3746 1973 3785 rece-

401 3830 576 3890 perunt
606 3812 739 3883 eum,
783 3823 918 3875 dedit
948 3824 1018 3876 eis
1057 3832 1347 3893 potestatem
1375 3824 1509 3891 [ilics
1541 3822 1633 3877 Dei
1660 3824 1790 3891 fieri.
1845 3823 1970 3877 Sive

397 3915 535 3969 servi
566 3916 679 3969 sive
711 3915 881 3978 liberi,
916 3916 1029 3970 sive
1056 3914 1225 3971 Graeci
1267 3917 1378 3970 sive
1423 3916 1654 3975 barbari.
1705 3917 1786 3971 vel
1838 3917 1967 3989 Scy-

400 4006 522 4071 thas,
578 4006 691 4060 sive
738 4006 1047 4076 insipientes
1098 4006 1211 4061 sive
1261 4006 1553 4075 sapientes,
1588 4008 1700 4061 sive
1728 4008 1825 4061 viri
1855 4012 1967 4063 sive

397 4098 668 4163 mulieres,
707 4098 818 4153 sive
859 4098 1006 4167 pueri
1037 4099 1148 4152 sive
1176 4102 1437 4164 seniores,
1484 4099 1596 4154 sive
1622 4099 1825 4154 nobiles
1851 4101 1967 4156 sive

399 4190 674 4261 ignobiles,
729 4190 848 4245 sive
879 4190 1071 4245 divites
1097 4190 1209 4245 sive
1238 4205 1514 4260 pauperes,
1562 4192 1674 4247 sive
1700 4192 1966 4263 principes

401 4284 513 4338 sive
537 4282 745 4352 privati,
778 4283 976 4351 inquit,
1004 4282 1193 4337 eodem
1219 4299 1404 4337 omnes
1431 4284 1713 4354 dignantur
1737 4284 1962 4342 honore.

399 4374 553 4430 Fides
578 4375 719 4429 enim
748 4382 801 4429 et
823 4374 1049 4442 Spiritus
1069 4374 1257 4443 gratia,
1307 4374 1670 4430 conditionum
1710 4375 1966 4431 humana-

396 4483 509 4519 rmn
544 4465 954 4534 inaequalitatem
986 4465 1195 4528 tollens,
1251 4464 1302 4517 in
1353 4480 1510 4520 unam
1560 4481 1746 4523 omnes
1776 4468 1967 4538 redigit

400 4555 645 4619 formam,
678 4563 731 4609 et
761 4568 865 4608 uno
902 4556 1047 4624 regio
1073 4554 1381 4609 charactere
1433 4564 1601 4609 notat.
1660 4557 1797 4623 Quid
1841 4558 1966 4613 huic

397 4646 701 4717 benignitati
749 4660 841 4713 par
879 4643 1080 4698 fuerit?
1107 4644 1217 4699 Rex
1262 4645 1477 4715 quidem
1516 4662 1579 4700 ex
1626 4647 1813 4701 eodem
1856 4663 1993 4717 qtm‘

399 4753 494 4791 nos
524 4738 634 4791 luto
667 4738 945 4801 formatus,
1008 4751 1295 4791 conserves
1327 4752 1451 4793 suos
1478 4738 1565 4807 qui
1591 4740 1833 4794 eamdem
1864 4757 1961 4795 na-

402 4839 570 4883 turam
601 4828 934 4896 participant,
965 4842 1025 4881 ac
1054 4844 1195 4896 sa-pe
1234 4829 1538 4883 melioribus
1568 4830 1821 4899 pra-dites
1851 4848 1961 4886 mo-

398 4922 565 4985 ribus,
601 4936 704 4975 non
732 4919 978 4989 dignatur
1003 4919 1053 4973 in
1082 4919 1373 4974 exercitum
1406 4921 1606 4989 regium
1636 4920 1958 4988 adscribere,

395 5014 437 5067 si
466 5013 604 5067 servi
646 5012 859 5079 quidem
907 5013 979 5066 illi
1025 5010 1257 5076 fuerint;
1306 5014 1606 5082 nnigeuitus
1648 5024 1822 5069 autem
1870 5015 1962 5070 Dei

397 5102 559 5155 Filius
606 5100 915 5171 publicanos
962 5118 1067 5155 non
1114 5102 1451 5173 dedignatur,
1501 5119 1704 5171 magos,
1755 5120 1961 5173 sentos,

392 5194 735 5262 omniumque
778 5192 1190 5263 ignobilissimos
1221 5197 1237 5227 ί
1264 5237 1277 5258 ,
1315 5197 1509 5250 multos
1552 5197 1710 5250 etiam
1739 5212 1964 5268 corpore

395 5282 629 5345 mutilos,
656 5283 737 5337 vel
766 5300 950 5355 magna
982 5284 1204 5341 allectos
1229 5287 1365 5350 labe,
1414 5287 1464 5340 in
1510 5287 1737 5343 filiorum
1775 5305 1962 5345 nume-

396 5391 513 5429 rum
542 5374 864 5447 adscribere.
911 5375 1078 5431 Tanta
1112 5388 1189 5433 est
1220 5377 1339 5432 fidei
1374 5378 1425 5432 in
1453 5378 1725 5435 Christum
1756 5381 1957 5449 virtus;

392 5478 533 5522 tanta
591 5469 775 5538 gratim
821 5470 1149 5538 magnitudo.
1213 5473 1288 5525 Ac
1329 5473 1779 5541 quemadmodum
1824 5474 1962 5545 ignis

392 5569 600 5621 natura.
652 5561 696 5614 si
745 5562 1081 5616 metallorum
1132 5571 1327 5618 terram
1374 5566 1626 5636 attigerit,
1674 5566 1814 5620 illam
1853 5568 1960 5622 cito

390 5667 573 5707 eorum
604 5653 811 5716 reddit;
846 5653 941 5718 sic,
978 5656 1084 5710 into
1108 5656 1260 5726 longe
1290 5660 1482 5729 magis,
1514 5658 1796 5727 baptisma,
1828 5676 1961 5729 quos

391 5743 573 5807 abluit,
623 5760 813 5800 aureos
851 5762 917 5801 cx
965 5748 1118 5801 luteis
1166 5748 1357 5815 reddit,
1404 5750 1601 5819 Spiritu
1632 5751 1765 5820 ignis
1794 5752 1961 5810 instar

454 5843 466 5868 ι
505 5838 642 5888 savii.
666 5841 811 5901 addit,
831 5848 875 5892 et
900 5840 1243 5905 pauperriwos.

2102 513 2194 569 illo
2225 524 2465 587 tempore
2509 519 2560 572 in
2604 516 2810 573 animas
2838 527 3050 573 nostras
3090 517 3377 584 incidente,
3433 530 3488 578 et
3536 522 3680 577 lutea

2094 620 2366 680 assumpta
2413 610 2660 681 imagine,
2712 612 2981 667 czulestem
3024 628 3216 667 novam
3261 624 3315 668 et
3345 613 3681 683 splendidam

2094 702 2403 773 imaginem,
2457 703 2608 773 quasi
2651 719 2715 759 ex
2769 705 3064 760 contiatura
3114 705 3488 775 splendentem
3540 708 3683 764 rcl'e-

2094 806 2266 851 rente.
2295 795 2361 851 Et
2390 811 2489 851 cur
2517 811 2622 851 non
2668 797 2822 860 dixit.
2868 798 3016 853 Fecit
3047 798 3164 854 illos
3206 799 3344 854 filios
3375 801 3466 856 Dei
3492 818 3508 867 ;
3557 802 3677 868 sed,

2093 884 2244 941 Dedit
2273 887 2374 942 illis
2415 896 2708 958 potestatem
2751 889 2884 958 ﬁlios
2923 887 3021 943 Dei
3048 890 3162 958 ﬁeri
3182 891 3208 943 2’
3255 889 3329 949 Ut
3369 892 3680 948 ostenderet

2092 979 2258 1034 multa
2287 980 2439 1035 nobis
2468 994 2609 1050 opus
2647 995 2769 1037 esse
2794 982 3087 1051 diligentia,
3117 993 3172 1037 ut
3208 984 3515 1054 adoptionis
3543 986 3679 1041 inia-

2090 1071 2266 1141 ginem
2308 1070 2360 1124 in
2386 1069 2705 1140 baptismate
2731 1072 2886 1127 nobis
2912 1074 3252 1143 impressam,
3279 1074 3675 1131 immaculatam

2091 1174 2302 1230 semper
2330 1171 2384 1217 et
2410 1163 2663 1216 intactam
2696 1176 2974 1218 servemus
3001 1180 3017 1230 ;
3050 1164 3320 1235 simulque
3349 1167 3673 1236 declararet,

2092 1252 2225 1308 hanc
2256 1260 2571 1323 potestatem
2603 1270 2631 1308 a
2664 1256 2876 1311 netniae
2899 1256 3052 1312 nobis
3095 1258 3295 1313 auferri
3340 1274 3516 1329 posse.
3570 1262 3675 1317 nisi

2092 1346 2234 1416 prius
2260 1346 2359 1415 ipsi
2390 1347 2532 1400 illam
2557 1348 2711 1403 nobis
2737 1348 3139 1404 abstnlerimns.
3167 1349 3223 1406 Si
3254 1351 3396 1406 enim
3426 1352 3459 1407 ii
3485 1354 3575 1423 qui
3603 1354 3676 1408 ab

2090 1438 2391 1497 hominibus
2425 1441 2796 1495 auctoritatem
2840 1441 3125 1512 quamdam
3155 1454 3501 1513 acceperunt,
3553 1456 3672 1501 tan-

2088 1538 2195 1583 ttnn
2250 1529 2391 1584 illam
2449 1529 2559 1585 fere
2617 1541 2858 1594 servant.
2895 1529 3167 1601 quantum
3222 1536 3311 1603 qui
3361 1534 3669 1598 dederunt;

2086 1621 2257 1673 multo
2289 1620 2458 1691 magis
2505 1636 2603 1675 nos
2643 1622 2732 1691 qui
2764 1636 2792 1675 a
2830 1622 2937 1676 Deo
2969 1622 3111 1679 hunc
3140 1626 3455 1695 consequuti
3486 1641 3675 1682 sumus

2088 1708 2369 1771 honorem.
2403 1711 2447 1763 si
2481 1710 2612 1764 nihil
2636 1709 2735 1765 hac
2763 1711 3035 1782 indignum
3070 1722 3336 1782 potestate
3367 1717 3671 1783 iecerimus,

2085 1802 2323 1855 omnium
2354 1802 2707 1871 potentissimi
2739 1804 2963 1870 erimus,
3012 1821 3078 1860 eo
3106 1805 3246 1876 quod
3276 1809 3511 1863 ontnium
3555 1825 3674 1863 ma-

2085 1892 2265 1948 ximus
2306 1896 2646 1964 optimusque
2686 1897 2757 1951 sit
2808 1896 2872 1960 is,
2923 1897 3012 1967 qni
3067 1914 3165 1953 nos
3212 1899 3313 1956 hoc
3341 1900 3548 1957 honore
3583 1902 3671 1957 di-

2083 1996 2273 2055 gnatus
2301 1996 2403 2039 est.
2435 1986 2601 2041 Simul
2631 1994 2810 2042 autem
2836 1988 2952 2042 vult
2974 1988 3273 2055 declarare.
3302 1992 3527 2062 gratiam
3563 2009 3669 2048 non

2085 2076 2139 2130 in
2166 2076 2458 2146 quemlibet
2496 2084 2703 2132 temere
2748 2076 2973 2142 infundi,
3005 2079 3099 2133 sed
3148 2080 3199 2135 in
3233 2097 3327 2137 eos
3357 2083 3448 2153 qui
3476 2084 3671 2139 volun-

2085 2168 2207 2222 tatis
2235 2168 2563 2237 propositunt
2592 2178 2647 2223 et
2672 2168 2998 2238 diligentiam
3029 2170 3286 2226 adhibent
3318 2191 3332 2228 :
3378 2175 3430 2228 in
3477 2174 3669 2230 horum

2082 2257 2227 2312 enim
2274 2267 2540 2328 potestate
2591 2260 2753 2313 situm
2810 2267 2895 2314 est
2934 2270 2990 2314 ut
3041 2260 3132 2314 ﬁlii
3199 2263 3289 2317 Dei
3359 2266 3507 2318 llant.
3556 2263 3709 2320 Nisi-

2082 2349 2223 2404 enim
2260 2351 2549 2417 voluerint,
2603 2350 2804 2407 donum
2849 2368 2955 2406 non
2998 2353 3235 2420 advenit,
3281 2369 3380 2412 nec
3410 2366 3667 2427 operatur

2082 2439 2372 2511 quidpiam.

2161 2534 2215 2587 5.
2258 2532 2464 2603 Ubique
2512 2534 2669 2605 igitur
2719 2536 3087 2592 necessitatem
3134 2538 3270 2594 tollit
3299 2549 3354 2595 et
3381 2541 3669 2598 voluntatis

2081 2624 2357 2680 arbitrium
2380 2625 2560 2691 cllert;
2595 2626 2645 2681 id
2670 2628 2809 2698 quod
2843 2644 2985 2683 nunc
3015 2630 3165 2684 dixit.
3197 2630 3252 2685 lu
3286 2633 3369 2688 his
3405 2636 3547 2689 enim
3576 2650 3666 2691 ar-

2080 2717 2247 2783 canis,
2277 2715 2419 2771 aliud
2453 2718 2542 2773 Dei
2570 2727 2673 2782 est,
2717 2735 2908 2791 ncntpe
2933 2721 3062 2776 dare
3089 2723 3349 2792 gratiam;
3380 2725 3520 2781 aliud
3563 2727 3665 2781 Ito-

2080 2809 2259 2875 minis,
2301 2809 2509 2865 scilicet
2553 2810 2709 2866 (idem
2750 2813 3024 2869 exhibere.
3056 2814 3111 2869 ln
3160 2817 3505 2889 subsequenti
3537 2837 3667 2875 vero

2080 2906 2319 2967 tempore
2343 2899 2505 2954 multa
2532 2915 2666 2970 opus
2700 2910 2784 2957 est
2824 2902 3118 2973 diligentia.
3153 2905 3267 2961 Non
3295 2908 3438 2963 enim
3464 2911 3663 2967 sut‘lieit

2078 2990 2143 3045 ad
2172 2991 2419 3062 puritatis
2460 2993 2755 3048 custodiam
2785 2994 3038 3064 baptizari
3080 2997 3252 3052 solum
3298 3009 3351 3054 et
3392 3003 3661 3061 credere:

2078 3082 2170 3137 sed
2198 3082 2243 3138 si
2276 3084 2500 3138 velimus
2530 3101 2741 3155 semper
2771 3086 2893 3141 laeto
2921 3102 3142 3157 munere
3168 3088 3293 3149 frui.
3325 3090 3419 3145 illo
3443 3092 3660 3164 dignam

2077 3183 2288 3243 opertet
2324 3176 2579 3233 exhibere
2620 3180 2802 3234 vitam.
2848 3178 2961 3234 lloc
3002 3190 3180 3235 autem
3214 3182 3383 3237 voluit
3420 3185 3558 3241 Deus
3607 3188 3662 3242 in

2078 3276 2258 3323 nostra
2288 3268 2447 3323 situm
2474 3283 2594 3324 esse
2624 3279 2902 3338 potestate.
2932 3270 2995 3327 Ut
3018 3273 3239 3343 mystica
3271 3276 3413 3332 enim
3437 3292 3665 3348 genera-

2077 3359 2224 3412 tione
2251 3374 2553 3426 nascamur,
2589 3371 2641 3415 et
2681 3370 2897 3431 peccata
2929 3372 3052 3417 ante
3079 3363 3312 3418 admissa
3356 3369 3657 3435 abluamus,

2078 3449 2128 3503 id
2161 3466 2254 3519 per
2294 3450 2615 3520 baptismum
2654 3451 3023 3520 eflicitur;"nt
3070 3471 3200 3512 vero
3240 3458 3490 3531 deinceps
3542 3468 3659 3533 pttri

2075 3557 2399 3607 maneamus,
2436 3552 2489 3598 et
2521 3544 2715 3598 nullam
2748 3544 2885 3600 ultra
2924 3546 3266 3605 admittamns
3293 3552 3575 3619 maculam,
3607 3557 3658 3609 id

2075 3632 2127 3687 in
2155 3642 2334 3688 nostra
2376 3635 2532 3688 situm
2563 3646 2643 3690 est
2670 3645 2931 3705 potestate
2959 3654 3022 3694 ac
3048 3640 3340 3709 diligentia.
3371 3644 3575 3702 Idcirco
3602 3659 3662 3703 et

2075 3728 2431 3794 generationis
2462 3728 2675 3783 modum
2721 3740 2999 3794 memorat,
3048 3742 3103 3785 et
3134 3732 3268 3788 facta
3311 3750 3430 3790 cum
3456 3741 3660 3796 carnali

2078 3825 2228 3883 partu
2269 3819 2702 3885 comparatione,
2748 3820 2865 3890 ejus
2903 3823 3284 3893 lettcellentiam
3328 3827 3659 3887 demonstrat

2075 3902 2155 3958 bis
2204 3906 2426 3960 verbis:
2461 3908 2545 3963 l3.
2598 3908 2699 3973 Qui
2735 3926 2835 3963 non
2877 3927 2941 3964 ea:
2976 3915 3336 3983 sanguinibus,
3388 3934 3545 3985 neque
3592 3940 3661 3978 ex

2072 3996 2324 4051 voluntate
2373 4000 2573 4064 carnis,
2637 4016 2796 4064 neque
2844 4018 2908 4057 ea:
2962 4004 3219 4059 voluntate
3265 4009 3393 4073 viri,
3448 4014 3538 4065 sed
3592 4031 3659 4069 ea:

2072 4087 2182 4143 Deo
2230 4090 2336 4142 nati
2381 4100 2517 4144 sunt.
2590 4092 2699 4148 lloc
2741 4101 2920 4149 autem
2970 4096 3122 4159 fecit.
3178 4109 3234 4153 ut
3282 4101 3475 4170 prioris
3528 4120 3656 4176 par.

2073 4187 2158 4233 tus
2204 4194 2269 4234 ex
2328 4182 2675 4251 sanguinibns
2713 4194 2767 4238 et
2818 4200 2881 4239 ex
2929 4186 3199 4244 voluntate
3249 4194 3427 4249 carnis
3476 4198 3657 4250 vilita-

2074 4284 2179 4327 tem
2234 4274 2429 4339 edocti,
2473 4291 2536 4330 ae
2584 4278 2802 4332 secundi
2848 4280 2934 4348 qui
2978 4296 3071 4349 per
3118 4285 3338 4352 gratiam
3387 4287 3444 4341 llt
3488 4289 3658 4344 subli-

2072 4365 2254 4419 mitate
2301 4366 2680 4438 nobilitateque
2721 4378 2992 4439 percepta,
3049 4373 3171 4429 hinc
3213 4392 3455 4447 magnam
3497 4380 3659 4452 hujus

2071 4464 2124 4511 et
2149 4458 2451 4525 generantis
2480 4457 2621 4512 dono
2663 4459 2875 4531 dignam
2906 4464 3215 4531 opinionem
3262 4471 3654 4541 concipiamus,

2072 4549 2395 4619 multamque
2425 4560 2605 4617 postea
2646 4552 2973 4622 diligentiam
3018 4557 3388 4615 exhibeamns.
3439 4563 3660 4633 Magno-

2070 4654 2196 4709 pere
2245 4644 2387 4693 enim
2439 4641 2730 4696 timendum
2779 4653 2882 4709 est,
2938 4661 3004 4701 ne
3044 4646 3143 4703 hac
3188 4651 3407 4719 pulchra
3458 4654 3656 4714 fu-data

2070 4734 2226 4795 stola,
2262 4735 2331 4789 ob
2368 4734 2629 4803 ignaviam
2656 4744 2711 4789 et
2749 4739 2952 4793 scelera
2996 4751 3173 4796 nostra
3204 4760 3266 4798 ex
3297 4746 3530 4803 thalamo
3558 4752 3661 4820 eji-

2068 4826 2308 4881 ciamur:
2340 4826 2560 4896 perinde
2602 4837 2759 4898 atque
2784 4830 3014 4900 quinque
3046 4834 3147 4887 illse
3180 4837 3412 4913 virgines
3457 4842 3614 4897 fatum
3643 4863 3658 4903 ;

2072 4927 2128 4971 ut
2151 4919 2312 4972 etiam
2346 4918 2433 4971 ille
2476 4934 2581 4973 nun
2614 4919 2813 4974 habens
2846 4930 3044 4977 vestem
3096 4927 3407 4995 nuptialem.
3438 4930 3570 4987 Nam
3601 4947 3658 4991 et

2072 5012 2157 5066 ille
2186 5028 2247 5066 ex
2290 5013 2531 5066 convivis
2571 5021 2705 5076 erat,
2738 5014 3094 5087 inritatusque
3127 5017 3299 5076 fuerat
3327 5040 3340 5076 :
3371 5025 3495 5094 quia
3523 5042 3656 5081 vero

2072 5115 2189 5173 post
2228 5105 2558 5159 vocationem
2590 5116 2642 5159 et
2674 5115 2878 5161 tantum
2923 5106 3205 5175 honorem,
3251 5128 3310 5168 se
3340 5116 3653 5173 invitantem

2070 5196 2387 5249 contumelia
2431 5195 2626 5260 alii-cit,
2673 5197 2793 5251 andi
2828 5214 2960 5267 quas
3008 5215 3191 5267 poenas
3220 5202 3448 5273 dederit,
3489 5224 3653 5280 quam

2070 5285 2337 5340 luctuOsas
2357 5297 2410 5340 et
2433 5287 2678 5357 lacrymis
2696 5288 2902 5359 dignas.
2928 5291 3008 5345 Ad
3032 5301 3137 5346 tam
3155 5292 3488 5364 splendidam
3505 5302 3610 5356 enit
3624 5320 3650 5357 ,ι

2070 5384 2124 5431 et
2149 5385 2253 5430 tam
2283 5375 2481 5432 lautam
2510 5393 2745 5433 mensam
2768 5380 3054 5448 admissus,
3082 5400 3185 5439 non
3213 5388 3386 5442 solum
3408 5393 3656 5445 convivio

2070 5467 2391 5533 excluditur,
2412 5468 2505 5524 sed
2535 5478 2590 5523 et
2610 5469 2787 5540 ligatis
2814 5474 3061 5530 manibus
3091 5486 3144 5533 et
3173 5480 3394 5546 pedibus
3420 5483 3471 5536 in
3504 5493 3654 5538 tene-

2072 5563 2195 5616 bras
2234 5563 2534 5619 exteriores
2563 5563 2805 5628 mittitur,
2842 5568 2930 5621 ubi
2973 5582 3259 5639 perpetuus
3290 5584 3369 5628 est
3404 5573 3558 5630 ﬂetus
3598 5590 3653 5634 et

2070 5652 2268 5709 stridor
2295 5653 2553 5709 dentium.
2583 5654 2659 5709 Nc
2688 5655 2886 5726 itaque,
2909 5657 3110 5725 dilecti,
3140 5661 3297 5717 [idem
3326 5664 3391 5719 ad
3422 5667 3652 5723 salutem

2071 5748 2225 5803 nobis
2253 5750 2381 5805 satis
2402 5764 2523 5805 esse
2549 5749 2935 5807 existimemus.
2960 5751 3071 5808 Nisi
3100 5756 3239 5811 enim
3272 5757 3431 5812 vitam
3466 5773 3650 5829 puram

2073 5840 2493 5909 cxhibuerimus,
2520 5843 2616 5900 sed
2646 5844 2884 5901 vestibus
2911 5845 3010 5902 hac
3034 5845 3185 5903 beata
3228 5849 3455 5922 indignis
3484 5865 3649 5909 voca-
