4078 6512
635 476 706 532 79
1387 467 1443 522 S.
1482 461 1755 521 JO.-\NNiS
1792 456 2252 516 (IllR‘YSDSTOBll
2293 455 2607 512 All(;lllEP.
2648 453 3175 511 CONSTANTINOP.
3841 451 3906 510 80

637 601 687 643 et
723 590 814 646 Dei
844 588 981 641 filios
1006 600 1125 641 esse
1146 623 1162 651 ,
1214 581 1495 639 inefl'abilis
1532 578 1690 647 hujus
1736 573 1955 630 honoris
1990 584 2206 628 causam

637 682 812 750 afl'ert,
862 679 997 734 hanc
1023 691 1235 748 nempe,
1267 675 1409 746 quod
1439 671 1674 728 Verbum
1712 682 1838 724 caro
1869 666 2062 722 factum
2105 664 2207 728 sit,

639 783 695 830 et
720 771 972 827 Dominus
1012 767 1155 824 servi
1183 764 1411 820 fortnam
1438 760 1725 832 acceperit.
1760 758 1923 813 Filius
1947 756 2088 810 enim
2113 752 2209 808 ho-

639 862 794 918 minis
838 858 1060 916 efiecrus
1096 865 1200 924 est,
1233 870 1369 911 cum
1412 867 1572 910 verus
1615 850 1704 905 Dei
1737 847 1905 904 Filius
1931 853 2103 912 isset,
2154 851 2213 897 ut

644 952 886 1008 homines
917 949 1022 1005 Dei
1056 947 1199 1003 illius
1242 945 1497 1002 efficeret.
1539 941 1776 998 Sublimc
1822 951 2051 1006 namque
2089 949 2210 988 cum

640 1043 828 1100 humili
849 1055 1089 1105 versans,
1112 1038 1245 1095 nihil
1273 1037 1323 1092 in
1347 1035 1514 1107 gioria
1546 1046 1640 1088 sua
1666 1029 1896 1096 laeditur,
1927 1025 2056 1082 illud
2084 1039 2211 1079 vero

637 1156 702 1194 ex
747 1137 908 1193 tnulta
949 1133 1106 1205 erigit
1152 1130 1449 1186 humilitate
1489 1144 1506 1182 :
1546 1118 1686 1197 quod
1719 1132 1772 1178 et
1800 1123 1851 1177 in
1878 1120 2090 1175 Christo
2121 1117 2198 1170 fa-

635 1239 779 1284 ctum
826 1236 926 1282 est.
964 1224 1214 1280 Naturam
1250 1220 1445 1292 quippe
1477 1231 1628 1272 suam
1671 1214 1764 1268 tali
1807 1212 2069 1268 descensu
2101 1222 2206 1262 non

638 1320 856 1385 minuit;
884 1330 1088 1388 nomine
1114 1315 1201 1386 qui
1226 1314 1278 1368 in
1311 1309 1599 1382 ignominia
1627 1317 1685 1364 et
1722 1306 1776 1362 in
1806 1302 2042 1362 tenebris
2067 1316 2206 1356 sem-

640 1425 735 1482 per
773 1407 1138 1472 vcrsabamur,
1182 1403 1250 1459 ad
1278 1402 1498 1474 gloriam
1528 1398 1700 1455 erexit
1725 1394 2072 1452 ineffabilem.
2122 1391 2212 1448 Sic

635 1502 690 1557 et
715 1518 805 1558 res
835 1515 955 1557 cum
988 1487 1274 1569 pauperem
1318 1503 1372 1550 et
1415 1491 1718 1548 mendicum
1761 1487 2049 1559 alloquitur
2087 1499 2209 1539 cum

639 1592 817 1649 studio
842 1601 896 1648 et
936 1586 1328 1655 benevolentia,
1368 1584 1496 1641 nihil
1525 1593 1681 1653 turpe
1709 1581 1857 1646 facit,
1902 1580 2049 1634 illum
2083 1591 2210 1631 vero

643 1686 779 1756 apud
825 1699 1013 1740 omnes
1053 1683 1312 1738 illustrem
1362 1694 1423 1734 ac
1464 1675 1802 1748 splendidum
1833 1672 2024 1730 reddit.
2058 1668 2210 1737 Quod

637 1777 681 1831 si
727 1777 778 1832 iu
826 1776 911 1832 illa
956 1774 1239 1830 adventitia
1266 1786 1484 1842 prorsus
1511 1769 1787 1824 hominum
1819 1766 2079 1836 dignitate
2109 1763 2211 1815 ho-

639 1868 959 1922 noratiorem
1029 1880 1149 1921 cum
1219 1861 1392 1918 viliori
1444 1859 1778 1917 consuetudo
1829 1857 1961 1914 nihil
2025 1854 2206 1919 hedit;

636 1960 802 2014 multo
850 1959 1025 2013 minus
1067 1955 1421 2011 immortalem
1467 1968 1529 2007 ac
1561 1952 1769 2008 beatam
1798 1950 1942 2005 illam
1974 1948 2213 2004 substan-

639 2051 785 2116 tiam,
817 2066 934 2120 qua:
963 2050 1093 2105 nihil
1121 2046 1684 2111 adventitium'habel,
1717 2044 1849 2100 nihil
1877 2043 2021 2114 quod
2054 2042 2212 2098 modo

635 2141 793 2202 adsit,
842 2141 1000 2195 modo
1035 2139 1194 2206 absit,
1237 2137 1330 2194 sed
1361 2137 1537 2190 omnia
1563 2135 1701 2190 bona
1730 2137 1947 2188 immota
1976 2141 2028 2188 et
2055 2132 2118 2186 ad
2148 2133 2209 2185 fi-

637 2246 757 2286 nem
802 2246 967 2301 usque
1014 2229 1307 2285 manentia.
1340 2226 1523 2298 Itaque
1556 2241 1678 2281 cum
1705 2224 1959 2289 audieris,
1995 2221 2210 2278 Verbum

636 2341 755 2378 caro
795 2329 981 2395 factum
1027 2333 1134 2385 est.
1178 2339 1249 2379 ne
1299 2323 1550 2389 turberis,
1607 2336 1676 2376 ne
1719 2319 1988 2376 concidas.
2027 2316 2211 2388 Neque

638 2415 780 2469 enim
820 2415 1117 2469 substantia
1160 2413 1359 2470 decidit
1400 2414 1452 2468 in
1504 2427 1720 2468 carnem
1761 2410 2019 2482 (impium
2067 2409 2210 2464 enim

637 2513 778 2558 esset
809 2503 859 2557 id
889 2503 968 2558 vel
999 2504 1237 2575 cogitare
1263 2504 1304 2574 ).
1350 2501 1444 2560 sed
1498 2517 1723 2558 manens
1767 2500 1909 2573 quod
1956 2510 2092 2564 erat,
2135 2498 2213 2554 sic

633 2593 859 2649 formam
890 2595 1029 2650 servi
1059 2579 1285 2666 accepit.

703 2684 760 2738 2.
788 2682 894 2740 Cur
912 2695 1086 2739 autem
1122 2685 1213 2739 illo
1243 2684 1425 2750 verbo,
1461 2683 1678 2739 Factum
1706 2694 1798 2749 est,
1833 2698 1960 2739 usus
1988 2683 2113 2739 est?
2148 2683 2215 2740 Ut

641 2774 1008 2829 Itzcrcticorunt
1035 2789 1124 2829 ora
1166 2762 1466 2831 Obstrueret
1494 2774 1595 2846 (a).
1625 2774 1756 2844 Quia
1795 2776 1935 2830 enim
1976 2775 2214 2845 suntqui

637 2865 836 2928 dit-ant,
859 2881 918 2921 ea
942 2883 1058 2936 qua:
1079 2868 1494 2924 incarnationem
1523 2875 1845 2938 spectarent,
1885 2868 2213 2937 phantasiam

636 2964 690 3008 et
723 2955 1020 3022 figmentum
1047 2971 1186 3020 esse,
1219 2965 1274 3011 ιιι
1323 2972 1507 3013 eorum
1543 2957 1921 3028 blasphemiam
1950 2957 2015 3012 de
2042 2955 2215 3011 medio

640 3044 825 3099 tollere
849 3057 1205 3114 praeverteret,
1229 3047 1353 3102 illud
1380 3046 1618 3112 verbum,
1647 3045 1858 3100 Factum
1884 3056 1974 3112 est,
1997 3046 2170 3115 posuit
2199 3064 2212 3098 :

643 3149 747 3189 non
789 3145 845 3189 ιιι
894 3137 1237 3192 mutationem
1278 3139 1608 3204 substantiae,
1647 3139 1803 3203 absit,
1846 3138 1938 3193 sed
1986 3147 2041 3190 ut
2078 3151 2217 3191 vera:

640 3226 814 3284 carnis
831 3227 1244 3297 assumptionem
1264 3227 1577 3284 declararet.
1601 3228 2053 3297 Quemadmodum
2075 3228 2215 3284 enim

640 3331 758 3369 cum
802 3315 948 3382 dicit,
995 3315 1223 3372 Christus
1267 3335 1356 3372 nos
1393 3319 1618 3374 liberarit
1660 3320 1723 3374 de
1755 3319 2020 3373 maledicto
2070 3319 2213 3390 legis,

639 3405 800 3473 {actus
831 3423 922 3477 pro
950 3406 1090 3462 nobis
1119 3410 1435 3464 maledictum
1471 3408 1613 3479 (Gul.
1645 3410 1696 3464 5.
1732 3408 1838 3480 l5),
1868 3425 1974 3464 non
2013 3410 2215 3481 signifi-

638 3511 724 3551 ca.
760 3498 1104 3554 substantiam
1135 3513 1284 3554 suam
1312 3515 1340 3553 a
1369 3501 1535 3571 gloria
1576 3501 1965 3565 abscedentem,
2009 3500 2059 3556 in
2099 3517 2215 3556 nta-

641 3588 890 3645 lcdictum
929 3606 1135 3646 versam
1174 3607 1292 3648 esse
1315 3591 1472 3662 (illud
1512 3593 1650 3647 enim
1684 3609 1749 3647 ne
1786 3593 2058 3648 daemones
2096 3594 2214 3663 qni-

640 3679 781 3743 detu,
815 3697 986 3752 neque
1014 3683 1098 3739 vel
1139 3683 1436 3738 stultissimi
1467 3693 1520 3739 et
1557 3696 1798 3740 amentes
1834 3685 2213 3756 cogitaverim;

643 3780 840 3826 tantam
873 3789 1062 3845 nempe
1094 3775 1230 3844 sapit
1275 3775 1400 3830 illud
1430 3791 1552 3831 cum
1582 3775 1849 3847 impietate
1877 3777 2215 3845 cunjunctam

640 3861 939 3933 stultitiam)
971 3880 984 3917 :
1018 3880 1120 3920 non
1163 3867 1320 3936 igitur
1340 3865 1445 3924 hoc
1471 3869 1617 3933 dicit,
1662 3868 1754 3924 sed
1792 3869 1959 3939 ipsum
2001 3878 2218 3941 neocpto

642 3952 752 4019 illo,
780 3954 918 4024 quod
945 3967 1128 4011 contra
1156 3973 1252 4013 nos
1278 3966 1411 4024 crat,
1432 3959 1744 4024 maledicto,
1780 3975 1883 4016 non
1918 3961 2092 4016 sinere
2119 3979 2218 4018 nus

642 4047 865 4115 amplius
896 4048 1204 4105 maledictos
1229 4065 1347 4106 esse
1379 4068 1393 4106 :
1425 4051 1502 4106 sic
1524 4060 1577 4106 ct
1614 4051 1714 4106 hoc
1742 4051 1859 4106 loco
1883 4053 2011 4107 dicit
2045 4053 2215 4124 ipsum

642 4151 853 4192 cat-item
890 4138 1079 4194 factum
1108 4157 1243 4204 esse,
1275 4158 1378 4196 non
1412 4153 1608 4197 mutata
1640 4143 1690 4196 in
1717 4157 1930 4198 carnem
1967 4144 2214 4199 substan.

643 4227 730 4290 tia,
766 4229 858 4282 sed
889 4239 1006 4298 post
1043 4241 1311 4301 acceptam
1341 4249 1555 4288 carnem
1597 4233 1686 4288 illa
1724 4235 1916 4290 intacta
1946 4247 2214 4291 manente.

641 4318 791 4386 Quod
821 4321 864 4373 si
897 4321 1144 4381 dixerint.
1179 4322 1340 4376 Deum
1377 4333 1429 4376 ut
1469 4325 1556 4393 qui
1589 4325 1764 4378 omnia
1803 4327 1985 4394 possit,
2021 4327 2072 4380 in
2104 4342 2217 4381 car-

644 4428 764 4466 nem
809 4413 1055 4469 decidere
1103 4416 1334 4485 potuisse
1381 4432 1394 4467 :
1440 4417 1882 4484 respondebimus
1926 4417 2050 4485 illis,
2098 4434 2217 4474 enni

642 4506 818 4558 omnia
851 4521 1004 4574 posse
1030 4506 1198 4562 donec
1224 4524 1289 4561 nt;
1313 4517 1397 4562 uel
1428 4507 1606 4573 Deus;
1648 4509 1740 4564 sed
1782 4509 1825 4563 si
1871 4512 2214 4566 mutationem

640 4596 929 4661 admiserit,
963 4599 1066 4653 imo
1094 4600 1438 4655 mutationem
1472 4601 1525 4656 in
1570 4603 1740 4672 pejus,
1771 4602 2036 4673 quomodo
2079 4604 2216 4658 Deus

642 4686 836 4741 fuerit?
860 4687 989 4743 Nam
1021 4689 1233 4754 mutari,
1268 4690 1422 4762 longe
1453 4699 1535 4746 est
1564 4691 1631 4746 ab
1673 4694 1956 4748 immortali
1992 4693 2077 4748 iila
2118 4710 2182 4749 na

643 4788 778 4830 tura.
804 4779 1134 4849 Quapropter
1156 4781 1408 4851 propheta
1438 4781 1646 4837 dicebat
1673 4800 1687 4839 :
1714 4783 1898 4838 Omnes
1917 4785 2044 4838 sicut
2075 4787 2218 4838 resti-

642 4875 860 4918 mentum
904 4879 1225 4930 reterascent,
1275 4880 1320 4924 et
1359 4871 1484 4925 sicut
1521 4873 1827 4942 opertorium
1863 4874 2077 4926 mutabit
2112 4889 2213 4937 eos,

639 4966 684 5009 et
715 4969 1048 5015 mutabuntur.
1088 4959 1163 5014 Tu
1189 4971 1352 5014 autem
1383 4963 1512 5018 idem
1545 4965 1653 5032 ipse
1676 4981 1749 5028 es,
1775 4973 1823 5018 et
1849 4965 1971 5018 anni
2001 4965 2074 5017 tui
2118 4981 2218 5018 non

640 5048 869 5116 tle/icicnt
892 5049 1057 5119 (I’sul.
1096 5053 1213 5107 iOl.
1239 5053 1353 5123 27).
1386 5054 1506 5109 ll:ec
1536 5057 1729 5126 quippe
1757 5059 2049 5112 substantia
2072 5057 2215 5112 omni

639 5141 927 5194 mutatione
966 5144 1208 5211 superior
1247 5154 1344 5197 est.
1395 5144 1574 5215 Neque
1615 5147 1756 5201 aliud
1811 5148 2082 5217 quidpiam
2129 5149 2218 5201 illo

641 5232 827 5286 melius
858 5242 959 5297 est,
992 5245 1045 5288 ιιι
1082 5235 1405 5305 proﬁciendo
1445 5239 1609 5308 possit
1649 5239 1712 5294 ad
1744 5240 1867 5294 illud
1917 5243 2212 5311 pervenire.

699 5405 770 5465 (ιι)
805 5407 884 5455 tlic
917 5405 1024 5476 illos
1057 5410 1315 5476 insectatur
1337 5411 1608 5468 bterelicos,
1631 5412 1714 5476 qui
1753 5421 1983 5472 putarent
2015 5414 2212 5463 simula-

637 5475 731 5538 t-un
768 5481 880 5538 esse
917 5468 1322 5538 lncarnatione‘tn;
1348 5486 1526 5538 nempe
1559 5468 1868 5538 simulatione
1904 5485 1954 5525 et
1987 5478 2214 5537 opinione

637 5536 819 5596 tantum
846 5531 890 5576 in
916 5531 1341 5596 carneadvenisse
1363 5531 1581 5584 Verbum
1628 5536 1929 5596 etl‘ntieutes,
1958 5531 2102 5596 διέὴσηι
2125 5540 2214 5587 sei-

637 5587 766 5660 licet,
800 5603 909 5660 qua:
935 5604 1023 5640 vox
1065 5593 1198 5660 initio
1232 5597 1471 5660 nascentis
1505 5596 1728 5660 Ecclesiae
1760 5611 1787 5647 a
1822 5587 2218 5648 ttovatorilutsin-

635 5650 925 5724 ductafutt.
960 5655 1213 5724 ntnvideas
1235 5655 1370 5724 apud
1398 5656 1636 5724 [gnatium
1674 5658 1886 5721 Epistula
1919 5661 1979 5708 ad
2015 5660 2211 5710 Trallia-

638 5722 741 5780 nos,
771 5715 985 5774 itenupte
1009 5715 1161 5780 Epist.
1187 5716 1246 5765 ad
1267 5715 1530 5780 Smyrn'azos
1577 5715 1901 5771 lllatn'autear
1925 5736 2094 5771 vocem
2130 5731 2210 5772 Ia-

637 5777 1065 5855 ttiterfonvetﬁanr
1089 5777 1395 5855 habesaptid
1433 5780 1803 5855 inellwlln‘t,'lllii
1839 5783 2212 5855 ttxactﬂmtatire

637 5836 921 5907 exprimitur
947 5835 1076 5907 libro.
1099 5839 1207 5896 l,ct
1237 5835 1579 5902 sentientibus.
1605 5835 1927 5907 Subindeque
1944 5835 2024 5893 alii
2049 5855 2118 5894 ss.
2136 5855 2212 5895 Pa-

638 5899 739 5942 tres
761 5896 882 5944 hanc
908 5900 1131 5947 haeresim
1154 5896 1606 5953 commemorarunt.

2318 570 2454 639 Quid
2481 571 2600 626 dico
2639 570 2867 626 melius?
2906 568 3043 624 Nihil
3072 570 3120 625 ci
3161 584 3257 639 par
3284 579 3381 634 est,
3430 569 3508 624 vel
3551 568 3815 625 tantillum
3840 571 3910 624 ad

2318 664 2464 718 illum
2491 663 2706 720 accedit.
2745 662 2998 733 Sequitur
3018 677 3148 732 ergo
3178 662 3348 732 ipsum
3378 661 3429 716 in
3462 661 3613 732 pejus
3645 670 3902 718 mutatum

2318 769 2437 810 csse
2458 754 2500 810 si
2529 763 2762 809 mutatus
2786 757 2872 808 sit.
2906 753 3017 809 [ioc
3038 762 3219 808 autem
3252 767 3356 807 non
3387 761 3561 822 potest
3590 753 3731 807 Dens
3765 766 3900 806 esse.

2318 845 2423 901 Sed
2460 846 2783 916 blasphemia
2813 846 2865 900 in
2893 855 3050 915 caput
3077 860 3285 909 eorum,
3328 847 3416 915 qtti
3458 843 3574 899 haec
3607 843 3903 914 proferunt,

2318 945 2573 992 vertatur.
2595 935 2745 1003 Quod
2771 936 2916 992 enim
2954 936 3105 1002 illud,
3144 934 3362 990 Factum
3389 945 3488 1002 est,
3548 935 3669 991 ideo
3705 935 3907 990 dictum

2317 1029 2406 1097 sit,
2439 1039 2497 1086 ut
2522 1046 2588 1086 ne
2618 1029 2950 1101 phantasiam
2973 1045 3093 1086 esse
3118 1030 3426 1099 suspiceris,
3457 1028 3820 1084 animadverte
3839 1042 3908 1083 ex

2317 1120 2381 1176 iis
2407 1137 2526 1194 qua:
2552 1131 2865 1194 sequuntur,
2897 1121 3164 1194 quomodo
3213 1132 3268 1178 et
3300 1120 3498 1178 dictum
3531 1120 3657 1175 illtnl
3684 1129 3740 1176 et
3781 1136 3906 1190 pra-

2316 1229 2436 1268 vam
2469 1213 2603 1270 hanc
2651 1215 3007 1284 suspicionem
3053 1223 3336 1286 expurget.
3388 1210 3578 1269 Snbtlit
3624 1212 3790 1274 enim,
3836 1209 3904 1265 Et

2317 1304 2557 1359 habitavit
2583 1305 2635 1360 in
2661 1304 2821 1371 nobis,
2853 1319 2917 1361 ac
2955 1305 3002 1360 si
3034 1304 3233 1361 diceret
3263 1320 3279 1360 :
3309 1304 3450 1360 Nihil
3481 1303 3771 1359 absurdum
3812 1317 3907 1357 su-

2315 1397 2537 1467 spiceris
2559 1412 2622 1452 ex
2646 1397 2746 1452 hoc
2770 1397 2939 1463 dicto,
2971 1397 3184 1452 Factum
3208 1408 3300 1454 est.
3339 1397 3457 1453 Non
3487 1397 3626 1454 enim
3655 1397 3907 1453 immuta-

2318 1487 2437 1542 bilis
2485 1496 2687 1543 natura:
2734 1491 3117 1556 mutationem,
3177 1489 3271 1545 sed
3330 1489 3714 1545 habitationem
3765 1487 3907 1542 disi.

2319 1577 2580 1634 llabitatio
2600 1587 2778 1635 autem
2823 1596 2929 1636 non
2949 1581 3195 1652 ~idipsunt
3224 1589 3307 1637 est
3350 1579 3491 1652 quod
3521 1579 3904 1644 habitaculum,

2316 1668 2409 1724 sed
2440 1668 2601 1725 aliud.
2630 1670 2785 1726 Aliud
2815 1671 2956 1726 enim
2983 1672 3033 1726 in
3059 1672 3164 1726 alio
3189 1670 3426 1737 habitat;
3459 1670 3590 1726 alias
3624 1670 3766 1726 enim
3797 1685 3904 1724 non

2317 1771 2458 1817 esset
2486 1760 2742 1818 habitatio
2774 1780 2788 1817 :
2819 1762 2951 1818 nihil
2992 1763 3133 1819 enim
3177 1764 3230 1817 in
3275 1763 3455 1834 seipse
3489 1760 3712 1818 habitat.
3746 1759 3906 1816 Aliud

2317 1867 2444 1907 vero
2467 1851 2580 1907 dixi
2605 1852 2895 1908 secundum
2923 1853 3294 1909 substantiam.
3325 1853 3458 1909 Nam
3482 1853 3683 1908 unitate
3704 1860 3758 1907 et
3777 1866 3908 1906 eoa-

2311 1943 2585 2012 junetione
2613 1943 2754 2000 Deus
2785 1943 3016 2000 Verbum
3047 1953 3100 2000 et
3124 1960 3251 2000 caro
3273 1959 3438 2001 unum
3459 1953 3584 2000 sunt
3612 1962 3625 1998 :
3655 1944 3772 1998 sine
3802 1943 3907 1999 ulla

2316 2032 2645 2100 confusione,
2666 2035 2748 2090 vel
2770 2036 3184 2091 substantiarmn
3207 2037 3495 2103 ablatione,
3519 2035 3612 2092 sed
3633 2050 3726 2105 per
3747 2033 3908 2087 unio-

2319 2140 2438 2181 nem
2462 2125 2780 2183 ineffabilem
2821 2127 3371 2200 inexplicabilemque.
3413 2128 3691 2196 Quomodo
3726 2136 3905 2182 autem

2318 2218 2368 2272 id
2421 2220 2507 2273 fiat
2559 2233 2626 2274 ne
2662 2235 2904 2290 quaaras;
2954 2219 3148 2277 factum
3178 2230 3260 2276 est
3289 2221 3430 2276 enim
3476 2231 3534 2274 ut
3575 2219 3690 2289 ipse
3735 2220 3904 2273 novit.

2316 2307 2596 2376 Quodnam
2630 2325 2757 2382 ergo
2799 2310 2896 2367 fuit
2941 2310 3324 2375 habitaculum.
3369 2313 3422 2367 in
3463 2325 3570 2382 quo
3612 2309 3908 2364 habitavit?

2318 2401 2455 2456 Audi
2503 2401 2814 2472 prophetam
2860 2402 3124 2458 dicentem
3172 2419 3185 2457 :
3229 2401 3494 2458 Suscitabo
3523 2398 3906 2455 tabernaculum

2319 2491 2506 2562 David,
2531 2495 2666 2564 quod
2690 2496 2866 2551 cecidit
2887 2495 3084 2566 (Amos.
3110 2495 3161 2552 9.
3193 2495 3301 2565 ll).
3333 2493 3471 2550 Vere
3499 2509 3732 2564 namque
3757 2493 3905 2549 ccci-

2318 2586 2414 2647 dit,
2442 2587 2633 2641 cecidit
2670 2596 2852 2642 natura
2886 2597 3062 2642 nostra
3113 2603 3240 2642 casu
3271 2586 3571 2652 incurabili,
3615 2595 3666 2640 et
3697 2587 3904 2655 potenti

2321 2678 2409 2733 illa
2439 2694 2596 2733 manu
2625 2679 2738 2734 Sola
2763 2680 2974 2751 egebat.
3007 2679 3188 2750 Neque
3209 2680 3349 2735 enim
3381 2689 3586 2750 poterat
3612 2679 3718 2732 alio
3745 2679 3909 2733 ntodo

2320 2787 2620 2844 resurgere,
2652 2775 2750 2827 nisi
2783 2773 2827 2828 is
2854 2773 2943 2845 qui
2973 2773 3025 2828 in
3052 2773 3310 2844 principio
3338 2772 3480 2828 illam
3507 2771 3906 2838 efl'ortnavetvtt,

2321 2863 2420 2934 ἰ,δὶ
2453 2880 2665 2918 manum
2692 2865 3036 2934 perrexisset,
3062 2874 3111 2919 et
3134 2879 3365 2935 superne
3393 2864 3535 2918 illaut
3563 2866 3908 2918 reformasset

2321 2971 2416 3024 per
2444 2971 2593 3026 aqua)
2635 2955 3089 3025 regenerationem
3133 2963 3189 3011 et
3223 2955 3472 3026 Spiritus.
3505 2955 3572 3009 Et
3614 2942 3634 3005 ι
3649 2955 3732 3008 ide
3773 2953 3908 3008 mihi

2322 3046 2646 3102 horrendum
2675 3054 2728 3101 et
2751 3061 3001 3103 arcanum
3024 3047 3358 3121 mysterium.
3381 3047 3607 3117 Semper
3624 3046 3823 3100 habitat
3855 3044 3909 3100 iu

2324 3137 2423 3193 hec
2479 3139 2820 3195 tabernaculo
2855 3159 2866 3196 :
2897 3154 3116 3196 carnem
3172 3139 3368 3211 quippe
3422 3149 3656 3194 nostram
3713 3138 3911 3202 induit,

2323 3249 2427 3285 non
2459 3243 2514 3285 ut
2550 3243 2730 3300 postea
2774 3231 3119 3304 relinqueret,
3164 3232 3257 3288 sed
3289 3232 3430 3287 illam
3471 3246 3686 3302 semper
3723 3245 3911 3286 srcum

2323 3323 2612 3378 h..bitnrus.
2649 3323 2757 3378 Nisi
2789 3324 2932 3380 enim
2957 3323 3058 3380 hoc
3076 3331 3240 3387 esset,
3273 3339 3376 3378 non
3408 3323 3551 3378 illam
3585 3322 3732 3393 regio
3768 3321 3915 3376 solio

2321 3418 2565 3487 dignatus
2583 3427 2746 3485 esset,
2771 3433 2943 3490 neque
2960 3417 3126 3488 ipsam
3148 3415 3324 3472 ferens
3342 3416 3660 3472 adoraretur
3675 3416 3743 3470 ab
3760 3415 3913 3469 onmi

2319 3511 2516 3566 emit-sti
2563 3510 2825 3578 exercitu,
2867 3508 2934 3564 ab
2975 3507 3198 3580 angelis,
3247 3507 3581 3578 archangelis
3607 3549 3621 3571 ,
3677 3506 3910 3569 tltronis,

2320 3602 2806 3670 dominationibus,
2865 3602 3290 3674 [wineipatibus,
3351 3602 3719 3672 potestatibus.
3775 3599 3918 3669 Quis

2321 3711 2520 3760 sermo,
2545 3712 2664 3766 quae
2685 3710 2859 3761 mens,
2895 3705 3098 3751 tantum
3140 3693 3286 3750 illum
3313 3693 3572 3751 honorem
3602 3692 3780 3764 generi
3813 3708 3917 3748 tto-

2315 3797 2433 3842 stro
2456 3788 2729 3853 collatura,
2774 3786 3241 3857 sttpcmaturalem
3292 3787 3438 3841 illum
3483 3796 3538 3841 et
3582 3784 3916 3840 hurrendum

2320 3879 2588 3948 explicare
2621 3880 2853 3950 poterit?
2901 3878 3030 3947 Quis
3074 3878 3327 3950 angelus?
3355 3878 3473 3949 quis
3512 3876 3920 3946 archangelus?

2320 3970 2508 4027 Nullus
2536 3988 2755 4044 usquam
2778 3972 2864 4028 vel
2894 3973 2944 4027 in
2975 3972 3107 4029 Caelo
3139 3972 3218 4028 vel
3260 3971 3313 4027 in
3343 3981 3505 4028 terra.
3534 3970 3680 4026 'l‘alia
3710 3973 3922 4041 quippe

2321 4074 2445 4120 sunt
2468 4065 2558 4122 Dei
2592 4082 2776 4137 vipera,
2803 4076 2947 4121 tanta
2977 4075 3190 4137 tamque
3215 4064 3635 4136 Stipematuralia
3661 4064 3779 4133 ejus
3813 4064 3919 4120 be-

2322 4157 2530 4221 neficia,
2550 4169 2611 4213 ut
2640 4177 2744 4213 non
2775 4159 2933 4213 modo
2948 4157 3240 4213 humanam
3265 4158 3517 4228 linguam,
3541 4155 3633 4212 sed
3657 4164 3718 4212 et
3740 4171 3922 4227 ange-

2314 4249 2476 4304 iicam
2526 4250 2773 4306 virtutem
2829 4258 3046 4321 superet
3099 4265 3285 4305 eorum
3343 4257 3588 4304 accurata
3649 4251 3918 4307 narratio.

2316 4339 2677 4407 Quamobrem
2702 4355 2806 4396 nos
2835 4341 3148 4396 concionem
3173 4340 3308 4394 hanc
3330 4340 3544 4395 silentio
3567 4339 3918 4410 clandemus,

2322 4449 2440 4487 cum
2482 4449 2576 4488 vos
2624 4435 3008 4501 monuet-ituns,
3053 4444 3111 4490 ut
3157 4433 3482 4490 benefactori
3533 4442 3685 4490 tanto
3732 4435 3920 4492 vicem

2321 4525 2644 4595 rependatis,
2674 4526 2828 4595 cujus
2862 4527 2937 4582 rei
2967 4528 3172 4582 lucrum
3208 4535 3383 4582 totum
3418 4527 3570 4582 nobis
3602 4537 3784 4597 postea
3821 4544 3922 4585 rc-

2324 4616 2598 4684 pendetur.
2613 4617 2799 4672 Vieem
2817 4628 2992 4672 autem
3013 4617 3370 4687 rependimus,
3396 4618 3438 4672 si
3455 4633 3699 4689 magnam
3715 4619 3924 4676 anima:

2323 4717 2518 4760 nostra-
2567 4723 2750 4762 curam
2795 4707 3109 4762 habeamus.
3159 4708 3290 4763 Natn
3323 4718 3375 4764 et
3414 4707 3516 4764 hoc
3565 4709 3927 4780 benignitatis

2323 4802 2464 4856 illius
2492 4817 2627 4871 epos
2671 4812 2776 4869 est,
2828 4813 2883 4857 ut
2922 4818 3044 4857 cmn
3094 4802 3240 4858 nullo
3292 4813 3534 4858 nostrum
3583 4814 3754 4874 egeat,
3809 4808 3925 4864 sibi

2323 4894 2488 4948 vicem
2520 4894 2735 4963 rependi
2776 4895 2938 4956 dicat.
2982 4911 3104 4950 cunt
3147 4912 3244 4951 nos
3271 4897 3501 4951 animam
3530 4906 3768 4952 nostram
3804 4914 3927 4957 non

2324 4983 2657 5055 negligimus.
2686 4985 3042 5052 Quamobrem
3072 4997 3327 5042 extrema:
3365 4987 3615 5043 amentia:
3653 4998 3824 5056 esset,
3871 5004 3932 5048 et

2322 5076 2611 5131 innumeris
2631 5076 2846 5146 dignum
2870 5077 3163 5147 suppliciis,
3197 5088 3400 5132 tantum
3419 5087 3782 5148 consequutus
3820 5079 3932 5137 ho-

2323 5184 2526 5232 norem,
2562 5181 2664 5222 ιιοιι
2694 5183 2755 5224 ea
2783 5183 2902 5239 qua!
2926 5184 3088 5239 penes
3120 5185 3215 5224 nos
3243 5179 3368 5224 sunt
3389 5168 3617 5234 referre,
3648 5184 3773 5224 cum
3804 5189 3933 5228 ma-

2321 5258 2462 5314 xime
2507 5267 2612 5312 tota
2655 5261 2732 5315 rei
2779 5260 2977 5315 utilitas
3007 5261 3056 5314 in
3101 5276 3196 5315 nos
3225 5260 3508 5325 redundet,
3544 5270 3599 5316 et
3626 5260 3930 5319 innumera

2323 5350 2472 5406 nobis
2501 5352 2551 5405 iu
2579 5351 2735 5420 hujus
2762 5352 2840 5407 rei
2874 5353 3174 5407 mercedem
3199 5353 3432 5420 reposita
3465 5352 3603 5407 bona
3646 5355 3772 5406 sint.
3813 5354 3933 5412 l‘ro

2321 5441 2401 5498 his
2435 5459 2563 5498 vero
2612 5445 2857 5498 utnnibus
2904 5444 3132 5514 gloriam
3183 5442 3476 5499 referamus
3529 5444 3935 5515 benignissimo

2322 5534 2451 5600 Deo,
2481 5550 2585 5589 non
2609 5536 2788 5590 verbis
2817 5545 3040 5589 tantum.
3084 5535 3176 5589 sed
3219 5535 3387 5589 multo
3425 5535 3593 5606 magis
3631 5537 3928 5606 operibus,

2322 5636 2378 5680 ut
2409 5626 2580 5680 futura
2629 5641 3020 5694 consequamur
3069 5626 3205 5679 bona
3247 5645 3259 5680 :
3299 5641 3418 5696 qua:
3470 5627 3673 5680 utinam
3717 5643 3932 5687 ominus

2319 5716 2695 5783 adipiscamur,
2730 5715 2897 5784 gratia
2927 5725 2980 5770 et
3009 5715 3330 5785 benignitate
3365 5716 3570 5769 Domini
3596 5719 3765 5772 nostri
3784 5717 3932 5778 Jesn

2319 5805 2538 5870 Christi,
2566 5820 2661 5874 per
2685 5820 2844 5875 quem
2871 5815 2925 5858 et
2965 5820 3084 5859 cum
3114 5821 3219 5874 quo
3249 5804 3386 5859 Patri
3417 5805 3609 5874 gloria,
3639 5807 3930 5882 simulque

2322 5899 2540 5968 Spiritui
2563 5909 2770 5966 sancto,
2803 5899 2854 5952 in
2883 5898 3075 5952 sarcula
3109 5898 3445 5954 seculorum.
3480 5901 3672 5955 Anien.
