4078 6544
197 521 246 578 ες
1284 495 1353 551 IN
1396 491 1709 554 romam
1741 489 1972 545 ll0)lll..
2015 487 2130 543 xu.
2171 488 2240 542 al.
2287 483 2376 540 XI.

3388 490 3458 547 8!

197 617 3460 669 ,Ν

1560 698 1904 761 HOMILIA
1971 700 2114 762 XII.

197 874 249 930 Et
290 873 488 928 vidimus
531 872 747 942 gloriam
786 869 914 939 ejus,
968 864 1182 937 gloriam
1222 856 1369 928 quasi
1420 849 1679 924 Uut'gcniti
1718 864 1751 901 a

481 961 651 1026 Patre,
684 961 886 1030 plenum
914 956 1092 1028 gratia:
1119 964 1163 1006 et
1192 948 1434 1004 veritatis.

255 1059 300 1112 l.
331 1055 480 1111 Forte
515 1054 634 1125 plus
673 1068 833 1122 quam
877 1065 972 1119 par
997 1054 1116 1103 erat
1146 1044 1298 1098 vobis
1333 1055 1503 1109 nuper
1537 1035 1751 1092 onerosi

193 1159 239 1203 ct
263 1149 454 1205 molesti
487 1147 701 1208 fuimus,
735 1143 926 1198 acriori
957 1142 1037 1195 usi
1065 1152 1334 1199 sermone,
1366 1144 1422 1190 et
1449 1135 1604 1206 longa
1633 1147 1756 1187 con-

195 1251 259 1294 tra
290 1239 562 1294 multorum
609 1235 868 1291 desidiam
897 1231 1142 1288 oratione
1168 1227 1368 1283 habita.
1399 1224 1597 1279 Verum
1627 1223 1671 1278 si
1703 1221 1759 1278 id

195 1331 443 1387 murdendi
481 1331 656 1386 solum
697 1342 854 1382 causa
883 1311 1215 1389 fecissemus,
1239 1317 1536 1391 jurenobis
1561 1315 1754 1386 singuli

193 1430 575 1486 mcecnserent;
600 1421 644 1475 si
678 1435 803 1473 vero
836 1415 1387 1472 utilitatemvestrant
1423 1414 1754 1480 spectantes,

195 1512 466 1568 auditorum
488 1512 712 1583 gratiam
736 1509 871 1563 inire
893 1502 1346 1569 noncuravimus,
1378 1498 1589 1556 etiamsi
1613 1498 1757 1552 illam

196 1604 435 1673 profectus
461 1602 626 1658 vestri
667 1616 870 1664 curam,
891 1613 1050 1670 quam
1076 1595 1360 1667 gessimus,
1375 1599 1648 1660 acceptam
1668 1588 1761 1643 ha-

196 1696 305 1751 bere
332 1695 526 1760 nolitis,
571 1693 742 1748 amori
778 1692 967 1747 saltem
999 1699 1184 1744 nostro
1212 1686 1424 1742 veniam
1454 1681 1762 1738 concedatis

194 1794 396 1856 Oportet.
417 1785 717 1840 Admodum
739 1783 880 1837 enim
901 1783 1171 1844 timemus,
1191 1795 1256 1832 ne
1271 1776 1428 1832 nobis
1447 1789 1568 1830 cum
1586 1771 1764 1828 studio

195 1880 341 1932 multo
366 1879 826 1942 concionantibus,
872 1875 1024 1928 vobis
1062 1881 1238 1926 autem
1283 1868 1441 1924 dictis
1485 1865 1763 1921 attendere

197 1972 579 2042 inreligcntibus,
603 1970 874 2041 graviores
900 1966 1052 2021 vobis
1073 1965 1308 2019 rationes
1327 1959 1615 2018 reddenda:
1635 1959 1762 2012 sint.

197 2063 302 2119 Ideo
326 2080 480 2134 cogor
509 2080 611 2118 vos
648 2061 955 2132 frequenter
984 2057 1219 2113 excitare
1244 2063 1300 2110 et
1332 2049 1763 2122 expergefaccre,

198 2154 510 2209 ncdietorum
527 2152 800 2225 quidpiam
820 2149 1077 2204 inutiliter
1095 2145 1298 2202 efﬂuat.
1317 2143 1430 2199 Hoc
1447 2142 1588 2196 enim
1611 2149 1766 2210 pacto

195 2245 352 2301 licebit
375 2247 525 2302 vobis
550 2245 780 2300 lidenter
809 2253 861 2298 et
883 2241 970 2298 hic
1001 2240 1200 2304 vivere,
1233 2246 1288 2292 et
1317 2237 1369 2292 in
1404 2235 1494 2289 illo
1530 2233 1616 2288 die
1645 2241 1770 2286 ante

199 2335 402 2392 tribunal
441 2337 642 2393 Christi
674 2337 910 2390 adstare.
949 2332 1082 2400 Quia
1121 2330 1281 2401 igitur
1310 2342 1405 2382 vos
1445 2339 1615 2394 nuper
1640 2322 1769 2377 satis

197 2431 605 2498 pCI‘SIl'lnXlIItIIS,
635 2443 732 2499 age
763 2426 920 2482 hodie
949 2426 1129 2481 statim
1160 2423 1271 2493 ipsa
1312 2420 1473 2476 verba
1504 2433 1772 2491 propona-

198 2536 316 2574 mus.
335 2520 395 2574 Et
407 2522 650 2586 vidimus,
670 2519 859 2589 inquit,
874 2516 1088 2590 gloriam
1103 2516 1231 2586 ejus,
1251 2510 1624 2586 gloriamquasi
1646 2507 1774 2565 Uni-

195 2614 374 2685 geuitia
402 2613 584 2669 Putre.
614 2614 902 2682 Postquam
932 2610 1148 2666 dixerat
1171 2622 1269 2663 nos
1290 2607 1430 2661 filios
1443 2603 1536 2659 Dei
1555 2601 1778 2657 effectos

196 2721 317 2775 esse,
345 2717 399 2763 et
427 2707 743 2764 ostenderat
777 2719 880 2760 non
907 2703 1013 2758 alio
1043 2698 1284 2757 modoid
1315 2697 1582 2760 evenisse,
1615 2709 1774 2764 quam

195 2799 320 2866 quod
344 2798 577 2855 Verbum
591 2814 718 2853 caro
741 2797 936 2852 factum
955 2803 1118 2858 esset,
1137 2791 1278 2846 aliud
1298 2791 1424 2845 hinc
1439 2788 1773 2843 emolumen-

197 2899 293 2944 tum
317 2894 629 2962 provenisse
656 2890 723 2944 di.
745 2891 802 2945 it.
825 2889 1104 2956 Quodnam
1120 2884 1251 2943 illud
1271 2881 1391 2936 est?
1415 2880 1640 2934 Vidimus
1662 2878 1776 2950 gla-

195 2981 312 3035 riam
328 2985 455 3052 ejus,
474 2983 696 3054 gloriam
725 2982 871 3052 quasi
899 2977 1158 3050 Uuigeniti
1177 2993 1216 3029 a
1249 2974 1438 3029 Patre:
1465 2987 1570 3026 non
1596 2972 1779 3040 utique

197 3072 365 3140 visuri,
396 3075 494 3128 nisi
535 3089 630 3142 per
654 3072 858 3126 socium
885 3070 985 3125 sibi
1013 3083 1212 3138 corpus
1233 3066 1385 3122 nobis
1421 3063 1777 3136 apparuisset.

195 3164 310 3220 Nam
335 3166 377 3222 si
403 3167 609 3238 Moysis
635 3176 840 3220 naturze
885 3172 1082 3218 nostra:
1115 3160 1348 3215 hominis
1392 3158 1596 3212 vultum
1644 3153 1784 3210 ferre

198 3272 291 3312 non
326 3268 583 3329 poterant
633 3258 773 3313 illius
803 3255 1058 3326 temporis
1112 3253 1378 3316 homines,
1427 3251 1567 3320 quod
1616 3250 1784 3320 gloria

199 3349 690 3414 illttstraretttr,,scd
740 3349 858 3403 velo
891 3363 1026 3418 Opus
1062 3346 1248 3402 habuit
1292 3346 1372 3400 vir
1414 3347 1612 3413 justus,
1643 3342 1784 3412 quod

199 3444 402 3514 gloriam
428 3445 605 3499 illaut
630 3443 898 3514 ingentem
935 3439 1306 3501 ohumbraret,
1340 3453 1401 3492 ac
1430 3441 1612 3491 mitem
1639 3435 1791 3490 blan-

199 3537 413 3608 damque
435 3535 720 3607 prophetze
749 3531 934 3586 faciem
967 3529 1278 3585 ostenderet
1308 3531 1322 3559 ‘
1357 3548 1369 3582 :
1396 3526 1667 3598 quomodo
1693 3541 1792 3580 nu-

201 3628 312 3681 ι1.ιιιι
335 3628 700 3688 divinitatem,
727 3625 855 3693 ipsis
875 3622 1122 3690 supernis
1140 3619 1423 3674 virtutibus
1440 3621 1787 3681 inaccessam,

206 3736 295 3777 nos
318 3721 443 3778 lutei
477 3732 539 3776 et
567 3717 767 3774 terreni
793 3716 933 3771 ferre
958 3714 1357 3785 potuissemus?
1387 3712 1509 3767 ldeo
1535 3710 1794 3766 habitavit

206 3812 448 3879 innubis,
481 3821 548 3867 ut
590 3811 764 3880 ipsum
811 3807 980 3864 adire.
1028 3806 1248 3877 all0qui,
1294 3820 1415 3861 eum
1448 3804 1565 3875 ipso
1593 3795 1794 3858 versari

208 3905 358 3962 libere
386 3919 711 3978 possemus.

271 3994 444 4051 Gloria
487 3995 638 4068 quasi
685 3993 1090 4066 (litiganti—quid
1122 3994 1208 4048 sit.
1233 3991 1611 4062 [inperitiarum
1639 4006 1796 4044 orna-

209 4096 279 4139 tus
305 4099 349 4141 et
380 4084 815 4153 cultus.—Quid
841 4095 1021 4139 autem
1064 4083 1165 4138 sibi
1211 4084 1323 4138 vult
1371 4081 1543 4147 illud,
1569 4081 1797 4136 Gloriam

211 4182 340 4246 quasi
395 4179 663 4250 Uuigeuiti
711 4196 744 4232 α
797 4177 995 4233 Patre?
1037 4177 1170 4246 Quia
1220 4177 1371 4232 multi
1413 4177 1797 4247 prophetarum

212 4273 364 4339 gloria
392 4274 528 4329 clari
571 4269 808 4337 fuemunt,
839 4269 898 4324 ut
927 4271 1042 4338 ipse
1070 4270 1299 4341 Moyses,
1348 4269 1513 4336 Elias,
1547 4269 1800 4334 Elisreus;

212 4364 667 4436 illeigueoeurru
695 4371 879 4418 vectus
906 4403 920 4424 ,
973 4361 1061 4418 hic
1096 4373 1353 4441 receptus
1394 4381 1406 4418 :
1467 4370 1522 4417 et
1548 4362 1805 4432 pastillus

216 4456 460 4512 Daniel’et
485 4464 600 4510 tres
625 4455 795 4525 pueri,
830 4454 1026 4525 aliique
1063 4454 1297 4523 plurimi,
1349 4463 1611 4524 quotquot
1646 4456 1804 4510 mira-

212 4547 322 4603 cula
349 4557 658 4620 patrarunt,
705 4546 874 4617 gloria
921 4544 1186 4616 splendidi
1230 4543 1378 4600 fuere
1409 4563 1420 4600 :
1455 4545 1629 4616 angeli
1656 4560 1803 4615 .quoo

214 4655 330 4707 que,
355 4640 448 4709 qui
473 4639 787 4693 hominibus
815 4645 1197 4706 apparuerunt,
1217 4646 1517 4693 .etnaturre
1551 4653 1665 4694 suae
1703 4639 1810 4695 lul-

213 4747 390 4800 gorem
425 4731 733 4786 [luminibus
771 4729 1128 4786 exhibuerunt
1158 4749 1171 4786 :
1204 4747 1375 4803 neque
1413 4733 1809 4808 angeli-solum,

215 4822 302 4875 sed
331 4824 497 4877 etiam
538 4821 830 4877 Cherubiui
859 4833 913 4877 et
950 4821 1230 4892 Seraphini
1257 4838 1378 4879 cum
1418 4823 1584 4895 gloria
1621 4839 1808 4895 magna
1874 4833 1884 4843 '

216 4915 489 4985 propheta:
521 4929 819 4984 apparuere
857 4932 869 4967 :
913 4914 979 4969 ab
1027 4914 1174 4970 hisce
1225 4929 1385 4985 porro
1429 4915 1677 4971 omnibus
1715 4932 1814 4971 nos

219 5016 471 5061 avertens
501 5006 850 5076 evangelista,
880 5015 1038 5076 atque
1067 5016 1496 5062 acreaturarum
1520 5023 1811 5064 conservo.

220 5111 445 5168 rumque
476 5110 781 5153 nostrorum
822 5098 1108 5168 splendore
1149 5108 1383 5154 mentem
1417 5099 1688 5155 adducens
1714 5117 1814 5154 no~

219 5197 410 5254 stram,
442 5188 494 5243 in
531 5190 648 5258 ipso
683 5203 779 5243 nos
818 5190 1078 5244 bonorum
1107 5190 1338 5246 culmine
1373 5191 1668 5245 constituit.
1699 5190 1814 5245 Non

224 5281 366 5333 enim
401 5281 700 5353 prophetat,
737 5297 839 5335 non
870 5283 1065 5353 angeli,
1097 5297 1201 5336 non
1231 5283 1694 5354 archangeli,.non
1725 5297 1817 5337 su-

225 5387 514 5437 pcruarum
564 5374 840 5435 virtutum,
871 5389 976 5427 non
1018 5373 1239 5428 alterius
1267 5383 1463 5428 creant:
1505 5381 1730 5440 naturae,
1774 5375 1819 5428 si

226 5480 324 5531 qua
352 5463 422 5517 sit
447 5464 583 5529 alia;
632 5465 727 5519 sed
765 5465 930 5533 ipsius
975 5465 1205 5533 Domini,
1235 5465 1404 5535 ipsius
1443 5465 1625 5537 Regis,
1657 5466 1822 5536 ipsius

229 5571 355 5610 vere
385 5557 635 5627 unigeniti
661 5557 803 5630 Filii,
831 5559 1070 5613 omnimn
1095 5569 1334 5614 nostrum
1363 5559 1569 5614 Domini
1598 5560 1822 5631 gloriant

233 5645 482 5703 vidimus.
514 5647 644 5704 Illud
689 5660 890 5718 autem,
935 5649 1116 5717 Quasi,
1161 5666 1265 5706 non
1310 5651 1672 5707 similitudinis
1718 5660 1824 5719 est,

299 5872 407 5953 2⁸ξῖ
440 5879 598 5953 Ὓδῖθλ
624 5877 832 5953 ξβίίδπρ
854 5889 906 5953 ,θ’
928 5884 1056 5944 (1³⁸οά
1079 5881 1128 5936 δη
1153 5885 1299 5949 iimm
1323 5894 1521 5953 πκικισιη
1539 5897 1663 5942 ..ηοω
1700 5889 1848 5942 inter

231 5930 263 5978 Α(
281 5951 292 5975 ι
307 5935 447 5994 ιιι-Ην,
469 5943 596 5991 ΙυΙεΓο
619 5930 712 5993 (νὶῘὲ
739 5930 990 5998 ήιίιῐὶῗίζ

1865 865 2039 922 neque
2078 853 2370 923 parabolae,
2413 853 2509 912 sed
2555 854 2985 912 conﬁrmationis
3035 866 3089 912 et
3133 857 3463 913 definitionis

1860 943 1993 998 nulli
2020 943 2183 1000 dubio
2203 944 2485 1014 obnoxiae;
2514 960 2578 1002 ac
2600 947 2643 1002 si
2671 947 2878 1004 diceret
2901 963 2916 1004 :
2952 949 3193 1005 Vidimus
3212 951 3458 1021 gloriam,

1862 1039 2072 1108 qualem
2102 1038 2326 1096 decebat
2354 1039 2554 1096 habere
2584 1040 2914 1112 unigenitum
2943 1052 2994 1098 et
3023 1058 3338 1114 germanum
3370 1041 3462 1098 Fi-

1863 1132 1994 1186 lium
2024 1131 2140 1198 Dei,
2185 1131 2556 1188 universorum
2601 1133 2781 1204 Regis.
2813 1132 2866 1190 Id
2901 1132 2954 1188 in
2987 1148 3138 1190 more
3170 1142 3252 1190 est
3296 1133 3466 1204 pluri-

1862 1224 1996 1289 tnis;
2029 1239 2202 1296 neque
2229 1225 2381 1282 enim
2410 1225 2671 1280 recusabo
2699 1240 2734 1281 a.
2758 1225 3028 1280 communi
3073 1224 3466 1281 consuetudine

1862 1314 1914 1371 id
1936 1331 2200 1372 asserere.
2231 1316 2441 1370 Etenim
2463 1332 2568 1370 non
2599 1315 2666 1370 ad
2695 1315 2981 1372 verborum
3009 1317 3268 1387 speciem,
3293 1331 3468 1386 neque

1862 1407 1928 1464 ad
1958 1408 2120 1464 seriei
2141 1419 2388 1464 ornatum
2417 1410 2560 1478 loqui
2590 1409 2640 1464 in
2667 1410 2940 1480 proposito
2963 1408 3244 1477 habemus,
3278 1409 3371 1465 sed
3399 1410 3468 1466 ad

1865 1509 2094 1556 vestram
2133 1501 2306 1556 solum
2351 1502 2669 1566 utilitatem;
2721 1511 3049 1571 quapropter
3085 1500 3218 1554 nihil
3263 1500 3464 1566 officit,

1865 1594 2149 1663 quominus
2192 1608 2220 1646 a
2262 1594 2529 1648 communi
2577 1591 2967 1648 consuetudine
3009 1590 3060 1646 id
3095 1593 3468 1647 conlirmetur.

1865 1684 2123 1752 Quantam
2139 1693 2222 1739 est
2239 1684 2325 1738 illa
2346 1683 2637 1738 multorum
2655 1682 3025 1739 consuetudo?
3041 1681 3267 1752 Quidam
3288 1697 3470 1754 regem

1867 1778 2268 1833 ornatissimum
2287 1776 2550 1842 videntes,
2573 1785 2627 1832 et
2649 1777 2901 1848 pretiosis
2919 1775 3158 1847 undique
3183 1774 3472 1848 fulgentem

1870 1869 2153 1938 lapidibus,
2181 1867 2444 1937 siquando
2469 1868 2612 1921 illam
2639 1866 3118 1938 pulchritudinem,
3137 1867 3282 1923 illum
3309 1881 3472 1923 orna-

1873 1970 2002 2025 tum,
2033 1961 2255 2030 gloriam
2295 1959 2438 2014 illam
2479 1959 2601 2016 aliis
2640 1975 2898 2016 enarrare
2933 1959 3119 2024 velint,
3171 1974 3268 2030 pro
3311 1959 3474 2015 modo

1871 2069 1969 2109 suo
1996 2055 2310 2126 depingunt,
2346 2069 2597 2124 purpura:
2640 2052 2850 2121 ﬂorem,
2900 2068 3231 2125 gemmarum
3264 2053 3473 2125 magni-

1875 2147 2132 2210 tudinem,
2177 2146 2442 2201 mularum
2486 2147 2760 2213 alborcnt,
2808 2145 2995 2216 jugum
3041 2160 3286 2203 aureum.
3321 2145 3478 2198 strati

1876 2237 2136 2306 fulgorem
2172 2257 2185 2291 ε
2211 2248 2393 2309 postea
2419 2253 2547 2293 vero
2575 2237 2658 2293 his
2687 2237 2914 2308 aliisque
2956 2237 3139 2292 multis
3174 2238 3475 2303 recensitis,

1876 2347 1996 2386 cum
2045 2346 2149 2384 non
2197 2341 2420 2400 possunt
2458 2339 2627 2385 totum
2675 2329 3016 2401 splendorem
3062 2329 3241 2384 verbis
3279 2345 3479 2398 repnte-

1877 2431 2109 2488 sentare,
2129 2423 2383 2478 continuo
2412 2422 2615 2477 addunt
2649 2439 2662 2476 :
2695 2421 2830 2489 Quid
2862 2422 3045 2476 nmltis
3072 2436 3208 2492 opus
3232 2423 3349 2475 est?
3372 2434 3480 2475 uno

1885 2512 2046 2566 verbo
2081 2513 2279 2578 dicam,
2317 2513 2468 2583 quasi
2516 2529 2610 2568 rex
2648 2531 2660 2565 :
2700 2528 2901 2584 perque
2951 2513 3104 2579 illud,
3147 2512 3322 2583 quasi,
3369 2528 3480 2567 non

1881 2604 1992 2674 rogi
2035 2607 2265 2660 similem
2306 2605 2615 2662 describere
2642 2605 2847 2667 volunt.
2893 2606 2989 2662 sed
3032 2606 3203 2677 ipsum
3237 2621 3363 2661 vere
3389 2621 3481 2660 re-

1881 2714 2028 2770 gem.
2057 2699 2146 2754 Sic
2173 2699 2332 2770 igitur
2356 2699 2684 2771 evangelista
2716 2699 2866 2765 illud,
2903 2700 3080 2766 Quasi,
3105 2700 3282 2770 posuit
3309 2709 3364 2752 ιιι
3395 2697 3481 2753 itt-

1882 2795 2296 2864 comparabilem
2331 2793 2476 2848 illam
2505 2802 2555 2848 et
2588 2794 2982 2864 prtcccllentem
3013 2792 3238 2863 gloriam
3259 2791 3483 2848 exhibe-

1885 2897 1986 2944 ret.
2015 2887 2115 2941 Alii
2151 2888 2349 2957 quippe
2373 2901 2578 2950 omnes,
2611 2885 2806 2956 angeli,
2829 2885 3156 2957 archangeli,
3189 2883 3483 2956 prophetat.

1882 2981 2016 3050 jussi
2045 2980 2221 3034 omnia
2251 2977 2556 3034 faciebant:
2591 2979 2704 3046 ipse
2739 2993 2869 3033 vero
2911 2993 3031 3032 cmn
3067 2987 3328 3047 potestate
3366 2992 3488 3047 quat

1887 3090 2065 3144 regem
2094 3084 2146 3130 et
2176 3073 2450 3129 dominum
2478 3073 2696 3128 deceret
2723 3090 2737 3127 :
2763 3071 2814 3127 id
2841 3070 2984 3142 quod
3014 3071 3174 3128 etiam
3205 3070 3374 3126 turba:
3395 3071 3488 3125 mi-

1890 3169 2163 3231 rabantur,
2198 3166 2339 3237 quod
2369 3166 2586 3221 doceret
2610 3173 2889 3235 tamquam
2911 3172 3228 3233 potestatem
3265 3161 3489 3217 habens.

1961 3260 2016 3314 2.
2039 3258 2320 3314 Discrimen
2337 3258 2466 3313 inter
2485 3255 2742 3313 Christum
2755 3264 2799 3312 et
2819 3256 3027 3326 angelos
3044 3256 3096 3308 iu
3115 3266 3246 3309 terra
3265 3255 3490 3322 aliquau-

1894 3355 1958 3407 (Ιο
1971 3361 2308 3407 conuersatus.
2328 3350 2731 3405 Circuumaatiat
2741 3349 2985 3404 aduentus
2995 3350 3126 3420 ejus.
3143 3348 3309 3418 Ipsius
3326 3358 3498 3416 potens

1895 3447 1986 3511 tia,
2015 3447 2068 3499 in
2097 3445 2277 3519 ordine
2303 3444 2534 3516 physico,
2564 3444 2766 3506 morali,
2795 3443 3195 3512 supmmturali.
3219 3471 3292 3481 -
3311 3442 3493 3511 Appa-

1895 3549 2120 3598 ruerunt
2167 3541 2367 3610 itaque,
2412 3550 2462 3594 ut
2514 3539 2644 3602 dixi,
2679 3538 2853 3608 angeli
2894 3537 2944 3590 in
2995 3549 3135 3592 terra
3173 3553 3295 3590 cum
3326 3534 3495 3607 glria

1897 3633 2087 3699 multa,
2145 3638 2205 3686 ut
2263 3629 2492 3694 Danicli,
2544 3627 2750 3691 Davidi,
2788 3620 2988 3700 Moysi;
3041 3628 3135 3682 sed
3191 3636 3246 3680 ut
3275 3627 3414 3681 servi
3444 3637 3501 3680 et

1898 3722 2120 3778 domino
2156 3721 2515 3792 obsequentes
2553 3720 2735 3774 omnia
2784 3719 3046 3774 iaciebant
3077 3736 3090 3773 :
3140 3719 3254 3789 ipse
3285 3734 3412 3773 vero
3445 3732 3502 3772 nt

1899 3815 2149 3870 dominus
2173 3822 2228 3870 et
2253 3815 2491 3870 omnium
2525 3814 2836 3884 imperator,
2879 3811 2980 3867 etsi
3007 3811 3109 3867 sub
3137 3811 3224 3865 vili
3257 3810 3427 3866 forma
3450 3823 3505 3866 et

1905 3911 2087 3966 habitu
2116 3909 2424 3980 apparuerit
2459 3924 2473 3960 :
2503 3918 2738 3962 attamen
2775 3905 2855 3962 sie
2878 3920 3092 3977 quoque
3115 3915 3362 3960 creatura
3396 3906 3504 3958 Du-

1904 4006 2107 4058 minum
2124 4017 2279 4057 suum
2298 4001 2531 4071 agnovit.
2556 3999 2872 4068 Quomodo?
2889 3999 3052 4055 Stella
3077 3999 3144 4054 de
3166 3999 3304 4054 caelo
3321 4013 3507 4069 magos

1907 4096 2133 4160 vocavit,
2169 4096 2340 4165 ipsum
2368 4093 2723 4160 adoraturos;
2758 4093 3071 4164 angelorum
3093 4102 3264 4147 etrtus
3285 4104 3508 4160 magnus

1907 4188 2153 4258 undique
2171 4187 2373 4243 ell‘usus
2401 4187 2628 4241 Domino
2667 4200 2765 4240 suo
2793 4183 3192 4248 ministrabant,
3226 4184 3508 4254 ipsumque

1910 4281 2122 4351 hymnis
2147 4279 2492 4335 celebrabant
2511 4279 2549 4344 ';
2579 4278 2747 4333 etalii
2778 4287 3000 4346 repente
3027 4292 3304 4347 pnecencs
3334 4277 3514 4330 insur-

1910 4372 2123 4442 gebant,
2170 4385 2466 4441 omnesque
2515 4369 2675 4424 simul
2721 4369 2821 4423 sibi
2870 4370 3098 4422 invicem
3144 4379 3512 4435 occurrentes,

1912 4479 2166 4518 arcanum
2199 4462 2302 4517 hoc
2345 4461 2656 4533 mysterium
2699 4460 3034 4524 nuntiabant,
3081 4460 3386 4531 [uiatoribus
3412 4476 3510 4515 an-

1911 4557 2039 4628 geli,
2066 4556 2274 4612 civibus
2301 4564 2576 4626 pastores;
2605 4554 2822 4611 Gabriel
2852 4555 3030 4608 litat-ite
3068 4565 3116 4609 et
3155 4554 3514 4617 Elisabctbas;

1915 4654 1982 4708 iis
2001 4651 2094 4724 qui
2127 4649 2178 4704 in
2203 4650 2404 4722 templo
2428 4659 2582 4705 erant
2606 4651 2754 4704 Anna
2786 4659 2839 4703 et
2867 4647 3107 4705 Sitneon.
3139 4648 3247 4703 Nec
3274 4648 3370 4703 viri
3401 4664 3519 4702 mu.

1918 4745 2182 4814 lieresque
2208 4741 2380 4796 solum
2412 4740 2592 4796 laetitia
2619 4755 2812 4811 magna
2827 4751 2962 4796 sunt
2989 4739 3189 4807 allecti,
3229 4739 3323 4795 sed
3355 4739 3520 4796 etiam

1920 4836 2175 4905 puerulus
2208 4834 2449 4890 nondum
2505 4849 2570 4891 ex
2616 4835 2772 4889 vulva
2799 4849 3072 4904 egressus,
3124 4833 3235 4900 ille,
3280 4835 3519 4905 inquam,

1918 4929 2115 4986 deserti
2147 4929 2341 4993 cultor,
2368 4928 2713 5000 evangelista:
2757 4927 3116 4998 cognominis,
3157 4926 3446 4983 exsultavit
3474 4927 3526 4982 in

1921 5032 2075 5078 utero
2100 5020 2286 5077 matris
2315 5039 2329 5076 :
2362 5035 2658 5091 omnesque
2697 5034 2793 5091 spe
2818 5019 2884 5075 ad
2930 5020 3164 5075 futurum
3198 5031 3412 5091 partum
3448 5023 3526 5076 in-

1924 5112 2161 5167 hiabant.
2196 5113 2263 5166 Et
2288 5113 2403 5167 haec
2424 5111 2639 5182 quidem
2667 5111 2814 5167 circa»
2841 5122 3033 5183 partus
3056 5120 3291 5183 tempus;
3315 5114 3532 5184 quando
3603 5159 3606 5161 λ

1923 5215 2101 5262 autem
2153 5205 2389 5276 seipsutn
2422 5206 2590 5276 magis
2606 5204 2877 5270 exhibuit,
2910 5221 3098 5262 rursus
3123 5207 3227 5263 alia
3273 5208 3530 5264 miracula

1928 5295 2196 5367 prioribus
2217 5297 2420 5368 majora
2448 5298 2855 5369 splenducrunt.
2894 5298 3009 5354 Non
3040 5300 3174 5354 ultra
3199 5302 3342 5356 enim
3377 5304 3530 5358 stella

1928 5400 1983 5445 et
2008 5389 2220 5453 ctelum,
2265 5404 2370 5444 non
2416 5389 2592 5460 angeli
2626 5401 2681 5445 et
2721 5390 3053 5461 archangeli,
3095 5408 3201 5446 non
3233 5391 3451 5448 Gabriel
3482 5403 3532 5450 et

1931 5482 2190 5548 Michael;
2221 5482 2315 5538 sed
2346 5483 2460 5552 ipse
2492 5483 2649 5538 Pater
2680 5500 2911 5553 superne
2939 5495 2993 5538 ct
3017 5501 3081 5540 ex
3112 5486 3246 5540 curio
3275 5487 3530 5556 praulica-

1933 5573 2018 5629 bat
2052 5575 2220 5640 illum,
2257 5583 2309 5629 et
2337 5590 2457 5629 cum
2494 5576 2650 5629 l'atre
2678 5575 2986 5631 Parueletus
3014 5578 3270 5633 advolans
3298 5579 3363 5632 ad
3391 5578 3537 5633 illtttn

1933 5679 2054 5719 cum
2083 5681 2233 5730 voce,
2268 5681 2597 5736 ηιτιιιθιιειιιιυ
2626 5682 2786 5738 supra
2818 5668 3011 5738 ipsum.
3069 5670 3204 5726 Vere
3254 5681 3538 5741 propterea

1935 5755 2070 5812 dixit
2096 5774 2110 5811 :
2156 5756 2381 5811 Vidimus
2405 5757 2623 5828 gloriam
2647 5760 2778 5824 eius,
2808 5761 3024 5831 gloriam
3050 5763 3195 5831 quasi
3226 5762 3484 5829 Unigeuiti
3511 5783 3543 5818 ο

2001 5897 2028 5928 ι’
2055 5895 2108 5945 lu
2145 5893 2306 5944 Morel.
2353 5892 2738 5963 legitur,_turbre_
2783 5896 2996 5963 calcatus
3035 5897 3313 5958 angelorum
3333 5899 3378 5963 iu
3400 5903 3547 5952 terra

1941 5958 2195 6010 visre—sum
2227 5956 2425 6007 Donum
2444 5956 2840 6018 ministrantitmt,
2869 5956 3162 6020 hymnosque
3186 5960 3486 6014 amentium.
