4046 6468
587 400 657 457 ts
1284 390 1340 448 s
1379 386 1657 447 toaxsts
1690 342 2157 442 cuni'sos'rout

2281 373 2514 429 LCllilii'.
2555 366 3090 425 CONSTAN'l'lNUP.
3788 363 3858 415 Μ

595 520 769 575 Patre.
795 517 972 587 Neque
996 520 1209 585 propter
1239 509 1331 564 illa
1351 506 1543 565 solum,
1567 502 1659 558 sed
1684 511 1897 572 propter
1917 512 1976 552 ca
2002 494 2160 549 etiam

594 627 709 679 qua:
755 617 977 677 sequuta
1020 614 1165 658 sunt.
1192 599 1311 656 Non
1334 599 1469 652 ultra
1500 603 1642 651 enim
1676 602 1915 664 pastores
1941 595 2165 679 tantum,

597 672 673 755 vel
726 672 918 761 viduae,
971 694 1059 749 vel
1106 707 1264 749 senes
1312 687 1464 744 nobis
1511 686 1657 740 illum
1699 672 2164 740 annuntiant;sed

593 794 752 847 etiam
800 792 911 859 ipsa
958 801 1135 841 rerum
1182 779 1544 838 natura'tnha
1590 777 1785 831 clarius
1828 773 2082 827 clamans.
2116 777 2169 821 et

597 896 703 936 tam
734 881 838 937 alta
866 894 1019 943 voce,
1052 888 1107 931 ιιι
1133 875 1247 945 ejus
1272 888 1439 927 sonus
1464 869 1642 925 statim
1686 866 1955 932 [meusque
1984 875 2171 931 perve-

596 976 757 1031 nerit.
790 970 1035 1029 Pervenit
1070 968 1232 1030 enim,
1268 962 1460 1033 inquit,
1489 974 1656 1030 usque
1701 958 1755 1012 in
1797 954 2003 1026 Syriam
2032 952 2168 1005 fama

593 1068 712 1137 ejus
739 1065 947 1138 (Matth.
980 1061 1034 1116 ὁ.
1061 1056 1178 1129 24),
1209 1072 1326 1126 qua:
1371 1055 1542 1124 ipsum
1571 1048 1822 1105 omnibus
1866 1042 2123 1138 revelavit
2153 1058 2167 1095 :

594 1135 767 1211 omnia
785 1152 1017 1221 undique
1032 1148 1349 1211 clamabant,
1375 1158 1553 1213 regem
1570 1140 1817 1196 eis-lorum
1834 1135 1898 1190 ad
1914 1143 2168 1190 tentasse.

595 1248 725 1302 fiam
754 1246 1029 1302 dtemones
1051 1239 1282 1311 undique
1310 1235 1579 1307 fugiebant
1618 1242 1670 1287 et
1694 1228 2019 1288 resiliebant,
2053 1225 2171 1279 dia-

596 1340 749 1395 bolus
776 1336 1060 1392 obvolutus
1078 1330 1376 1393 recedebat,
1406 1327 1519 1396 ipsa
1537 1339 1684 1380 mors
1703 1319 1912 1393 repulsa
1937 1316 2171 1382 interim,

594 1444 777 1493 postea
824 1430 1041 1501 penitus
1074 1426 1268 1481 abolita
1300 1434 1420 1479 est:
1452 1433 1611 1474 nume
1655 1412 1977 1471 infirmitatis
2004 1424 2175 1481 genus

596 1527 833 1581 solutum
853 1530 955 1587 est;
981 1524 1321 1576 monumenta
1342 1522 1583 1569 mortuos
1600 1507 1933 1568 emittebant,
1957 1503 2174 1557 insanos

595 1617 863 1673 memoriis
902 1611 1289 1683 relinquebant,
1339 1604 1511 1661 morbi
1552 1602 1793 1656 infirmos
1820 1594 2172 1657 describant;

600 1710 884 1779 videreque
912 1714 1026 1762 erat
1051 1720 1138 1760 res
1179 1698 1467 1771 stupendas
1505 1705 1558 1751 et
1589 1692 1882 1753 mirabiles,
1912 1705 2030 1761 qua:
2052 1690 2175 1758 jure

600 1778 872 1872 propheta:
916 1790 1290 1853 desiderabant
1316 1790 1517 1856 videre,
1562 1797 1748 1843 etnon
1778 1784 2044 1839 viderunt.
2081 1778 2174 1832 Vi-

597 1893 726 1949 dere
776 1900 890 1947 erat
948 1889 1202 1944 formatos
1252 1885 1457 1949 oculos,
1507 1890 1562 1937 et
1614 1878 1743 1934 illud
1785 1885 1890 1931 tam
1919 1873 2173 1945 optabile,

598 1983 753 2052 cujus
796 1993 991 2036 omnes
1036 1984 1362 2048 spectatores
1406 1986 1526 2028 esse
1571 1968 1875 2040 cupiebant,
1907 1960 2176 2035 quomodo

596 2075 859 2129 Adamum
888 2071 954 2127 de
977 2079 1115 2126 terra
1142 2069 1417 2123 fortnasset
1448 2064 1605 2126 Dens,
1635 2062 1685 2116 id
1712 2060 1858 2116 brevi
1888 2067 1941 2112 et
1963 2056 2013 2111 in
2042 2069 2178 2125 prte-

597 2165 855 2220 stantiore
914 2161 1153 2231 corporis
1220 2166 1370 2227 parte
1432 2153 1801 2209 ostendentem
1862 2147 2173 2209 Christum;

599 2256 834 2314 membra
863 2255 1076 2323 insuper
1104 2249 1328 2321 paralysi
1360 2248 1530 2302 soluta
1559 2254 1614 2299 et
1640 2242 1916 2304 dissoluta,
1945 2239 2053 2310 jam
2087 2252 2175 2291 rc-

596 2350 779 2405 stiluta
834 2360 887 2402 et
939 2344 1146 2401 etetcris
1192 2342 1459 2412 copulata,
1488 2352 1677 2394 manus
1719 2343 1990 2390 emortuus
2030 2340 2191 2389 motu.

594 2439 909 2510 gatnleutes,
959 2433 1121 2504 pedes
1168 2433 1375 2487 solutos
1416 2439 1634 2498 repente
1660 2426 1989 2490 exsilientes,
2016 2435 2177 2476 aures

594 2531 895 2585 obstructas
919 2528 1027 2597 jam
1053 2534 1283 2595 apertas,
1315 2531 1371 2577 et
1398 2521 1625 2590 linguam
1667 2531 1860 2587 magno
1885 2514 2062 2570 sonitu
2093 2512 2176 2567 lo-

595 2629 869 2693 quentem,
900 2634 1019 2689 quae
1050 2617 1196 2687 prius
1220 2625 1366 2669 muta
1383 2622 1514 2667 erat.
1540 2606 2001 2679 Quemadmodum
2031 2604 2172 2659 enim

595 2714 826 2783 optimus
850 2709 1193 2770 architectus,
1222 2706 1438 2761 domum
1467 2712 1726 2758 vetustate
1753 2701 2019 2755 labantem
2050 2716 2063 2751 :
2096 2696 2174 2751 sic

596 2805 684 2860 ille
715 2803 1000 2858 humanam
1045 2810 1285 2854 naturam
1332 2797 1582 2860 restituit,
1630 2804 1806 2863 partes
1847 2792 2042 2847 fractas
2082 2804 2169 2845 re-

594 2896 771 2960 sarsit,
829 2893 1123 2963 disjuuetas
1172 2901 1227 2947 et
1276 2889 1564 2945 dissolutas
1616 2884 1905 2955 copulavit,
1960 2882 2173 2953 penitus

595 2988 771 3055 lapsas
795 2986 981 3040 erexit.
1011 2982 1147 3051 Quid
1168 2980 1457 3037 dixerimus
1479 2978 1547 3033 de
1566 2980 1757 3032 anima:
1776 2974 2172 3036 reformatione,

596 3078 868 3148 corporeis
919 3074 1281 3131 curationibus
1331 3072 1488 3140 longe
1543 3067 1948 3141 prteStantiore?
1987 3065 2172 3133 Magna

596 3185 682 3224 res
735 3179 880 3224 certe
930 3176 1012 3222 est
1062 3165 1302 3234 corporis
1352 3162 1615 3227 valetudo,
1668 3161 1761 3216 sed
1811 3159 1979 3213 multo
2006 3156 2176 3225 major

596 3260 820 3324 anitum;
876 3267 1127 3327 tantoque
1168 3257 1360 3325 tmjor,
1391 3263 1592 3324 quanto
1631 3252 1805 3305 anima
1839 3246 2175 3319 prmstautior

594 3363 675 3409 est
704 3368 967 3424 corpore:
1002 3367 1173 3422 neque
1228 3349 1328 3405 hac
1375 3356 1576 3402 tantum
1631 3345 1857 3410 ratione,
1912 3341 2008 3398 sed
2052 3340 2174 3410 quia

594 3459 877 3515 corporum
932 3453 1151 3509 natura,
1200 3454 1537 3513 quocumque
1577 3437 1720 3493 illam
1773 3436 1903 3492 velit
1952 3434 2177 3490 Creator

596 3553 775 3607 agerc,
822 3536 1080 3606 sequitur,
1131 3550 1230 3591 nec
1271 3533 1509 3596 resistit;
1550 3530 1725 3584 anima
1776 3543 1908 3584 vero
1946 3544 2063 3598 qua:
2093 3529 2176 3583 sui

597 3628 798 3684 arbitrii
843 3638 945 3694 εει,
990 3636 1045 3682 et
1087 3629 1137 3680 in
1178 3627 1381 3682 actibus
1432 3626 1728 3681 libertatem
1762 3624 1941 3691 habet,
1985 3640 2090 3676 non
2123 3622 2175 3676 in

597 3721 847 3777 munibus
867 3721 1199 3791 obtemperat
1225 3720 1352 3783 Deo,
1384 3719 1427 3772 si
1455 3718 1666 3789 quidem
1697 3718 1845 3771 nolit.
1868 3716 2014 3771 Illam
2035 3715 2177 3771 enim

600 3812 817 3866 invitam
844 3827 949 3865 non
980 3811 1092 3865 vult
1122 3811 1386 3881 Deus.per
1420 3811 1522 3866 \im
1554 3819 1607 3865 et
1637 3808 2026 3866 necessitatem.
2060 3808 2176 3877 pul-

599 3906 787 3957 claram
811 3913 866 3958 ct
896 3904 1087 3958 virtute
1132 3902 1403 3971 praeditam
1456 3902 1683 3958 reddere
1711 3922 1725 3957 :
1752 3902 2177 3974 quandoquidem

602 3998 729 4051 illud
755 3998 925 4053 virtus
955 4010 1058 4049 non
1085 4004 1228 4050 esset
1257 4009 1272 4051 :
1301 3994 1394 4049 sed
1426 3995 1498 4049 illi
1524 3994 1719 4048 volenti
1742 4006 1793 4050 et
1822 3994 2021 4049 lubenti
2051 4007 2176 4047 sua-

599 4090 849 4152 dendum,
883 4097 939 4142 ιιι
969 4087 1089 4141 talis
1115 4087 1375 4142 eflieiatur
1403 4105 1415 4140 :
1452 4086 1501 4141 id
1542 4086 1683 4155 quod
1714 4086 1869 4155 longe
1908 4085 2179 4140 difficilius

599 4195 675 4237 est
708 4197 866 4252 quam
899 4181 986 4234 illa
1013 4180 1113 4233 alia
1142 4181 1364 4232 curatio.
1402 4179 1455 4233 Id
1503 4189 1677 4231 tamen
1708 4177 1834 4232 fecit
1861 4178 1970 4242 ille,
2022 4192 2181 4247 atque

604 4273 853 4344 nequitia:
879 4287 1045 4343 genus
1075 4286 1235 4325 omne
1262 4269 1537 4339 depulsum
1565 4279 1665 4323 est.
1691 4270 1766 4323 Ac
1792 4270 1928 4323 sicut
1954 4283 2179 4337 corpora

602 4368 744 4422 bene
787 4374 969 4420 curata
1011 4380 1115 4419 non
1160 4362 1226 4417 ad
1259 4361 1616 4416 valetudinem
1663 4363 1843 4426 modo,
1875 4362 1974 4416 sed
1998 4360 2064 4415 ad
2092 4377 2182 4416 su~

605 4473 844 4528 premam
872 4456 1111 4513 sanitatis
1129 4465 1321 4511 statum
1350 4454 1558 4509 reduxit
1591 4470 1604 4506 :
1634 4453 1709 4509 sic
1729 4464 1784 4509 ct
1810 4455 2037 4520 animas,
2073 4469 2176 4507 non

604 4554 762 4608 modo
787 4552 853 4607 ab
880 4562 1115 4607 extrema
1149 4549 1383 4617 nequitia
1412 4548 1624 4615 eripuit,
1657 4546 1749 4602 sed
1777 4548 1841 4601 ad
1876 4548 2044 4618 ipsum
2077 4548 2183 4601 vir-

604 4646 729 4699 tutis
758 4645 973 4698 culmen
1020 4641 1209 4695 erexit.
1263 4638 1585 4693 Publicanus
1639 4638 1805 4692 factus
1846 4647 1930 4691 cst
1967 4649 2183 4707 aposto-

608 4743 721 4801 lns;
753 4745 1123 4805 persequatur,
1154 4732 1496 4799 blasphemus
1516 4738 1569 4782 et
1597 4730 2182 4791 conttunelio5tts,orbis

609 4826 923 4897 pra-dicatur
968 4825 1105 4877 fuit:
1153 4822 1311 4890 magi,
1363 4820 1669 4874 Judamrnm
1716 4819 1995 4883 doctores;
2026 4819 2178 4883 latro,

608 4918 831 4989 pm'adisi
862 4918 1026 4979 civis;
1060 4916 1329 4975 meretrix.
1365 4914 1466 4969 lide
1496 4930 1683 4984 magna
1712 4914 1946 4978 refulsit;
1978 4915 2187 4966 Chana—

608 5027 717 5065 mea
744 5021 797 5065 et
818 5009 1148 5065 Samaritana
1174 5008 1441 5073 mulieres,
1474 5024 1695 5077 ψιεινιιιιι
1720 5018 1982 5076 postrema
2014 5024 2185 5061 utere-

611 5108 705 5160 trix
734 5114 875 5169 erat;
906 5119 970 5157 cx
998 5103 1104 5167 his,
1126 5103 1362 5171 inquam,
1397 5102 1704 5155 mulieribus
1733 5101 1897 5155 altera
1931 5102 2186 5171 przedica-

613 5201 803 5250 tionem
856 5194 993 5264 apud
1042 5191 1371 5248 eoutribules
1424 5206 1549 5244 suos
1599 5193 1853 5261 suscepit,
1912 5201 2185 5260 latamque

613 5290 879 5341 rivitatem
911 5286 1057 5353 quasi
1086 5300 1277 5354 sagena
1309 5294 1515 5353 captam
1547 5284 1612 5337 ad
1639 5283 1912 5338 Christum
1938 5284 2181 5348 adduxit;

612 5380 775 5432 :.l:era
804 5387 980 5429 autem
1010 5374 1110 5428 ﬁde
1135 5384 1190 5428 et
1212 5374 1518 5427 assiduitate
1550 5374 1600 5427 id
1628 5372 1821 5439 effecit,
1862 5384 1925 5427 ut
1975 5373 2183 5427 ti;t'tttntt

610 5469 868 5537 malignus
888 5483 957 5539 ex
988 5466 1105 5519 litae
1131 5480 1239 5519 sua:
1266 5465 1437 5519 anima
1478 5464 1784 5534 pelleretur.
1828 5467 1932 5521 Alii
1974 5483 2186 5536 quoque

609 5558 869 5629 longebis
900 5558 1108 5629 pejores
1158 5558 1208 5611 in
1256 5557 1637 5628 discipulorum
1686 5574 1965 5613 munerum
2005 5560 2182 5612 statim

609 5652 1042 5707 admittebantur.
1068 5650 1257 5705 Omnia
1282 5648 1439 5704 simul
1463 5652 1972 5715 traastnutabantur,
1998 5666 2185 5721 corpoo

684 5825 698 5855 ¹
742 5832 885 5883 savii.
918 5834 1057 5899 legit,
1082 5830 1187 5897 ipsa
1214 5843 1378 5883 rerum
1400 5842 1505 5882 ιω.

2274 505 2391 544 runt
2419 485 2779 557 a-gritudines,
2804 484 2974 538 morbi
3003 483 3323 545 animarum,
3348 496 3466 550 qua:
3486 479 3550 533 ad
3570 483 3857 535 ὀίὶιιὶιέιιιοεη

2246 580 2669 652 perfectamque
2689 576 2935 630 virtutem
2965 573 3373 629 reducebantur.
3399 571 3504 627 Nec
3518 572 3624 626 duo
3651 582 3861 625 tantum

2276 678 2538 740 homines,
2580 685 2670 730 aut
2716 684 2844 743 tres,
2893 686 2985 731 aut
3014 678 3271 747 quinque,
3320 678 3399 729 vel
3428 673 3636 736 decem,
3668 669 3749 723 vel
3784 668 3864 720 vi-

2274 768 2428 839 ginti,
2464 768 2543 821 vel
2571 767 3166 833 centumsolummodo,
3218 766 3309 820 sed
3352 767 3571 835 integra:
3615 764 3861 818 civitates

2275 870 2327 914 et
2354 871 2539 928 gentes
2586 856 2839 914 facillime
2868 860 3375 913 transnnttalnmtur.
3403 857 3533 923 Quis
3561 870 3686 909 vero
3716 868 3862 923 pra:-

2276 961 2550 1017 ceptorum
2596 948 2934 1015 sapientiam,
2976 948 3285 1017 \eatlestium
3336 948 3511 1018 legum
3564 946 3817 999 virtutem
3848 986 3863 1004 .

2275 1042 2529 1112 angelica:
2597 1043 2718 1096 vitze
2786 1042 3027 1096 ordinem
3078 1041 3237 1111 digne
3296 1038 3680 1109 descripserit?
3731 1037 3867 1092 Tale

2277 1133 2471 1204 quippe
2500 1131 2706 1185 induxit
2734 1132 2855 1185 vita:
2880 1147 3069 1202 genus,
3116 1134 3247 1187 tales
3288 1131 3440 1184 nobis
3481 1129 3752 1186 constituit
3789 1129 3870 1183 le-

2276 1238 2390 1293 ges,
2425 1224 2585 1276 talem
2614 1238 2824 1277 mormn
2855 1222 3104 1282 fortnam,
3135 1232 3190 1277 ut
3214 1223 3301 1293 qui
3326 1222 3392 1276 iis
3418 1231 3656 1286 utuntur,
3686 1220 3866 1288 angeli

2277 1314 2455 1367 statim
2508 1312 2829 1377 efliciantnr,
2882 1323 2936 1368 et
2983 1323 3240 1384 quantmn
3303 1312 3504 1367 homini
3556 1313 3699 1377 licet,
3755 1311 3871 1365 lico

2278 1406 2479 1461 similes
2504 1448 2519 1469 ,
2559 1406 2659 1461 etsi
2700 1407 2939 1461 omnium
2984 1408 3255 1460 hominum
3297 1404 3608 1473 nequissimi
3644 1402 3866 1458 fuerint.

2351 1499 2401 1553 '5.
2428 1498 2491 1551 In
2511 1498 2688 1561 quibus
2712 1500 2819 1552 visa
2842 1501 2905 1552 sit
2923 1498 3085 1568 gloria
3110 1497 3295 1554 Christi
3316 1500 3460 1568 quasi
3477 1498 3640 1569 gloria
3671 1496 3868 1567 linige-

2280 1590 2373 1641 niti
2399 1606 2431 1641 a
2459 1587 2632 1643 Patre.
2672 1588 2999 1643 Dieinitatem
3021 1588 3210 1644 Christi
3228 1599 3448 1657 potestas
3468 1590 3578 1658 ejus
3600 1589 3869 1657 praedicat.

2281 1680 2457 1735 Gloria
2494 1680 2685 1735 Christi
2721 1682 2773 1734 in
2818 1682 2955 1736 cwlis
2996 1692 3188 1753 quanta
3213 1696 3231 1741 ε
3257 1681 3326 1734 ad
3350 1680 3441 1733 illa
3481 1680 3749 1749 fruendam
3782 1697 3875 1733 tm-

2280 1774 2377 1826 cati
2417 1790 2610 1827 sumas.
2651 1802 2717 1812 —
2745 1771 2871 1827 llmc
2898 1774 3074 1843 itaque
3104 1774 3281 1827 otnnia
3314 1774 3566 1827 miracula
3607 1774 3875 1843 colligens

2281 1865 2628 1934 evangelista,
2661 1881 2780 1935 qum
2808 1865 2859 1919 in
2899 1866 3237 1935 corporibus,
3264 1881 3383 1935 qua:
3414 1865 3464 1917 in
3497 1865 3707 1926 animis,
3747 1882 3874 1932 qua:

2279 1958 2331 2012 in
2382 1958 2697 2022 clementis;
2757 1973 2963 2011 necnon
3020 1967 3309 2027 pracepta,
3365 1957 3503 2011 dona
3540 1957 3624 2009 illa
3671 1936 3872 2010 arcana

2281 2050 2410 2120 ipsis
2436 2050 2582 2106 erlis
2613 2049 2947 2112 sublimiora,
2983 2050 3149 2118 leges,
3183 2050 3305 2104 vita:
3351 2049 3673 2113 institutum,
3703 2049 3871 2103 obse-

2278 2144 2572 2211 qucntiam,
2607 2141 2904 2197 futurorum
2937 2143 3343 2212 promissiones,
3395 2143 3618 2211 ejusque
3661 2144 3874 2197 ermin-

2281 2244 2379 2292 tns.
2437 2234 2574 2287 hanc
2631 2235 2928 2290 mirabilem
2982 2245 3035 2289 ct
3091 2234 3307 2289 sublimi
3362 2235 3605 2289 doctrina
3654 2237 3869 2303 plenam

2280 2326 2458 2380 emisit
2486 2341 2669 2381 vocem
2703 2342 2715 2379 :
2757 2325 2983 2379 Vidimus
3031 2327 3247 2396 gloriam
3302 2327 3429 2391 eius,
3479 2327 3694 2396 gloriam
3720 2329 3873 2392 quasi

2284 2417 2543 2488 Uniqeniti
2590 2435 2622 2470 α
2671 2417 2846 2482 Patre,
2902 2420 3104 2485 plenam
3156 2418 3335 2487 gratia:
3381 2428 3425 2471 et
3479 2419 3716 2473 veritatis.
3751 2418 3869 2472 Non

2279 2510 2420 2564 enim
2464 2519 2682 2579 propter
2728 2509 2982 2563 miracula
3031 2519 3233 2563 tantum
3265 2509 3435 2578 ipsum
3465 2509 3739 2572 miramur,
3771 2511 3871 2564 Sed

2277 2601 2436 2656 etiam
2483 2611 2699 2672 propter
2726 2602 2992 2657 cruciatus
3017 2617 3049 2667 ς»
3080 2610 3137 2654 ιιι
3176 2617 3297 2655 cum
3344 2600 3538 2654 affixus
3576 2600 3669 2654 fuit
3696 2604 3869 2667 cruci,

2278 2692 2591 2762 flagellatus,
2625 2694 2795 2762 alapis
2820 2707 3012 2757 etesiis,
3042 2701 3353 2760 consputus,
3385 2703 3436 2745 et
3459 2708 3580 2744 cum
3609 2693 3658 2745 in
3679 2694 3872 2747 maxil-

2278 2787 2342 2841 Iis
2372 2788 2552 2859 plagas
2576 2789 2782 2859 accepit
2825 2787 2893 2842 ab
2938 2788 3002 2841 iis
3028 2802 3163 2857 quos
3190 2785 3461 2840 beneficiis
3490 2785 3756 2841 affecerat.
3799 2788 3874 2841 Αι

2276 2882 2418 2932 enim
2448 2877 2497 2930 in
2531 2876 2614 2930 his
2639 2892 2851 2948 quoque
2878 2892 2997 2946 qua:
3027 2875 3379 2946 ignominiosa
3420 2876 3685 2938 videntur.
3721 2876 3867 2932 idem

2280 2970 2450 3039 ipsum
2480 2970 2682 3025 dictum
2722 2971 2967 3040 apposite
2998 2968 3321 3039 proferatur,
3353 2970 3781 3038 quamloqnidcm
3813 2981 3875 3027 cl.

2280 3061 2393 3129 ipse
2424 3076 2535 3116 rem
2563 3061 2727 3127 illam,
2756 3062 2979 3131 gloriam
3010 3061 3320 3131 appellavit.
3364 3061 3479 3116 Non
3509 3062 3653 3117 enim
3684 3066 3871 3132 provi-

2278 3150 2471 3206 dentia:
2505 3160 2706 3206 tantmn
2735 3160 2789 3206 ct
2815 3151 3055 3207 caritatis
3084 3152 3169 3206 illa
3224 3161 3395 3217 Cl'illli,
3427 3154 3520 3207 sed
3550 3154 3710 3209 etiam
3766 3156 3873 3209 im-

2278 3256 2478 3296 mensa:
2526 3242 2827 3313 potestatis.
2857 3241 3009 3297 Tunc
3037 3242 3179 3298 enim
3211 3251 3265 3297 ct
3296 3259 3441 3299 mors
3470 3243 3873 3313 destrucbatur,

2278 3343 2331 3389 ct
2361 3334 2664 3390 maledictio
2692 3334 3019 3401 solvebatur,
3065 3333 3339 3390 dzemones
3381 3337 3871 3407 confundebantur,

2279 3427 2450 3499 deque
2470 3427 2597 3499 ipsis
2622 3428 3067 3497 trimuphabatnr,
3096 3438 3149 3482 et
3174 3426 3587 3499 chirographum
3617 3442 3876 3500 peccato-

2282 3534 2397 3573 rum
2424 3518 2566 3572 cruci
2590 3517 2925 3588 affigebatur.
2958 3518 3178 3584 Deinde,
3212 3519 3334 3587 quia
3362 3518 3478 3574 iure
3505 3522 3758 3576 miracula
3790 3523 3878 3578 in-

2281 3609 2560 3663 visibiliter
2603 3609 2949 3678 patrabantur
2981 3652 2995 3676 ,
3042 3608 3285 3680 qumdam
3335 3611 3613 3666 visibiliter
3654 3626 3877 3683 peracta

2282 3709 2443 3764 sunt,
2496 3715 2615 3770 qua:
2662 3700 3098 3755 demonstrarent
3151 3701 3322 3771 ipsum
3368 3716 3489 3756 esse
3539 3703 3873 3773 unigenitum

2284 3796 2473 3850 Filium
2513 3795 2638 3860 Dei,
2674 3796 2939 3865 totiusque
2980 3806 3183 3849 natura:
3228 3796 3531 3851 Dominum.
3572 3796 3703 3851 Nam
3743 3814 3871 3854 cum

2284 3888 2494 3943 beatum
2526 3902 2719 3957 corpus
2760 3887 2935 3943 adhuc
2971 3888 3023 3943 iu
3055 3902 3215 3943 cruce
3246 3890 3502 3957 penderet
3524 3932 3539 3955 ,
3570 3891 3649 3944 sol
3691 3893 3878 3945 radios

2282 3980 2492 4043 avertit,
2520 3989 2660 4034 terra
2689 3980 2906 4034 tremuit
2927 3990 2979 4034 et
3007 3982 3239 4035 tenebris
3265 3981 3474 4052 oppleta
3499 3992 3601 4047 est,
3625 3983 3877 4053 sepulcra

2283 4086 2465 4143 aperta
2492 4118 2507 4142 ,
2541 4085 2694 4130 terra:
2726 4076 2896 4129 solum
2924 4091 3243 4130 concussum
3269 4086 3350 4130 est
3375 4117 3388 4137 ,
3423 4087 3752 4130 mortuorum
3788 4078 3878 4132 iu-

2289 4183 2504 4221 numera
2548 4166 2829 4225 multitudo
2872 4166 3103 4231 exsiliit,
3134 4177 3187 4220 ct
3226 4167 3276 4220 itt
3318 4166 3585 4221 civitatem
3633 4168 3875 4238 ingressa

2286 4268 2367 4313 est
2398 4276 2409 4311 :
2436 4272 2497 4311 ac
2522 4257 2649 4311 dum
2682 4257 3005 4310 monumenti
3052 4256 3217 4325 ipsius
3258 4256 3460 4327 lapides
3490 4257 3676 4313 loculis
3704 4262 3876 4328 ap:ali

2288 4358 2582 4414 manerent,
2612 4357 2665 4402 et
2694 4349 2962 4419 signacula
2995 4357 3220 4413 starent,
3253 4349 3483 4403 surrexit
3515 4360 3756 4404 mortuus
3785 4352 3880 4408 ille

2286 4445 2372 4511 qui
2400 4442 2543 4497 cruci
2570 4441 2733 4495 clavis
2760 4441 2949 4495 affixus
2978 4442 3168 4499 fuerat.
3198 4458 3259 4495 ac
3286 4442 3481 4496 virtute
3506 4443 3731 4513 quadam
3762 4464 3883 4499 ma-

2284 4553 2382 4605 gna
2426 4534 2655 4603 repletos
2699 4534 2941 4588 undecim
2985 4533 3275 4601 discipulos
3316 4534 3461 4589 tuisit
3502 4535 3750 4589 omnilms
3782 4553 3882 4608 per

2285 4629 2471 4681 orbem
2502 4626 2838 4691 hominibus,
2870 4642 3184 4681 communes
3214 4634 3417 4679 natur:e
3450 4627 3608 4681 totius
3638 4629 3880 4683 medic-os

2290 4720 2513 4777 futurus,
2544 4718 2632 4789 qui
2665 4718 2823 4772 vitam
2856 4719 3128 4772 hominum
3157 4719 3523 4783 emendarem,
3554 4721 3881 4775 eatlestimn-

2287 4827 2389 4879 que
2419 4812 2724 4881 dogmatum
2770 4810 3009 4863 notitiam
3062 4810 3255 4880 ubique
3285 4800 3694 4866 disseminarent
3720 4854 3735 4876 ,
3770 4814 3877 4866 ιιι-ο

2291 4919 2505 4957 nnnnnu
2545 4902 2878 4973 tyrannidem
2913 4903 3220 4965 solverent,
3264 4919 3559 4973 magnaque
3588 4913 3642 4958 et
3680 4920 3879 4958 arcana

2292 4994 2424 5047 bona
2451 4994 2693 5047 homines
2714 4994 2970 5048 docerent
2996 5012 3007 5046 :
3029 4996 3219 5046 animae
3243 4994 3695 5050 immortalitatem
3722 4998 3883 5051 nobs

2292 5086 2633 5153 prtedicarcnt
2666 5127 2679 5147 ,
2726 5086 3072 5154 corporisque
3116 5086 3275 5137 vitam
3320 5098 3614 5149 :etcrnam,
3660 5089 3880 5155 ιιιπιειιιίει

2292 5185 2521 5231 mentem
2573 5177 2943 5245 cxsupeuantia
2993 5185 3044 5229 et
3093 5191 3361 5245 nunquam
3405 5178 3561 5230 linem
3610 5176 3879 5234 habitura.

2290 5268 2413 5323 il.rc
2444 5284 2625 5323 socum
2668 5278 2922 5338 reputans
2954 5269 3137 5322 beatus
3170 5268 3254 5322 ille
3280 5312 3292 5333 ,
3324 5279 3377 5321 et
3404 5270 3503 5324 alia
3538 5269 3682 5339 plura
3711 5312 3724 5333 ,
3760 5288 3883 5340 qua:

2291 5361 2404 5430 ipse
2447 5360 2662 5423 quidem
2706 5371 2957 5425 noverat,
2988 5360 3082 5414 sed
3122 5360 3355 5414 scribere
3396 5362 3595 5425 noluit,
3627 5364 3766 5431 ιιιισιιΙ
3816 5381 3882 5419 ea

2292 5454 2518 5508 lttttndtts
2543 5470 2645 5507 non
2664 5465 2877 5521 caperet
2900 5455 3042 5521 (nam
3066 5453 3267 5517 otttnia,
3297 5453 3484 5523 inquit,
3513 5456 3573 5508 Si
3594 5454 3883 5509 srribtmtar

2293 5562 2380 5613 per
2408 5546 2627 5612 singula,
2658 5562 2746 5599 nec
2776 5546 2939 5613 ipsum
2969 5546 3187 5597 arbitror
3215 5545 3455 5598 mundam
3483 5563 3661 5617 capere
3687 5565 3769 5601 eos
3796 5552 3881 5618 qui

2291 5638 2536 5692 scribendi
2563 5650 2673 5689 sant
2706 5638 2858 5691 libros
2882 5637 3069 5710 Uouit.
3100 5637 3157 5692 3|
3177 5678 3189 5690 .
3218 5638 3287 5693 Ξῖἱ
3312 5637 3324 5710 ]
3349 5640 3365 5708 )
3393 5658 3404 5691 :
3437 5639 3548 5693 lta'c
3574 5681 3588 5701 ,
3624 5640 3837 5708 inquam
3863 5681 3879 5703 ,

2292 5730 2468 5782 munia
2516 5731 2754 5798 rogitans
2798 5730 3159 5785 exclamavit:
3203 5730 3428 5782 l'itlims
3472 5732 3686 5801 gloriam
3734 5732 3880 5799 ejus,

2293 5826 2506 5893 gloriari:
2536 5822 2677 5891 quasi
2713 5820 2967 5894 L'aigt‘nfti
2997 5841 3025 5875 η
3059 5819 3246 5886 Patre,
3278 5824 3478 5893 plexam
3517 5841 3548 5892 ῃ
3580 5826 3694 5879 a'ia'
3725 5838 3771 5878 rt
3801 5841 3881 5879 re-

3574 6142 4046 6468 Α
