4078 6480
235 434 298 489 85
1319 429 1380 484 IN
1421 430 1534 505 JU.\
1548 427 1728 483 tVNI‘ZM
1773 427 1844 484 Ill.

1951 427 1998 481 Ι..
2046 425 2179 481 XIII.
2224 428 2294 482 al.
2339 425 2453 481 XII.
3454 425 3522 475 St}

231 567 263 600 r.
281 550 409 602 tatis.
440 547 540 616 Qui
576 562 708 618 ergo
738 556 813 602 tot
841 547 1178 619 spectaculis,
1213 543 1509 614 hujusamdi
1540 544 1779 598 doctrina
1801 586 1815 608 ,

239 651 378 694 tsnlo
405 656 632 695 munere
656 641 859 712 dignati
886 652 1027 706 sunt,
1061 639 1219 693 vitam
1246 636 1580 708 dogmatibus
1606 636 1820 706 dignam

235 730 520 784 exhibeant
544 735 797 800 oportet,
829 742 883 785 ut
914 731 1014 785 illis
1045 729 1287 783 fruantur
1313 729 1484 782 benis.
1516 727 1644 782 Ideo
1671 743 1823 781 nam-

240 837 336 889 que
363 821 580 877 advenit
615 823 871 880 Dominus
900 833 1080 878 ιιο-ιοι·
1107 822 1262 876 .Icsus
1287 820 1530 876 Christus
1550 862 1564 882 ,
1598 837 1704 875 non
1736 838 1826 874 so-

243 911 346 964 lum
378 922 434 965 ut
463 912 552 967 hic
581 914 698 981 ejus
722 915 966 984 gloriam.
995 911 1088 967 sed
1122 913 1280 968 etiam
1311 921 1366 965 ιιι
1393 911 1620 966 futuram
1652 911 1827 981 videa-

243 1017 376 1056 mus.
423 1004 714 1075 Propterea
762 1005 935 1059 dixit:
979 1004 1100 1059 I’olo
1138 1014 1189 1058 at
1227 1006 1308 1057 ubi
1343 1021 1453 1058 sum
1485 1020 1574 1073 ego
1599 1046 1613 1069 ,
1647 1013 1693 1058 et
1732 1002 1831 1072 ipsi

241 1095 367 1159 sint,
395 1105 448 1148 ut
480 1097 678 1149 rideant
703 1097 916 1166 gloriam
948 1113 1108 1149 meam
1136 1095 1310 1166 (Joan.
1344 1097 1431 1150 I7.
1462 1093 1576 1168 24).
1606 1093 1757 1162 Quod
1784 1096 1828 1150 si

243 1186 354 1241 haec
381 1183 552 1255 gloria
595 1198 701 1242 tam
734 1188 1009 1257 Splendida
1036 1230 1050 1254 ,
1084 1197 1189 1242 tam
1219 1189 1504 1258 couSpiCua
1537 1187 1633 1241 fuit
1658 1230 1672 1252 ,
1706 1186 1829 1255 quid

243 1277 307 1331 de
356 1278 442 1330 illa
489 1276 822 1332 dixerimus?
870 1277 985 1333 Non
1029 1277 1172 1332 enim
1221 1277 1270 1331 in
1317 1287 1457 1331 terra
1504 1277 1832 1346 corruptioni

246 1367 466 1423 obnoxia
503 1368 772 1424 videbitur
795 1411 808 1434 ,
843 1386 946 1424 non
989 1370 1144 1427 nobis
1185 1371 1235 1424 in
1281 1368 1421 1425 llum
1460 1385 1688 1440 corpore
1719 1386 1833 1424 ma-

247 1459 525 1525 nentibus;
559 1459 653 1515 sed
682 1462 733 1514 in
762 1460 1045 1515 immortali
1085 1467 1141 1514 et
1181 1469 1436 1530 perpetua
1471 1469 1713 1513 creatura
1735 1500 1751 1526 ,
1783 1470 1838 1514 et

245 1565 360 1605 cum
383 1558 537 1606 tanto
563 1552 870 1621 splendore.
899 1560 958 1606 ut
986 1551 1133 1606 nullo
1160 1551 1320 1622 possit
1350 1551 1604 1620 explicari
1632 1566 1839 1606 sermo-

247 1658 330 1696 ne.
361 1641 405 1698 Ο
435 1642 580 1698 beati
608 1686 622 1709 ,
657 1655 736 1700 tcr
765 1644 901 1699 beati
931 1686 946 1710 ,
977 1643 1280 1711 smpiusquc
1320 1643 1458 1698 beati
1486 1686 1500 1707 ,
1533 1643 1622 1713 qui
1654 1644 1837 1713 gloria:

248 1733 381 1788 illius
411 1745 748 1815 spectatores
776 1750 896 1791 esse
924 1735 1316 1807 dignabantur!
1349 1735 1421 1790 De
1448 1735 1547 1790 hac
1580 1735 1836 1805 propheta

246 1827 410 1881 dicit:
440 1827 690 1884 Tollatur
732 1830 966 1900 impius,
1009 1845 1077 1884 ne
1129 1830 1308 1885 videat
1353 1830 1575 1899 gloriam
1629 1830 1838 1884 Domini

251 1917 393 1982 (lsai.
418 1919 512 1976 26.
541 1921 630 1976 I0.
656 1924 707 1975 in
732 1921 954 1993 (ἐι-ατο).
982 1921 1086 1977 Sed
1113 1922 1274 1986 absit,
1300 1931 1354 1976 ut
1376 1922 1569 1991 aliquis
1597 1930 1836 1975 nostrum

250 2011 500 2080 tollatur,
535 2029 604 2068 ne
645 2015 788 2072 illam
835 2029 1086 2085 umquam
1133 2013 1328 2068 videat.
1355 2013 1462 2069 Nisi
1508 2015 1650 2068 enim
1695 2015 1838 2069 illam

246 2108 628 2176 eousequuturi
656 2122 899 2162 essemus
921 2149 934 2167 .
963 2118 1262 2177 opportune
1289 2122 1316 2159 a
1349 2108 1502 2165 nobis
1527 2108 1798 2163 diceretur
1825 2125 1839 2161 ε

251 2197 446 2252 IIomtrn
479 2208 598 2254 crat
639 2199 826 2259 nobis.
860 2200 903 2254 si
945 2199 1051 2254 nati
1097 2215 1200 2254 non
1243 2182 1550 2256 fuissemus.
1585 2200 1716 2255 Nam
1748 2216 1846 2256 cur

250 2289 471 2344 vivimus
497 2333 512 2354 ,
543 2307 644 2346 cur
675 2292 1038 2361 reSpiramus?
1068 2292 1193 2362 quid
1224 2306 1411 2347 sumus
1435 2334 1449 2358 ,
1479 2293 1521 2346 si
1554 2292 1646 2348 illo
1675 2293 1846 2361 prive-

250 2396 362 2432 mur
401 2380 669 2450 aspectu?
709 2381 753 2435 si
800 2380 1082 2436 Dominum
1125 2390 1364 2436 nostrum
1399 2397 1556 2438 nemo
1586 2382 1846 2437 concedat

251 2487 496 2544 tnnquam
533 2472 759 2530 videre?
787 2473 915 2530 Nam
960 2475 1005 2530 si
1041 2475 1132 2545 qui
1172 2473 1402 2530 solarem
1428 2474 1599 2530 lucem
1630 2491 1736 2530 non
1763 2476 1843 2530 vi-

247 2561 390 2630 dent,
421 2573 602 2619 morte
630 2565 964 2630 miseriorem
1000 2563 1156 2620 vitam
1184 2565 1418 2635 degunt;
1452 2566 1579 2635 quid
1607 2582 1700 2622 eos
1729 2583 1848 2638 per-

251 2654 346 2720 peti
383 2654 582 2710 crcdas
608 2696 623 2721 ,
656 2655 742 2725 qui
774 2656 864 2709 tali
897 2657 1014 2712 luce
1043 2655 1358 2726 privamur?
1415 2656 1514 2716 Hic
1562 2658 1704 2712 enim
1748 2657 1847 2712 da-

251 2761 426 2808 ummn
449 2747 508 2800 in
535 2744 636 2801 hoc
654 2761 760 2801 uno
777 2755 1007 2815 constat,
1032 2748 1136 2803 illic
1155 2762 1281 2803 vero
1303 2764 1408 2802 non
1427 2749 1549 2803 item
1569 2767 1581 2800 :
1606 2749 1849 2820 quamvis

249 2837 289 2889 si
316 2838 442 2892 illud
472 2839 651 2892 solmn
678 2839 893 2894 adesset
917 2839 1041 2894 mali
1065 2881 1079 2903 ,
1110 2855 1214 2894 non
1247 2855 1345 2909 par
1372 2841 1642 2898 cruciatus
1670 2849 1807 2897 esset
1831 2882 1846 2907 ,

248 2931 336 2985 sed
366 2941 522 2987 tanto
546 2932 776 3003 gravior,
803 2941 1001 3004 quanto
1024 2932 1107 2988 sol
1137 2932 1228 2987 ille
1255 2933 1356 3011 hoc
1382 2941 1567 2988 nostro
1592 2943 1852 3004 pra-stam

1932 544 2034 598 tior
2054 551 2158 598 cst:
2178 557 2358 597 verum
2380 541 2519 595 aliud
2542 555 2752 611 quoque
2770 539 3085 610 supplicium
3106 541 3523 609 exspectandum

1933 645 2034 687 est.
2066 631 2197 687 Nam
2228 632 2272 686 is
2297 631 2385 702 qui
2416 631 2585 685 lucem
2615 631 2757 684 illam
2786 645 2891 684 non
2920 630 3128 700 a~picit,
3163 645 3268 684 non
3299 630 3349 682 in
3379 640 3528 685 teneo

1933 724 2054 778 bras
2080 722 2425 777 abducendus
2451 730 2653 775 tantum
2679 729 2779 779 est.
2808 721 2900 775 sed
2929 732 3189 791 perpetuo
3208 722 3532 775 comburen-

1932 815 2052 879 dus,
2084 816 2153 868 ita
2185 825 2238 868 ut
2270 814 2526 874 tabescat.
2558 813 2809 868 dentibus
2841 810 3096 877 strideat,
3129 813 3531 882 innumerisque

1933 907 2054 960 aliis
2073 906 2352 962 tormentis
2375 906 2712 961 cxcrucietur
2750 904 2825 959 Ne
2851 908 3027 972 itaque
3048 904 3271 959 salutem
3292 914 3527 958 nostram

1937 1001 2006 1055 ita
2038 1009 2446 1056 contemnamus
2472 1041 2487 1066 ,
2517 1009 2575 1053 ut
2613 1014 2708 1069 per
2779 997 3044 1053 rcvissimi
3077 995 3332 1066 temporis
3363 994 3526 1066 negli-

1936 1093 2172 1163 gentiam
2215 1104 2374 1161 atque
2422 1089 2722 1154 desidiam,
2781 1090 2832 1144 in
2881 1097 3140 1143 a-ternum
3187 1087 3532 1155 conjiciantur

1937 1185 2292 1256 supplicium;
2337 1184 2429 1239 sed
2465 1183 2743 1254 vigilemus
2770 1223 2784 1247 ,
2825 1182 2988 1238 sobrii
3028 1183 3195 1236 simus
3219 1223 3235 1249 ,
3267 1181 3396 1235 nihil
3427 1195 3532 1235 non

1938 1292 2156 1347 agamus
2186 1287 2238 1331 ct
2265 1291 2573 1346 operemur,
2608 1285 2664 1330 ut
2698 1275 2801 1330 illis
2829 1273 3067 1329 fruamur
3091 1273 3244 1327 bouis
3270 1316 3284 1338 ,
3314 1288 3379 1329 ac
3408 1289 3531 1341 pro-

1941 1371 2025 1424 cul
2056 1371 2227 1425 simus
2252 1369 2322 1424 ab
2353 1369 2442 1428 illo
2469 1367 2629 1424 ﬂuvio
2654 1367 2832 1439 igneo,
2861 1367 2949 1436 qui
2981 1383 3100 1421 cum
3133 1366 3299 1420 multo
3328 1365 3538 1436 fragore

1943 1463 2071 1516 fluet
2099 1473 2223 1516 ante
2253 1458 2482 1515 tribunal
2513 1458 2860 1515 horrendum.
2891 1456 2988 1525 Qui
3021 1455 3189 1511 semel
3219 1456 3310 1510 illo
3339 1455 3537 1508 incide-

1946 1557 2042 1619 rit,
2094 1554 2164 1608 ibi
2208 1562 2464 1623 perpetuo
2503 1537 2714 1605 maneat
2757 1555 3004 1618 oportet,
3049 1561 3208 1602 nemo
3246 1546 3348 1601 erit
3383 1545 3470 1616 qui
3510 1563 3538 1600 a

1943 1645 2209 1714 supplicio
2233 1643 2458 1714 eripiat,
2489 1658 2594 1698 non
2631 1649 2812 1711 pater,
2842 1655 2947 1694 non
2981 1648 3184 1701 mater.
3217 1652 3320 1691 non
3353 1635 3538 1691 frater.

1948 1739 2059 1793 lloc
2097 1737 2372 1807 prepbetac
2400 1735 2665 1798 clamant;
2699 1731 2991 1788 aliusdicit
3024 1751 3036 1785 :
3072 1730 3252 1788 Frater
3275 1747 3375 1783 non
3402 1729 3542 1781 redi-

1952 1831 2054 1895 nit,
2081 1828 2288 1884 redimet
2318 1827 2467 1881 homo
2496 1824 2514 1897 (
2537 1824 2681 1879 Psal.
2704 1826 2792 1880 48.
2817 1824 2853 1879 8
2873 1824 2925 1893 )?
2957 1822 3203 1878 Ezechiel
3230 1834 3358 1910 vero
3385 1820 3536 1889 quid-

1948 1925 2086 1994 piam
2117 1922 2346 1991 amplius
2373 1912 2538 1974 ell‘ert'
2562 1920 2644 1974 his
2672 1917 2854 1973 verbis
2880 1936 2893 1972 :
2926 1916 2986 1972 Si
3014 1917 3204 1971 steterit
3230 1913 3346 1970 Noe
3373 1926 3418 1968 et
3445 1913 3546 1968 Job

1947 2013 2208 2068 et-Dam’el
2230 2055 2245 2079 ,
2279 2012 2415 2081 ﬁlios
2447 2027 2565 2065 suos
2589 2019 2636 2065 et
2661 2011 2798 2077 ﬁlias
2836 2009 3174 2079 non—eripient
3204 2006 3418 2076 (Ezeclt.
3455 2007 3542 2062 Ib.

1953 2109 2020 2164 14
2067 2117 2112 2160 et
2145 2105 2250 2178 I6).
2285 2105 2458 2162 Unum
2487 2104 2630 2158 enim
2662 2103 2731 2157 ibi
2763 2112 2965 2157 tantum
2990 2101 3160 2170 juvat,
3196 2115 3390 2170 nempe
3415 2114 3546 2169 ope-

1950 2216 2066 2254 rum
2097 2197 2473 2269 patrocinium,
2496 2212 2601 2267 quo
2628 2192 2716 2265 qui
2747 2195 3000 2259 caruerit,
3026 2194 3130 2247 alio
3158 2192 3318 2248 modo
3343 2194 3546 2247 servari

1951 2307 2056 2347 non
2086 2291 2302 2362 poterit.
2336 2290 2460 2344 Ilac
2488 2289 2667 2358 itaque
2698 2294 2954 2357 perpetuo
2987 2294 3261 2344 versantes
3290 2293 3340 2339 et
3371 2285 3547 2339 nobis-

1951 2399 2072 2438 cum
2111 2391 2418 2453 reputantes
2442 2423 2454 2442 ,
2491 2382 2651 2435 vitam
2683 2393 3046 2450 expurgemus
3070 2418 3084 2442 ,
3113 2387 3167 2432 ct
3203 2376 3547 2444 conspicuam

1955 2473 2280 2540 reddamus,
2322 2482 2377 2525 ut
2421 2487 2543 2526 cum
2591 2469 2780 2524 liducia
2824 2468 3101 2522 videmnus
3147 2466 3468 2528 Dominum,
3499 2473 3552 2518 et

1955 2566 2216 2636 promissa
2265 2578 2659 2633 consequamur
2698 2560 2836 2615 bona
2864 2601 2877 2622 ,
2916 2560 3087 2629 gratia
3130 2567 3184 2613 ei
3228 2556 3553 2626 benignitate

1957 2660 2166 2715 Domini
2214 2657 2382 2713 nostri
2428 2655 2553 2712 Jesu
2596 2653 2824 2718 Christi,
2863 2667 2959 2721 per
2996 2665 3156 2721 quem
3196 2659 3248 2704 et
3286 2648 3554 2717 cumquo

1957 2752 2096 2808 I’att‘i
2124 2752 2313 2821 gloria,
2339 2763 2439 2802 una
2465 2762 2583 2802 eum
2615 2754 2803 2800 sancto
2826 2743 3046 2812 Spiritu,
3076 2755 3215 2796 nunc
3239 2751 3292 2796 et
3316 2753 3552 2809 semper,

1954 2857 2006 2900 et
2035 2847 2086 2899 in
2118 2844 2312 2899 Sﬂ‘CItIa
2340 2841 2678 2896 seculorum.
2711 2840 2904 2892 Amen.

272 3052 3542 3084 _____________________________________.___________

1573 3139 1920 3202 HOMILIA
1967 3140 2144 3200 XIII.

253 3282 339 3336 I5.
371 3281 610 3337 Joannes
651 3283 989 3337 testimonium
1030 3282 1252 3353 perbibet
1291 3282 1356 3337 de
1386 3282 1533 3354 ipso,
1576 3292 1623 3336 et
1660 3283 1852 3340 clamat

317 3375 490 3430 (licens
523 3391 543 3428 :
567 3373 668 3428 Hic
695 3385 801 3429 erat
840 3391 985 3446 queat
1025 3375 1133 3429 dixi
1164 3391 1184 3429 :
1216 3374 1317 3442 Qui
1358 3383 1469 3444 post
1510 3390 1588 3427 me
1618 3384 1855 3432 venturus

317 3475 405 3527 cst,
435 3475 562 3519 ante
589 3482 670 3520 me
694 3468 857 3537 {actus
884 3475 978 3527 est,
1012 3467 1132 3534 quia
1160 3465 1300 3534 prior
1329 3481 1408 3520 me
1435 3474 1564 3521 erat.

321 3561 369 3612 I.
398 3560 593 3613 Doctor
636 3575 700 3614 ea:
727 3558 1016 3612 auditorum
1030 3559 1238 3630 segnitie
1254 3547 1517 3629 premium
1533 3575 1632 3614 non
1651 3560 1851 3618 amittit.

259 3649 434 3706 Pastor
454 3652 742 3724 spiritualis
767 3651 1013 3724 quomodo
1035 3651 1224 3707 lttzrere
1252 3650 1426 3704 debeat
1460 3651 1726 3705 animabus
1760 3649 1856 3705 sibi

257 3744 556 3798 rootmissis.
587 3743 859 3797 Audientes
898 3742 1124 3797 stimulat
1161 3739 1567 3814 Cltrysostomus.
1597 3773 1668 3782 -——
1688 3740 1853 3796 Num-

255 3837 374 3904 quid
421 3835 624 3891 frustra
668 3835 971 3899 currimus,
1009 3844 1062 3890 el
1113 3833 1305 3889 frustra
1344 3833 1685 3888 laboramus?
1727 3850 1852 3887 num

256 3945 405 3996 supra
439 3938 628 3999 petras
655 3941 838 3980 semen
863 3925 1126 3994 jacimus?
1155 3941 1280 3980 num
1308 3938 1464 3980 secus
1493 3925 1629 3980 viam
1662 3923 1743 3979 vel
1776 3924 1854 3978 in-

257 4033 333 4075 ter
359 4022 550 4090 Spinas
575 4019 716 4090 jacta
743 4019 943 4074 semina
973 4017 1180 4073 latent?
1209 4017 1412 4071 Anxius
1438 4032 1554 4071 sum
1583 4026 1638 4071 et
1667 4016 1849 4081 timeo,

258 4127 321 4166 nc
366 4111 577 4166 inutilis
615 4109 769 4165 nobis
808 4109 1133 4179 agricultura
1175 4107 1277 4173 sit;
1322 4107 1529 4163 etiamsi
1565 4108 1764 4164 nullum
1798 4107 1854 4162 iu

261 4205 474 4273 hujusce
512 4203 713 4259 laboris
738 4202 986 4259 mercede
1013 4201 1389 4256 detrimentum
1416 4215 1670 4272 passurus
1705 4201 1808 4255 sim
1836 4217 1849 4255 :

258 4310 357 4350 non
382 4297 533 4352 enim
560 4293 746 4350 eadem
773 4293 1096 4360 conditione,
1123 4307 1227 4364 qua
1253 4292 1531 4364 agricolae,
1558 4302 1682 4348 sunt
1704 4291 1851 4348 verbi

257 4385 526 4442 doctores.
559 4385 804 4457 Agricola
833 4385 977 4441 enim
1019 4394 1138 4456 post
1175 4399 1384 4440 annuos
1423 4399 1566 4454 saepe
1601 4384 1810 4441 labores
1836 4425 1850 4450 ,

259 4488 369 4546 post
397 4488 605 4534 tantam
632 4479 902 4534 miseriam
931 4487 987 4535 et
1014 4478 1258 4543 sudores,
1293 4479 1335 4534 si
1367 4489 1506 4533 terra
1538 4478 1668 4534 nihil
1701 4479 1851 4534 labo-

259 4572 397 4625 ribus
429 4570 539 4625 illis
566 4569 782 4641 dignum
816 4569 1029 4637 tulerit,
1059 4585 1088 4625 a
1125 4571 1342 4627 nemine
1368 4570 1472 4625 alio
1504 4571 1698 4639 poterit
1726 4585 1854 4626 con-

257 4663 575 4719 solationem
610 4663 888 4734 accipere;
918 4661 1012 4720 sed
1049 4677 1172 4719 cum
1213 4663 1423 4718 tristitia
1462 4671 1514 4718 et
1549 4662 1756 4733 pudore
1785 4663 1852 4719 ab

258 4768 376 4809 arca
402 4755 624 4810 domum
651 4766 950 4812 revertetur
977 4754 1043 4811 ad
1075 4768 1295 4810 uxorem
1325 4763 1380 4809 et
1416 4754 1556 4810 filios
1581 4797 1596 4818 ,
1627 4763 1788 4825 atque
1821 4770 1850 4809 a

260 4847 474 4905 nemine
499 4846 737 4901 diuturni
778 4846 974 4901 laboris
1015 4846 1314 4902 mercedem
1352 4855 1595 4916 repetere
1635 4847 1848 4916 poterit.

261 4937 419 4992 Nobis
463 4947 645 4993 autem
691 4937 821 4994 nihil
871 4938 1171 5008 bujusmodi
1216 4939 1457 5005 accidet;
1509 4938 1602 4994 sed
1644 4940 1852 4995 etiamsi

259 5033 395 5086 culta
443 5040 582 5086 terra
622 5030 823 5086 nullum
864 5031 1096 5089 fructum
1135 5031 1354 5099 tulerit,
1391 5033 1434 5087 si
1478 5032 1714 5086 laborem
1755 5048 1854 5088 nos

261 5138 470 5179 omnem
497 5122 902 5180 exhibuerimus
923 5165 938 5189 ,
967 5124 1055 5179 ilic
1079 5132 1133 5179 ct
1161 5134 1318 5181 terrie
1344 5133 1398 5179 et
1421 5124 1640 5180 cultoris
1673 5124 1852 5187 Domi-

265 5230 358 5276 tius
387 5231 490 5270 non
519 5215 664 5272 sinet
682 5230 780 5276 nos
805 5231 924 5271 cum
952 5230 1084 5270 vana
1107 5230 1202 5285 spe
1228 5216 1498 5283 recedere,
1526 5215 1620 5271 sed
1651 5230 1853 5275 merce-

261 5303 381 5364 dem
411 5303 629 5364 tribuet.
663 5306 1014 5376 Unusquisque
1038 5307 1193 5374 enim,
1219 5309 1408 5372 inquit,
1437 5310 1697 5377 pmpriam
1723 5325 1854 5363 nter-

263 5398 430 5453 redeas
453 5401 667 5470 accipiet
693 5400 967 5462 secundum
997 5400 1263 5470 proprium
1291 5397 1510 5454 laborem
1540 5399 1617 5468 (Ι.
1646 5397 1764 5454 Cor.
1795 5400 1850 5454 ὅ.

261 5488 339 5560 Β).
362 5503 467 5546 non
488 5491 780 5546 secundum
803 5491 879 5546 rei
903 5491 1080 5545 linem.
1110 5491 1178 5545 Et
1196 5491 1335 5561 quod
1359 5492 1430 5546 ita
1453 5506 1541 5546 res
1557 5506 1616 5546 se
1637 5490 1851 5557 habeat,

265 5580 384 5635 audi
413 5601 428 5638 :
453 5580 522 5638 Ει
550 5591 636 5648 ιιι,
680 5583 879 5654 inquit,
912 5581 1019 5637 Fili
1057 5583 1303 5648 hominis,
1337 5583 1624 5638 testiﬁcare
1656 5583 1852 5652 papulo

269 5670 389 5728 huic
408 5714 422 5738 ,
448 5673 490 5727 si
516 5677 648 5746 forte
670 5674 899 5741 audiant,
923 5677 966 5730 si
997 5679 1128 5746 forte
1155 5675 1440 5744 intelligant
1467 5673 1679 5747 (Ezerlt.
1705 5675 1759 5728 2.
1796 5677 1851 5730 ὅ.

269 5763 345 5833 5).
378 5765 438 5820 Et
463 5781 550 5837 per
576 5765 914 5832 Ezechiclcm
962 5767 1111 5838 (Cap.
1149 5769 1204 5823 5.
1230 5767 1320 5836 l9)
1358 5769 1407 5821 id
1431 5767 1671 5822 ediscere
1697 5768 1849 5822 licet:

267 5855 326 5914 ει
362 5861 658 5930 speculator
696 5862 998 5932 przedixcrit
1019 5902 1036 5928 ,
1071 5861 1194 5933 quid
1228 5863 1436 5932 fugere,
1477 5860 1619 5932 quid
1652 5862 1851 5938 eligere

1961 3290 2252 3350 oporteat,
2278 3280 2510 3340 animiam
2542 3293 2693 3336 suam
2728 3273 2991 3339 liberavit,
3022 3274 3265 3346 quamvis
3293 3288 3457 3329 nemo
3481 3283 3560 3327 at-

1964 3375 2164 3430 tendat.
2193 3363 2440 3427 Attamen
2468 3370 2593 3428 licet
2621 3369 2758 3424 banc
2785 3367 2992 3423 ﬁrmam
3015 3367 3438 3422 consolationem
3464 3365 3560 3420 ba-

1962 3467 2180 3521 beamus
2199 3509 2225 3533 ,,
2246 3466 2368 3521 licet
2406 3464 2472 3519 de
2509 3463 2861 3519 retributione
2905 3459 3133 3516 fidamus
3157 3501 3172 3528 ,
3213 3459 3426 3528 quando
3463 3474 3562 3513 vos

1960 3557 2090 3621 nihil
2131 3571 2295 3627 opere
2337 3555 2596 3624 prolicere
2635 3553 2880 3608 videmus
2905 3593 2920 3616 ,
2954 3550 3120 3605 nihilo
3160 3550 3352 3605 melius
3383 3548 3559 3604 allii-i-

1961 3666 2097 3714 tnur,
2131 3664 2289 3718 quam
2326 3645 2594 3716 agricolc,
2619 3646 2710 3716 qui
2752 3653 2972 3716 gemunt
2998 3654 3047 3699 et
3088 3644 3468 3714 lacrymantur,
3499 3658 3560 3697 ac

1958 3743 2162 3817 pudore
2184 3742 2482 3810 ruborcque
2504 3739 2826 3802 afliciuutur.
2854 3736 2968 3796 Iloe
2990 3736 3225 3790 doctoris
3251 3735 3558 3790 misericvir-

1960 3833 2041 3888 dia
2070 3875 2084 3900 ,
2120 3831 2219 3886 hoc
2251 3831 2416 3902 patris
2444 3845 2571 3885 cura
2610 3839 2713 3885 est.
2748 3829 2955 3883 Etenim
2993 3827 3202 3897 Moyses
3227 3839 3346 3880 cum
3381 3826 3446 3880 ab
3476 3827 3558 3880 in-

1959 3945 2106 4006 grata
2135 3933 2439 3988 Judmorum
2467 3940 2624 4002 gente
2649 3928 2865 3984 liberari
2896 3936 3095 3999 posset,
3120 3925 3559 3996 splendidiusquc

1957 4043 2022 4085 ac
2047 4027 2213 4085 multo
2240 4025 2413 4095 majus
2445 4024 2496 4078 in
2525 4023 2684 4080 aliam
2712 4030 2928 4093 gentem
2959 4020 3242 4090 imperium
3272 4018 3516 4072 obtinere
3542 4035 3554 4073 :

1960 4136 2083 4181 nam
2112 4121 2187 4174 ait
2218 4118 2376 4182 Deus,
2410 4115 2624 4176 Dimitte
2645 4131 2745 4182 me,
2768 4125 2812 4169 et
2841 4112 3014 4168 delebo
3049 4129 3133 4167 eos
3155 4153 3170 4177 ,
3203 4110 3486 4182 fariatuque
3513 4121 3560 4162 te

1957 4215 2013 4266 in
2041 4221 2239 4284 gentem
2264 4211 2359 4265 hac
2386 4212 2630 4280 majorem
2657 4208 2675 4279 (
2698 4206 2850 4268 Exod
2901 4204 2986 4269 '52.
3028 4205 3155 4275 t0);
3189 4203 3310 4273 quia
3341 4210 3558 4255 sanctos

1956 4316 2073 4362 erat
2092 4315 2146 4361 et
2174 4304 2263 4360 Dei
2291 4318 2500 4368 servus,
2524 4302 2647 4372 quia
2671 4315 2796 4360 vere
2821 4298 3027 4361 amicus
3052 4309 3103 4352 et
3132 4296 3337 4367 probus
3354 4296 3392 4361 ί,
3421 4294 3556 4349 Ιιςιιιε

1958 4414 2141 4454 vocem
2172 4413 2238 4452 ne
2261 4395 2443 4453 auditu
2470 4394 2687 4466 quidem
2717 4393 2875 4458 tulit;
2898 4390 2991 4445 sed
3027 4391 3201 4458 perire
3225 4388 3411 4445 maluit
3434 4404 3556 4441 cum

1956 4502 2114 4566 gente
2136 4490 2235 4546 sibi
2267 4489 2435 4546 semel
2465 4486 2691 4552 credita,
2715 4500 2874 4556 quam
2903 4484 3020 4545 sine
3049 4483 3135 4541 illa
3160 4481 3388 4546 servari,
3409 4492 3460 4534 ct
3490 4482 3553 4534 ad

1957 4589 2216 4656 majorem
2242 4583 2552 4654 dignitatem
2575 4579 2798 4636 assumi.
2825 4577 3008 4634 Talem
3038 4583 3250 4646 oportet
3269 4590 3389 4632 eum
3413 4590 3555 4638 e~se,

1956 4680 2040 4739 cui
2067 4679 2365 4734 animarum
2389 4674 2674 4732 commissa
2701 4686 2834 4729 cura
2855 4677 2955 4725 est.
2987 4669 3288 4726 Ahsurdum
3316 4668 3458 4722 enim
3482 4683 3559 4722 es-

1956 4783 2058 4838 set,
2078 4771 2205 4829 dum
2224 4784 2512 4843 pravorum
2536 4767 2768 4825 ﬁliorum
2793 4771 2944 4834 pater
2966 4778 3071 4824 non
3091 4759 3199 4814 vult
3223 4759 3375 4818 alios.
3396 4773 3554 4828 quam

1956 4869 2032 4922 ab
2055 4880 2112 4921 se
2144 4863 2353 4936 genitos
2379 4903 2393 4929 ,
2426 4860 2562 4915 filios
2592 4873 2718 4915 suos
2745 4855 2848 4911 dici
2871 4898 2886 4922 ,
2916 4852 3239 4912 commissos
3268 4851 3557 4920 ἀίει-ἰριιιος

1957 4973 2173 5028 semper
2202 4966 2410 5011 mutare
2431 4994 2452 5020 ι
2475 4967 2538 5010 ac
2566 4967 2706 5007 nunc
2735 4949 2858 5017 hos,
2890 4963 3030 5002 nunc
3061 4947 3196 5001 alios
3222 4987 3235 5008 ,
3267 4956 3557 5014 posteaque

1958 5064 2134 5106 novos
2153 5047 2462 5103 adscribere
2483 5087 2496 5109 ,
2527 5054 2688 5113 atque
2715 5057 2839 5111 erga
2865 5039 3038 5094 nullos
3064 5037 3304 5094 amicitia
3323 5035 3558 5096 benevo-

1959 5141 2226 5210 Ieutiaque
2248 5137 2410 5192 allici.
2436 5136 2635 5195 Verum
2656 5133 2792 5188 absit
2824 5143 2879 5186 ut
2902 5131 3022 5190 talia
3043 5130 3110 5186 de
3133 5127 3286 5186 vobis
3308 5142 3556 5196 umquam

1957 5231 2313 5300 suspicemur.
2347 5226 2681 5283 Conlidimus
2709 5224 2852 5278 enim
2884 5237 2980 5277 vos
3008 5220 3178 5291 magis
3203 5219 3473 5275 abundare
3506 5219 3558 5271 in

1961 5325 2064 5378 Iidc
2111 5324 2161 5376 in
2212 5322 2493 5377 Dominum
2542 5328 2783 5373 nostrum
2829 5315 3013 5371 Jcsum
3062 5314 3365 5374 Christum,
3407 5320 3462 5366 et
3508 5313 3558 5363 in

1958 5417 2180 5470 caritate
2216 5423 2401 5468 mutua
2428 5427 2555 5481 erga
2582 5426 2767 5464 omnes
2805 5409 2896 5480 (2.
2925 5407 3042 5462 Cor.
3072 5406 3126 5461 8.
3157 5408 3185 5459 7
3211 5407 3250 5474 ).
3286 5405 3411 5459 IIa-c
3437 5420 3562 5457 vero

1958 5507 2188 5564 dicimus
2219 5516 2275 5563 ut
2302 5504 2536 5559 studium
2566 5511 2803 5561 vestrum
2831 5515 3122 5569 augeamus
3149 5541 3164 5563 ,
3195 5508 3251 5553 et
3282 5497 3402 5550 vita:
3433 5511 3561 5564 pro-

1962 5599 2179 5653 bitatem
2211 5597 2261 5651 in
2293 5597 2410 5651 dies
2435 5609 2745 5650 accrescere
2770 5606 3042 5647 curemus.
3073 5592 3163 5645 Sic
3184 5589 3325 5644 enim
3351 5586 3415 5642 ad
3443 5601 3560 5637 ver-

1962 5691 2149 5745 borum
2179 5689 2434 5750 bormncc
2463 5683 2786 5748 profundum
2819 5691 2999 5738 mente
3032 5671 3332 5751 pertingere
3362 5674 3557 5749 poteri-

2028 5871 2045 5900 ι
2082 5867 2136 5918 In
2162 5863 2326 5916 Morel.
2358 5863 2555 5926 legitur,
2583 5859 2694 5924 quia
2719 5872 2828 5912 rere
2846 5871 3009 5911 servus
3034 5863 3079 5908 et
3103 5850 3300 5922 probus.
