4046 6470
580 381 645 434 87
1316 379 1366 432 ὃ.
1410 376 1693 431 JUANMS
1736 369 2222 428 CIIIH'SUSTOMI
2265 367 2576 422 .tlttlllllil’.
2622 367 3155 424 CONSTAN'IINOI'.
3785 377 3858 428 33

581 497 672 559 tis,
698 495 740 548 si
771 495 917 549 nulla
945 493 1197 561 nequitiae
1225 491 1489 560 lippitudo
1517 491 1707 544 oculos
1733 491 1928 544 mentis
1954 498 2146 542 vestra:

581 585 856 649 obscuret,
917 585 1147 654 ejusque
1181 584 1648 654 perspicuis-tem
1683 582 1960 636 obturbet.
2003 579 2142 646 Quid

582 677 747 742 igitur
777 675 936 732 nobis
957 676 1117 732 hodie
1147 678 1470 746 proponitur
1494 674 1764 730 annnes
1791 674 2144 728 testimonium

577 767 804 836 perhibet
823 768 887 823 de
909 770 1044 838 ipso,
1066 779 1112 822 et
1133 769 1328 822 clamat
1351 769 1562 822 dicens:
1587 766 1684 820 llic
1707 776 1821 820 erat
1836 783 1984 837 quem
2007 765 2144 818 dixi:

577 859 678 925 Qui
702 870 815 927 post
845 877 925 913 me
955 861 1115 925 venit,
1154 870 1274 913 ante
1303 877 1381 913 me
1410 860 1582 927 [actus
1611 870 1708 923 est,
1734 860 1854 928 quia
1886 860 2032 927 prior
2064 873 2145 910 me

577 960 711 1005 erat.
748 952 902 1022 Sa‘pe
945 951 1028 1005 hic
1061 953 1390 1020 evangelista
1419 949 1683 1004 Joannem
1717 952 1859 1003 ultro
1893 949 2142 1017 citroque

577 1051 774 1102 versat,
792 1045 1017 1112 ejnSfIne
1041 1043 1403 1094 ιιιςιίιιιιιιιίιιαιι
1431 1042 1766 1098 circumfert.
1795 1041 1848 1095 Id
1882 1057 2012 1095 vero
2034 1055 2146 1094 non

563 1133 678 1186 sine
721 1148 876 1186 causa
902 1174 916 1195 ,
950 1131 1042 1186 sed
1085 1129 1370 1183 admodum
1411 1126 1697 1196 prudenter
1737 1136 1970 1196 prastat.
2009 1125 2141 1192 Quia

563 1225 704 1276 eiiim
734 1223 902 1278 Judzci
933 1223 1100 1276 virum
1133 1237 1291 1290 supra
1322 1220 1534 1274 modum
1567 1219 1893 1274 mirabantur
1919 1217 2061 1288 (iam
2089 1228 2144 1272 et

561 1312 822 1382 Jusephus
849 1328 912 1368 ex
940 1313 1056 1381 ejus
1084 1327 1212 1367 nece
1237 1310 1432 1365 bellum
1461 1319 1634 1362 ortum
1665 1319 1866 1373 narrat,
1899 1310 2142 1379 illiusque

561 1405 673 1458 neci
726 1404 1084 1474 Inetrnpolcos
1127 1404 1388 1459 excidium
1438 1402 1694 1455 adscribit
1726 1402 1798 1471 (a)
1826 1443 1838 1465 ,
1879 1416 1940 1455 ac
1985 1401 2140 1469 longo

559 1514 803 1552 sermone
837 1498 1018 1552 laudes
1045 1497 1160 1565 ejus
1191 1495 1582 1566 prosequitur),
1615 1507 1663 1547 ut
1697 1493 1910 1548 Judazos
1938 1492 2140 1562 pudore

557 1590 845 1654 snti'undat,
864 1588 1139 1644 Prodromi
1169 1588 1524 1642 testiinonium
1549 1587 1648 1640 iliis
1671 1585 1975 1655 frequenter
1993 1599 2142 1638 cont-

557 1691 832 1733 memorat.
869 1676 935 1733 Et
962 1678 1050 1734 alii
1082 1677 1290 1748 quidem
1321 1677 1694 1746 evangelista),
1731 1677 1866 1731 facta
1897 1685 2147 1730 veterum.

558 1773 934 1839 prophetarum
964 1770 1250 1834 mentione,
1276 1769 1340 1823 ad
1369 1768 1572 1838 singula
1598 1778 1743 1840 gesta
1765 1783 1832 1824 eo
1860 1769 2139 1823 remittunt

556 1855 848 1908 auditorem
879 1872 892 1909 :
920 1868 984 1908 ac
1023 1854 1234 1923 quando
1265 1863 1420 1907 natus
1448 1863 1530 1908 est
1569 1853 1750 1908 dicunt
1782 1870 1795 1907 :
1829 1851 1940 1907 Hoc
1969 1863 2138 1906 autent

555 1953 710 1995 totum
750 1946 942 2014 factum
986 1953 1097 2008 est,
1125 1954 1178 1998 ut
1221 1944 1514 2014 impleretur
1557 1945 1692 2014 quod
1729 1945 1916 1998 dictum
1945 1955 2016 1999 est
2047 1961 2137 2015 per

555 2035 740 2087 tsaiam
769 2036 1066 2104 prophetam
1094 2036 1337 2089 dicentem
1360 2054 1379 2090 :
1403 2036 1534 2092 Ecce
1569 2037 1721 2107 Virgo
1748 2038 1800 2090 in
1829 2047 1968 2091 utero
1990 2035 2136 2090 liabe-

551 2124 639 2190 bit,
669 2138 714 2180 et
743 2128 902 2194 pariet
929 2128 1089 2195 ﬁlium
1112 2127 1322 2196 (Matth.
1357 2129 1378 2182 ί
1415 2127 1528 2183 .23.
1553 2128 1642 2185 23.
1685 2127 1810 2182 Isai.
1843 2129 1895 2182 7.
1925 2130 2036 2199 Μ).
2067 2128 2134 2183 ΕΙ.

551 2235 670 2271 eum
713 2218 920 2274 insidiis
957 2229 1334 2289 appeterctur,
1371 2231 1426 2276 et
1465 2222 1536 2276 ita
1574 2222 1858 2292 diligenter
1901 2221 2131 2292 undique

551 2309 984 2378 pcrquireretur,
1025 2320 1082 2365 ut
1127 2311 1405 2366 immatura
1448 2314 1607 2368 etiam
1653 2324 1782 2369 mtas
1822 2315 1889 2369 ab
1922 2314 2132 2368 Herode

544 2399 894 2468 jngularetur,
929 2400 1213 2457 Jercmiam
1246 2403 1390 2458 iZlum
1423 2405 1551 2460 olim
1583 2404 1896 2474 pmphetam
1930 2407 1980 2460 in
2011 2421 2127 2461 me-

548 2489 692 2542 dimn
736 2489 1002 2544 adducunt
1038 2491 1301 2548 dicentem
1336 2511 1348 2546 :
1391 2492 1504 2548 Vox
1533 2496 1585 2549 in
1616 2496 1781 2550 Itama
1810 2498 1987 2550 audita
2015 2505 2088 2550 est
2109 2538 2125 2562 ,

549 2579 857 2646 tantentatio,
885 2581 1111 2650 ploratus
1140 2593 1184 2636 et
1213 2583 1441 2640 ululatus
1464 2586 1670 2650 multus,
1699 2585 1894 2643 Rachel
1920 2587 2127 2657 plorans

548 2668 682 2735 [ilics
707 2688 822 2725 suos
851 2671 983 2740 (Jer.
1013 2674 1100 2728 5|.
1134 2673 1222 2744 l5)
1248 2689 1262 2737 ;
1294 2685 1348 2730 et
1375 2692 1495 2730 cum
1524 2691 1594 2731 ex
1625 2675 1858 2749 Egypto
1890 2678 2086 2734 rediret
2109 2719 2124 2745 ,

546 2761 735 2815 Oscam
779 2762 1049 2831 proferunt
1091 2765 1168 2820 sic
1208 2765 1513 2836 loquentem
1541 2808 1554 2832 ,
1584 2768 1668 2822 Ea:
1697 2768 1926 2841 zEgypto
1955 2771 2126 2825 vocavi

544 2853 705 2919 ﬁliam
753 2871 914 2908 meum
956 2855 1125 2928 (Osee
1167 2857 1252 2918 ιι.
1299 2859 1358 2930 1)
1397 2876 1411 2913 :
1452 2870 1504 2915 et
1545 2861 1737 2930 ubique
1767 2862 1831 2916 ad
1878 2863 2015 2917 hunc
2045 2862 2122 2918 fa.

542 2945 688 2998 ciunt
727 2947 959 3001 modum.
1002 2948 1098 3003 llie
1123 2965 1250 3004 vero
1271 2993 1285 3016 ,
1319 2960 1500 3021 utpote
1529 2954 1620 3022 qui
1658 2954 1935 3008 sublimius
1964 2971 2122 3024 quam

543 3037 628 3089 alii
665 3037 940 3107 lo-piatur,
967 3041 1159 3096 clarius
1186 3053 1343 3112 atque
1374 3045 1640 3100 recentius
1669 3046 1943 3115 proferens
1974 3049 2123 3102 testi-

543 3128 777 3182 inonium
801 3171 813 3192 ,
844 3146 948 3184 non
978 3142 1213 3187 mortuos
1244 3143 1444 3190 tantum
1465 3176 1478 3199 ,
1508 3136 1598 3190 sed
1629 3145 1685 3190 et
1712 3137 1974 3192 viventem
1993 3179 2006 3201 ,
2031 3139 2118 3207 qui

540 3232 662 3270 eum
693 3230 744 3271 et
776 3230 1087 3287 pra-sentem
1119 3223 1425 3278 ostenderat
1449 3235 1502 3280 et
1530 3225 1904 3294 baptizaverat,
1936 3228 1986 3282 in
2016 3243 2120 3283 me-

537 3305 681 3360 dium
725 3307 1030 3378 frequenter
1065 3313 1316 3379 adducit;
1357 3331 1462 3369 non
1507 3333 1612 3387 quo
1657 3318 1934 3373 Dominum
1977 3322 2116 3376 servi

539 3399 843 3452 leslitttonio
874 3400 977 3456 fide
1005 3402 1223 3472 dignum
1251 3407 1625 3476 comprobaret
1650 3450 1664 3475 ,
1693 3408 1786 3464 sed
1823 3420 1879 3464 ut
1904 3411 2113 3465 audito-

536 3508 650 3546 rum
680 3493 970 3550 inﬁrmitati
1010 3511 1068 3551 se
1095 3507 1493 3567 attemperarct.
1523 3499 1670 3556 Sicut
1698 3503 1839 3556 enim
1872 3503 1969 3558 nisi
2001 3503 2112 3558 for-

536 3599 673 3638 mam
723 3587 858 3640 servi
911 3589 1245 3658 accepisset,
1296 3608 1416 3648 non.
1449 3604 1698 3664 acceptus
1743 3595 2114 3668 admissusque

536 3677 720 3732 fuisset
741 3697 754 3730 :
779 3681 854 3733 sic
885 3681 982 3734 nisi
1012 3683 1149 3735 servi
1183 3698 1313 3738 voce
1338 3700 1716 3741 conservorum
1746 3704 1903 3744 aures
1933 3705 2115 3746 assue-

535 3769 786 3834 fecisset,
817 3774 1048 3828 niaxima
1083 3790 1203 3844 pars
1245 3775 1550 3833 Judgcornm
1577 3782 1855 3843 ,sermoni
1889 3798 1992 3837 non
2019 3783 2107 3840 oh-

533 3871 898 3933 temperasset.

597 3961 654 4010 2.
697 3956 798 4010 Cur
831 3968 874 4011 et
905 3960 1155 4028 quomodo
1180 3959 1404 4015 Joannes
1437 3962 1662 4033 Baptista
1693 3963 1946 4020 Christum
1981 3984 2110 4037 prte-

530 4048 679 4100 dicet.
701 4079 770 4087 —
791 4050 869 4102 Ad
899 4048 1012 4105 hate
1037 4051 1178 4106 aliud
1208 4054 1565 4123 apparabatur
1591 4071 1837 4127 magnum
1868 4070 1920 4113 et
1951 4060 2108 4112 mita-

529 4139 656 4195 bile.
685 4141 816 4209 Quia
862 4143 1042 4209 enim,
1087 4144 1173 4213 qui
1218 4145 1284 4200 de
1327 4146 1505 4215 seipse
1544 4163 1792 4218 magnum
1837 4150 2106 4219 quidpiam

527 4229 716 4296 εαξη,
757 4242 1036 4301 suspectus
1077 4243 1192 4298 est,
1235 4245 1288 4289 et
1325 4236 1624 4290 auditorum
1671 4239 1928 4307 plurimos
1966 4256 2110 4309 sa‘pe

527 4321 780 4388 offendit;
810 4323 927 4380 ideo
951 4326 1086 4379 alius
1112 4329 1175 4380 de
1204 4328 1292 4382 illo
1319 4329 1692 4408 testiﬁcaturnq
1712 4332 1936 4387 accedit.
1962 4335 2108 4388 Alio-

525 4415 650 4484 quin
679 4424 854 4469 autem
881 4457 895 4482 ,
926 4416 1045 4486 quia
1078 4419 1214 4473 soiet
1243 4420 1522 4474 multitudo
1560 4421 1625 4475 ad
1657 4421 1967 4478 familiarem
2005 4425 2104 4480 sibi

522 4515 575 4559 et
601 4505 830 4559 innatam
859 4522 1040 4562 vocem
1071 4524 1373 4577 accurrere,
1404 4520 1584 4580 mpote
1608 4529 1764 4584 quam
1792 4516 1982 4570 melius
2010 4531 2104 4570 no-

524 4597 694 4651 verint
721 4614 736 4652 :
767 4597 886 4650 ideo
918 4612 1014 4651 vox
1057 4597 1123 4652 de
1163 4600 1294 4653 cado
1323 4601 1487 4655 semel
1528 4611 1619 4655 aut
1661 4603 1740 4657 bis
1769 4603 1944 4658 audita
1979 4615 2061 4661 est
2083 4647 2099 4670 ,

519 4701 622 4738 vox
675 4701 800 4741 vero
845 4685 1065 4741 Joannis
1112 4689 1558 4758 frequentissime.
1608 4692 1737 4747 Nam
1786 4695 1874 4763 qui
1921 4698 2102 4766 populi

522 4776 933 4831 imbecillitatem
975 4781 1331 4847 superabant,
1373 4793 1427 4837 et
1466 4799 1494 4835 a
1537 4786 1820 4840 sensilibus
1856 4790 2102 4843 omnibus

517 4870 748 4937 exempti
781 4880 952 4933 erant,
989 4871 1180 4941 quique
1209 4888 1492 4942 supernam
1527 4892 1709 4932 vocem
1737 4879 1922 4935 audire
1954 4889 2100 4950 pote-

515 4969 669 5020 rant,
700 4976 802 5013 non
829 4960 1113 5016 admodum
1147 4979 1279 5034 opus
1311 4965 1573 5021 hauebant
1605 4971 1833 5024 humana
1860 4989 1872 5034 ;
1905 4974 2100 5042 quippe

508 5043 600 5132 μυί
627 5048 747 5105 huic
766 5055 982 5105 omnino
1003 5053 1458 5124 obtemperabant,
1480 5069 1529 5113 et
1552 5061 1617 5112 ab
1640 5061 1722 5114 illa
1747 5061 2094 5118 ducebantur.

518 5139 616 5204 Qui
670 5158 792 5196 γει-υ
827 5144 996 5198 adhuc
1028 5146 1167 5200 circa
1211 5147 1386 5201 intima
1427 5153 1806 5219 versabantur,
1839 5163 1895 5208 et
1932 5154 2097 5208 multa

579 5299 650 5359 (ιι)
674 5298 812 5380 Quod
831 5299 909 5347 hic
932 5300 1053 5380 Idicit
1077 5303 1466 5380 _Clrr)'sestoiiiiis,
1491 5309 1751 5380 .tosejinim
1775 5314 2095 5380 Jerosolymo-

515 5373 620 5429 rum
656 5362 898 5410 excidium
922 5365 1116 5435 Joannis
1139 5362 1357 5426 Baptistae
1393 5362 1500 5417 neci
1536 5362 1834 5435 adscribere,
1864 5362 2093 5426 nomon-n-

517 5427 890 5498 innoconsonat
923 5436 1032 5498 cum
1081 5425 1139 5498 iis
1170 5441 1277 5488 quae
1311 5438 1472 5498 narrat
1504 5439 1629 5492 Josej
1650 5434 1741 5498 bus
1775 5425 1924 5492 l.'t8,
1951 5425 2090 5498 cati,

515 5485 592 5551 ubi
610 5485 756 5551 dicit,
781 5491 932 5532 totum
968 5488 1167 5535 Herodis
1188 5485 1459 5551 exercitum
1483 5485 1663 5543 ausum
1695 5495 1847 5546 fuisse
1872 5485 1932 5547 ab
1945 5485 2090 5551 hre'ta

517 5546 700 5612 Arabia;
727 5552 922 5594 Petra-te
941 5560 1064 5608 rege
1085 5561 1096 5596 :
1126 5558 1177 5597 et
1202 5548 1320 5599 hanc
1339 5553 1542 5610 cladem,
1560 5567 1828 5607 nouantem
1849 5546 2090 5612 excidium

512 5605 930 5673 Jt-rosolymorum,
957 5605 1158 5673 Joannis
1199 5616 1416 5672 Baptista:
1451 5605 1555 5664 neci
1591 5605 1830 5669 adscribit.
1855 5605 2088 5673 36.71113

515 5675 802 5743 inritantem
827 5672 952 5718 inter
979 5672 1105 5720 viros
1134 5672 1302 5743 doctos
1325 5678 1415 5743 qui
1453 5678 1577 5727 llttltC
1601 5683 1800 5743 aesephi
1826 5684 1889 5732 de
1908 5672 2088 5736 Joanne

511 5729 714 5796 baptista
754 5730 905 5779 locum
940 5741 1219 5805 snSpectuin
1263 5729 1486 5808 habt-ant.
1523 5741 1612 5791 sed
1650 5729 1751 5792 haec
1787 5729 2083 5810 ΐιιὲίυεξῖἆέιζ

515 5803 651 5848 sequi
690 5806 779 5839 non
817 5802 889 5842 est
925 5798 1184 5856 pucsentis
1210 5797 1429 5849 instituti.

2259 489 2587 533 terrenarum
2621 494 2796 531 rerum
2827 479 3052 550 ealigine
3087 481 3476 549 obtegebantur
3499 524 3514 547 ,
3548 484 3646 539 hac
3675 485 3861 540 hutm-

2258 569 2391 625 liore
2416 569 2637 636 egebant
2670 585 2816 623 Voce.
2849 570 2936 624 Sic
2958 586 3086 640 ergo
3113 571 3348 626 Joannes
3369 614 3381 628 .
3412 574 3531 643 quia
3560 577 3858 632 sensilibus

2254 677 2313 718 se
2339 663 2568 734 undique
2593 665 2759 727 exuit,
2787 665 3054 735 magistris
3085 665 3389 722 hominilms
3412 671 3427 699 ¹
3452 685 3585 738 opus
3611 688 3716 724 non
3745 671 3853 725 ha-

2254 753 2387 818 buit,
2420 755 2513 810 sed
2545 771 2609 810 ex
2638 756 2770 812 cado
2800 758 3042 812 eruditus
3068 769 3168 813 est.
3203 759 3331 813 Nam
3361 762 3453 825 ait,
3483 761 3580 828 Qui
3609 764 3741 816 misit
3770 781 3858 818 me

2254 845 2510 914 baptizare
2545 846 2596 899 in
2636 863 2769 916 aqua
2793 887 2806 908 ,
2848 847 2934 901 ille
2976 849 3101 902 mihi
3142 849 3311 904 dixit:
3338 849 3506 921 Super
3532 870 3678 920 quem
3711 855 3846 907 vide-

2252 936 2323 989 ris
2361 935 2610 1006 Spiritum
2650 935 2746 991 Dei
2784 939 3161 993 (incendentem
3185 982 3200 1002 ,
3247 941 3329 994 hic
3372 950 3464 996 est.
3505 941 3671 998 Juda-i
3717 961 3855 998 vero

2250 1026 2424 1080 adlmc
2469 1026 2734 1094 infantes,
2766 1028 2856 1099 qui
2904 1028 2968 1084 ad
3014 1029 3349 1085 altitudinem
3400 1031 3542 1086 illam
3582 1035 3854 1103 attingere

2251 1119 2485 1172 nondum
2531 1131 2812 1189 poterant,
2853 1122 3121 1178 hominem
3177 1123 3444 1180 habebant
3489 1128 3802 1198 magistrum
3833 1171 3850 1192 ,

2250 1223 2354 1262 non
2399 1224 2493 1263 sua
2525 1210 2602 1264 eis
2627 1252 2640 1274 ,
2671 1209 2764 1265 sed
2802 1211 3032 1266 c.1~lcstia
3077 1215 3504 1269 annuntiantem.
3545 1218 3678 1283 Quid
3712 1235 3850 1288 ergo

2249 1297 2333 1351 hie
2359 1299 2631 1370 loquitur?
2657 1300 2776 1371 Ipse
2798 1303 3133 1356 testimonium
3155 1306 3379 1375 perhibet
3401 1308 3464 1360 de
3484 1324 3561 1372 eo,
3587 1319 3634 1361 et
3653 1311 3849 1364 clamat

2246 1389 2435 1442 dicen...
2465 1391 2602 1458 Quid
2629 1392 2728 1446 sibi
2754 1394 2858 1447 vult
2889 1395 3037 1460 illud,
3064 1394 3305 1450 Clamat?
3325 1396 3454 1452 Cum
3481 1400 3691 1464 fiducia,
3715 1417 3845 1456 eum

2246 1480 2491 1538 libertate
2511 1525 2525 1548 ,
2558 1486 2700 1539 omni
2731 1487 2936 1556 abjecta
2965 1487 3248 1544 formidine
3277 1492 3554 1560 ιιιωάἱοειι.
3586 1493 3721 1561 Quid
3756 1505 3843 1550 te-

2243 1583 2415 1629 statur
2444 1587 2497 1631 ct
2521 1576 2749 1633 clamat?
2780 1577 2881 1632 llic
2907 1590 3036 1646 erat,
3063 1581 3254 1652 inquit,
3277 1600 3424 1653 quem
3453 1585 3579 1648 dixi,
3610 1588 3695 1653 qui
3724 1599 3842 1655 post

2244 1685 2323 1723 me
2347 1674 2496 1736 venit,
2527 1680 2646 1724 ante
2667 1688 2746 1726 me
2767 1672 2932 1741 [actus
2955 1681 3047 1740 est,
3071 1675 3190 1743 quia
3217 1675 3358 1744 prior
3380 1693 3458 1728 me
3481 1687 3607 1730 erat.
3633 1677 3840 1732 Obscu-

2243 1775 2360 1814 rum
2400 1770 2482 1816 est
2513 1763 2873 1818 testimonium
2899 1761 2921 1830 ,'
2947 1774 3000 1818 ct
3028 1765 3204 1821 adlmc
3235 1766 3391 1822 valde
3422 1768 3623 1826 humile
3651 1785 3711 1823 ac
3740 1769 3842 1824 de-

2241 1851 2484 1908 missum.
2526 1851 2641 1908 Non
2667 1855 2808 1909 enim
2833 1855 2972 1909 dixit
2997 1899 3010 1921 ,
3043 1856 3138 1911 llic
3163 1867 3246 1912 est
3277 1857 3442 1914 Fiiius
3477 1860 3567 1914 Dei
3597 1860 3841 1931 unigeni-

2243 1952 2326 1997 tus
2349 1944 2368 1974 ’
2396 1962 2408 1998 :
2443 1943 2536 1999 sed
2567 1944 2733 2012 quid?
2767 1944 2864 1999 llic
2890 1956 2998 1999 erat
3033 1964 3177 2015 quem
3210 1949 3320 2003 dixi
3344 1992 3357 2012 ,
3387 1952 3476 2022 qni
3515 1961 3624 2020 post
3661 1954 3791 2006 venit
3818 1996 3834 2016 ,

2237 2043 2355 2089 ante
2379 2053 2455 2089 me
2473 2037 2639 2106 factus
2666 2048 2760 2106 est,
2793 2041 2910 2110 quia
2940 2041 3081 2109 prior
3109 2057 3187 2095 me
3215 2054 3340 2096 erat.
3370 2044 3834 2134 Quemadmodum

2237 2129 2379 2182 enim
2406 2130 2731 2186 avieularum
2771 2141 2968 2188 matres
3005 2135 3179 2204 pullos
3206 2151 3334 2191 suos
3373 2152 3477 2192 non
3517 2129 3696 2193 statim
3732 2155 3836 2196 nec

2239 2233 2344 2273 uno
2384 2219 2470 2275 die
2500 2221 2707 2277 volandi
2738 2231 2906 2278 artem
2948 2234 3108 2278 totam
3150 2226 3379 2282 educent
3399 2271 3413 2293 ,
3440 2229 3532 2283 sed
3565 2230 3736 2299 primo
3763 2246 3832 2285 ex

2237 2311 2362 2364 nido
2389 2311 2622 2368 educunt
2651 2323 2876 2379 tantum,
2903 2315 3097 2372 deinde
3125 2334 3152 2371 ιι
3183 2319 3359 2373 volatu
3391 2322 3728 2390 requiescere
3757 2323 3833 2376 si-

2237 2415 2390 2468 nunt,
2419 2414 2536 2474 post
2560 2406 2884 2462 advolatum
2909 2420 3182 2476 exercent,
3209 2411 3400 2482 dieque
3421 2425 3631 2483 postera
3660 2417 3831 2472 multo

2235 2497 2644 2566 majusvnlandi
2675 2501 2988 2556 exercitium
3015 2503 3239 2572 addunt,
3272 2507 3456 2574 sicque
3487 2509 3734 2578 paulatim
3764 2527 3831 2566 ac

2233 2589 2430 2644 sensim
2474 2590 2541 2644 ad
2591 2603 2974 2662 congruentem
3029 2595 3364 2652 altitudinem
3411 2598 3645 2655 educunt
3693 2619 3706 2654 :
3753 2603 3832 2656 ita.

2235 2682 2419 2737 beatus
2445 2683 2676 2740 Joannes
2709 2701 2813 2740 non
2843 2687 3023 2742 statim
3054 2687 3120 2744 ad
3152 2690 3396 2745 sublimia
3426 2691 3638 2748 .i‘udzeos
3665 2693 3826 2749 dedu-

2231 2773 2342 2837 xit;
2373 2775 2466 2828 sed
2497 2776 2764 2846 paululum
2787 2793 2817 2833 e
2847 2788 2987 2834 terra
3014 2780 3194 2837 educit
3216 2793 3268 2838 ct
3294 2784 3473 2839 volare
3495 2784 3668 2849 docet,
3698 2803 3823 2842 eum

2229 2863 2302 2916 ait
2327 2905 2341 2925 ,
2368 2863 2638 2920 Christum
2665 2882 2721 2922 se
2749 2868 3026 2925 meliorem
3061 2887 3200 2927 esse.
3234 2871 3418 2944 Neque
3448 2876 3591 2930 enim
3634 2891 3821 2946 parum

2229 2950 2442 3007 interim
2493 2955 2623 3009 illml
2665 2966 2813 3022 erat,
2849 2959 2992 3027 quod
3029 2961 3301 3018 auditores
3343 2964 3563 3021 credere
3603 2979 3824 3037 possent

2230 3043 2401 3107 illum,
2431 3046 2518 3115 qui
2549 3048 2783 3103 nondum
2816 3049 2961 3105 visus
2989 3051 3195 3121 fuerat,
3228 3070 3324 3110 nec
3355 3056 3604 3111 miracula
3633 3060 3821 3115 edide-

2173 3155 2180 3170 ι
2227 3144 2326 3196 rat,
2349 3150 2468 3190 esse
2491 3137 2744 3205 majorem
2765 3139 2990 3200 Joanne.
3014 3152 3118 3197 tam
3145 3145 3370 3201 mirabili
3393 3159 3446 3202 et
3469 3148 3657 3204 illustri
3683 3153 3818 3215 viro,

2223 3225 2288 3277 ad
2319 3243 2476 3295 quem
2505 3245 2693 3284 omnes
2717 3235 3072 3289 accurrebant
3092 3277 3108 3302 ,
3137 3254 3401 3308 qnctnque
3428 3244 3672 3310 angelum
3698 3259 3821 3298 esse

2225 3319 2499 3384 putabant.
2534 3319 2749 3378 Interim
2784 3341 2914 3380 vero
2952 3327 3000 3381 id
3041 3329 3342 3385 auditorum
3371 3334 3565 3389 animis
3592 3337 3819 3393 suadere

2222 3411 2515 3466 conabatur
2537 3454 2553 3481 ,
2583 3429 2730 3481 eum,
2762 3415 2831 3474 de
2859 3435 2965 3487 quo
2998 3423 3362 3478 testimonium
3395 3427 3777 3495 perhibebatur
3801 3473 3817 3497 ,

2221 3504 2534 3572 perhibente
2569 3506 2826 3578 majorem
2864 3525 3006 3577 esse,
3044 3529 3114 3568 eo
3156 3515 3244 3584 qui
3279 3516 3390 3584 jam
3428 3530 3646 3575 venerat
3691 3537 3818 3576 eum

2220 3595 2307 3662 qni
2337 3605 2591 3652 venturus
2621 3609 2769 3666 erat,
2799 3604 3089 3672 conspicuo
3115 3615 3173 3659 et
3199 3605 3390 3662 illustri
3417 3624 3538 3663 eum
3564 3613 3654 3682 qui
3684 3629 3821 3668 non-

2219 3685 2346 3738 dum
2373 3699 2688 3756 apparuerat
2719 3705 2840 3746 esse
2866 3695 3316 3762 pra-stantiorem.
3349 3699 3483 3756 Vide
3507 3718 3664 3771 quam
3691 3719 3810 3774 pru-

2219 3775 2409 3830 denter
2440 3779 2798 3836 testimoninm
2843 3783 3098 3852 proferat.
3139 3787 3251 3841 Non
3295 3802 3612 3856 prtesentem
3655 3796 3820 3849 modo

2217 3869 2469 3936 ostendit,
2489 3871 2583 3927 sed
2603 3883 2889 3945 antequam
2909 3891 3164 3948 appareat
3188 3881 3460 3950 prwdieat.
3489 3884 3620 3941 Illud
3644 3889 3810 3952 enim,

2224 3959 2317 4013 Hic
2358 3971 2429 4016 est
2469 3980 2616 4027 quem
2655 3966 2798 4033 dixi,
2847 3967 2896 4022 id
2939 3971 3201 4040 signiﬁcat
3228 4015 3241 4039 ,
3274 3981 3723 4046 quemadmodum
3759 3997 3815 4037 et

2217 4049 2494 4107 Manlia-us
2533 4053 2607 4108 ait
2640 4053 2939 4113 :Omnibns
2978 4062 3067 4130 qui
3113 4063 3177 4117 ad
3230 4080 3288 4120 se
3330 4069 3614 4124 veniebant
3661 4074 3812 4128 dice-

2215 4139 2304 4193 bat
2336 4160 2348 4193 :
2383 4141 2490 4210 Ego
2519 4144 2719 4214 quidem
2751 4147 2952 4217 baptizo
2981 4169 3066 4205 vos
3093 4154 3144 4208 in
3173 4172 3308 4226 aqua
3337 4174 3355 4211 :
3382 4161 3470 4229 qui
3502 4173 3668 4215 autem
3700 4178 3812 4233 post

2215 4248 2293 4284 me
2319 4233 2469 4300 renit,
2498 4237 2678 4304 fortior
2703 4256 2782 4293 me
2805 4251 2899 4306 est,
2928 4245 3078 4310 cujus
3105 4262 3195 4316 ego
3224 4264 3324 4302 non
3355 4266 3466 4303 sum
3494 4254 3678 4324 dignus
3707 4259 3812 4310 sot-

2213 4337 2323 4375 vere
2353 4325 2621 4396 corrigiam
2655 4329 2981 4386 calceamenti
3012 4334 3242 4404 (Matth.
3283 4339 3336 4394 3.
3372 4341 3428 4394 11
3460 4342 3500 4412 ).
3541 4343 3647 4398 Cur
3675 4361 3808 4415 ergo

2161 4437 2167 4446 ι
2211 4424 2492 4486 antequam
2523 4430 2841 4490 appareret,
2877 4425 2943 4479 ita
2985 4425 3234 4498 loquutus
3264 4430 3498 4488 esti-Ut.
3528 4446 3807 4506 acceptum

2209 4516 2351 4560 esset
2378 4511 2684 4578 apparentis
2713 4514 3078 4572 testimonium
3101 4561 3115 4584 ,
3141 4520 3248 4588 jam
3277 4522 3582 4580 auditorum
3613 4529 3808 4583 animis

2208 4595 2272 4650 ad
2303 4595 2403 4652 hoc
2428 4602 2701 4669 apparatis
2722 4619 2816 4673 per
2835 4603 3056 4662 Joannis
3077 4624 3381 4666 sermonem
3404 4629 3419 4679 ;
3451 4631 3583 4671 neve
3604 4615 3805 4674 Christi

2209 4687 2312 4742 vile
2344 4688 2708 4747 indumentum
2735 4693 2975 4751 officeret
3014 4699 3114 4767 ipsi
3143 4700 3183 4753 ³.
3218 4700 3349 4756 Nam
3381 4705 3481 4760 nisi
3513 4707 3710 4774 aliquid
3738 4711 3807 4764 de

2208 4776 2418 4831 Christo
2442 4779 2717 4837 audissent
2744 4794 3029 4856 antequam
3059 4790 3208 4844 illum
3237 4792 3500 4861 viderent,
3532 4797 3633 4851 nisi
3665 4801 3805 4854 testi-

2208 4871 2439 4924 monium
2465 4872 2590 4927 illud
2617 4890 2865 4946 maguum
2889 4889 2940 4932 et
2969 4880 3213 4937 mirabile
3235 4883 3302 4937 de
3329 4886 3421 4939 illo
3443 4877 3798 4958 accepissent,

2207 4960 2416 5018 habitus
2447 4965 2718 5022 bmnilitas
2750 4972 2928 5025 statim
2961 4972 3222 5029 dictorum
3251 4979 3602 5047 magnitudini
3633 4982 3800 5038 obsti-

2206 5054 2374 5110 tisset.
2411 5058 2651 5116 Christus
2677 5063 2818 5117 enim
2850 5073 2954 5118 tam
2991 5068 3146 5121 trivio
3174 5078 3226 5123 et
3255 5074 3456 5141 vulgari
3492 5073 3676 5130 habitu
3719 5079 3798 5132 in-

2202 5147 2457 5213 cedebat,
2489 5160 2546 5203 ιιι
2574 5160 2628 5206 et
2663 5151 3011 5209 Samaritanm
3041 5160 3326 5227 mulieres,
3356 5171 3411 5216 et
3447 5167 3761 5222 meretrices
3782 5209 3795 5232 .

2201 5247 2254 5290 et
2286 5240 2548 5308 publicani
2582 5257 2700 5296 eum
2745 5261 2932 5314 magna
2967 5248 3299 5325 libet-lateae
3328 5254 3516 5309 liducia
3549 5257 3613 5312 ad
3648 5258 3796 5314 illum

2203 5328 2520 5384 accederent
2551 5332 2832 5404 ipsumque
2857 5338 3277 5408 alluquercntur.

2263 5509 2280 5579 ξ
2315 5509 2454 5579 savii.
2491 5511 2926 5579 habet,_ntaqistris
2950 5520 3073 5570 aliis.

2195 5569 2480 5692 “alitem,
2508 5582 2614 5637 post
2659 5569 2965 5641 haec'aerba,
2998 5569 3082 5634 Dei
3122 5586 3408 5652 unigenitus,
3445 5592 3594 5652 addit,
3645 5607 3782 5647 ττι-ηε

2251 5646 2270 5679 ι
2303 5648 2341 5680 s.

2261 5694 2508 5774 ³¹σῖξιιίιιέιιιι
2534 5698 2794 5770 habent...”
2818 5702 3026 5774 alliceret
3053 5706 3145 5768 ipsi
3162 5745 3174 5762 .
3196 5711 3282 5759 sed
3308 5720 3356 5760 at
3383 5723 3537 5774 insae!
3555 5718 3777 5769 timo'wm

2195 5754 2255 5840 at:
2290 5754 2530 5805 Ianninnm
2566 5762 2737 5813 animis
2760 5754 2944 5818 ordire.
2976 5754 3028 5818 In

2196 5829 2293 5864 tuo:
2321 5834 2587 5880 δριιυιίιιυτ.
