4046 6528
544 38 563 39 κ
594 40 603 41 ,

245 466 307 520 si)
1315 458 1379 514 IN
1417 454 1729 537 JOANNEM
1774 450 2004 507 uentu.
2040 453 2177 510 xut.
2214 456 2283 509 al.
2328 454 2443 512 xu.
3217 432 3224 439 ’
3490 469 3562 520 nu

307 582 356 638 δ.
384 581 451 638 Ut
481 592 615 650 ergo
657 577 774 634 dixi
801 618 815 638 .
860 576 906 631 si
951 574 1064 629 lucc
1091 570 1249 629 verba
1282 571 1441 627 simul
1482 569 1757 625 audissem
1788 577 1842 621 ct

243 676 403 743 ipsum
427 671 719 733 vidissent,
741 668 966 724 Joannis
987 664 1347 722 testimonium
1374 662 1685 718 irrisisscnt.
1703 661 1838 715 Cum

243 776 359 818 vero
385 769 509 816 ante
537 760 751 817 Christi
783 758 1071 815 adventum
1104 754 1153 810 id
1182 768 1326 826 stupe
1352 753 1664 820 audissent,
1695 762 1747 808 et
1774 768 1838 808 cx

240 856 385 912 dictis
412 853 635 909 videndi
683 852 938 923 cupidine
980 846 1230 904 concitati
1260 854 1475 909 essent,
1506 844 1839 899 contrarium

239 945 459 1002 accidit:
484 960 668 1016 neque
700 945 821 999 viso
851 940 943 997 illo
972 938 1040 995 de
1068 953 1176 1010 quo
1204 935 1569 993 testimonium
1599 934 1838 1007 perbibi—

241 1048 342 1093 tutn
374 1036 548 1092 inerat
571 1077 586 1100 .
631 1035 757 1105 ejus
793 1031 1093 1088 doctrinam
1120 1028 1466 1099 abjecerunt,
1514 1026 1612 1083 sed
1639 1042 1703 1082 ex
1738 1027 1840 1082 lide

239 1145 385 1201 quam
424 1143 492 1184 ex
521 1126 693 1182 dictis
722 1130 1083 1195 conceperant
1105 1162 1121 1189 ,
1169 1120 1346 1191 ipsum
1370 1118 1653 1177 clariorem
1681 1128 1834 1188 puta-

240 1232 375 1278 runt.
406 1218 543 1277 lllud
572 1227 787 1284 autem,
822 1217 925 1284 Qui
950 1225 1061 1288 post
1091 1231 1171 1270 me
1192 1224 1436 1271 uenturas
1464 1221 1559 1281 est,
1588 1211 1691 1271 hoc
1717 1221 1836 1276 est,

242 1314 665 1387 pradicant-us,
723 1326 861 1375 non,
913 1309 1143 1365 iuturus.
1200 1306 1316 1363 Hoc
1358 1304 1503 1362 enim
1556 1303 1839 1359 Mattha-us

238 1418 438 1479 quoque
464 1401 749 1475 signiﬁcat
790 1416 913 1457 cum
941 1398 1046 1464 ait,
1082 1397 1207 1455 Post
1235 1414 1317 1452 me
1339 1398 1472 1452 venit
1497 1396 1609 1465 air;
1638 1412 1743 1451 non
1770 1395 1839 1451 de

239 1502 344 1567 ejus
366 1512 429 1552 ex
452 1495 626 1552 Ilaria
650 1493 1004 1567 generatione
1029 1491 1275 1563 loquens,
1303 1488 1399 1546 sed
1421 1488 1491 1545 de
1512 1487 1745 1544 adventu
1770 1487 1837 1542 ad

242 1585 663 1661 pmiicandnm.
693 1585 827 1642 Nam
850 1583 899 1640 si
924 1582 994 1639 de
1019 1581 1369 1656 genueratione
1393 1581 1645 1653 loquutus
1670 1589 1836 1645 esset,

241 1696 337 1735 non
354 1680 582 1735 dixisset
602 1678 679 1735 de
700 1675 973 1749 praesenti,
1004 1673 1100 1731 sed
1125 1673 1194 1730 de
1222 1673 1496 1745 praeterito
1520 1671 1665 1744 :jatn
1691 1675 1836 1728 cnim

240 1783 385 1831 natus
411 1783 533 1831 erat
562 1773 819 1829 Christus
842 1812 857 1837 ,
891 1785 1013 1827 eum
1042 1769 1161 1826 lure
1187 1768 1423 1826 Joannes
1447 1768 1654 1825 diceret
1698 1766 1836 1836 Quid

239 1876 402 1923 autem
446 1865 729 1937 signiﬁcat
776 1862 939 1930 illud,
988 1861 1121 1917 Ante
1163 1877 1243 1916 me
1280 1860 1449 1931 [actus
1492 1859 1839 1915 esthlarior

241 1972 423 2029 netupe
467 1971 536 2011 ac
578 1952 937 2028 splendidior.
981 1951 1114 2007 Nam
1161 1951 1304 2023 quod
1349 1951 1498 2020 prior
1537 1949 1838 2020 prmdicans

241 2052 464 2106 venerim
485 2063 616 2121 ego,
647 2062 718 2104 ne
746 2062 833 2102 me
856 2046 975 2102 ideo
998 2044 1256 2116 majorem
1277 2057 1401 2100 esse
1422 2043 1655 2115 putetis:
1679 2041 1837 2114 longe

241 2143 404 2199 minor
427 2157 533 2213 ego
560 2156 689 2197 sum
710 2182 726 2206 ,
756 2149 812 2195 et
838 2151 1007 2210 usque
1037 2136 1175 2192 adeo
1203 2136 1414 2204 minor,
1444 2145 1502 2192 ut
1528 2151 1597 2193 ne
1617 2136 1837 2208 quidem

242 2236 370 2291 illius
397 2249 595 2291 servus
632 2232 847 2289 censeri
892 2231 1085 2303 dignus
1128 2230 1251 2286 sim.
1295 2229 1352 2285 ld
1397 2230 1540 2285 enim
1571 2230 1838 2300 signiﬁcat

241 2327 355 2383 illud
377 2370 389 2387 .
424 2329 559 2382 Ante
588 2342 673 2381 me
711 2326 878 2397 [nctus
917 2332 987 2377 est
1018 2342 1035 2379 ;
1067 2320 1210 2393 quod
1247 2321 1355 2377 alio
1396 2320 1633 2377 declarat
1674 2322 1837 2376 modo

241 2417 513 2473 llatthams
544 2416 636 2479 bis
661 2414 842 2471 verbis
866 2453 884 2479 ,
935 2409 1058 2468 Non
1094 2429 1207 2468 sum
1234 2412 1422 2484 dignus
1448 2411 1643 2467 solvere
1669 2414 1831 2467 corri-

240 2512 363 2580 giam
390 2508 730 2565 calceamenti
757 2509 888 2580 ejus.
919 2504 1073 2575 Quod
1102 2520 1234 2561 vero
1274 2504 1443 2584 illud,‘
1478 2505 1607 2561 Ante
1634 2522 1715 2561 me
1754 2508 1835 2579 [a-

240 2614 339 2657 ctus
361 2612 448 2667 est,
479 2615 591 2657 non
623 2600 951 2671 intelligatur
969 2597 1037 2653 de
1056 2596 1258 2654 Christi
1282 2604 1424 2660 ortu.
1457 2613 1523 2654 cx
1551 2596 1655 2654 boe
1677 2587 1832 2652 addi-

241 2702 465 2747 tatuculn
491 2701 663 2763 patet.
697 2690 834 2747 Nam
853 2690 899 2745 si
920 2689 972 2746 id
994 2688 1176 2746 dicere
1196 2689 1471 2753 voluisset.
1503 2689 1832 2761 superﬂuum

243 2784 418 2840 luisset
440 2784 492 2840 id
514 2784 661 2855 quod
689 2781 925 2849 additur,
952 2779 1088 2847 Quia
1111 2780 1253 2852 prior
1275 2797 1356 2835 me
1374 2790 1502 2836 erat.
1535 2780 1666 2850 Quis
1689 2783 1831 2837 cuitu

243 2876 307 2931 ita
321 2877 512 2932 stultus
532 2886 591 2932 et
612 2875 878 2946 insipiens
896 2880 980 2930 est
1005 2881 1064 2929 ut
1089 2872 1323 2943 ignoret,
1353 2888 1477 2928 eum
1504 2873 1593 2944 qui
1622 2881 1748 2930 ante
1774 2889 1834 2931 se

244 2967 401 3025 iactus
428 2969 590 3025 fuerit
615 2983 680 3025 se
706 2967 938 3039 priorem
968 2966 1136 3022 esse?
1172 2965 1325 3033 Quod
1348 2966 1393 3020 si
1424 2966 1474 3021 id
1501 2965 1571 3022 de
1602 2968 1687 3023 illa
1716 2984 1834 3038 qua:

242 3074 355 3116 ante
381 3061 580 3117 stccula
608 3070 693 3115 est
717 3059 1030 3115 exsistuntia
1054 3057 1404 3129 intelligatur,
1436 3057 1569 3114 nihil
1590 3060 1733 3115 aliud
1755 3062 1833 3115 si-

243 3153 447 3225 guil‘nutt
470 3152 677 3207 dictum
706 3148 855 3218 illud,
885 3149 987 3206 nisi
1017 3148 1144 3216 hoc,
1169 3147 1272 3215 Qui
1298 3159 1411 3221 post
1431 3165 1512 3205 me
1534 3152 1689 3217 venit,
1716 3164 1836 3208 ante

245 3247 496 3317 tlte-{actus
510 3253 609 3300 est.
631 3242 885 3315 Alioquin
902 3250 1082 3299 autem
1100 3240 1204 3297 hoc
1220 3240 1615 3299 inconsiderate
1633 3242 1835 3300 dictum

247 3347 376 3393 esset
398 3380 414 3405 ,
460 3347 520 3394 et
560 3351 725 3393 causa
757 3343 960 3393 temere
987 3336 1225 3407 proiecta
1251 3334 1462 3391 luisset.
1494 3334 1626 3391 Nam
1657 3337 1701 3392 si
1733 3337 1836 3392 hoc

246 3427 538 3500 signiﬁcare
564 3427 823 3484 voluisset
843 3468 860 3495 ,
889 3426 1175 3484 contrario
1205 3423 1367 3482 modo
1392 3438 1482 3483 res
1504 3427 1833 3483 enuntianda

246 3530 371 3587 erat,
395 3522 496 3591 Qui
525 3529 651 3594 post
684 3536 771 3576 me
796 3519 962 3586 venit,
996 3518 1145 3591 prior
1164 3532 1254 3575 me
1273 3526 1411 3586 erat,
1442 3518 1568 3589 quia
1594 3527 1720 3576 ante
1748 3535 1835 3575 me

248 3614 402 3670 lactus
419 3624 524 3671 est.
545 3612 683 3669 Nam
704 3610 845 3683 quod
866 3610 1083 3683 quidam
1110 3609 1258 3681 prior
1282 3609 1375 3677 sit,
1403 3609 1527 3679 jure
1552 3610 1675 3681 quis
1698 3610 1836 3667 hanc

248 3720 448 3761 causam
491 3703 707 3762 dederit
726 3744 742 3768 ,
788 3703 935 3775 Quod
967 3701 1127 3773 prior
1150 3701 1333 3759 factus
1361 3701 1432 3756 sit
1451 3702 1469 3734 ⁸
1491 3719 1506 3756 :
1530 3702 1673 3773 quod
1704 3718 1836 3759 vero

253 3801 387 3869 prior
424 3800 601 3857 iactus
620 3799 738 3865 sit,
771 3813 878 3853 non
908 3796 961 3854 id
999 3796 1053 3853 in
1080 3810 1246 3853 causa
1286 3804 1370 3852 est
1396 3794 1539 3868 quod
1564 3797 1638 3853 sit
1665 3799 1833 3868 prior.

249 3890 387 3959 Quod
414 3907 547 3949 vero
571 3905 673 3947 nos
709 3889 937 3945 dicimus
956 3931 972 3955 ,
1005 3888 1158 3953 llrina
1198 3887 1408 3943 ratione
1437 3888 1645 3944 nititur.
1672 3887 1835 3945 Scitis

250 3986 428 4057 quippe
451 4000 669 4050 omnes.
710 3997 819 4040 non
860 3981 1300 4045 matiil'estorum,
1340 3981 1437 4038 sed
1480 3982 1833 4039 obscurorum

252 4088 448 4131 causam
476 4090 603 4133 sse
631 4088 848 4144 semper
875 4071 1225 4129 adet-endam.
1250 4070 1403 4141 Quod
1428 4074 1475 4127 si
1502 4071 1572 4128 de
1597 4061 1832 4128 essentia

253 4180 415 4224 seruio
428 4177 604 4235 esset,
636 4183 745 4223 non
775 4173 919 4223 esset
949 4165 1265 4231 obscurum,
1306 4178 1430 4220 eum
1461 4164 1551 4234 qui
1581 4165 1729 4235 prior
1758 4165 1837 4219 l'a-

253 4267 358 4315 ctus
375 4260 460 4317 sit.
481 4259 719 4333 priorem
742 4271 863 4314 esse
881 4265 1170 4331 upon-tere;
1194 4255 1322 4326 quia
1342 4266 1523 4310 autem
1544 4254 1837 4312 detinuere
1866 4290 1867 4293 η

254 4350 472 4416 disserit,
498 4352 626 4423 jure
649 4366 769 4407 eam
783 4366 917 4423 qua:
944 4348 1228 4406 videbatur
1257 4346 1439 4403 inesse
1463 4345 1836 4413 dimcultatem

257 4444 414 4498 solvit.
441 4442 578 4503 Nam
606 4440 899 4498 verisimile
919 4451 1020 4506 est,
1052 4438 1256 4495 multos
1283 4437 1336 4493 in
1365 4436 1587 4494 dubium
1614 4448 1838 4493 vocatu-

260 4549 337 4589 ros
362 4551 498 4604 esse,
529 4550 627 4591 cur
649 4544 703 4591 ct
723 4549 825 4605 qua
847 4533 915 4589 de
934 4546 1097 4589 causa
1126 4532 1175 4587 is
1198 4530 1289 4602 qui
1313 4531 1580 4601 posterior
1598 4531 1834 4594 advenit.

261 4628 392 4695 prior
426 4630 527 4695 sit;
566 4626 627 4683 id
654 4635 737 4682 est
756 4667 774 4695 ,
818 4624 1192 4681 benerabilior
1222 4622 1371 4679 visus
1389 4623 1487 4679 sit.
1514 4622 1687 4695 Hujus
1710 4638 1841 4693 ergo

261 4722 555 4790 qua-stionis
580 4719 762 4777 statim
789 4733 1012 4776 cattsstn
1056 4727 1111 4774 et
1141 4716 1464 4773 solutionem
1494 4710 1671 4782 aliert,
1706 4717 1842 4785 Quia

263 4813 387 4879 prior
410 4830 486 4870 nte
512 4822 643 4868 erat.
672 4810 855 4883 Neque
897 4810 1041 4866 enim
1062 4849 1079 4875 ,
1110 4808 1304 4881 inquit,
1333 4807 1566 4878 qundam
1598 4809 1840 4880 proiectu

263 4916 449 4972 uictus,
478 4921 568 4962 me
592 4905 772 4977 priore
794 4915 1088 4961 retrorsum
1110 4902 1347 4973 abjccto.
1368 4901 1514 4972 prior
1538 4902 1653 4970 ipse
1676 4902 1845 4957 lactus

263 5008 366 5065 cst;
395 5003 487 5055 sed
520 4996 676 5054 Prior
701 5013 783 5052 ius
800 5006 934 5064 erat,
961 4995 1065 5052 etsi
1098 4993 1369 5065 posterior
1392 4992 1667 5047 adveniat.

330 5086 595 5161 Propheta
633 5088 807 5159 [aura
845 5095 912 5141 ut"
929 5087 1047 5159 jam
1074 5080 1214 5157 facta
1240 5099 1379 5157 stupe
1405 5084 1661 5139 nuntiant.
1682 5112 1757 5127 -—
1776 5082 1845 5141 Et

266 5180 551 5248 quomodo,
602 5179 848 5251 inquies,
894 5178 943 5234 si
991 5176 1062 5234 de
1094 5176 1393 5248 conspicuo
1428 5174 1549 5248 eius
1575 5174 1841 5242 adventu,

240 5261 420 5345 'tleque
458 5274 630 5347 gloria
671 5273 848 5344 ipsum
891 5278 1186 5343 exceptura
1234 5282 1415 5326 sermo
1450 5277 1555 5337 est,
1606 5268 1659 5324 id
1702 5268 1844 5339 quod

273 5365 486 5421 umidum
521 5364 683 5421 linem
712 5371 1000 5435 acceperat
1046 5372 1105 5418 ut
1141 5363 1253 5434 jam
1298 5361 1495 5417 factum
1543 5360 1709 5418 dicit?
1740 5379 1845 5415 non

273 5455 395 5509 enim
417 5457 581 5521 dicit.
614 5456 765 5521 Fiet;
805 5456 901 5510 sed
922 5494 939 5521 ,
982 5452 1175 5509 Factus
1219 5464 1313 5508 est.
1340 5452 1473 5520 Quia
1505 5452 1557 5508 id
1582 5452 1693 5523 jam
1720 5454 1845 5508 nliiu

278 5546 530 5616 prophetis
555 5550 607 5603 in
636 5562 786 5603 more
808 5546 925 5611 luit,
944 5546 1034 5616 qui
1059 5544 1131 5600 de
1156 5544 1353 5600 futuris
1381 5544 1543 5599 rebus
1564 5544 1716 5615 quasi
1736 5544 1845 5614 jant

275 5634 408 5695 lactis
434 5640 741 5711 loquuntur.
777 5640 909 5695 Nam
955 5638 1117 5694 lsaias
1145 5638 1215 5694 de
1259 5652 1391 5694 nece
1421 5638 1565 5693 illius
1592 5637 1845 5709 loanns,

279 5743 366 5785 non
401 5732 553 5799 dixit,
603 5732 904 5804 Tamquam
943 5732 1059 5787 ovis
1102 5730 1170 5786 ad
1214 5732 1543 5787 occisionem
1585 5732 1846 5797 ducetur,

279 5822 399 5890 Quod
429 5822 661 5880 futurum
691 5835 839 5891 emt;
865 5824 983 5894 sed,
1012 5823 1292 5893 Tamquam
1319 5826 1423 5880 ocis
1449 5824 1518 5878 ad
1547 5826 1848 5881 occisionem

319 5958 349 5987 "
382 5954 509 6022 liae,
534 5957 661 6026 qud
683 5957 820 6024 prior
843 5959 998 6023 factus
1027 5958 1120 6021 sit,
1141 5956 1319 6009 desunt
1345 5958 1393 6007 in
1414 5955 1559 6009 savii.

1950 566 2135 624 ductus
2181 580 2253 625 cst
2294 570 2449 645 (Isai.
2499 571 2590 627 55.
2640 571 2723 640 7).
2771 573 2934 643 Atqui
2973 575 3213 631 nondum
3247 576 3579 634 incarnatus

1950 673 2094 729 erat;
2125 663 2218 720 sed
2242 664 2294 719 id
2318 664 2459 735 quod
2490 663 2726 721 futurum
2743 676 2883 731 erat,
2911 667 3171 738 propheta
3189 669 3341 741 quasi
3362 668 3559 726 factum

1951 764 2153 811 narrat.
2202 757 2268 812 Et
2298 756 2465 812 David
2507 773 2726 816 crucem
2753 759 3097 831 signiﬁcans,
3128 777 3234 816 non
3262 762 3395 818 dixit
3416 760 3557 818 :Fn-

1948 847 2099 903 dicnt
2142 864 2335 905 manus
2376 865 2524 906 meas
2567 859 2622 905 et
2671 850 2836 922 pedes
2872 864 3057 917 meos;
3106 850 3237 916 scd,
3289 850 3561 908 Fuderunt

1946 957 2129 996 manus
2166 958 2305 999 meas
2349 951 2398 997 et
2435 942 2587 1013 pedes
2628 958 2801 1010 meos;
2837 950 2911 1009 ct,
2960 941 3253 999 Dirisrrunt
3280 945 3377 999 sibi
3403 946 3558 999 vesti-

1947 1043 2115 1087 menta
2132 1049 2263 1097 mea,
2287 1040 2332 1086 et
2354 1049 2506 1104 super
2526 1043 2706 1088 uestem
2729 1050 2891 1087 nteant
2914 1035 3159 1089 miserunt
3178 1034 3397 1106 sortem(
3408 1034 3554 1091 l’sal.

1944 1124 2035 1178 2t.
2068 1126 2159 1181 l7.
2187 1134 2235 1178 et
2266 1122 2391 1196 l9).
2434 1123 2503 1179 Et
2546 1123 2616 1180 de
2664 1124 2939 1194 proditore
2981 1124 3145 1181 verba
3184 1124 3421 1191 faciens,
3464 1126 3556 1197 qui

1947 1218 2183 1274 nondum
2221 1226 2382 1275 natus
2423 1228 2574 1283 erat,
2616 1217 2697 1274 sic
2735 1219 2842 1273 ait:
2866 1217 2966 1286 Qui
2995 1217 3173 1273 edebat
3201 1235 3358 1289 panes
3383 1234 3552 1283 nteos,

1946 1311 2292 1383 nmgui/icaoit
2321 1327 2475 1383 super
2515 1327 2597 1367 me
2622 1310 3088 1380 supplantationem
3114 1309 3288 1384 (Psul.
3317 1312 3408 1367 ιο.
3439 1311 3553 1382 l0).

1946 1400 2208 1457 Similiter
2236 1411 2291 1457 et
2316 1400 2489 1457 de-iis
2526 1417 2647 1471 qua:
2685 1401 2737 1455 in
2764 1414 2926 1456 cruce
2954 1400 3299 1473 contigerunt
3326 1402 3554 1473 loquens

1943 1492 2112 1548 dicit:
2138 1490 2397 1548 Dedcrunt
2422 1492 2475 1547 in
2501 1508 2669 1547 escam
2692 1508 2858 1546 meam
2888 1489 2980 1563 fel,
3006 1501 3055 1546 et
3086 1492 3139 1548 in
3166 1493 3249 1547 siti
3274 1509 3386 1547 mea
3407 1503 3556 1561 potu-

1944 1593 2125 1639 verunt
2151 1599 2230 1638 me
2250 1592 2392 1636 aceto
2420 1580 2593 1651 (Psal.
2623 1582 2717 1638 68.
2745 1580 2865 1654 22).

2015 1677 2051 1732 4
2107 1674 2379 1732 Conclusio
2402 1691 2423 1731 :
2444 1676 2545 1730 vita
2576 1675 2743 1741 boote,
2783 1674 3067 1747 gratiarum
3111 1677 3246 1731 actio
3266 1716 3283 1743 ,
3335 1677 3555 1739 caritas.

1943 1768 2383 1823 commendantur.
2429 1766 2579 1821 Dona
2618 1783 2683 1822 ea:
2721 1766 2907 1839 rapina
2948 1766 3557 1838 unprobautur.—\'nlo

1946 1860 2085 1916 tisnc
2123 1858 2227 1915 alia
2270 1858 2590 1915 inducamus
2611 1900 2628 1926 ,
2660 1873 2728 1914 an
2758 1857 2876 1913 luce
2907 1857 3059 1914 vobis
3085 1867 3212 1914 sunt
3241 1859 3411 1924 satis?
3434 1858 3556 1929 Ego

1942 1970 2074 2012 sane
2102 1954 2358 2011 arbitror.
2384 1953 2517 2010 Nam
2542 1954 2586 2009 si
2610 1968 2720 2009 non
2744 1953 2907 2009 latius
2930 1952 3106 2009 locum
3128 1953 3552 2024 exploravimus,

1943 2064 2077 2105 sane
2100 2048 2418 2120 profundius
2443 2047 2669 2104 scrutati
2693 2061 2880 2103 sumus
2907 2064 2921 2102 :
2948 2061 3049 2103 nec
3076 2046 3255 2103 minor
3275 2046 3375 2102 bac
3395 2046 3448 2101 in
3471 2062 3551 2107 re.

1943 2159 2107 2214 quam
2140 2142 2192 2198 in
2223 2142 2344 2210 illa,
2374 2141 2529 2197 labor
2553 2150 2670 2208 est;
2703 2154 3066 2212 veremurque
3092 2154 3161 2195 ne
3191 2139 3234 2194 si
3266 2155 3360 2194 vos
3385 2139 3438 2193 in
3471 2141 3554 2193 his

1942 2237 2059 2292 sine
2076 2234 2240 2292 modo
2254 2234 2616 2302 detineantus,
2637 2231 2910 2289 fastidium
2930 2231 3329 2303 ingeneremus.
3353 2229 3553 2300 Quam-

1944 2327 2162 2397 ubi-cm,
2191 2327 2266 2383 uti
2306 2342 2402 2398 par
2452 2335 2567 2394 est,
2610 2324 2774 2381 linem
2812 2323 3026 2381 dicendi
3070 2323 3353 2380 faciamus.
3410 2322 3546 2392 Quis

1946 2434 2108 2492 porro
2132 2418 2253 2475 linis
2279 2425 2363 2475 est
2391 2416 2811 2489 congruentior?
2834 2415 2889 2472 Si
2916 2414 3102 2471 debita
3134 2415 3244 2471 Deo
3266 2413 3439 2485 gloria
3469 2429 3555 2467 re-

1946 2511 2179 2577 feratur;
2212 2525 2320 2566 non
2345 2508 2523 2566 verbis
2565 2517 2773 2564 Lautum
2794 2548 2809 2571 ,
2842 2505 2940 2563 sed
2984 2506 3156 2562 multo
3178 2506 3346 2575 magis
3373 2507 3552 2574 operi-

1944 2605 2065 2661 bus.
2102 2604 2324 2671 Luceat,
2370 2603 2541 2674 inquit
2565 2644 2580 2671 ,
2609 2604 2702 2657 lux
2741 2610 2907 2657 uestra
2932 2616 3104 2655 coram
3144 2598 3464 2661 hominibus,
3498 2606 3552 2649 ut

1945 2699 2144 2754 videant
2165 2714 2321 2771 apera
2341 2705 2503 2751 uestra
2524 2696 2673 2758 bona,
2704 2702 2752 2749 et
2778 2694 3064 2765 gloriﬁcent
3097 2690 3305 2746 Patrem
3332 2701 3551 2745 oestrum

1943 2793 2032 2864 qui
2058 2792 2110 2845 in
2135 2790 2273 2846 uelis
2295 2800 2366 2845 est
2386 2786 2601 2859 (Matth.
2625 2787 2680 2844 5.
2709 2786 2821 2858 16).
2847 2783 2989 2842 Nihil
3016 2785 3157 2840 enim
3182 2781 3515 2853 splendidius
3532 2822 3548 2843 ,

1942 2882 2157 2948 dilecte,
2189 2882 2397 2953 optimo
2424 2880 2549 2935 vita:
2591 2878 2863 2934 instituto.
2907 2876 3021 2932 lloc
3059 2875 3278 2946 sapiens
3320 2873 3411 2929 ille
3450 2872 3546 2925 du.

1943 2978 2114 3035 cierat
2137 2994 2150 3030 :
2181 2974 2293 3030 Via:
2316 2983 2485 3030 autem
2498 2968 2764 3044 justorum
2790 2980 2844 3025 ut
2870 2969 2961 3025 lux
2985 2968 3253 3040 splendent
3282 2965 3465 3039 (Prov.
3492 2965 3547 3016 ι.

1947 3071 2058 3141 18).
2100 3065 2403 3139 Splendent
2443 3073 2595 3120 certe
2643 3077 2750 3119 non
2793 3062 2859 3118 iis
2904 3062 3067 3117 modo
3110 3060 3200 3131 qui
3252 3074 3345 3127 per
3386 3072 3550 3129 opum

1932 3163 2125 3218 lumen
2157 3159 2483 3222 accendunt,
2526 3165 2580 3213 et
2620 3154 2687 3210 ad
2721 3164 2923 3211 rectam
2952 3154 3155 3209 ducunt
3183 3153 3344 3219 viam,
3373 3152 3466 3207 sed
3497 3162 3555 3204 et

1946 3255 2135 3312 vicinis
2165 3267 2372 3309 corum.
2420 3248 2768 3305 lnlnndamus
2790 3263 2922 3319 ergo
2949 3248 3132 3304 oleum
3165 3245 3315 3301 hisce
3340 3246 3547 3313 lampa-

1944 3346 2123 3413 dibus,
2158 3354 2215 3400 ut
2243 3342 2527 3400 sublimior
2554 3342 2621 3397 sit
2650 3341 2811 3411 ignis,
2836 3347 2891 3395 et
2916 3340 3005 3395 lux
3032 3347 3290 3410 appareat
3309 3336 3551 3407 locuplw

1946 3441 2068 3496 tier.
2104 3439 2217 3495 Ilnc
2245 3437 2389 3493 enim
2416 3435 2593 3491 oleum
2623 3450 2730 3488 non
2759 3447 2901 3488 nunc
2933 3440 3137 3487 tantum
3170 3444 3416 3502 magnam
3446 3430 3551 3483 vim

1946 3532 2127 3598 habet,
2157 3528 2251 3586 sed
2288 3543 2411 3584 etim
2439 3527 2607 3583 etiam
2656 3524 2919 3580 sacriﬁcia
2965 3522 3243 3588 ﬂorerent,
3278 3523 3471 3577 tnirutn
3502 3524 3553 3574 iu

1944 3624 2161 3679 modum
2198 3621 2451 3677 \irtntem
2501 3619 2716 3673 illornm
2762 3616 3006 3685 probavit
3032 3630 3196 3670 :nam
3232 3612 3554 3668 ait:~0lcum

1942 3717 2077 3771 enim
2123 3712 2236 3768 uolo
2281 3722 2326 3766 et
2369 3726 2470 3765 non
2509 3708 2822 3777 sacriﬁcium
2839 3706 2921 3778 (a)
2954 3705 3120 3780 (mea
3157 3710 3210 3760 ί).
3254 3700 3316 3761 6.
3359 3704 3544 3757 Matth.

1943 3806 2001 3863 9.
2044 3805 2158 3873 13).
2192 3801 2261 3856 Ει
2302 3801 2497 3856 tncritn
2525 3798 2767 3867 quidem.
2808 3797 2962 3858 Illud
2989 3799 3134 3853 enim
3180 3798 3348 3851 altare
3380 3796 3553 3849 inani-

1944 3905 2147 3953 naatutn
2187 3901 2327 3950 erat.
2364 3893 2467 3947 huc
2492 3905 2621 3946 vero
2645 3891 2943 3945 animatum
2972 3902 3055 3947 est
3081 3908 3094 3943 :
3119 3899 3173 3945 et
3205 3890 3312 3944 illic
3334 3888 3550 3960 quidam

1943 3984 2199 4058 quidquid
2231 3982 2542 4055 impositum
2570 3991 2673 4045 est,
2707 3999 2825 4053 lgltc
2853 3984 3207 4045 consumitur,
3238 3981 3287 4034 in
3315 3980 3552 4036 cinere-tn

1942 4078 2091 4144 abit,
2134 4085 2295 4147 atque
2324 4073 2617 4132 ell'uuditur
2640 4116 2655 4142 ,
2687 4073 3093 4144 dissuhttusque
3125 4074 3300 4127 lutnns
3331 4072 3383 4125 in
3410 4071 3553 4125 tuuis

1945 4180 2195 4227 naturam
2225 4169 2457 4225 transit:
2486 4167 2575 4223 hic
2602 4182 2733 4224 vero
2760 4166 2895 4223 nihil
2925 4166 3136 4233 simile;
3166 4164 3262 4221 sed
3286 4165 3427 4220 alios
3455 4164 3557 4219 ῑιιιιι

1947 4265 2173 4318 fructus.
2200 4260 2329 4317 Haec
2351 4259 2548 4315 Paulus
2572 4259 2902 4323 declaravit;
2924 4275 3053 4314 cum
3080 4259 3224 4313 enim
3250 4256 3556 4312 Corinthio-

1946 4370 2101 4423 rum,
2134 4354 2227 4426 qui
2259 4368 2555 4425 pauperum
2587 4352 2814 4409 studiosi
2845 4361 3000 4407 erant
3020 4392 3037 4418 ,
3081 4351 3368 4407 thesauros
3393 4363 3553 4405 ener-

1948 4454 2114 4511 rarot,
2143 4443 2259 4500 hace
2282 4443 2501 4513 scripsit
2526 4460 2540 4499 :
2568 4442 2825 4509 Quoniam
2860 4441 3199 4496 ministerium
3229 4441 3383 4512 ltujus
3408 4440 3558 4511 ofﬁcii

1947 4554 2049 4593 non
2090 4538 2257 4593 solum
2293 4536 2498 4606 supplet
2542 4552 2603 4590 ca
2639 4550 2757 4606 qua:
2804 4534 2987 4589 desunt
3015 4534 3240 4598 sanctis,
3285 4532 3377 4588 sed
3403 4534 3556 4587 etiam

1947 4626 2174 4682 abundat
2203 4644 2294 4698 per
2318 4626 2505 4680 multas
2528 4622 2812 4697 gratiarum
2840 4625 3067 4681 actiones
3102 4623 3214 4679 0.0
3244 4624 3319 4696 (Ξ.
3343 4622 3468 4681 Cor.
3499 4623 3553 4694 9.

1951 4715 2072 4791 19.);
2104 4731 2168 4772 ac
2195 4731 2432 4781 rurSnm,
2461 4714 2824 4786 Glori/icantes
2847 4714 3012 4770 Brant
3042 4716 3095 4771 in
3121 4717 3407 4771 obedientia
3431 4733 3557 4770 ωη-

1949 4810 2181 4881 fossionis
2208 4820 2386 4864 vestra:
2428 4810 2481 4864 in
2506 4810 2794 4882 erangt-lio,
2819 4820 2871 4865 et
2909 4810 3239 4881 simplicitate
3280 4812 3563 4865 communio

1948 4902 2164 4957 cutionis
2201 4912 2386 4957 uestra:
2428 4904 2483 4956 in
2531 4903 2673 4971 illos,
2717 4913 2764 4956 et
2798 4903 2854 4958 in
2897 4919 3107 4969 euntes,
3149 4914 3197 4957 et
3237 4921 3290 4958 in
3333 4905 3561 4976 ipsorum

1950 4994 2297 5050 obsecratione
2324 5010 2419 5066 pro
2454 4994 2591 5048 rubis
2612 5037 2625 5058 ,
2653 4995 3054 5051 desiderantium
3079 5011 3167 5050 aus
3190 4995 3244 5069 (Ι
3254 4997 3357 5051 bid.
3387 5013 3437 5053 υ.
3476 4998 3560 5053 l3.

1957 5099 2005 5143 et
2041 5088 2155 5159 ll).
2190 5086 2379 5143 Viden'
2403 5088 2555 5143 illum
2585 5088 2637 5143 in
2668 5090 2962 5161 gratiarum
2990 5090 3261 5145 actionem
3288 5091 3560 5156 tlcsinew.

2015 5269 2093 5333 (a)
2128 5267 2184 5320 In
2207 5275 2371 5321 amco
2390 5276 2534 5334 textu
2558 5269 2762 5334 legitur,
2788 5281 2944 5334 οων...
2963 5284 3024 5322 ιιι
3053 5283 3098 5323 οδ
3121 5283 3262 5329 ουσίαν.
3278 5272 3558 5324 uiset-icor-

1953 5328 2233 5396 diani....__et
2250 5344 2346 5381 non
2367 5328 2683 5396 moriﬁcinin.
2710 5328 2783 5382 Ex
2811 5333 3136 5396 similitudine
3156 5347 3328 5385 vocum
3343 5345 3444 5386 om
3469 5348 3556 5385 nn-

1953 5392 2292 5461 sericortlium,
2314 5402 2367 5444 et
2390 5392 2510 5461 me;
2527 5394 2709 5461 aleam,
2734 5407 2847 5461 quae
2867 5392 3205 5461 (ΣιιιδςεοειέιιιιίΔ
3228 5404 3456 5460 tempore
3481 5411 3566 5461 en.

1951 5456 2081 5529 δραι
2264 5456 2721 5529 (metiuntialpntur,
2749 5455 3041 5529 factumfut.
3061 5455 3477 5529 quadam‘eggmi
3498 5458 3565 5506 la-

1954 5518 2025 5566 ria
2048 5523 2212 5584 armes
2234 5517 2322 5584 hie
2336 5531 2454 5584 nam
2482 5518 2745 5584 baberent,
2772 5526 2826 5584 e_t
2847 5517 3145 5584 fortassis'in
3166 5521 3337 5584 pris-ais
3354 5517 3565 5584 Christ:-

1954 5580 2101 5645 ξιοιηί
2126 5580 2505 5645 exemplaribus
2519 5590 2652 5645 at.th
2684 5580 2765 5631 hic
2794 5578 3082 5645 legebatur.
3106 5578 3266 5645 (certe
3292 5578 3565 5645 liquet'lvnc

1956 5638 2260 5708 locupletius
2280 5638 2528 5708 intelligi,
2555 5650 2611 5708 et
2639 5642 2767 5708 bane
2798 5638 3065 5708 lectionem
3102 5644 3180 5708 hic
3196 5638 3569 5708 Chrys-ostentus

1956 5702 2311 5767 adhibuit,qui
2344 5700 2649 5767 alternatim
2676 5705 2850 5767 utitur,
2865 5706 2950 5767 ubi
2983 5704 3048 5767 de
3083 5700 3420 5767 misericordia
3454 5716 3563 5767 agn-

1958 5772 2056 5829 tur,
2079 5772 2134 5815 ut
2155 5766 2215 5814 ad
2232 5763 2493 5829 Stagiriutn
2518 5763 2552 5813 l.
2586 5766 2627 5821 l,
2651 5773 2785 5816 Tom.
2802 5764 3081 5827 l,col.l37,
3100 5773 3150 5818 et
3173 5766 3317 5824 alibi;
3343 5767 3432 5818 sed
3456 5763 3567 5829 quia

1958 5824 2047 5875 tuc'
2070 5838 2191 5878 ἶὶιισιι
2211 5824 2371 5878 oleum
2396 5826 2455 5874 ad
2480 5828 2664 5876 seriem
2698 5824 2843 5878 suam
2869 5824 3146 5892 aptabatur,
3172 5829 3297 5878 haue
3318 5824 3560 5893 sequutus

1963 5904 2048 5965 est
2066 5896 2348 5967 lectionem.
2378 5895 2447 5967 in
2480 5896 2695 5967 Hebrum
2731 5909 2898 5952 autem
2944 5900 3128 5965 legitur
3156 5897 3468 5953 ‘i'lL’El'l‘oDl‘i
3492 5897 3565 5961 ν),

1966 5959 2081 6026 quia
2100 5959 2489 6013 miscricordiam
2515 5961 2656 6013 colui.
