4078 6500
498 443 559 497 91
1234 435 1288 491 S.
1329 432 1603 490 JO.\N.\'IS
1643 428 2113 486 CIIRYSOSTOMI
2145 428 2462 484 ARCHIEP.
2495 431 3024 487 CONSTANTINOP.
3711 443 3791 492 93

501 567 553 609 et
582 555 635 608 in
672 551 763 609 Dei
793 548 1033 617 laudem;
1069 549 1118 603 in
1149 548 1455 618 frequentes
1485 561 1670 602 eorum
1703 544 2072 616 prcCatioues,

502 645 590 714 qui
625 641 880 698 beneficia
908 649 1242 712 acceperunt,
1275 640 1325 694 iu
1360 639 1734 695 lcrventiorctn
1765 635 2078 693 Caritatem?

502 734 872 789 Sacrilicemus
901 747 1028 803 ergo
1048 773 1061 796 ,
1092 731 1268 786 dilecti
1296 773 1311 796 ,
1359 729 1724 784 sacriﬁcemus
1761 728 1996 798 quotidie
2023 727 2073 780 in

504 826 648 880 hisce
675 824 804 878 aris.
836 822 947 878 Hoc
971 823 1165 892 quippe
1190 821 1510 878 sacriﬁcium
1529 863 1543 886 ,
1574 831 1627 876 et
1656 820 1900 890 precibus
1923 829 1976 876 ct
1997 819 2078 886 jc~

496 915 647 981 jnnio
673 925 723 968 et
756 913 938 967 multis
977 913 1095 968 aliis
1125 913 1461 983 prmstantius
1490 921 1608 974 est;
1656 911 1780 965 dum
1827 925 1892 966 ex
1929 911 2075 980 justo

500 1005 669 1071 lucro,
716 1020 781 1059 ex
823 1003 983 1074 justis
1036 1004 1306 1060 laboribus
1346 1002 1629 1073 procedat,
1678 1014 1733 1059 et
1782 1003 1956 1059 omnis
2005 1003 2078 1058 sit

494 1111 689 1166 expers
715 1098 979 1159 avaritiae,
1014 1098 1233 1166 rapinzr,
1267 1097 1550 1151 violentiae.
1578 1095 1736 1150 Tales
1760 1097 1901 1152 enim
1929 1095 2076 1151 obla-

496 1190 667 1243 tiones
708 1188 937 1244 admittit
981 1189 1171 1252 lleus';
1220 1196 1444 1242 exteras
1483 1197 1665 1243 autem
1704 1197 1982 1242 aversatur
2020 1195 2076 1242 et

496 1278 627 1349 odit.
667 1279 850 1349 Neque
891 1279 1032 1332 enim
1063 1278 1174 1333 vult
1213 1295 1276 1333 ex
1303 1278 1530 1333 aliorum
1559 1279 1950 1333 calamitatibus
1978 1278 2075 1331 bo-

496 1344 694 1427 norari.
715 1372 981 1442 Impurum
1007 1387 1233 1441 namque
1256 1372 1642 1441 prolanumquc
1663 1382 1746 1428 est
1771 1370 2070 1442 huju~modi

490 1463 830 1529 sacriﬁcium,
864 1464 1136 1532 Deumque
1169 1466 1340 1533 potius
1368 1464 1671 1528 irritaverit,
1704 1479 1861 1536 quam
1897 1463 2073 1533 placa-
2112 1515 2118 1520 .

491 1554 647 1608 verit.
699 1554 1036 1624 Quapropter
1078 1556 1220 1610 omni
1270 1554 1445 1610 stmlio
1490 1557 1796 1611 enitendum
1839 1567 1951 1621 est,
2006 1571 2072 1611 ne

491 1645 667 1700 cultus
696 1646 931 1710 nomine,
959 1660 1114 1716 quem
1143 1644 1406 1701 honorare
1434 1645 1700 1711 volumus,
1732 1645 1927 1715 probro
1954 1645 2070 1700 alli-

490 1739 711 1800 ciamus.
737 1739 790 1791 Si
815 1739 956 1794 enim
975 1738 1124 1804 Cain,
1141 1739 1228 1809 qui
1247 1754 1308 1794 ca
1327 1756 1445 1808 qua:
1467 1739 1732 1796 inferioris
1749 1740 2072 1796 conditionis

454 1882 456 1884 ,
489 1836 642 1883 erant
666 1828 878 1895 obtulit,
912 1844 1008 1885 nec
1034 1831 1337 1901 quempiam
1369 1831 1598 1896 la-scrat,
1630 1842 1898 1888 extremas
1923 1831 2070 1888 dedit

491 1933 709 1987 pinnas;
737 1934 859 1973 cum
891 1920 1014 1990 quid
1037 1937 1105 1976 ex
1128 1922 1310 1993 rapina
1343 1931 1400 1976 et
1423 1923 1640 1978 avaritia
1671 1923 2022 1979 obtulerimus
2043 1963 2061 1990 ,

490 2026 664 2066 annon
692 2013 940 2084 graviora
972 2014 1279 2083 patiemur?
1322 2015 1448 2071 Ideo
1482 2031 1711 2086 namque
1745 2016 1885 2074 Deus
1911 2015 2070 2087 hujus

491 2210 562 2318 Μ·
602 2207 656 2258 ln
679 2209 839 2261 Morel.
865 2211 1046 2274 legitur
1070 2226 1084 2261 :
1113 2213 1244 2264 Tales
1259 2213 1388 2264 cnim
1409 2213 1562 2265 solum
1580 2213 1839 2267 oblationes
1858 2215 2068 2268 admittit

559 2282 628 2318 ue.

559 2282 628 2320 ω.

2187 543 2437 614 praecepti
2471 544 2729 599 rationem
2750 586 2765 610 ,
2800 546 2955 601 nobis
2984 547 3294 616 declaravit,
3316 560 3372 605 ut
3402 553 3788 619 misereamur,

2185 649 2288 688 non
2319 645 2371 686 ut
2401 649 2691 690 conservos
2719 644 3097 707 torqueamus;
3125 639 3214 710 qui
3241 650 3419 697 autem
3444 643 3614 699 aliena
3637 648 3791 716 rapit

2183 735 2237 778 et
2261 725 2415 780 alteri
2439 725 2551 793 dat,
2579 727 2624 781 is
2643 743 2750 782 non
2774 729 3197 786 miscricordiam
3220 735 3480 802 exercuit,
3501 736 3595 791 sed
3615 738 3752 792 lassit
3767 781 3787 804 ,

2184 827 2235 870 et
2263 826 2556 872 extremam
2589 828 2841 888 operatus
2883 819 3214 890 iniquitatem
3253 835 3355 879 est.
3389 824 3460 882 Ut
3485 843 3612 899 ergo
3641 829 3791 898 lapis

2187 924 2474 980 numquam
2514 910 2690 966 oleum
2727 913 2933 982 pariat,
2979 913 3056 969 sic
3085 929 3184 971 nec
3213 916 3503 973 crudelitas
3535 920 3790 974 Immani-

2183 1011 2365 1055 tatem.
2408 1001 2537 1056 Cum
2585 1002 2729 1058 enim
2776 1003 2896 1060 talis
2932 1004 3001 1059 sit
3038 1005 3207 1072 radix,
3235 1023 3520 1080 numquam
3549 1011 3600 1064 id
3625 1012 3784 1068 elec-

2181 1107 2404 1164 mosyua
2451 1093 2628 1148 fuerit.
2680 1093 3041 1161 Quamobrem
3095 1099 3322 1154 obsecro
3371 1116 3439 1156 nc
3483 1117 3550 1157 eo
3594 1103 3786 1159 solum

2180 1194 2486 1253 Speclctnus
2512 1196 2567 1242 ut
2595 1186 2996 1262 eleemosynam
3028 1204 3312 1263 erogenms
3334 1235 3347 1257 .
3389 1195 3483 1250 sed
3526 1196 3685 1252 etiam
3715 1208 3784 1252 ut

2183 1292 2250 1331 ne
2274 1292 2339 1333 ex
2368 1280 2551 1348 rapina
2581 1279 2886 1352 largiamur.
2915 1280 3047 1337 Nam
3079 1294 3196 1339 esto
3227 1283 3373 1341 Unus
3395 1287 3481 1354 qui
3505 1297 3736 1359 precetur
3757 1331 3781 1352 .

2178 1370 2308 1422 alter
2336 1371 2421 1439 qui
2448 1372 2779 1440 imprecetur;
2807 1374 2968 1429 utrius
2988 1391 3157 1430 vocem
3182 1378 3352 1432 audiet
3378 1377 3621 1438 Dominus
3638 1381 3779 1453 (Εσ-

2178 1462 2263 1516 cli.
2287 1463 2374 1518 54.
2400 1463 2531 1536 29)?
2560 1465 2615 1520 Si
2643 1482 2740 1521 nos
2768 1468 2845 1524 sic
2869 1468 3152 1540 diligenter
3182 1472 3536 1537 instituanms,
3564 1493 3658 1546 per
3675 1475 3777 1531 Dci

2178 1553 2402 1621 gratiam
2435 1557 2728 1626 poterimus
2759 1560 2978 1614 multam
3010 1561 3392 1633 benignitatem
3416 1606 3430 1630 ,
3464 1567 3780 1623 misericor-

2177 1646 2316 1700 diam
2346 1657 2398 1701 et
2424 1649 2632 1703 veniam
2664 1651 2901 1706 omnium
2923 1693 2938 1718 ,
2967 1667 3084 1724 qua:
3116 1654 3217 1710 hoc
3243 1656 3499 1712 diuturno
3527 1669 3778 1731 tempore

2175 1739 2508 1807 admisimus,
2540 1753 2876 1811 peccatorqu
2906 1748 3184 1816 consequi,
3216 1764 3278 1803 ac
3308 1748 3524 1806 ﬂuvium
3555 1753 3775 1822 igneum

2176 1830 2444 1903 ell‘ugere;
2478 1848 2507 1885 a
2537 1849 2643 1904 quo
2667 1837 2858 1905 erepti,
2888 1838 3086 1892 utinam
3118 1855 3214 1894 nus
3234 1855 3420 1896 omnes
3449 1843 3515 1897 ad
3545 1860 3776 1916 regnum

2173 1924 2426 1979 Calorem
2453 1927 2860 1990 ascendamns‘.
2883 1931 3049 2000 gratia
3078 1943 3130 1987 et
3158 1933 3526 1990 misericordia
3558 1937 3774 1994 Domini

2175 2018 2343 2071 nostri
2370 2017 2498 2073 Jesu
2516 2017 2736 2087 Christi,
2768 2036 2864 2091 per
2885 2038 3042 2093 quem
3066 2034 3118 2080 et
3139 2041 3259 2080 cum
3281 2043 3390 2098 quo
3412 2029 3552 2085 Patri
3573 2031 3678 2100 glm
3693 2033 3773 2100 ia,

2171 2107 2331 2163 simul
2358 2120 2410 2164 et
2434 2121 2624 2166 sancto
2641 2111 2881 2183 Spiritui,
2908 2115 2960 2169 iu
2984 2118 3176 2171 Saecula
3199 2120 3541 2175 sa'culornm.
3569 2122 3769 2179 Amen.

2238 2219 2273 2288 ι.
2291 2226 2434 2270 Juxta
2459 2221 2624 2288 Morel.
2649 2222 2920 2286 legendum
2945 2235 3099 2288 esset,
3137 2227 3320 2280 utinam
3340 2244 3425 2282 nos
3459 2232 3510 2283 in
3532 2235 3774 2284 calorum

2169 2278 2382 2331 thalamo
2405 2278 2756 2336 recumbamu}.

492 2375 3771 2423 -——————_______~_____________

1827 2490 2172 2553 HOMILIA
2227 2493 2398 2555 XIV.

488 2628 571 2684 ιϐ.
605 2628 668 2683 Et
712 2630 777 2684 de
820 2630 1131 2701 plenitudine
1169 2632 1278 2701 ejus
1318 2647 1410 2685 nos
1435 2647 1605 2686 omnes
1642 2633 1933 2703 accepimus
1955 2675 1969 2697 ,
2017 2641 2065 2687 et

925 2731 928 2734 ’
999 2721 1215 2792 gratiam
1241 2738 1332 2792 pro
1357 2723 1541 2794 gratia.

562 2833 613 2887 Ι.
669 2832 848 2902 Nuper
875 2832 1182 2890 dicebamus
1238 2834 1496 2890 Joannem
1522 2877 1537 2902 ,
1581 2845 1639 2891 ut
1682 2836 2063 2892 dubitationem

485 2938 669 2977 eorum
712 2924 980 2991 solveret,
1012 2926 1101 2994 qui
1130 2925 1268 2994 apud
1316 2940 1374 2980 se
1423 2927 1696 2995 qua'situri
1727 2937 1916 2992 cmnt,
1969 2942 2065 2982 cur

485 3012 727 3068 Christus
755 3014 842 3083 qui
875 3015 1140 3082 posterior
1167 3017 1233 3068 ad
1263 3015 1661 3085 prtedieandum
1702 3019 1879 3084 venit,
1922 3017 2066 3086 prior

485 3114 539 3158 et
558 3104 880 3172 splendidior
910 3105 1001 3160 illo
1031 3105 1206 3169 fuerit,
1233 3107 1333 3162 hoc
1349 3107 1637 3171 addidisse,
1666 3109 1798 3176 Quia
1824 3111 1964 3177 prior
1989 3125 2066 3163 me

488 3205 613 3249 erat.
648 3195 709 3248 Et
735 3195 851 3250 lucc
884 3212 984 3250 una
1015 3213 1173 3252 causa
1203 3209 1285 3253 est
1312 3216 1324 3251 :
1353 3200 1446 3254 sed
1475 3200 1652 3255 subdit
1683 3201 1841 3255 aliam
1869 3201 1935 3256 de
1962 3218 2065 3273 qua

488 3300 625 3341 nunc
646 3285 816 3356 agitur
846 3287 884 3339 ⁸.
916 3287 1171 3352 Quanam
1213 3289 1300 3344 illa
1333 3291 1453 3345 est?
1483 3289 1560 3344 De
1589 3291 1935 3361 plenitudine,
1982 3294 2064 3350 in-

483 3375 630 3445 quit,
662 3377 770 3446 eius
797 3394 887 3432 nos
913 3396 1082 3434 omnes
1106 3382 1390 3452 accepimus
1415 3391 1461 3436 et
1487 3385 1706 3453 gratiam
1727 3402 1822 3456 pro
1860 3389 2063 3458 gratia;

483 3476 536 3521 et
562 3476 677 3536 post
700 3467 813 3524 hzec
845 3474 1034 3526 iterum
1060 3471 1238 3526 aliam.
1269 3472 1436 3539 Quam
1469 3474 1611 3528 illam
1637 3474 1659 3527 2'
1700 3476 1830 3541 Quia
1861 3479 1947 3534 lex
1974 3496 2064 3546 per

488 3555 709 3627 Moyscm
730 3559 850 3612 data
876 3570 949 3614 est
970 3602 984 3626 ,
1007 3562 1172 3630 gratia
1208 3572 1254 3614 et
1281 3563 1466 3616 veritas
1489 3580 1578 3632 per
1601 3561 1781 3618 letum
1805 3563 2061 3621 Christum

484 3647 617 3713 facta
643 3659 732 3703 est.
766 3649 830 3704 Et
857 3650 982 3720 quid
1009 3661 1122 3717 est,
1157 3653 1366 3721 inquies
1395 3695 1409 3717 ,
1443 3653 1596 3719 illud,
1645 3654 1727 3709 Ea:
1750 3658 2062 3724 plenitudine

483 3737 595 3806 ejus
641 3754 732 3791 uos
782 3757 951 3794 omnes
976 3743 1298 3810 accepimus?
1340 3741 1472 3797 Nam
1519 3759 1584 3798 eo
1625 3746 1836 3800 interim
1886 3763 2064 3804 sermo

489 3827 795 3883 referendus
816 3840 918 3884 est.
941 3830 1056 3886 Non
1081 3831 1258 3898 habet,
1293 3833 1482 3904 inquit,
1507 3834 1630 3889 doni
1652 3838 1902 3906 erogandi
1934 3855 2063 3895 con-

470 3921 678 3973 sortem
705 3962 720 3987 ,
750 3922 841 3976 sed
873 3923 985 3992 ipse
1017 3924 1132 3979 l‘ons
1152 3966 1167 3990 ,
1203 3928 1314 3994 ipse
1346 3928 1496 3982 radix
1536 3940 1618 3983 est
1647 3929 1908 3986 bonorum
1937 3949 2054 3988 om-

483 4009 658 4074 nium,
694 4012 802 4080 ipsa
836 4014 936 4067 vita
959 4057 971 4080 ,
999 4015 1108 4084 ipsa
1138 4017 1223 4070 lux
1245 4058 1260 4081 ,
1293 4019 1402 4086 ipsa
1428 4022 1654 4085 veritas,
1686 4024 1774 4092 qui
1801 4025 2060 4082 boum-um

481 4099 693 4156 divitias
715 4118 818 4157 nou
849 4105 898 4158 iu
931 4119 988 4159 sc
1012 4108 1226 4173 retinet,
1256 4109 1350 4164 sed
1372 4109 1422 4164 in
1451 4111 1584 4166 alios
1605 4127 1794 4168 onmes
1815 4113 2057 4184 ell‘uudit;

483 4200 536 4242 et
560 4201 834 4261 postquam
866 4195 1069 4262 effudit,
1094 4197 1284 4266 plenus
1306 4211 1572 4269 remanet,
1598 4203 1725 4258 nihil
1759 4207 1932 4261 minus
1963 4206 2057 4262 ha-

480 4283 610 4337 bens
631 4297 904 4355 postquam
917 4289 1036 4343 aliis
1051 4291 1302 4361 elargitus
1315 4303 1414 4359 cst,
1431 4295 1523 4349 sed
1540 4312 1754 4366 semper
1766 4302 2061 4358 scaturieus

480 4385 533 4426 et
563 4377 678 4430 aliis
707 4378 842 4432 bona
864 4380 1190 4449 impertiens,
1216 4382 1265 4438 in
1297 4385 1484 4440 eadem
1508 4401 1682 4444 niauet
1709 4389 2056 4459 perfectione.

480 4465 629 4532 Quod
661 4481 835 4524 autem
861 4486 959 4541 ego
986 4473 1096 4529 fero
1121 4477 1383 4546 particeps
1402 4478 1544 4543 boui,
1569 4480 1636 4533 ab
1658 4483 1764 4537 alio
1784 4487 1982 4554 accepi,
2007 4497 2060 4543 et

478 4558 664 4628 exigua
695 4576 814 4629 pars
839 4565 998 4618 tutius
1017 4576 1098 4620 est
1121 4607 1134 4629 ,
1167 4576 1223 4621 et
1248 4570 1395 4638 quasi
1420 4570 1558 4626 stilla
1581 4573 1774 4645 abysso
1803 4577 2054 4636 inell'abili

476 4660 528 4699 ot
552 4650 737 4719 pelago
780 4653 1038 4710 lllllllCllsO
1087 4670 1391 4726 comparata
1424 4678 1437 4715 :
1469 4661 1573 4716 imo
1608 4680 1674 4720 ne
1715 4665 1814 4722 hoc
1838 4671 2053 4740 quidem

474 4740 775 4808 exemplum
826 4754 994 4810 potest
1039 4747 1167 4800 satis
1194 4749 1462 4816 explicare
1494 4752 1543 4806 id
1584 4761 1724 4824 quod
1775 4774 2055 4820 recensere

475 4843 750 4882 euuamur.
786 4833 994 4887 Etenim
1037 4835 1080 4888 si
1132 4837 1330 4891 stillam
1358 4854 1422 4894 ex
1466 4841 1654 4913 pelago
1706 4845 1942 4916 haurias,
1990 4868 2056 4907 eo

475 4918 590 4984 ipso
635 4922 850 4990 pelagus
890 4923 1163 4993 minuisti,
1212 4929 1419 4986 etiamsi
1467 4932 1765 4990 imminutio
1816 4939 1903 4993 illa
1938 4943 2051 4998 visu

473 5025 579 5064 non
610 5015 950 5084 percipiatur.
995 5018 1068 5073 De
1094 5018 1236 5075 l'unte
1265 5034 1441 5079 autem
1480 5025 1580 5081 isto
1605 5027 1654 5081 id
1678 5028 1781 5084 dici
1815 5035 2001 5103 nequit
2030 5053 2044 5101 ;

469 5101 560 5154 sed
581 5115 1061 5178 quantumcumque
1088 5110 1346 5178 hauseris,
1371 5127 1548 5171 manet
1578 5128 1756 5175 tamen
1787 5101 1916 5178 nihil
1947 5126 2049 5180 im-

471 5193 722 5249 minutus.
753 5198 924 5264 Quare
945 5201 1049 5255 alio
1085 5205 1329 5275 exempla
1357 5210 1611 5264 utenzlum
1639 5230 1651 5265 :
1693 5215 1834 5283 quod
1868 5226 2046 5273 tmncn

474 5285 738 5341 inﬁrmum
757 5301 838 5344 est
857 5333 872 5357 ,
903 5308 1000 5346 nec
1023 5305 1193 5361 potest
1217 5313 1327 5352 rem
1350 5303 1626 5368 quzcsitam
1645 5304 2044 5374 demonstrare;

469 5379 561 5433 sed
595 5380 761 5450 magis
786 5397 941 5452 quam
988 5387 1213 5454 primum
1241 5391 1305 5444 ad
1337 5397 1661 5462 propositam
1708 5413 1806 5452 nos
1835 5400 2049 5456 adducit

469 5471 805 5524 sentemiaut.
855 5473 1227 5544 Suppouamus
1277 5495 1395 5536 esse
1441 5484 1650 5552 igneum
1705 5488 1902 5542 fontem
1939 5509 2042 5546 :ex

469 5573 571 5624 quo
603 5558 746 5614 futue
778 5565 954 5625 mille.
988 5565 1068 5620 bis
1095 5568 1270 5632 mille,
1301 5580 1380 5626 ter
1402 5575 1566 5636 mille.
1599 5588 1651 5630 et
1684 5577 1839 5648 longe
1870 5582 2044 5649 plures

466 5647 695 5705 lucentia:
719 5657 1118 5712 accenduntur:
1149 5675 1325 5716 annon
1359 5682 1507 5734 a-que
1532 5668 1721 5736 plenus
1752 5673 1885 5741 ignis
1929 5690 2042 5728 ma.

534 5783 549 5860 ξ
757 5785 936 5860 lia-bet,
958 5791 1041 5839 sed
1087 5804 1179 5841 non
1212 5807 1269 5843 ea
1303 5803 1578 5860 contentus,
1606 5800 1767 5851 subdit
1809 5802 1955 5855 aliam
1981 5807 2042 5857 de

467 5852 560 5897 qua
584 5855 703 5893 nunc
728 5847 904 5902 (igitur.

2179 2645 2267 2691 uct
2291 2678 2304 2695 .
2339 2648 2616 2708 postquam
2644 2651 2721 2696 tot
2747 2644 2866 2698 aliis
2888 2646 2992 2701 vim
3028 2665 3177 2703 suam
3213 2651 3444 2707 indidit?
3474 2655 3528 2710 ld
3559 2662 3774 2719 nemini

2172 2743 2277 2782 non
2316 2744 2498 2784 notum
2535 2745 2637 2789 cst.
2681 2735 2834 2803 Quod
2863 2739 2906 2792 si
2951 2741 3002 2793 in
3041 2745 3357 2813 corporibus
3384 2748 3770 2820 dixisibilibus,

2170 2836 2288 2889 qum
2314 2837 2409 2890 per
2423 2825 2816 2896 ademptionem
2836 2831 3165 2904 minuuntur,
3185 2839 3453 2910 quidpiam
3477 2844 3650 2900 simile
3681 2863 3773 2903 re-

2171 2913 2390 3004 peritur,
2428 2917 2571 2985 quod
2620 2930 2897 2991 postquam
2929 2925 3050 2982 aliis
3079 2945 3197 2998 qua:
3228 2946 3322 2986 sua
3350 2947 3503 2990 crant
3535 2938 3723 2995 indidit
3749 2983 3771 3004 .

2170 3002 2301 3058 nihil
2334 3014 2509 3061 tamen
2540 3011 2815 3079 minuitur,
2850 3017 3018 3072 multo
3049 3022 3218 3092 magis
3269 3023 3318 3077 in
3365 3025 3679 3098 incorporea
3709 3002 3776 3090 et

2172 3094 2455 3155 immortali
2489 3101 2576 3157 illa
2607 3107 2840 3174 potentia
2871 3107 2973 3166 hoc
2998 3113 3294 3186 continget.
3322 3101 3454 3174 Nam
3485 3094 3533 3176 si
3560 3138 3680 3178 cum
3710 3126 3768 3182 id

2170 3189 2311 3258 quod
2345 3193 2691 3265 participatur
2719 3209 2802 3255 est
2826 3201 3122 3261 substantia
3150 3218 3203 3263 et
3231 3205 3446 3282 corpus,
3479 3224 3533 3270 ct
3571 3216 3772 3273 dividi-

2172 3288 2277 3345 tur,
2309 3293 2361 3338 et
2387 3300 2493 3341 non
2522 3286 2776 3366 dividitur
2805 3309 2820 3345 :
2854 3294 3020 3350 multo
3051 3301 3223 3370 magis
3243 3316 3364 3358 cmn
3392 3304 3460 3360 de
3488 3306 3535 3361 vi
3566 3311 3768 3379 agendi

2168 3385 2346 3428 sermo
2375 3386 2489 3443 est,
2536 3379 2711 3451 deque
2739 3383 2789 3438 vi
2829 3387 3020 3456 agendi
3063 3389 3388 3464 incorporete
3413 3398 3763 3474 substantia,

2174 3465 2506 3532 exploratum
2531 3480 2612 3525 est
2644 3472 2692 3527 id
2719 3475 2956 3532 evenire.

2238 3555 2382 3612 Illud
2401 3602 2416 3625 ,
2456 3561 2529 3617 De
2558 3563 2892 3635 plenitudine
2921 3570 3038 3641 ejus
3069 3575 3374 3645 accepimus
3395 3620 3409 3643 ,
3439 3597 3765 3640 commenta-

2165 3658 2265 3704 tur.
2291 3684 2357 3694 -—-
2384 3653 2508 3710 Ideo
2533 3656 2772 3716 Joannes
2797 3661 3010 3718 dicebat
3030 3707 3044 3731 ,
3077 3665 3154 3720 De
3177 3670 3492 3738 plenitudine
3519 3677 3628 3746 ejus
3666 3697 3766 3734 uos

2168 3761 2339 3802 autne:
2368 3751 2657 3819 accepimus
2673 3770 2694 3820 ;
2718 3763 2772 3809 et.
2801 3756 3173 3815 testimonium
3186 3777 3340 3817 suum
3369 3765 3619 3838 Baptista:
3646 3782 3767 3826 tes-

2171 3838 2390 3895 timonio
2420 3847 2707 3900 connectit.
2735 3846 2866 3903 Nam
2900 3850 3049 3916 illud,
3083 3851 3155 3907 De
3177 3854 3494 3925 plenitudine
3519 3862 3629 3931 ejus
3659 3881 3762 3920 nos

2167 3945 2338 3984 omnes
2367 3935 2653 4004 accepimus
2671 3977 2686 4002 ,
2724 3953 2831 3994 non
2861 3946 3205 4009 prmcursoris
3225 3988 3239 4012 ,
3272 3948 3365 4003 sed
3390 3949 3634 4022 discipuli
3670 3957 3762 4011 di-

2165 4031 2308 4076 ctum
2340 4035 2440 4078 est.
2474 4026 2585 4082 lloc
2608 4039 2783 4085 autem
2811 4033 2922 4088 vult
2950 4036 3282 4106 signiﬁcare:
3307 4041 3385 4097 Ne
3419 4047 3614 4113 putetis
3633 4063 3759 4112 nos,

2164 4113 2251 4181 qui
2281 4115 2448 4170 multo
2472 4127 2710 4189 tempore
2731 4137 2850 4178 cum
2876 4125 2968 4181 illo
2995 4131 3186 4184 versati
3209 4147 3416 4199 sumus,
3440 4146 3493 4190 ct
3514 4137 3758 4204 ejusdem

2165 4218 2365 4259 mensa:
2395 4221 2678 4267 consortes
2720 4213 2944 4281 fuimus,
2984 4235 3048 4273 ex
3078 4223 3248 4290 gratia
3279 4225 3454 4294 aliqua
3506 4231 3761 4286 testimo-

2166 4294 2312 4349 uium
2342 4296 2500 4353 ferre.
2530 4299 2660 4355 Nam
2692 4302 2926 4362 Joannes
2947 4351 2960 4372 ,
2985 4311 3074 4380 qui
3103 4313 3249 4368 illum
3280 4326 3435 4372 antea
3464 4335 3570 4374 non
3599 4323 3759 4380 vide-

2165 4395 2248 4440 rat
2270 4428 2283 4448 .
2317 4403 2416 4444 nec
2445 4406 2565 4446 cum
2593 4394 2686 4449 illo
2718 4408 2958 4454 versatus
2987 4401 3161 4458 fuerat
3185 4447 3199 4472 ,
3229 4408 3322 4462 sed
3352 4425 3472 4465 cum
3511 4411 3756 4484 baptiza-

2163 4487 2244 4533 ret
2276 4489 2475 4535 tautmn
2495 4525 2510 4550 ,
2546 4485 2660 4554 ipso
2689 4501 2809 4542 cum
2840 4493 3051 4548 c:rteris
3078 4509 3389 4568 conspecto,
3429 4503 3551 4560 inde
3571 4510 3756 4566 omnia

2161 4572 2458 4642 accipiens,
2484 4578 2835 4646 exclamavit,
2867 4581 3021 4636 Prior
3041 4603 3120 4640 me
3144 4600 3272 4643 erat.
3297 4591 3406 4647 Nos
3429 4606 3607 4650 autem
3630 4617 3754 4654 «uno

2162 4679 2276 4727 nes,
2308 4665 2617 4734 duo.lecim,
2653 4674 2872 4728 trecenti
2898 4717 2912 4734 .
2945 4678 3252 4750 quingenti,
3282 4693 3365 4738 ter
3396 4687 3568 4750 mille.
3593 4691 3758 4760 quin-

2159 4758 2309 4825 quies
2334 4761 2480 4814 tnille
2500 4804 2514 4826 ,
2540 4763 2718 4819 Illlliltl!
2741 4765 3043 4823 Jud;cormu
3069 4773 3358 4842 myriades,
3383 4780 3556 4834 omnis
3581 4758 3757 4850 pleni-

2162 4847 2288 4902 tudo
2315 4848 2586 4917 lideliuni,
2632 4856 2721 4923 qui
2754 4866 2878 4912 tunc
2909 4860 3056 4915 fuere
3079 4903 3093 4927 ,
3126 4865 3213 4934 qui
3245 4882 3421 4935 nunc,
3463 4871 3552 4940 qui
3581 4847 3747 4928 lutnri

2157 4949 2313 5004 sunt,
2362 4940 2431 4996 de
2475 4943 2803 5011 plenitudine
2847 4949 2963 5019 ejus
3007 4956 3336 5023 accepimus.
3383 4961 3518 5026 Quill
3566 4972 3750 5021 mrtem

2156 5030 2492 5099 accepimus?
2520 5031 2758 5091 Gratiam
2790 5055 2885 5107 pro
2913 5044 3103 5110 gratia.
3137 5045 3306 5112 Quam
3335 5065 3432 5118 pro
3462 5067 3564 5120 qua
3588 5053 3610 5104 ‘l
3639 5053 3748 5109 Pro

2158 5123 2322 5176 veteri
2353 5140 2566 5181 notam.
2599 5128 2743 5184 Sicut
2765 5132 2904 5186 enim
2941 5147 3056 5189 erat
3083 5136 3284 5204 justitia
3311 5152 3365 5196 et
3391 5143 3620 5213 justitia,
3647 5148 3748 5202 Se-

2155 5216 2370 5269 cundum
2378 5219 2654 5287 justitiam,
2686 5224 2873 5294 inquit,
2893 5244 3007 5292 qua:
3026 5230 3076 5282 iu
3101 5229 3206 5302 lege
3222 5243 3314 5298 est,
3337 5237 3502 5305 factus
3524 5240 3741 5311 irrrpre-

2153 5308 2408 5364 ltettsibilis
2437 5310 2694 5383 (Philipp.
2727 5317 2779 5369 δ.
2805 5317 2902 5388 6);
2946 5321 3068 5374 item
3100 5323 3232 5378 lidcs
3260 5336 3315 5379 et
3347 5328 3477 5383 lides
3504 5343 3586 5384 est
3617 5308 3635 5386 ε’
3663 5333 3746 5388 li:

2151 5401 2251 5468 [ide
2289 5402 2342 5455 in
2371 5404 2520 5469 [idem
2560 5404 2736 5475 (Rom.
2785 5411 2832 5463 l.
2880 5413 2987 5476 l7);
3027 5415 3243 5488 adoptio
3277 5437 3488 5491 quoque
3527 5433 3578 5478 et
3613 5427 3744 5481 ado-

2152 5493 2302 5560 ptio:
2360 5494 2587 5561 Quorum
2629 5502 2836 5569 adoptio
2882 5503 3042 5571 (Ibid.
3090 5508 3142 5562 9.
3185 5510 3262 5579 4),
3318 5513 3520 5582 inquit;
3571 5519 3739 5587 gloria

2148 5601 2357 5654 quoque
2383 5588 2572 5657 duplex
2609 5609 2620 5644 :
2655 5593 2717 5646 Si
2757 5596 2886 5647 enim
2925 5599 3060 5665 quod
3106 5616 3377 5656 erurtmtur
3404 5625 3493 5675 per
3521 5611 3739 5679 gloriam

2147 5687 2239 5743 est,
2266 5679 2420 5732 multo
2443 5682 2603 5751 utagis
2625 5686 2760 5751 quod
2784 5700 2948 5739 nume!
2971 5692 3020 5742 in
3041 5693 3206 5759 gloria
3226 5693 3304 5761 (9..
3330 5695 3447 5752 (iur.
3471 5701 3523 5752 5.
3551 5702 3602 5754 ll
3626 5717 3655 5765 l;
3685 5715 3739 5757 rt

2147 5769 2229 5831 lex
2275 5771 2465 5839 duplex
2499 5791 2511 5826 :
2545 5791 2665 5828 nam
2699 5779 2789 5841 ait,
2824 5778 2933 5832 Lex
2979 5785 3190 5852 spiritus
3226 5793 3338 5840 vita:
3391 5791 3616 5845 liberauit
3659 5814 3737 5849 me

2151 5861 2322 5928 (llom.
2357 5864 2407 5915 8.
2439 5864 2494 5933 Ξ)
2522 5883 2534 5930 ;
2564 5877 2611 5921 et
2642 5869 2812 5925 cultus
2839 5871 3055 5946 duplex,
3100 5876 3322 5944 Quorum
3357 5884 3596 5948 smnus,
3638 5900 3733 5939 seu
