4046 6502
167 423 224 480 33
1185 411 1247 467 IN
1279 403 1594 466 JOANNEM
1638 399 1743 458 ³11οἶ

1851 436 1876 455 ..
1920 398 2060 456 XIV.
2105 401 2177 454 al.
2222 399 2354 455 XIII.
3391 402 3461 459 96

165 536 342 598 rullus;
357 539 410 588 et
423 546 672 597 rursum,
690 530 898 598 Spiritu
917 525 1020 581 Deo
1036 526 1299 580 servientes
1317 524 1358 592 ¹(
1373 515 1565 589 Philip.
1583 512 1637 571 '5.
1661 517 1737 583 3);

169 627 335 697 duplex
363 639 576 696 quoque
624 630 1057 679 testamentum:
1092 617 1370 689 Disponam
1413 613 1550 667 vobis
1593 620 1744 664 testa.

168 730 360 773 mentum
383 732 592 782 locum,
627 732 738 769 non
765 713 1044 768 secundum
1074 718 1424 765 testamentum
1453 702 1591 776 quod
1630 702 1740 755 dis-

167 812 290 880 posui
348 827 459 864 cum
523 807 766 878 patribus
820 807 994 860 uestri:
1046 802 1179 876 (Jer.
1231 802 1321 856 5|.
1375 799 1496 869 3|);
1545 797 1740 867 duplex

195 915 348 970 noque
391 897 791 961 sanctiﬁcatio,
835 895 1028 965 duplex
1075 893 1373 962 baptisma,
1417 889 1611 958 duplex
1650 901 1742 942 sa-

160 991 393 1046 criﬁcium
413 1031 429 1056 ,
461 987 669 1057 duplex
699 987 990 1056 templum,
1020 980 1218 1054 duplex
1262 981 1635 1042 circumcisio;
1663 977 1743 1032 sic

165 1082 418 1151 etduplex
450 1080 647 1151 gratia.
701 1077 809 1136 Sed
857 1077 943 1132 illa
987 1077 1199 1147 quidem
1228 1090 1326 1130 ceu
1369 1073 1532 1144 figura
1577 1078 1737 1135 sunt;

166 1173 261 1230 hate
299 1182 350 1228 ut
399 1173 598 1228 veritas
631 1189 646 1223 :
682 1187 804 1242 qua:
851 1170 1170 1240 homonyma
1214 1166 1462 1237 quidem,
1497 1163 1589 1219 sed
1633 1177 1739 1217 non

164 1279 428 1334 synonyma
455 1272 602 1318 sunt.
635 1261 774 1318 Nam
818 1262 871 1316 in
905 1260 1041 1332 typis
1070 1267 1120 1313 et
1166 1255 1484 1328 imaginibus
1508 1254 1600 1325 qui
1640 1267 1740 1308 'co-

166 1354 260 1410 lore
279 1353 391 1408 albo
413 1360 473 1407 et
500 1353 660 1422 nigro
684 1352 938 1423 pingitur,
961 1349 1122 1403 homo
1149 1355 1390 1410 vocatur,
1418 1352 1474 1398 ut
1496 1354 1552 1399 et
1581 1357 1742 1399 verus

167 1453 303 1496 homo
321 1444 501 1498 nativo
526 1445 722 1498 colore
751 1443 1038 1497 instructus
1067 1456 1083 1496 :
1113 1440 1162 1493 in
1187 1437 1375 1492 statuis
1398 1451 1609 1506 quoque
1639 1449 1738 1488 auo

165 1549 238 1588 tua
266 1533 476 1604 perinde
521 1547 693 1604 atque
744 1532 956 1601 ﬁglina,
997 1539 1169 1586 statua
1222 1527 1451 1591 dicitur;
1497 1524 1592 1581 sed
1646 1523 1735 1579 illa

167 1636 302 1697 typus
327 1638 447 1681 sunt
469 1669 482 1690 .
515 1626 637 1680 ba-c
667 1621 886 1718 νει-ψει.

221 1717 266 1768 ‘2.
299 1715 434 1769 Inter
459 1725 635 1770 cetera
680 1725 730 1770 et
770 1707 899 1768 riora
934 1712 1225 1766 discrimen.
1257 1738 1331 1749 —-
1358 1708 1434 1764 Ne
1480 1707 1640 1778 igitur
1675 1721 1740 1762 ex

165 1810 409 1862 nonnnum
440 1809 763 1871 consortio,
795 1819 881 1860 res
902 1805 1118 1859 easdem
1139 1845 1152 1866 ,
1185 1801 1281 1857 sed
1310 1815 1480 1871 neque
1503 1800 1743 1855 diversas

165 1915 266 1955 esse
293 1910 458 1969 putes.
511 1897 655 1954 Nam
689 1898 736 1954 si
784 1907 940 1969 typus
975 1905 1122 1962 erat,
1169 1910 1277 1950 non
1319 1902 1437 1950 erat
1465 1894 1672 1948 alienus
1711 1908 1740 1947 a

163 1992 396 2056 t'eritatc;
441 1991 486 2047 si
520 1991 775 2046 umbram
821 1987 1070 2043 servabat
1093 2029 1107 2052 ,
1139 1985 1316 2040 minor
1343 1993 1456 2038 crat
1495 1983 1738 2036 veritate.

166 2082 280 2148 Quid
323 2099 449 2154 ergo
474 2082 812 2138 discriminis
854 2089 936 2135 est
983 2079 1122 2134 inter
1167 2079 1280 2132 lucc
1324 2077 1539 2131 omnia?
1571 2075 1742 2132 Vultis

167 2191 302 2230 unum
319 2187 401 2230 aut
423 2176 531 2230 duo
553 2191 622 2232 ex
643 2173 804 2229 dictis
819 2171 1128 2227 tractemus?
1149 2171 1239 2226 Sic
1254 2179 1452 2227 caetera
1461 2169 1613 2225 vobis
1630 2185 1745 2225 ma-

167 2267 329 2322 nilesta
357 2277 515 2323 erunt
543 2287 558 2322 :
583 2266 994 2335 videbimusque
1025 2264 1108 2317 illa
1143 2278 1427 2334 puerorum
1451 2271 1738 2332 prmeepta,

165 2360 500 2415 haesit-orum
536 2358 761 2414 fortium
780 2354 1233 2425 luisse;illaquasi
1271 2352 1598 2413 hominibus.
1627 2351 1743 2408 lucc

164 2454 293 2521 quasi
320 2451 520 2523 angelis
546 2451 868 2507 constituta.
901 2447 1051 2504 Unde
1082 2448 1240 2518 igitur
1270 2445 1581 2502 ordiemur?
1612 2444 1740 2500 Vul-

166 2546 224 2600 tis
247 2543 310 2599 ab
335 2545 444 2616 ipsa
475 2543 779 2613 adeptione
805 2540 1120 2596 ordiamur?
1152 2539 1287 2607 Quid
1313 2538 1638 2594 discriminis
1663 2538 1743 2592 in-

170 2647 238 2691 ter
262 2639 388 2692 hanc
416 2646 473 2693 et
501 2637 655 2691 illam
685 2634 806 2690 est?
832 2635 920 2690 Illa
948 2634 1159 2689 nomine
1187 2642 1340 2690 tenus
1367 2644 1511 2699 erat;
1543 2634 1657 2689 luce
1684 2648 1743 2689 re

168 2727 283 2796 ipsa.
317 2728 387 2784 De
415 2728 502 2783 illa
534 2728 762 2793 dicitur,
795 2725 904 2796 Ego
933 2725 1075 2791 dixi,
1111 2725 1198 2778 on
1223 2726 1369 2790 εειίε,
1401 2734 1447 2779 ει
1468 2725 1563 2793 pm
1587 2723 1743 2780 Altis-

166 2819 264 2871 simi
290 2836 456 2872 omnes
486 2817 672 2888 (Prol.
702 2818 791 2874 8i.
821 2818 901 2889 6).
933 2817 1006 2872 De
1032 2815 1131 2871 hac
1151 2827 1328 2873 autem
1349 2859 1365 2884 ,
1394 2815 1477 2872 Ea:
1501 2817 1607 2873 Deo
1634 2818 1744 2872 uati

166 2923 283 2964 sunt.
310 2910 592 2980 Quomodo
623 2919 681 2965 et
715 2924 818 2980 qua
871 2909 1116 2963 ratione?
1143 2908 1246 2964 Per
1272 2910 1541 2963 lavacrum
1587 2924 1743 2979 rege-

168 3003 431 3058 nerationis
448 3013 504 3058 et
523 3001 894 3058 renovationis
904 3000 1135 3070 Spiritus
1153 3001 1343 3055 sancti.
1359 3001 1426 3055 Et
1440 3001 1511 3055 illi
1527 3001 1742 3072 quidem

168 3109 422 3167 postquam
443 3098 536 3152 lilii
557 3096 813 3168 appellati
837 3105 980 3161 sunt,
1001 3094 1246 3165 spiritum
1280 3094 1551 3150 servitutis
1569 3094 1745 3151 adhuc

169 3191 409 3247 habebant
444 3209 458 3245 :
505 3207 635 3246 nam
662 3189 802 3245 servi
829 3203 948 3244 cum
976 3198 1192 3255 essent,
1244 3187 1343 3243 hac
1386 3189 1743 3260 appellat’onc

168 3282 516 3349 ornabantur;
556 3296 657 3337 nos
682 3289 862 3336 autem
912 3279 1068 3336 liberi
1095 3290 1224 3336 tunc
1247 3279 1418 3336 cﬂ‘ecti
1444 3323 1460 3347 ,
1509 3297 1612 3335 non
1642 3297 1743 3334 no-

169 3372 322 3441 mine,
353 3373 446 3429 sed
477 3389 548 3429 re
576 3372 837 3427 honorem
865 3371 1187 3441 accepimus.
1221 3371 1288 3425 Et
1313 3370 1412 3425 hoc
1437 3370 1632 3425 Paulus
1657 3371 1743 3424 di-

171 3462 344 3519 cebat:
378 3463 502 3518 Non
549 3465 683 3518 enim
727 3461 991 3533 accepistis
1016 3462 1252 3532 spiritum
1275 3463 1524 3517 serts'tutis
1563 3464 1745 3517 iterum

170 3558 214 3609 in
237 3559 433 3624 timore,
461 3556 561 3611 sed
583 3556 848 3627 accepistis
873 3555 1126 3625 Spiritum
1152 3555 1442 3626 adoptionis
1482 3556 1707 3625 ﬁliorum
1725 3598 1739 3622 ,

170 3646 215 3699 in
237 3663 327 3716 quo
350 3649 664 3713 clamamus,
695 3645 837 3700 Abba
860 3643 1018 3700 Pater
1050 3644 1225 3718 (Rom.
1254 3645 1308 3701 8.
1339 3647 1449 3718 15).
1493 3646 1744 3703 Generati

172 3753 376 3810 namque
417 3753 702 3812 superne,
750 3747 807 3794 et
862 3747 918 3793 ut
958 3738 1028 3792 ita
1056 3737 1265 3805 dicam,
1309 3738 1580 3795 reformati
1605 3777 1621 3807 ,
1668 3740 1747 3796 sic

172 3832 322 3885 vocati
357 3845 553 3887 sumus
607 3829 722 3885 lilii.
772 3827 1082 3885 Sanctitatis
1117 3845 1247 3885 vero
1292 3830 1506 3885 modum
1537 3833 1581 3886 si
1626 3832 1747 3902 quis

173 3919 426 3989 didicerit,
459 3922 589 3993 quis
616 3920 723 3985 hic,
754 3921 872 3991 quis
898 3920 1008 3986 ille,
1039 3920 1260 3975 multam
1293 3920 1380 3976 hic
1403 3938 1617 3994 quoque
1645 3922 1744 3978 dif.

173 4010 429 4068 terentium
457 4012 687 4067 videbit.
718 4012 793 4066 Illi
821 4027 1051 4084 namque
1075 4012 1289 4083 quando
1315 4014 1452 4068 idola
1480 4031 1585 4070 non
1603 4016 1748 4072 cole-

175 4105 300 4172 bant,
329 4124 447 4165 cum
479 4121 586 4162 nec
611 4105 1031 4171 l'ornicabantur,
1061 4121 1162 4163 nec
1188 4108 1615 4177 tumebahantur,
1644 4110 1747 4170 hoc

177 4201 482 4257 vocabantur
529 4199 746 4255 nomine
778 4215 792 4251 :
823 4214 920 4254 nos
967 4207 1148 4254 autem
1198 4213 1304 4253 non
1333 4199 1650 4257 abstinendo
1680 4202 1748 4256 ab

177 4291 266 4346 illis
292 4293 448 4350 rebus
483 4301 693 4348 tantum
719 4332 736 4360 ,
765 4290 859 4346 sed
885 4299 936 4347 et
969 4289 1169 4361 majora
1212 4290 1537 4361 possidendo
1575 4295 1746 4349 sancti

174 4382 431 4440 efﬁcimur.
467 4383 542 4440 Et
586 4385 758 4455 primo
781 4377 1094 4453 quideme:
1140 4382 1256 4454 ipso
1284 4382 1514 4454 Spiritus
1556 4385 1745 4455 illapsu

177 4473 263 4532 hoc
305 4475 693 4547 consequimur
738 4471 936 4527 donum
983 4490 996 4527 :
1051 4472 1246 4529 deinde
1295 4489 1367 4529 ex
1435 4475 1540 4529 vita
1593 4475 1748 4547 longe

178 4569 534 4636 pra'stantiore
559 4581 719 4637 quam
739 4565 987 4622 Judaica.
1017 4565 1084 4620 Et
1120 4580 1188 4621 ne
1210 4578 1280 4620 ex
1310 4565 1564 4636 jactantia
1606 4568 1745 4623 dicta

178 4670 348 4728 putes,
399 4659 528 4715 audi
574 4658 702 4729 quid
731 4658 835 4712 illis
857 4658 1042 4713 dicat:
1077 4655 1256 4711 Nolite
1306 4659 1544 4723 lustrare,
1593 4676 1750 4730 neque

206 4754 432 4820 uriﬁcare
485 4752 624 4822 ﬁlios
673 4761 881 4819 uestros,
933 4751 1055 4821 quia
1097 4752 1317 4822 populus
1361 4763 1566 4807 sanctus
1631 4755 1748 4809 estis

180 4839 346 4906 (Deut.
375 4843 464 4899 18.
495 4842 609 4912 10).
655 4841 834 4912 Itaque
857 4841 997 4912 apud
1027 4841 1146 4896 illos
1171 4841 1284 4897 lucc
1314 4843 1570 4898 sanctitas
1595 4854 1709 4900 erat
1728 4886 1744 4911 ,

177 4934 234 4988 ab
257 4935 517 4992 idolorum
570 4935 775 5004 legibus
817 4933 1123 5002 abstinere;
1150 4934 1292 5005 apud
1341 4951 1439 4991 nos
1462 4952 1593 4993 vero
1640 4954 1746 4993 non

177 5025 256 5092 ita,
276 5028 386 5094 sed,
413 5028 483 5084 Ut
502 5026 565 5081 sit
588 5037 784 5094 sancta,
807 5027 992 5098 inquit.
1017 5044 1229 5097 corpore
1255 5038 1301 5083 et
1327 5030 1506 5100 spiritu
1525 5031 1574 5100 (I
1590 5071 1602 5085 .
1627 5031 1744 5087 Car.

178 5117 220 5170 7.
246 5121 366 5191 54).
411 5120 604 5176 Pacem
651 5121 1002 5190 persequimini
1029 5131 1075 5175 et
1113 5123 1600 5192 sanctiﬁcationem,
1643 5129 1749 5181 sine

175 5229 260 5280 qua
281 5233 423 5270 nemo
460 5216 642 5271 videbit
687 5215 961 5270 Dominum
987 5215 1170 5286 (Hebr.
1196 5216 1282 5270 12.
1310 5217 1375 5272 Η
1397 5217 1414 5287 )
1439 5236 1455 5283 ;
1485 5228 1571 5283 et,
1617 5218 1748 5274 Pcr-

179 5305 378 5369 ῥόθια
407 5308 856 5376 sancti/irationem
895 5309 948 5362 in
975 5310 1152 5362 timore
1176 5307 1272 5362 Dei
1315 5309 1410 5381 (Ξ.
1435 5309 1554 5364 Cor.
1582 5312 1634 5365 7.
1672 5309 1744 5384 l).

180 5393 277 5450 Non
305 5401 446 5456 enim
477 5399 578 5455 hoc
602 5415 796 5456 nomen
821 5442 838 5467 ,
863 5411 1078 5456 sanctus
1101 5443 1114 5465 ,
1146 5402 1196 5456 in
1222 5403 1468 5458 omnibus
1485 5445 1500 5470 ,
1533 5404 1600 5460 de
1625 5407 1744 5474 qui—

180 5485 265 5542 bus
308 5490 520 5556 dicitur,
576 5491 820 5546 eamdem
872 5493 1030 5548 habet
1083 5480 1554 5565 signiﬁcationem.
1614 5497 1744 5551 Nam

183 5576 300 5633 licus
322 5592 536 5636 sanctus
581 5581 796 5648 dicitur,
825 5583 919 5638 sed
951 5599 1056 5638 non
1084 5585 1222 5640 sicut
1250 5601 1369 5641 nos.
1419 5586 1550 5642 Cum
1597 5589 1742 5642 enim

179 5674 414 5742 propheta
453 5674 591 5734 hanc
620 5689 804 5730 vocem
848 5690 878 5729 a
904 5675 1214 5746 Seraphinis
1238 5677 1440 5733 aud'nit
1465 5720 1480 5745 ,
1525 5680 1742 5736 attende

242 5869 256 5899 ’
289 5878 418 5922 tuxta
454 5874 572 5926 alios
606 5875 876 5939 legendum
903 5887 1052 5934 esset.
1087 5879 1284 5941 διήθίιυί
1324 5881 1409 5930 Drt'
1435 5880 1710 5933 servientes.

477 5957 754 6020 ΡΑτιιοι.
804 5961 919 6018 Gn.
975 5961 1130 6022 LIX.

1857 513 1987 584 quid
2009 513 2230 568 dixerit:
2256 513 2354 567 [Iri
2375 513 2515 579 mihi,
2544 513 2695 568 miser
2719 530 2809 585 ego
2829 515 2868 580 ',
2887 515 3005 582 quia
3032 515 3184 570 homo
3203 531 3317 570 cum
3340 521 3454 581 sim,

1852 609 2055 679 impura
2085 609 2220 662 labia
2248 609 2408 661 habeo
2429 650 2444 673 ,
2489 616 2535 661 et
2573 609 2626 662 in
2655 607 2820 662 medio
2847 609 3025 679 papuli
3075 610 3282 678 impura
3323 609 3462 666 labia

1852 701 2080 754 habentis
2105 715 2196 772 ego
2226 698 2396 754 habito
2422 699 2574 773 (Isai.
2626 699 2679 755 6.
2713 701 2792 768 5).
2821 699 2935 756 Etsi
2963 701 3051 756 ille
3076 705 3131 756 et
3161 714 3381 758 sanctus
3408 713 3461 758 rt

1851 808 2017 862 purus
2062 801 2226 848 esset.
2279 790 2477 847 Verum
2530 793 2575 847 si
2623 800 2861 846 nostram
2913 802 3036 847 cum
3084 807 3318 863 superna
3370 793 3458 848 illa

1849 883 2185 937 sanctitatem
2213 897 2613 954 comparemus,
2657 884 2849 953 impuri
2874 900 3082 939 sumus.
3113 885 3299 941 Sancti
3324 898 3453 942 sunt

1849 975 2046 1045 angeli,
2077 974 2248 1029 sancti
2270 983 2398 1028 sunt
2421 974 2753 1042 archangeli,
2781 985 2834 1030 ct
2856 975 3149 1030 Cherubin)
3172 986 3334 1047 atque
3353 978 3458 1034 Sc-

1849 1067 2056 1136 rnphim
2085 1082 2100 1132 ;
2132 1066 2227 1122 sed
2260 1066 2418 1135 hujus
2446 1066 2748 1121 sanctitatis
2773 1066 2876 1120 alia
2904 1082 3117 1121 rursum
3145 1068 3448 1125 dLll‘erentia

1847 1165 1932 1211 est
1959 1157 2098 1212 inter
2121 1171 2217 1212 nos
2244 1156 2494 1213 videlicet
2517 1166 2572 1212 et
2601 1158 2910 1228 superiores
2942 1159 3061 1214 illas
3084 1169 3380 1230 potestates
3409 1163 3454 1220 '.

1848 1247 2069 1305 Possem
2094 1259 2292 1305 caetera
2317 1251 2502 1305 omnia
2534 1251 2808 1321 persequi,
2839 1250 2932 1306 sed
2961 1252 3118 1308 video
3147 1255 3450 1311 orationem

1850 1339 2060 1411 longius
2114 1357 2494 1412 progressam;
2574 1353 2904 1414 quaprOpter
2957 1344 3215 1400 ulteriore
3290 1347 3453 1402 missa

1846 1434 2266 1504 perquisitione,
2329 1435 2481 1490 vobis
2550 1445 2746 1490 ca'tera
2799 1437 3128 1506 exploranda
3180 1439 3456 1510 relannc-

1849 1540 1989 1579 mns.
2024 1524 2188 1580 Vobis
2215 1525 2357 1579 enim
2386 1525 2511 1580 licet
2534 1525 2680 1581 domi
2710 1526 2825 1582 hare
2843 1527 3168 1598 colligendo,
3196 1529 3454 1585 didm-en-

1851 1616 1974 1670 tiam
2003 1617 2395 1682 intcrnoscere,
2442 1625 2496 1671 ct
2543 1616 2749 1687 reliqua
2777 1617 3031 1674 similiter
3059 1619 3330 1691 indagare.
3369 1620 3453 1674 Da

1847 1708 2085 1777 sapienti,
2125 1709 2316 1779 inquit,
2353 1709 2704 1775 occasionem,
2745 1718 2792 1763 et
2832 1711 3110 1781 sapientior
3138 1713 3230 1764 erit
3265 1710 3448 1783 (Pico.

1848 1801 1901 1856 9.
1931 1801 2007 1870 9).
2039 1801 2252 1856 Initium
2281 1813 2512 1871 namque
2545 1812 2580 1856 'a
2605 1801 2758 1857 nobis
2794 1811 2896 1868 est,
2933 1803 3054 1859 ﬁnis
3082 1805 3184 1859 erit
3212 1819 3242 1860 a
3275 1805 3449 1864 vobis.

1846 1891 2037 1963 Opera:
2063 1894 2294 1963 pretium
2319 1903 2498 1948 autem
2529 1903 2612 1948 est
2639 1895 2834 1949 seriem
2863 1896 3135 1966 persequi.

1931 1984 2162 2040 Gratiam
2183 2003 2283 2057 pro
2310 1987 2477 2056 gratia
2507 1987 2632 2058 quid
2657 1989 2940 2058 signiﬁcet.
2958 1990 3170 2045 —Cttm
3202 1989 3448 2061 dixisset,

1857 2077 1937 2132 De
1975 2080 2287 2149 plenitudine
2312 2090 2480 2134 autent
2508 2081 2619 2152 ejus
2663 2098 2755 2136 nos
2785 2098 2957 2136 omnes
2984 2085 3295 2153 accepimus,
3323 2086 3451 2138 sub-

1844 2170 2001 2238 didit,
2028 2172 2093 2226 Et
2115 2174 2332 2243 gratiam
2356 2190 2448 2243 pro
2470 2176 2636 2245 gratia
2657 2176 2981 2232 :ostendens
3001 2177 3216 2234 Jttdtcos
3237 2194 3450 2249 quoque

1848 2278 1948 2333 per
1971 2265 2200 2334 gratiam
2245 2266 2426 2334 salvos
2456 2266 2640 2322 fuisse.
2670 2266 2786 2323 Non
2828 2269 2969 2324 enim
2999 2270 3142 2340 quod
3193 2272 3452 2342 multipli-

1845 2356 1948 2409 cati
1977 2355 2095 2411 sitis
2119 2396 2134 2424 ,
2187 2355 2282 2412 sed
2324 2365 2548 2429 propter
2588 2367 2767 2430 patres
2812 2368 3022 2414 vestros
3063 2360 3199 2430 elegi
3247 2377 3362 2416 vos.
3393 2362 3447 2417 Si

1847 2461 1976 2517 ergo
2002 2464 2107 2503 non
2137 2464 2202 2504 ex
2234 2449 2466 2520 propriis
2491 2450 2700 2505 meritis
2725 2465 2754 2504 a
2784 2449 2894 2506 Deo
2917 2451 3073 2507 electi
3100 2462 3244 2519 sunt,
3271 2455 3446 2523 palam

1847 2551 1942 2593 eos
1993 2554 2090 2609 per
2112 2539 2340 2610 gratiam
2371 2538 2514 2596 hunc
2535 2555 2655 2597 esse
2682 2551 3041 2612 consequutus
3065 2541 3347 2598 honorem.
3385 2546 3450 2601 lit

1847 2645 1945 2686 nos
1976 2645 2189 2702 quoque
2218 2633 2388 2703 gratia
2433 2630 2568 2688 salvi
2595 2631 2720 2688 facti
2750 2649 2937 2690 sumus
2965 2650 2978 2688 :
3009 2637 3104 2690 sed
3137 2652 3244 2690 non
3285 2638 3444 2692 simili

1849 2723 2030 2778 modo.
2077 2723 2262 2792 Neque
2305 2725 2447 2780 enim
2494 2724 2683 2780 iisdem
2732 2728 2783 2780 in
2827 2727 3027 2794 rebus,
3058 2727 3151 2783 sed
3182 2728 3233 2783 in
3279 2729 3446 2784 multo

1848 2807 2140 2884 majoribus
2163 2826 2213 2870 et
2240 2815 2663 2871 sublimioribus.
2694 2817 2810 2872 Non
2838 2818 3019 2890 itaque
3049 2820 3172 2875 talis
3193 2829 3277 2876 est
3304 2821 3445 2891 apud

1849 2920 1947 2960 nos
1989 2907 2181 2978 gratia.
2227 2905 2412 2977 Neque
2457 2906 2600 2962 enim
2651 2915 2991 2978 peccatorum
3045 2919 3249 2964 tantmn
3292 2913 3445 2965 venia

1849 2999 2004 3054 nobis
2030 2998 2222 3055 collata
2253 3010 2332 3054 est
2358 3015 2372 3064 ;
2407 2998 2565 3069 huius
2609 3016 2840 3071 namque
2870 3017 2992 3056 cum
3023 3002 3126 3057 illis
3167 3013 3448 3059 consortes

1845 3107 2034 3148 sumus
2066 3109 2079 3145 :
2111 3107 2301 3147 omnes
2345 3093 2491 3148 enim
2535 3103 2931 3164 peccaverunt;
2959 3095 3051 3150 sed
3083 3095 3242 3151 datur
3283 3097 3447 3153 etiam

1843 3185 2047 3257 justitia
2075 3228 2090 3252 ,
2122 3186 2481 3240 sanctiﬁcatio
2503 3227 2518 3252 ,
2547 3187 2796 3256 adoptio,
2824 3187 3054 3258 Spiritus
3076 3191 3247 3259 gratia
3292 3190 3450 3262 longe

1849 3279 2184 3351 splendidior
2227 3288 2285 3335 et
2337 3279 2576 3334 uberior.
2622 3280 2728 3335 Per
2757 3279 2896 3336 hanc
2932 3283 3157 3352 gratiam
3191 3283 3301 3338 Deo
3337 3285 3448 3339 cari

1849 3371 1969 3427 facti
1998 3386 2212 3436 sumus,
2241 3385 2348 3426 non
2380 3370 2518 3442 ultra
2554 3379 2614 3426 ut
2638 3371 2777 3428 servi
2807 3380 3012 3427 mntum
3035 3417 3049 3439 ,
3078 3374 3172 3428 sed
3197 3377 3363 3431 etiam
3392 3387 3452 3432 ut

1852 3463 1945 3518 lilii
1972 3472 2028 3519 et
2047 3463 2226 3518 amici.
2253 3462 2379 3518 Ideo
2407 3463 2600 3534 inquit,
2630 3461 2862 3518 Gratiam
2893 3479 2986 3535 pro
3007 3467 3194 3537 gratia.
3233 3467 3444 3522 Etenim

1849 3555 2038 3625 legalia
2068 3570 2282 3626 quoque
2309 3570 2373 3610 ex
2395 3555 2565 3625 gratia
2590 3563 2768 3623 erant,
2793 3571 3002 3613 necnon
3026 3558 3168 3629 quod
3189 3574 3254 3614 ex
3284 3559 3454 3614 nihilo

1852 3648 1974 3703 iacti
2005 3649 2174 3704 simus
2203 3665 2216 3701 :
2242 3663 2349 3703 non
2372 3648 2515 3703 enim
2543 3649 3064 3720 aprmdeutibus
3085 3653 3290 3709 meritis
3315 3653 3454 3709 hanc

1849 3740 2337 3796 remunerationem
2385 3742 2734 3812 accepimus:
2767 3743 3044 3813 quomodo
3085 3746 3234 3802 enim
3261 3787 3276 3813 ,
3323 3763 3445 3802 cum

1849 3847 1956 3888 non
1969 3830 2244 3887 essemus?
2260 3831 2354 3888 sed
2370 3831 2509 3888 Deus
2529 3844 2742 3905 semper
2759 3833 3036 3891 beneﬁciis
3052 3851 3153 3892 nos
3173 3840 3452 3908 praevenit.

1851 3922 1965 3978 Non
1990 3921 2284 3978 modocum
2307 3939 2407 3980 nos
2435 3939 2499 3979 ex
2529 3924 2699 3980 nihilo
2722 3925 2991 3996 produxit,
3017 3928 3111 3983 s’ed
3137 3929 3296 3984 etiam
3327 3946 3452 3986 cum

1850 4015 2043 4071 creatis
2056 4015 2143 4070 dat
2159 4026 2210 4070 ut
2227 4031 2345 4087 qua:
2357 4016 2708 4088 agenda,qu:e
2724 4033 2829 4074 non
2849 4020 3052 4090 agenda
3069 4032 3190 4076 sunt
3208 4023 3440 4077 sciamus

1852 4117 1905 4163 et
1927 4108 2064 4163 hanc
2097 4109 2148 4163 in
2173 4119 2364 4163 natura
2389 4110 2560 4178 legem
2592 4111 2968 4167 nanciscamur
2996 4131 3008 4166 :
3037 4123 3090 4168 et
3113 4115 3254 4184 quod
3300 4115 3455 4170 nullis

1851 4201 2198 4256 conscientire
2229 4199 2464 4256 tribunal
2493 4203 2862 4273 itmomtptum
2888 4205 3160 4272 indiderit,
3191 4207 3241 4262 id
3271 4210 3455 4279 gratia:

1852 4294 2100 4349 maximae
2143 4297 2199 4347 et
2248 4292 2535 4350 ineIl‘abllis
2582 4295 2928 4367 benignitatis
2975 4297 3091 4354 fuit.
3124 4298 3277 4366 Quod
3327 4302 3453 4357 item

1851 4383 1990 4440 hanc
2022 4383 2194 4455 legem
2235 4383 2345 4453 jam
2376 4394 2687 4455 corruptam
2711 4426 2725 4452 ,
2754 4401 2851 4456 per
2875 4389 3128 4460 scriptam
3160 4391 3332 4463 legem
3364 4410 3454 4450 rc-

1853 4476 2194 4540 stauraverit,
2224 4475 2276 4531 id
2308 4477 2496 4546 gratia:
2525 4485 2660 4532 erat.
2697 4477 2829 4534 Nam
2858 4491 3278 4541 consentaneum
3300 4497 3454 4555 erat,

1856 4577 1913 4621 ut
1941 4568 2030 4638 qui
2065 4567 2232 4622 semel
2263 4567 2443 4622 datam
2470 4569 2641 4640 legem
2671 4571 3088 4640 adulterassent,
3116 4577 3378 4649 supplicio
3404 4590 3458 4635 et

1855 4658 2040 4714 ultioni
2083 4659 2449 4715 traderentur.
2481 4660 2598 4716 Non
2633 4659 2736 4717 hoc
2763 4672 2945 4719 autem
2979 4665 3178 4722 factum
3222 4679 3334 4732 est;
3363 4672 3455 4725 sed

1853 4765 2108 4807 concessa
2138 4762 2218 4806 est
2241 4751 2571 4818 emendatio,
2605 4763 2658 4808 et
2689 4756 2844 4809 venia
2877 4773 2984 4811 non
3013 4757 3215 4824 debita,
3245 4762 3338 4817 sed
3364 4780 3460 4832 per

1855 4842 2277 4898 misericordiam
2309 4852 2366 4898 et
2391 4845 2617 4914 gratiam
2650 4845 2792 4902 data.
2827 4846 2981 4915 Quod
3004 4850 3146 4904 enim
3174 4851 3224 4906 id
3251 4868 3315 4908 ex
3338 4866 3457 4924 gra-

1858 4933 1924 4987 tia
1957 4943 2009 4989 ct
2032 4933 2397 4989 misericordia
2420 4936 2698 5006 prodierit,
2721 4939 2844 4994 andi
2861 4939 3114 4996 Doridem
3143 4942 3413 5000 dicentem
3441 4964 3456 5001 :

1856 5025 2075 5080 Faciem
2125 5028 2501 5084 misericordias
2535 5025 2791 5086 Dominus
2813 5074 2830 5100 ,
2874 5043 2923 5088 et
2937 5035 3196 5104 judicium
3226 5040 3460 5096 omnibus

1853 5119 2096 5190 injuriam
2123 5119 2453 5189 patientibus.
2489 5121 2654 5177 Notas
2691 5126 2810 5195 fecit
2831 5127 2938 5180 vias
2967 5143 3089 5181 suas
3116 5127 3306 5202 Moysi,
3335 5134 3460 5201 filiis

1855 5209 2021 5266 Israel
2047 5214 2331 5266 voluntates
2352 5229 2471 5266 suas
2495 5213 2514 5286 (
2541 5213 2688 5270 Psal.
2721 5215 2844 5271 10?.
2873 5216 2929 5273 ϐ.
2955 5229 3000 5272 et
3021 5220 3053 5274 7
3150 5221 3217 5276 Et
3239 5223 3455 5280 iterum:

1857 5301 2038 5356 Dulcis
2094 5311 2140 5358 et
2182 5314 2352 5358 rectus
2404 5303 2696 5368 Dominus;
2734 5319 2940 5377 propter
2969 5310 3065 5364 hoc
3102 5311 3264 5384 legem
3316 5317 3460 5368 dabit

1855 5396 2259 5466 delinquentibus
2283 5397 2336 5450 in
2365 5397 2445 5449 via
2473 5399 2490 5463 (
2522 5395 2549 5450 Ι
2558 5397 2659 5452 bid.
2685 5397 2777 5452 21.
2809 5399 2909 5471 8).

1920 5576 1937 5606 ⁸
1976 5581 2085 5622 Post
2108 5571 2246 5629 illud,
2270 5570 2420 5622 miser
2434 5583 2541 5638 ego,
2566 5570 2732 5638 Morel.
2761 5580 2935 5638 etttss.
2958 5577 3096 5638 pauci
3123 5577 3325 5638 addunt,
3353 5595 3459 5630 mn.

1851 5635 1984 5707 :rinte
2015 5625 2355 5697 compunctus;
2381 5625 2604 5685 sed'h'tcc
2624 5636 2806 5686 desunt
2831 5637 2878 5685 in
2902 5625 3042 5688 sai-il.
3073 5647 3125 5689 et
3146 5625 3325 5693 nisi?
3353 5625 3455 5708 {iii-

1851 5711 2126 5829 nmt'siuxta
2151 5755 2339 5829 March,
2367 5756 2634 5829 legendum
2670 5768 2804 5829 esset
2822 5795 2837 5829 ,
2855 5762 2942 5812 sed
2965 5764 3195 5816 smtctitas
3236 5767 3326 5818 Dei
3357 5774 3457 5821 tnns

1849 5823 2094 5892 sanctitati
2116 5828 2295 5892 nostra?
2315 5827 2420 5892 tum
2444 5823 2684 5892 sanctitati
2710 5828 3016 5885 potestatum,
3043 5839 3154 5887 quc
3193 5842 3344 5892 supra
3367 5845 3452 5883 na;

1852 5890 1977 5945 sunt,
2005 5889 2202 5945 prtt'stat
2227 5890 2272 5931 et
2293 5881 2545 5932 dissimilis
2569 5892 2658 5932 est.

3050 5981 3091 6042 ϐ
