4120 6530
227 472 290 526 91
1289 446 1354 503 Ix
1393 439 1712 503 JOANNEM
1769 413 2008 495 ubam
2049 432 2168 490 xv.
2205 429 2276 485 al.
2317 425 2456 482 xxv.
3441 416 3531 471 as-

231 597 354 659 gunt
400 583 552 638 illum
591 597 607 635 :
649 594 816 651 quam
866 578 1070 630 utinam
1120 585 1220 624 nos
1262 581 1458 622 omnes
1507 574 1816 633 consequa-

1927 555 2023 623 sti,
2055 553 2142 610 cui
2189 551 2362 625 gloria
2406 554 2460 603 et
2507 539 2881 615 imperiumin
2931 537 3131 594 saecula
3165 530 3517 592 sicariorum.

234 648 365 739 iuur,
390 673 568 745 gratia
603 648 1025 742 et'benignitate
1058 660 1267 718 Domini
1295 655 1472 716 nostri
1500 654 1630 712 Jesu
1653 653 1816 709 Chri-
1924 648 2119 704 Amen.

227 742 3528 815 _“___________._______————————————-—-——-—-—‘—“

1549 859 1900 926 HOMILIA
1947 854 2088 918 XV.
2118 915 2119 918 η
2601 866 2603 869 ·

229 1019 306 1074 18.
338 1017 509 1076 Deum
536 1035 681 1073 nemo
717 1017 840 1071 vidit
867 1031 1148 1087 cuiquam:
1176 1012 1482 1085 Unigenitus
1514 1008 1700 1074 Filius,
1740 1004 1825 1078 qui

548 1119 621 1165 est
649 1109 702 1164 in
726 1109 840 1162 sinu
868 1107 1071 1174 Patris,
1093 1106 1202 1178 ipse
1224 1103 1502 1160 enarravit.

300 1207 354 1262 1.
393 1203 514 1259 Non
544 1217 608 1257 ea
638 1209 720 1256 est
763 1200 855 1256 Dei
911 1198 1183 1276 voluntas,
1215 1202 1273 1252 ut
1314 1209 1485 1251 sacra:
1533 1191 1829 1262 Scripturae

231 1298 440 1353 nomina
475 1305 683 1351 tantum
715 1302 771 1350 et
799 1293 959 1348 verba
982 1290 1284 1354 audiamus,
1311 1287 1405 1344 sed
1433 1295 1490 1342 ut
1511 1300 1634 1342 cum
1663 1283 1828 1338 multa

233 1390 514 1463 prudentia
549 1388 928 1459 intelligamus.
953 1384 1080 1440 ideo
1107 1384 1299 1440 beatus
1322 1379 1486 1435 David
1515 1378 1832 1450 plerumque

237 1484 310 1538 sic
338 1482 590 1539 Psalmos
615 1494 743 1536 suos
774 1477 1049 1548 inscripsit
1075 1516 1089 1538 ,
1124 1471 1525 1531 lnyintellectum
1549 1511 1564 1538 ,
1593 1476 1650 1524 ct
1678 1467 1830 1523 dice-

240 1575 323 1628 bat
351 1590 364 1626 :
399 1570 596 1627 Revela
621 1569 796 1625 oculos
824 1583 982 1633 meos,
1029 1574 1078 1621 et
1114 1563 1449 1620 considerabo
1491 1558 1746 1614 mirabilia
1771 1556 1836 1611 de

236 1667 338 1738 lege
359 1674 449 1718 tua
475 1662 655 1734 (Psal.
688 1661 814 1718 118.
844 1659 959 1733 18).
993 1659 1121 1715 Post
1142 1658 1317 1728 ipsum
1342 1655 1482 1710 illius
1512 1653 1627 1724 ejus
1657 1651 1835 1717 docet,

240 1755 565 1826 sapientiam
609 1753 763 1824 quasi
809 1759 1089 1823 argentum
1117 1745 1507 1818 exquirendam
1537 1759 1695 1810 esse;
1729 1743 1837 1798 imo

241 1849 524 1920 plusquam
557 1860 747 1902 aurum
773 1842 1192 1915 comparandam
1214 1839 1232 1912 (
1258 1837 1413 1895 Prov.
1448 1838 1536 1894 16.
1570 1835 1700 1904 16).
1732 1835 1838 1890 Do-

243 1942 413 1997 minus
435 1956 570 1996 rero
595 1938 809 1994 Judaeos
835 1936 1082 1992 hortatur
1107 1975 1123 2001 ,
1152 1946 1211 1988 ut
1235 1940 1543 1990 scrutentur
1593 1929 1839 1999 Scriptu-

243 2049 346 2100 ras,
377 2032 448 2090 ad
477 2033 849 2101 majoremque
881 2042 982 2084 nos
1016 2025 1220 2082 inducit
1248 2023 1715 2096 perquisitionem.
1737 2019 1843 2076 Ne-

237 2144 338 2199 que
388 2127 542 2182 enim
588 2125 665 2180 sie
708 2124 958 2193 loquutus
1007 2119 1217 2183 fuisset,
1260 2117 1306 2174 si
1356 2116 1536 2172 statim
1585 2125 1615 2170 ιι
1670 2113 1842 2185 prima

239 2221 475 2277 lectione
503 2218 619 2274 haec
645 2215 867 2286 intelligi
918 2201 1159 2284 possent.
1190 2210 1346 2279 Quod
1382 2210 1525 2265 enim
1581 2207 1634 2262 in
1665 2205 1846 2262 medio

242 2313 475 2383 positum
507 2309 692 2367 statim
719 2308 1030 2380 percipitur,
1059 2319 1219 2360 nemo
1246 2309 1514 2359 scrutatus
1532 2299 1687 2357 fuerit
1711 2315 1725 2364 ;
1749 2295 1844 2354 sed

239 2404 292 2461 id
319 2413 534 2460 tantum
566 2400 707 2472 quod
739 2399 1024 2456 obscurum
1054 2405 1138 2452 est
1163 2403 1219 2452 et
1247 2393 1417 2448 multo
1437 2399 1558 2463 eget
1575 2389 1845 2447 examine.

245 2496 365 2553 ideo
391 2495 711 2551 thesaurum
733 2489 1109 2546 absconditum
1129 2487 1440 2557 Scripturas
1463 2497 1584 2539 esse
1610 2481 1761 2548 dicit,
1793 2488 1851 2538 ut

245 2591 308 2647 ad
339 2588 750 2661 inquisitionem
773 2600 872 2641 nos
897 2581 1122 2640 excitet.
1163 2579 1290 2635 lizec
1329 2585 1511 2633 autem
1546 2574 1669 2632 ideo
1706 2573 1852 2631 dixi-

247 2696 386 2746 mus,
421 2687 486 2735 ut
528 2693 599 2734 ne
646 2677 821 2733 obiter
858 2683 914 2731 et
954 2671 1322 2745 perfunctorie
1368 2667 1662 2740 Scriptum
1688 2664 1850 2722 verba

244 2771 644 2846 aggrediamur,
667 2767 762 2824 sed
793 2781 916 2822 cum
943 2761 1286 2819 aceuratione
1302 2759 1489 2816 multa.
1513 2757 1569 2814 Si
1587 2755 1853 2829 quispiam

245 2865 388 2921 enim
417 2864 542 2918 sine
567 2858 815 2916 examine
835 2857 954 2929 ejus
981 2855 1122 2911 dicta
1153 2852 1354 2920 audiat,
1377 2860 1434 2908 et
1457 2849 1636 2906 omnia
1661 2863 1856 2905 secun-

249 2955 625 3012 dumlittcram
654 2952 900 3022 accipiat,
927 2948 1158 3006 absurda
1191 2946 1354 3001 multa
1387 2945 1457 3000 de
1488 2943 1598 2999 Deo
1618 2942 1856 3013 suspica-

252 3047 417 3103 bitur.
444 3044 580 3100 Nam
612 3043 766 3098 illum
811 3040 1088 3098 hominem
1131 3052 1273 3104 esse,
1307 3043 1362 3093 et
1395 3049 1628 3102 :eneum,
1652 3034 1858 3088 iracun-

251 3139 399 3204 dum,
451 3133 800 3192 furibundum
837 3131 1064 3204 putabit,
1111 3138 1167 3186 et
1216 3131 1299 3186 his
1335 3127 1602 3184 deteriora
1651 3125 1722 3182 de
1754 3124 1857 3182 illo

249 3231 505 3302 dogmata
537 3227 788 3297 excipiet.
823 3225 879 3282 Si
917 3238 1046 3280 vero
1092 3221 1408 3294 profundam
1455 3219 1572 3290 ejus
1618 3210 1856 3276 mentem

254 3319 564 3383 edidicerit,
577 3315 828 3374 absurdis
854 3313 1158 3385 hujusmodi
1189 3309 1534 3382 opinionibus
1573 3308 1706 3364 liber
1731 3307 1855 3365 erit.

253 3415 384 3472 Nam
410 3415 468 3468 in
499 3412 600 3467 hac
625 3408 898 3482 proposita
926 3407 1156 3464 lectione
1177 3405 1316 3460 Deus
1343 3404 1538 3458 dicitur
1563 3402 1738 3457 sinum
1765 3401 1860 3455 ha-

257 3512 404 3572 bere,
460 3481 736 3574 quodest
778 3499 1094 3570 corporibus
1137 3481 1444 3568 proprium.
1477 3495 1547 3548 At
1583 3505 1742 3548 nemo
1786 3491 1858 3546 ita

256 3600 451 3655 stultus
475 3605 580 3664 est,
612 3605 663 3649 ut
693 3594 1066 3662 incorporeum
1088 3602 1284 3658 corpus
1311 3599 1433 3642 esse
1462 3592 1628 3655 putet.
1661 3581 1730 3640 Ut
1755 3582 1858 3638 ita-

256 3707 358 3764 que
385 3689 573 3748 omnia
602 3685 866 3757 spirituali
898 3697 1062 3740 sensu
1107 3680 1471 3752 percipiamus
1496 3719 1511 3744 ,
1557 3691 1656 3748 age
1699 3675 1860 3731 altius

255 3786 396 3843 hunc
412 3786 591 3840 locum
621 3780 983 3852 explpremus.
1007 3775 1169 3830 Deum
1193 3789 1339 3829 nemo
1354 3772 1478 3826 vidit
1491 3785 1751 3842 umquam.
1777 3767 1860 3824 Ex

255 3893 356 3950 qua
387 3875 523 3932 illud
571 3869 956 3942 consequentia
999 3867 1326 3938 evangelista
1369 3864 1539 3921 dicit?
1573 3863 1860 3933 Postquam

256 3967 571 4027 ostenderat
597 3973 795 4020 tantam
841 3962 984 4017 illam
1015 3960 1276 4016 donorum
1308 3955 1506 4014 Christi
1534 3953 1859 4027 magnitudi-

261 4079 400 4128 nem,
426 4069 484 4116 et
526 4072 690 4129 quam
737 4056 1001 4112 immenso
1032 4052 1148 4108 hare
1183 4049 1494 4106 discrimine
1533 4047 1622 4104 illa
1664 4061 1785 4118 qua:
1829 4060 1860 4100 a

260 4155 442 4226 Moyse
481 4151 792 4220 dispensata
841 4145 1054 4203 fuerant
1102 4151 1442 4215 superarent,
1483 4141 1596 4197 vult
1641 4139 1860 4196 demum

258 4251 677 4301 consentaneam
718 4228 1034 4295 dili'crcntiae.
1067 4250 1286 4292 causam
1316 4234 1550 4304 aperire.
1579 4232 1675 4288 llle
1714 4231 1859 4288 enim

259 4351 449 4395 servus
477 4350 602 4392 cum
625 4341 774 4390 esset
799 4374 814 4399 ,
865 4331 1206 4388 humiliorum
1247 4344 1426 4384 rerum
1457 4327 1704 4383 minister
1725 4325 1857 4394 fuit;

261 4432 345 4488 hic
369 4444 501 4485 vero
529 4424 807 4491 Dominus,
843 4438 938 4479 rex
961 4463 976 4489 ,
1031 4422 1172 4494 regis
1218 4420 1386 4476 Filius
1406 4461 1423 4489 ,
1460 4419 1620 4490 longe
1653 4419 1859 4490 majora

261 4521 414 4580 nobis
441 4517 646 4584 attulit,
671 4516 761 4588 qui
790 4531 913 4572 cum
947 4523 1097 4586 patre
1125 4527 1339 4584 semper
1365 4498 1449 4568 est
1475 4521 1531 4568 et
1558 4511 1708 4568 videt
1732 4527 1857 4568 eum

261 4623 543 4687 perpetuo.
573 4610 860 4680 Propterea
879 4606 996 4662 haec
1017 4605 1212 4672 intulit,
1241 4603 1408 4660 Deum
1434 4619 1580 4659 nemo
1604 4603 1724 4657 sidit
1745 4621 1861 4659 ani-

261 4724 434 4775 quam.
467 4702 608 4771 Quid
652 4716 780 4772 ergo
804 4700 1046 4756 dicemus
1067 4697 1408 4754 vocalissimo
1433 4697 1582 4754 lsala:
1609 4696 1809 4754 dicenti
1841 4718 1854 4755 :

273 4795 381 4851 Vidi
404 4793 689 4850 Dominum
709 4791 962 4846 sedentem
977 4805 1131 4860 super
1155 4789 1337 4844 solium
1357 4789 1610 4844 excelsum
1629 4798 1676 4844 et
1689 4789 1858 4844 eleva-

263 4889 400 4960 ιιιυι(
433 4880 567 4944 Isai.
600 4887 652 4940 6.
682 4887 706 4942 1
740 4885 798 4956 )‘l
827 4883 955 4955 quid
986 4883 1179 4939 Joanui
1207 4883 1514 4938 testificanti
1537 4883 1709 4954 ipsum
1741 4882 1860 4939 haec

261 4979 484 5044 dixisse,
512 4975 729 5048 quando
759 4975 889 5030 vidit
925 4974 1149 5046 gloriam
1178 4973 1336 5044 ejus?
1373 4972 1499 5045 quid
1546 4973 1859 5030 Ezechielil

265 5087 380 5126 nam
404 5081 463 5125 et
484 5071 601 5140 ipse
638 5083 802 5139 super
846 5066 1140 5123 Cherubim
1183 5065 1461 5122 sedentem
1508 5065 1656 5119 illum
1681 5066 1857 5120 vidit:

264 5165 384 5235 quid
411 5162 644 5229 Danieli,
677 5163 766 5233 qui
796 5169 850 5217 et
878 5161 993 5232 ipse
1028 5160 1191 5226 dicit,
1224 5160 1477 5231 Antiquus
1507 5161 1705 5216 dierum
1729 5162 1857 5217 sedit

264 5255 422 5324 (Dan.
457 5257 511 5310 7.
535 5253 636 5326 9)?
665 5252 793 5325 quid
815 5262 868 5308 et
892 5253 991 5322 ipsi
1017 5251 1186 5333 Moysi
1216 5252 1437 5319 dicenti,
1475 5252 1699 5309 Ostende
1735 5254 1859 5308 mihi

264 5347 477 5418 gloriam
505 5354 668 5412 tuam,
699 5353 754 5398 ut
781 5343 1045 5415 ntanifeste
1083 5343 1283 5398 videam
1312 5355 1360 5399 te
1384 5343 1581 5415 (Exod.
1608 5346 1694 5402 33.
1731 5347 1859 5418 13)?

263 5436 424 5494 Jacob
453 5452 585 5495 vero
612 5436 737 5492 hinc
766 5436 1178 5507 appellationem
1223 5441 1448 5507 accepit,
1495 5439 1659 5495 Israel
1694 5453 1856 5494 voca-

268 5540 344 5587 tus
375 5547 389 5586 :
423 5529 586 5586 Israel
615 5529 782 5594 enim,
813 5528 1001 5584 videns
1034 5529 1224 5596 Deum,
1269 5529 1556 5600 significat.
1590 5531 1691 5585 Alii
1724 5547 1858 5601 quo-

265 5638 361 5694 que
386 5621 563 5694 ipsum
591 5622 861 5678 viderunt.

333 5715 469 5772 Deus
497 5715 776 5771 secuitdum
805 5716 999 5769 nudam
1041 5715 1370 5769 substantiam
1418 5730 1449 5767 a
1487 5719 1686 5768 nemine
1722 5715 1855 5768 visus

271 5817 352 5860 est.
385 5839 451 5852 -
481 5809 619 5879 Quid
661 5825 795 5881 ergo
820 5808 1058 5864 Joannes
1088 5809 1184 5873 ait,
1219 5807 1382 5862 Deum
1409 5825 1554 5864 nemo
1586 5810 1708 5863 vidit
1738 5826 1852 5863 tun-

273 5901 448 5966 quam?
500 5901 562 5960 Ut
615 5901 932 5978 ostenderet
991 5900 1076 5954 illa
1125 5901 1302 5957 omnia
1353 5902 1848 5972 attetnperatimncm

1934 997 2223 1072 quamdam
2249 1008 2392 1058 esse,
2431 1007 2534 1047 non
2567 988 2724 1045 nudae
2747 986 3063 1043 substantia:
3092 982 3375 1038 visionem.
3406 978 3540 1035 Nam

1935 1091 1982 1148 si
2010 1089 2181 1162 ipsam
2232 1095 2482 1142 naturam
2541 1081 2823 1144 \idissent,
2867 1093 2973 1133 non
3020 1076 3240 1132 diverso
3281 1073 3542 1128 vidissent

1934 1183 2118 1240 modo.
2151 1178 2394 1250 Simplex
2427 1177 2572 1234 enim
2609 1173 2698 1229 illa
2728 1180 2834 1239 est,
2860 1170 2981 1227 sine
3010 1169 3200 1240 figura,
3241 1165 3361 1222 sine
3388 1179 3538 1220 com—

1936 1277 2224 1350 positione,
2252 1269 2715 1339 incircumseripta
2742 1283 2757 1333 ;
2791 1280 2899 1320 non
2921 1263 3098 1328 sedet,
3143 1277 3249 1316 non
3277 1268 3400 1320 stat.
3437 1273 3546 1314 non

1936 1369 2196 1426 ambulat.
2241 1365 2370 1433 llaec
2416 1365 2612 1436 quippe
2648 1358 2842 1434 omnia
2873 1356 2942 1412 ad
2971 1371 3200 1427 corpora
3248 1354 3540 1425 pertinent.

1936 1461 2220 1532 Quomodo
2257 1467 2437 1514 autem
2487 1458 2591 1523 sit,
2635 1455 2751 1524 ipse
2798 1451 2947 1509 solus
2991 1452 3156 1507 novit.
3214 1451 3279 1505 Et
3315 1448 3422 1504 hoc
3452 1451 3548 1520 per

1898 1603 1900 1606 ,
1942 1553 2261 1627 prophetam
2288 1549 2577 1623 quemdam
2617 1549 2732 1619 ipso
2773 1546 2917 1602 Deus
2960 1555 3017 1601 et
3045 1534 3206 1600 Pater
3229 1543 3542 1598 declaravit.

1944 1647 2077 1720 Ego,
2108 1646 2313 1718 inquit,
2357 1645 2575 1698 visiones
2606 1639 2965 1712 multiplicaoi,
3000 1646 3049 1693 et
3079 1639 3131 1693 in
3161 1628 3394 1692 manibus
3424 1651 3548 1706 pro-

1944 1742 2216 1812 phetarum
2241 1735 2558 1794 assimilatas
2579 1752 2692 1790 sum
2721 1735 2739 1806 (
2771 1732 2900 1789 Osee
2930 1730 3017 1789 η.
3050 1731 3118 1788 10
3145 1731 3166 1803 )
3190 1747 3204 1798 ;
3237 1730 3288 1785 id
3315 1738 3399 1786 est
3422 1769 3438 1794 ,
3469 1729 3551 1785 Me

1944 1832 2318 1904 attemperavi,
2351 1845 2525 1902 neque
2553 1830 2605 1884 id
2633 1828 2777 1900 quod
2798 1842 2945 1884 eram
2968 1827 3214 1897 apparui.
3240 1825 3372 1893 Quia
3406 1826 3550 1880 enim

1946 1927 2112 1983 Filius
2136 1925 2254 1997 ejus
2285 1925 2336 1979 in
2365 1940 2492 1979 vera
2519 1937 2682 1979 carne
2711 1922 2868 1977 nobis
2895 1920 3228 1977 adventurus
3266 1927 3415 1986 erat,
3439 1918 3555 1990 jam

1946 2018 2078 2073 olim
2111 2017 2235 2073 illos
2261 2013 2613 2081 exercitabat,
2669 2021 2727 2069 ut
2757 2013 2852 2070 Dei
2882 2012 3235 2069 substantiam
3267 2011 3552 2078 viderent,

1946 2123 2205 2185 quantum
2232 2110 2415 2167 ridere
2441 2116 2710 2180 poterant.
2738 2105 2872 2163 Nam
2897 2106 2948 2163 id
2976 2107 3120 2178 quod
3150 2107 3292 2163 Deus
3319 2116 3423 2173 est,
3446 2121 3554 2162 nou

1950 2204 2111 2263 modo
2148 2202 2447 2276 prophetae,
2477 2201 2573 2259 sed
2617 2215 2717 2258 nec
2765 2200 2941 2273 angeli
2973 2213 3075 2255 nec
3118 2199 3427 2272 archangeli
3473 2199 3555 2253 vi-

1951 2296 2074 2352 dent
2110 2314 2124 2351 :
2154 2294 2252 2352 sed
2291 2295 2338 2351 si
2380 2295 2682 2364 interroges
2713 2293 2854 2360 illos,
2884 2293 3018 2348 nihil
3046 2292 3114 2349 de
3145 2292 3442 2348 substantia
3467 2308 3556 2350 re-

1951 2387 2280 2460 spondentes
2306 2386 2516 2451 audies,
2540 2386 2635 2442 sed
2656 2393 2859 2441 tantum
2885 2365 3163 2452 canentes,
3190 2383 3368 2439 Gloria
3391 2385 3443 2438 in
3472 2401 3560 2439 ex-

1953 2481 2100 2538 celsis
2129 2481 2241 2537 Deo
2260 2489 2307 2536 et
2336 2481 2391 2535 in
2415 2490 2549 2534 terra
2591 2495 2714 2549 pax,
2761 2479 2816 2533 in
2856 2477 3144 2534 hominibus
3171 2479 3302 2534 bona
3327 2479 3562 2535 voluntas

1957 2573 2109 2649 (Luc.
2136 2573 2192 2628 2.
2227 2572 2342 2644 14).
2384 2572 2493 2628 Sia
2545 2570 2868 2626 Cherubinis
2915 2579 2967 2626 et
2999 2569 3312 2642 Seraphinis
3357 2569 3562 2642 aliquid

1956 2666 2203 2723 ediscere
2231 2664 2388 2732 velis,
2437 2663 2726 2735 mysticum
2767 2661 3214 2718 sanctificationis
3259 2663 3428 2719 melos
3466 2679 3564 2716 au-

1957 2756 2094 2823 dies,
2121 2765 2195 2823 ct,
2235 2754 2384 2810 Pleni
2413 2764 2531 2810 sunt
2560 2754 2674 2809 ccli
2702 2763 2748 2809 et
2790 2762 2925 2808 terra
2969 2754 3136 2826 gloria
3161 2755 3272 2826 ejus
3298 2758 3315 2826 (
3340 2753 3470 2810 Isai.
3506 2755 3560 2810 6.

1959 2850 2036 2921 5).
2068 2848 2124 2906 Si
2155 2861 2419 2920 supernas
2449 2848 2673 2903 virtutes
2695 2847 3048 2918 perconteris,
3081 2847 3213 2902 nihil
3237 2847 3379 2902 aliud
3409 2863 3562 2904 com-

1961 2941 2161 3012 peries,
2193 2941 2294 2996 nisi
2344 2935 2513 2996 totum
2558 2939 2688 2996 illis
2717 2955 2854 3010 opus
2904 2953 3025 2996 esse
3075 2939 3240 2997 Deum
3295 2939 3564 2998 laudare:

1961 3031 2216 3101 Laudate,
2248 3033 2444 3104 inquit,
2478 3049 2614 3100 eum,
2648 3048 2822 3089 omnes
2851 3032 3233 3106 virtutesejus(
3264 3032 3408 3089 Psnl.
3436 3035 3567 3091 H8.

1960 3123 2041 3198 2).
2070 3123 2229 3182 Solus
2278 3139 2409 3196 ergo
2436 3123 2602 3181 Filius
2634 3126 2810 3195 ipsum
2842 3125 3022 3191 videt,
3057 3125 3294 3198 itemque
3334 3126 3576 3199 Spiritus

1955 3226 2203 3276 sanctus.
2254 3217 2446 3275 Creata
2499 3220 2700 3290 quippe
2731 3227 2921 3276 natura
2952 3221 3225 3292 quomodo
3269 3222 3568 3280 increatum

1961 3308 2146 3366 videre
2170 3309 2382 3381 possit?
2407 3309 2541 3365 Nam
2573 3311 2618 3365 si
2651 3311 3028 3380 incorpoream
3075 3313 3372 3384 quamlibet
3403 3317 3571 3371 rirtu-

1967 3411 2098 3471 tem,
2128 3404 2230 3459 etsi
2260 3418 2322 3458 ea
2355 3412 2536 3460 creata
2567 3405 2670 3469 sit,
2707 3403 2853 3460 clare
2887 3406 3203 3476 conspicere
3249 3409 3533 3480 nequimus
3553 3454 3567 3478 ,

1963 3501 2020 3552 et
2046 3494 2149 3550 hoc
2193 3510 2337 3566 stupe
2368 3496 2422 3551 in
2473 3497 2681 3568 angelis
2718 3503 2996 3553 ostensum
3031 3507 3135 3566 est,
3184 3500 3354 3556 multo
3395 3503 3572 3560 minus

1965 3585 2340 3658 incorpoream
2379 3595 2434 3644 et
2473 3603 2579 3644 non
2612 3586 2808 3645 factam
2842 3598 3088 3646 naturam
3134 3592 3318 3649 ridere
3367 3599 3572 3664 poteri-

1965 3691 2109 3733 mus.
2149 3675 2272 3734 ldeo
2303 3677 2505 3734 Paulus
2530 3692 2743 3750 quoque
2789 3679 2864 3734 ait
2899 3696 2913 3733 :
2943 3679 3107 3748 Quem
3133 3699 3279 3738 nemo
3310 3684 3572 3742 hominum

1963 3771 2111 3836 vidit,
2132 3787 2294 3842 neque
2319 3771 2488 3826 videre
2512 3781 2676 3845 potest
2703 3770 2780 3845 (1.
2810 3771 2946 3827 Tim.
2972 3773 3025 3829 6.
3057 3773 3173 3846 16).
3203 3774 3386 3833 Soliue
3409 3779 3574 3848 igitur

1968 3863 2113 3921 Patri
2164 3864 2266 3921 hoc
2313 3864 2642 3979 praecipuum
2690 3865 2970 3936 competit,
3019 3882 3127 3922 non
3177 3878 3356 3924 autem
3396 3870 3576 3926 Filio?

1979 3958 2379 3979 .___-_-.=m
2434 3956 2566 3979 ητις,
2609 3957 2746 3979 2---.
2819 3957 2970 3979 Α---)
3027 3967 3070 3979 -.
3458 3978 3466 3979 κ
3541 3964 3569 3979 .-

1965 3958 2384 4031 Apagezetiam
2433 3956 2570 4013 Filio
2598 3956 2768 4013 ‘inest.
2818 3957 2971 4027 Quod
3021 3967 3076 4015 et
3125 3959 3201 4016 illi
3249 3961 3393 4025 insit,
3449 3964 3572 4020 audi

1967 4049 2200 4108 Paulum
2233 4049 2642 4107 declarantem:
2679 4048 2783 4117 Qui
2833 4059 2908 4105 est
2963 4052 3133 4124 imago
3169 4051 3266 4108 Dei
3309 4055 3575 4112 invisibilis

1969 4143 1989 4216 (
2018 4141 2213 4199 Coloss.
2245 4143 2298 4198 1.
2329 4143 2396 4199 15
2422 4139 2466 4216 ).
2489 4141 2590 4210 Qui
2631 4151 2810 4198 autem
2845 4142 3128 4201 invisibilis
3161 4143 3338 4218 imago
3367 4155 3452 4202 est
3473 4189 3488 4214 ,
3520 4159 3576 4204 et

1966 4236 2085 4310 ipse
2115 4235 2401 4293 invisibilis
2428 4245 2545 4302 est;
2596 4236 2731 4292 alias
2763 4252 2868 4292 non
2914 4247 3059 4294 esset
3104 4238 3301 4310 imago.
3326 4241 3479 4308 Quod
3527 4246 3573 4300 si

1965 4330 2098 4387 alibi
2117 4330 2260 4386 dicat
2292 4348 2305 4384 :
2338 4329 2479 4385 Deus
2506 4330 2862 4400 manifestalus
2892 4341 2963 4386 est
2985 4335 3038 4386 in
3065 4349 3218 4388 carne
3244 4335 3320 4405 (1.
3352 4335 3485 4391 Tim.
3514 4338 3570 4394 ὃ.

1968 4421 2095 4496 16);
2127 4439 2194 4479 ηε
2223 4422 2437 4478 mireris
2470 4440 2483 4477 :
2514 4437 2636 4477 nam
2668 4421 3036 4479 manifestatio
3070 4440 3164 4495 per
3184 4439 3429 4495 carnem,
3466 4445 3573 4485 non

1983 4515 2262 4572 ecuudum
2284 4515 2578 4571 essentiam
2609 4513 2751 4569 facta
2779 4521 2887 4570 est.
2914 4513 3190 4586 Siquidem
3235 4519 3406 4588 ipsum
3441 4521 3576 4575 invi-

1966 4607 2177 4664 sibilem
2210 4621 2355 4673 esse,
2381 4621 2489 4661 non
2519 4604 2683 4660 modo
2713 4604 3043 4669 hominibus.
3076 4607 3169 4664 sed
3192 4608 3354 4665 etiam
3379 4627 3574 4684 super-

1966 4701 2052 4757 nis
2079 4700 2387 4765 virtutibus,
2415 4698 2654 4754 ostendit
2682 4697 2901 4754 Paulus.
2953 4698 3090 4756 Cum
3132 4700 3359 4758 dixisset
3401 4707 3571 4771 enim,

1967 4793 2331 4864 Manifestutus
2350 4800 2423 4846 est
2449 4791 2503 4846 in
2521 4806 2692 4858 carne,
2723 4788 2981 4859 subdidit,
3009 4789 3161 4848 Visus
3188 4803 3261 4848 est
3286 4797 3501 4868 angelis.

2036 4885 2092 4942 2.
2127 4884 2310 4955 Itaque
2338 4893 2465 4939 tunc
2498 4882 2704 4955 angelis
2753 4881 2899 4940 visus
2924 4892 3028 4952 est,
3072 4899 3196 4941 cum
3230 4900 3451 4945 carnem
3493 4890 3579 4946 in.-

1966 4973 2082 5034 duit
2107 4997 2120 5032 :
2151 4985 2309 5033 antea
2339 4985 2521 5033 autem
2550 4976 2724 5047 ipsqu
2755 4992 2861 5032 non
2895 4977 2966 5031 ita
2996 4978 3270 5046 videbant,
3303 4981 3572 5054 siquidem

1966 5070 2264 5127 substantia
2293 5069 2421 5140 ipsis
2452 5069 2732 5125 invisibilis
2758 5077 2895 5124 erat.
2930 5068 2999 5124 Et
3018 5071 3312 5144 quomodo,
3339 5075 3567 5145 inquies,

1967 5162 2097 5219 dicit
2120 5162 2389 5228 Christus,
2423 5161 2508 5216 Ne
2550 5161 2882 5216 contemnatis
2919 5178 3075 5216 unum
3111 5179 3175 5217 ea:
3213 5165 3293 5220 Itis
3322 5184 3416 5236 pus
3437 5168 3522 5223 llis
3560 5187 3576 5225 :

1966 5257 2080 5310 dico
2108 5257 2241 5310 enim
2283 5255 2438 5320 vobis,
2484 5253 2621 5324 quod
2655 5252 2825 5325 angeli
2853 5269 3028 5307 eorum
3054 5271 3254 5326 semper
3289 5258 3458 5314 u'dent
3487 5265 3574 5332 [a-

1966 5349 2097 5402 cienl
2124 5345 2297 5401 Patris
2327 5347 2457 5414 mei,
2479 5347 2565 5418 qui
2593 5346 2643 5400 in
2671 5345 2811 5400 aclis
2836 5355 2907 5400 est
2929 5344 3147 5416 (Matth.
3182 5347 3270 5404 18.
3296 5349 3568 5421 ill)?Quid

1966 5440 2150 5496 enim?
2176 5456 2301 5494 num
2334 5439 2524 5494 faciem
2567 5437 2728 5493 habet
2765 5438 2926 5505 Deus,
2959 5447 3015 5493 et
3055 5439 3108 5494 in
3151 5440 3298 5496 exulis
3341 5443 3572 5499 circum-

1966 5530 2261 5588 scribitur?
2294 5530 2490 5585 Verum
2538 5545 2698 5584 nemo
2751 5529 2823 5584 ita
2863 5528 3114 5596 insaniat,
3146 5541 3203 5587 ut
3247 5531 3363 5590 hcce
3401 5534 3564 5592 dicat.

1964 5623 2102 5694 Quid
2143 5637 2273 5692 ergo
2314 5637 2456 5676 nunc
2501 5620 2736 5678 dicitur?
2776 5621 3246 5691 Quemadmodum
3289 5640 3409 5682 cum
3452 5630 3529 5684 ait
3555 5647 3576 5684 ι

1964 5714 2108 5770 Beati
2139 5715 2326 5768 mundo
2354 5715 2523 5778 corde,
2547 5713 2787 5782 quoniam
2807 5714 2905 5784 ipsi
2925 5712 3090 5769 Deum
3109 5715 3568 5788 videbttnt(HattIt.

1963 5809 2016 5862 5.
2052 5810 2140 5877 8);
2170 5809 2235 5863 de
2280 5808 2364 5861 illa
2393 5821 2513 5876 qute
2543 5806 2843 5863 secundum
2871 5817 3107 5863 mentem
3140 5820 3224 5865 est
3249 5812 3458 5869 visione
3492 5817 3569 5870 lo-

1969 5905 2168 5973 quitur,
2199 5899 2352 5956 nobis
2385 5899 2642 5969 possibili,
2672 5898 2818 5956 etde
2847 5900 3166 5972 cogitatione
3200 5901 3367 5970 Deum
3401 5900 3600 5978 ηψπ
