4120 6488
598 361 664 417 99
1291 355 1346 413 S.
1385 353 1659 411 JOANNIS
1693 349 2160 408 CIIRYSOSTOMI
2202 347 2522 406 ARCIIIEP.
2562 350 3092 410 CONSTANTINOP.

600 473 818 528 ciente:
860 469 939 528 sic
979 480 1034 525 et
1070 469 1136 524 de
1180 468 1378 538 angelis
1417 465 1700 521 dicendum
1749 476 1850 531 est,
1899 465 2041 535 ipsos
2086 477 2181 533 per

601 581 786 636 puram
818 575 872 620 et
917 563 1126 633 vigilem
1170 570 1410 616 naturam
1460 574 1608 612 suam
1651 558 1778 613 nihil
1825 557 1988 620 aliud,
2023 571 2178 625 quam

604 657 790 720 Deum,
823 668 1032 724 semper
1064 651 1356 721 imaginari.
1383 651 1505 704 Ideo
1535 652 1648 719 ipse
1669 663 1880 719 quoque
1900 649 1989 710 ait,
2019 647 2180 699 Nemo

603 750 736 802 norit
762 756 975 817 patrem,
1006 745 1100 799 nisi
1127 743 1290 798 Filius
1316 742 1530 812 (Matth.
1563 743 1650 795 II.
1677 740 1791 810 27).
1821 739 1958 808 Quid
1984 737 2179 808 igitur?

601 857 858 898 OIIUies‘lic
890 839 941 892 in
985 839 1277 910 ignorantia
1308 837 1528 892 sumus?
1559 835 1713 890 Absit
1743 854 1755 889 :
1785 834 1878 890 sed
1909 847 2067 888 nemo
2103 831 2181 885 sic

600 933 766 997 novit,
796 941 853 984 ut
878 931 1060 985 Filius.
1093 929 1159 985 Ut
1183 929 1338 999 igitur
1361 927 1510 982 multi
1538 927 1561 959 ι
1585 942 1678 996 pro
1702 933 1858 994 captu
1879 938 1977 978 suo
2007 923 2178 991 ipsum

605 1023 869 1082 viderunt.
899 1019 1244 1076 substantiam
1287 1032 1415 1072 vero
1459 1032 1616 1072 nemo
1649 1015 1808 1078 vidit;
1849 1013 1926 1068 sic
1954 1022 2008 1066 et
2039 1027 2181 1066 nunc

600 1129 787 1168 euntes
827 1113 990 1167 Deum
1044 1110 1308 1176 novimus,
1359 1107 1710 1164 substantiam
1757 1119 1882 1160 vero
1911 1103 2026 1173 ejus
2061 1118 2181 1172 qua:

599 1207 669 1261 sit
693 1220 847 1260 nemo
872 1205 1039 1266 novit,
1073 1203 1172 1257 nisi
1219 1205 1264 1256 is
1292 1201 1380 1272 qui
1430 1215 1495 1255 ex
1535 1200 1651 1268 ipso
1680 1205 1833 1253 natus
1857 1206 1960 1252 est.
1989 1193 2182 1264 Cogni-

600 1297 795 1350 tionein
827 1294 970 1350 enim
1014 1292 1099 1348 hic
1142 1291 1272 1348 dicit
1309 1299 1510 1347 certam
1550 1289 1808 1344 visionem
1839 1296 1892 1343 et
1933 1299 2181 1352 compre-

603 1386 934 1452 hcusionem,
983 1383 1246 1456 talemque
1283 1381 1491 1453 qualem
1529 1379 1688 1434 Pater
1723 1377 1792 1433 de
1834 1377 1968 1431 Filio
1999 1375 2178 1429 habet.

602 1480 899 1534 Sicut-cnim
927 1478 1191 1548 cognoscit
1209 1491 1286 1530 me
1312 1472 1487 1544 Pater,
1519 1473 1708 1544 inquit,
1745 1481 1794 1526 et
1817 1487 1908 1542 ego
1936 1481 2181 1542 cognosco

601 1569 807 1624 Putrem
835 1567 1011 1639 (ltoau.
1037 1567 1121 1623 10.
1149 1563 1258 1638 15).
1877 1625 1902 1641 ν,

672 1663 903 1719 Christus
931 1661 1063 1733 quod
1084 1660 1134 1713 in
1154 1660 1266 1714 sinu
1289 1658 1465 1714 Patris
1489 1658 1573 1722 sit,
1597 1664 1831 1711 accurate
1863 1653 2065 1709 Putrem
2090 1668 2182 1707 no.

601 1757 689 1810 sit.
717 1785 785 1796 --
811 1757 1143 1824 Quapmpter
1184 1751 1306 1808 vide
1342 1767 1463 1808 cum
1500 1759 1696 1822 quanta
1739 1749 2023 1805 securitate
2050 1749 2068 1778 '
2104 1748 2182 1801 lo-

601 1856 793 1918 quatur
833 1845 1177 1916 evangelista.
1219 1840 1352 1898 Cum
1391 1843 1613 1898 dixisset
1639 1841 1804 1907 enim,
1849 1837 2012 1894 Deam
2039 1854 2183 1892 nemo

604 1940 724 1993 cidit
754 1954 1007 2006 umquam,
1044 1952 1147 1991 non
1178 1934 1397 2001 addidit,
1428 1933 1593 1990 Filius
1617 1933 1706 2003 qui
1734 1930 1883 1996 vidit,
1911 1929 2181 1994 narravit;

600 2030 698 2086 sed
729 2029 928 2100 aliquid
957 2028 1100 2084 aliud
1121 2027 1367 2098 amplius,
1397 2041 1556 2096 quam
1596 2023 1797 2088 videre,
1828 2021 2023 2093 posuit,
2061 2035 2184 2076 cum

601 2122 754 2187 dixit,
785 2121 885 2188 Qui
909 2131 964 2175 et
983 2120 1034 2173 in
1063 2120 1184 2174 sinu
1202 2117 1371 2172 Patris
1394 2134 1413 2173 :
1431 2117 1597 2172 multo
1617 2115 1759 2171 enim
1779 2113 2005 2183 amplius
2025 2127 2183 2183 quam

604 2215 800 2278 viliore,
829 2220 911 2268 est
933 2227 1052 2268 esse
1085 2213 1133 2266 in
1165 2211 1283 2266 sinu
1327 2209 1515 2265 Patris.
1546 2207 1676 2263 Nam
1706 2207 1793 2278 qui
1821 2207 1992 2262 solum
2020 2204 2181 2271 videt,

605 2322 712 2362 non
741 2315 1040 2362 accuratam
1066 2303 1284 2359 omnino
1314 2303 1390 2358 rei
1415 2302 1538 2357 visa:
1581 2299 1934 2372 cognitionem
1980 2296 2180 2353 habet:

604 2395 702 2468 qui
724 2408 900 2452 autem
926 2395 977 2450 in
1006 2395 1123 2451 sinu
1152 2403 1417 2459 versatur,
1445 2391 1575 2447 nihil
1603 2391 1924 2463 ignoraverit
1967 2390 2042 2446 Ne
2058 2403 2187 2459 ergo

603 2489 848 2556 audiens,
895 2486 1059 2542 Nemo
1095 2489 1228 2540 novit
1260 2484 1500 2551 Patrem,
1543 2485 1640 2540 nisi
1683 2482 1868 2551 Filius,
1916 2484 2084 2550 dicas,
2131 2483 2185 2538 Si

603 2581 833 2652 amplius
860 2594 1020 2651 quam
1050 2578 1139 2634 alii
1172 2577 1350 2645 novit,
1389 2588 1444 2632 at
1483 2592 1587 2633 non
1619 2577 1764 2632 novit
1807 2586 2037 2647 quantus
2081 2575 2183 2640 sit;

609 2675 730 2730 ideo
768 2672 1090 2744 evangelista
1130 2671 1257 2727 dicit
1287 2671 1458 2742 ipsum
1501 2671 1552 2725 in
1583 2670 1700 2724 sinu
1733 2667 1904 2724 Patris
1947 2667 2184 2732 versari;

609 2770 828 2838 ipseque
853 2765 1095 2822 Christus
1125 2779 1183 2820 se
1215 2773 1414 2819 ιιιιιιιιιιι
1449 2763 1592 2817 illum
1629 2776 1787 2817 nosse
1828 2761 1975 2825 dicit,
2014 2774 2184 2829 quan-

607 2873 716 2915 tum
762 2860 920 2915 Pater
970 2859 1182 2914 Filium.
1231 2855 1689 2912 Contradiccntem
1725 2869 1851 2924 ergo
1878 2854 2184 2925 interroga:

604 2953 950 3026 eoguoscitne
981 2951 1136 3006 Pater
1165 2948 1397 3004 Filium?
1425 2946 1807 3017 Respondebit,
1843 2945 2040 3012 Etiam,
2084 2945 2184 2999 nisi

607 3046 856 3102 iasauiat.
891 3042 1090 3099 Deinde
1119 3043 1448 3112 interrogare
1491 3054 1809 3110 pergamus:
1854 3039 2186 3095 Acenratane

611 3139 815 3193 visione
840 3145 892 3190 et
915 3134 1218 3205 cognitione
1245 3133 1414 3202 ipsum
1432 3131 1572 3186 novit
1589 3139 1642 3186 et
1667 3129 1826 3196 videt,
1849 3144 1911 3184 ac
1931 3129 2185 3199 quidnam

607 3233 678 3285 sit
705 3229 856 3299 plane
895 3223 1206 3296 cognoscit?
1237 3221 1364 3277 Illud
1405 3222 1565 3278 etiam
1606 3219 1875 3276 fatebitur.
1910 3219 2041 3274 llinc
2067 3217 2184 3273 col-

613 3323 714 3392 lige
741 3326 1042 3374 accuratam
1069 3313 1187 3371 Filii
1213 3313 1279 3370 de
1311 3313 1464 3369 Patre
1483 3312 1862 3383 evgnitionem.
1893 3308 2008 3381 Ipse
2031 3325 2184 3363 nant-

605 3429 709 3482 que
736 3413 888 3477 dixit,
923 3411 1070 3466 Sicut
1097 3408 1232 3463 novit
1274 3422 1352 3460 me
1399 3405 1588 3471 Pater,
1619 3405 1690 3458 ita
1724 3415 1770 3458 et
1808 3419 1899 3474 ego
1938 3417 2185 3473 cognosco

607 3505 811 3560 Patrem
832 3520 850 3567 ;
877 3511 930 3556 et
955 3501 1100 3564 alibi,
1130 3497 1291 3553 Deum
1317 3513 1460 3552 nemo
1485 3496 1628 3563 cidit,
1656 3495 1750 3549 uisi
1775 3495 1860 3564 qui
1883 3504 1958 3549 est
1983 3510 2046 3549 ex
2074 3493 2184 3549 Deo

605 3597 781 3661 (Jama.
811 3594 896 3648 ΙΙ).
930 3593 1014 3648 I5.
1042 3600 1086 3645 et
1131 3591 1183 3646 6.
1231 3590 1344 3659 Mi).
1397 3587 1537 3652 Ideo,
1580 3595 1633 3641 ut
1676 3585 1812 3651 dixi,
1861 3573 2184 3655 evangelista

602 3689 776 3742 sinum
802 3689 1208 3748 commemorat,
1238 3681 1413 3737 omnia
1448 3681 1549 3734 hoc
1578 3695 1682 3733 uno
1729 3677 1891 3734 verbo
1919 3677 2072 3732 nobis
2093 3677 2188 3731 dc-

603 3782 835 3847 elarans,
865 3777 1005 3848 quod
1037 3776 1204 3830 multa
1251 3773 1321 3830 sit
1361 3771 1670 3828 substantia:
1708 3769 1956 3841 cognatio
1982 3779 2037 3824 et
2063 3769 2184 3823 uni-

606 3882 714 3936 tas;
759 3867 902 3941 quod
954 3866 1174 3923 omnino
1218 3879 1312 3934 par
1354 3865 1423 3918 sit
1460 3861 1711 3931 utrinque
1757 3860 2012 3931 cognitio,
2041 3858 2183 3928 quod

602 3979 696 4032 par
726 3970 975 4032 potestas.
1019 3957 1132 4012 Non
1177 3957 1316 4011 enim
1359 3954 1592 4024 aliquem
1625 3951 1844 4006 alterius
1872 3950 2184 4004 substantia:

603 4055 760 4111 Pater
791 4054 846 4108 in
872 4052 993 4106 sinu
1019 4049 1265 4104 habuerit
1294 4063 1307 4100 :
1335 4061 1506 4115 neque
1534 4045 1623 4098 ille
1648 4043 1889 4109 auderet,
1923 4041 1965 4096 si
1994 4057 2183 4096 servus

599 4154 654 4200 et
677 4160 740 4200 ex
782 4143 1009 4198 aliorqu
1051 4153 1272 4194 itumero
1301 4146 1464 4204 esset,
1494 4136 1544 4190 iu
1574 4135 1690 4190 sinu
1722 4134 1892 4189 Patris
1932 4135 2132 4188 versari
2165 4152 2178 4188 :

603 4239 702 4295 hoc
732 4239 872 4294 enim
900 4235 1009 4292 veri
1043 4233 1132 4287 lilii
1158 4241 1362 4286 tantum
1385 4239 1488 4296 est,
1527 4228 1620 4297 qui
1651 4227 1814 4281 innita
1846 4225 2031 4280 lidueia
2062 4240 2182 4280 eum

603 4342 750 4403 patre
772 4339 972 4393 utatur,
1018 4326 1256 4395 nihilque
1294 4323 1470 4377 minus
1519 4335 1676 4390 quam
1720 4317 1806 4373 ille
1848 4318 2056 4372 haheat.
2093 4315 2184 4373 Vis

598 4425 952 4480 :clcruilnlem
985 4422 1102 4488 ejus
1129 4415 1372 4473 discere?
1401 4413 1534 4469 Audi
1567 4429 1684 4483 qua:
1707 4411 1848 4465 dicat
1885 4410 2094 4480 Moyses
2115 4410 2183 4466 de

601 4519 774 4574 Patre.
830 4514 961 4569 Cum
1011 4512 1152 4568 enim
1195 4509 1583 4577 interrogaret,
1632 4503 1778 4574 quid,
1819 4502 2180 4572 quaerentibus

599 4606 881 4678 Egyptiis,
901 4606 1017 4676 quis
1041 4606 1210 4674 ipsum
1237 4599 1486 4663 misisset,
1507 4609 1860 4666 responsurus
1883 4595 1994 4664 ipse
2014 4603 2175 4659 esset,

597 4699 776 4767 jussus
821 4705 904 4749 est
946 4694 1148 4754 dicere,
1198 4691 1298 4754 Qui
1339 4698 1431 4755 cst,
1477 4688 1608 4740 misit
1641 4704 1716 4740 me
1744 4685 1940 4756 (Exod.
1972 4685 2025 4740 5.
2061 4683 2177 4754 Id).

599 4788 728 4844 Illud
760 4797 956 4851 autem,
992 4786 1090 4852 Qui
1119 4794 1212 4848 est,
1257 4784 1426 4851 ipsum
1471 4795 1683 4850 semper
1723 4794 1842 4834 esse
1890 4778 2178 4849 signiﬁcat,

597 4893 754 4952 atque
781 4881 939 4935 etiam
971 4878 1087 4933 sine
1119 4875 1397 4946 principio,
1423 4889 1547 4929 vere
1577 4883 1630 4927 et
1664 4872 1876 4943 proprie
1902 4887 2040 4928 esse.
2069 4873 2182 4929 Hoc

596 4975 860 5044 siguilicat
902 4971 1061 5026 etiam
1109 4967 1235 5024 illud
1261 5009 1276 5034 ,
1319 4965 1383 5020 In
1430 4966 1679 5036 principio
1727 4974 1856 5030 crat,
1900 4965 2181 5040 ipsumque

600 5082 809 5136 ειιιιιιιει
836 5079 954 5120 esse
1002 5062 1216 5117 indicat.
1265 5061 1375 5115 lloc
1422 5059 1580 5126 igitur
1621 5059 1763 5113 dicto
1803 5057 1889 5112 hic
1935 5074 2060 5112 usus
2099 5067 2182 5114 est

599 5161 850 5220 Joannes,
879 5157 1166 5213 ostendens
1190 5155 1380 5210 Filium
1408 5153 1522 5206 sine
1545 5151 1803 5222 principio
1823 5151 1958 5206 etab
1979 5160 2180 5205 aeterno

601 5254 651 5307 in
681 5253 798 5305 siuu
835 5251 1001 5304 I‘atris
1024 5263 1163 5304 esse.
1191 5246 1266 5301 Ne
1294 5247 1470 5315 itaque
1499 5245 1568 5298 ob
1595 5243 1824 5298 nominis
1850 5243 2178 5298 consortium

599 5357 812 5416 putares
846 5342 990 5395 illum
1013 5356 1075 5394 ex
1113 5353 1294 5395 eorum
1329 5352 1551 5392 numero
1575 5351 1692 5391 esse
1718 5337 1807 5406 qui
1833 5350 1929 5407 per
1953 5334 2175 5402 gratiam

600 5439 689 5492 lilii
720 5444 860 5496 sunt,
907 5434 1059 5488 adest
1099 5431 1352 5486 articulus
1389 5431 1477 5505 qui
1516 5431 1804 5497 distinguat
1844 5427 1988 5480 illum
2019 5425 2086 5479 ab
2114 5426 2177 5480 iis

600 5532 686 5600 qui
723 5545 814 5599 per
843 5527 1062 5597 gratiam
1103 5533 1230 5579 sunt
1274 5523 1387 5576 lilii.
1423 5522 1570 5588 Quod
1615 5523 1657 5575 si
1699 5522 1798 5576 hoc
1838 5520 1928 5573 tibi
1975 5534 2077 5572 non
2109 5519 2177 5572 sit

664 5688 677 5716 ’
717 5683 879 5734 Morel.
917 5681 1060 5730 habet
1094 5718 1106 5738 ,
1132 5679 1394 5744 prophela’,
1432 5692 1531 5738 tm,
1558 5693 1604 5729 ιιι
1627 5679 1711 5744 ιιιι.

666 5749 682 5778 ⁸
721 5746 853 5802 Idem
889 5745 1026 5806 lcgu,
1046 5743 1368 5798 aretuationr,
1397 5755 1498 5803 pro,
1524 5743 1787 5791 securitate.

3780 357 3895 411 $00

2288 463 2439 530 satis,
2473 474 2526 518 et
2564 465 2606 518 si
2635 464 2808 519 adhuc
2840 481 3023 522 versus
3053 476 3246 522 terram
3281 481 3477 537 pronus
3511 467 3732 531 incedis,
3768 485 3885 524 ma-

2288 553 2366 622 gis
2394 555 2665 625 proprium
2697 556 2819 609 audi
2854 572 3070 624 nomen,
3107 555 3425 627 Unigenittts.
3455 558 3547 612 Sin
3579 558 3751 612 adhuc
3782 559 3886 612 lm-

2289 663 2435 701 nmm
2465 649 2704 717 reSpicis.
2739 665 2842 702 non
2885 649 3140 704 dubitabo
3183 653 3471 704 humanum
3513 649 3579 704 de
3613 650 3720 703 Deo
3759 667 3886 720 pro-

2289 739 2432 796 ferre
2463 742 2703 806 verbum,
2753 757 2944 811 nempe
2987 743 3196 809 sinum;
3245 752 3447 797 tantmn
3494 759 3559 798 ne
3604 745 3883 813 quidpiam

2287 829 2486 888 humile
2511 833 2816 902 suspiceris.
2847 833 3089 889 Vidistiu'
3111 835 3494 904 benignitatem
3518 844 3569 888 et
3594 836 3884 915 proviilen7

2288 925 2414 979 tiam
2444 926 2691 980 Domini?
2718 923 2966 996 Indignas
2987 925 3088 980 sibi
3115 940 3272 981 voces
3301 925 3556 981 adscribit
3585 927 3600 958 ⁸
3632 926 3790 990 Deus,
3822 933 3883 978 ιιι

2287 1017 2371 1072 vel
2401 1017 2477 1072 sic
2503 1016 2704 1080 videas,
2737 1033 2799 1073 ac
2848 1032 3098 1088 magnum
3138 1016 3264 1088 quid
3301 1026 3352 1072 et
3383 1016 3608 1070 sublime
3635 1018 3877 1086 cogites;
3913 1073 3924 1082 _

2285 1117 2340 1167 et
2369 1121 2424 1166 tu
2465 1111 2608 1166 humi
2642 1110 2826 1182 repis?
2872 1109 2964 1167 Dic
2993 1111 3136 1166 enim
3167 1111 3293 1165 mihi
3321 1126 3416 1166 cur
3444 1111 3594 1165 shuts
3639 1109 3723 1164 hic
3763 1126 3880 1165 me-

2289 1214 2546 1270 moratur,
2579 1204 2723 1276 quod
2750 1219 2991 1260 crassum
3021 1213 3074 1259 et
3101 1204 3316 1258 carnale
3345 1219 3539 1258 nomen
3571 1202 3690 1256 est?
3719 1218 3786 1256 an
3823 1213 3880 1258 ut

2287 1297 2452 1353 Deum
2481 1312 2600 1353 esse
2639 1311 2834 1367 corpus
2874 1296 3449 1366 snSpieeinurtAbsit,
3501 1297 3726 1365 inquies.
3767 1295 3882 1350 Cur

2285 1391 2451 1461 ergo?
2476 1390 2609 1446 Nam
2651 1391 2695 1445 si
2727 1406 2820 1460 per
2860 1390 2962 1447 hoc
2993 1390 3211 1445 verbum
3245 1404 3341 1444 nec
3373 1404 3530 1445 verus
3559 1389 3727 1444 Filius
3755 1403 3881 1444 esse

2286 1483 2566 1552 probatur,
2626 1498 2723 1538 nec
2786 1484 2956 1540 Deum
3006 1485 3381 1552 incorporeum
3432 1498 3552 1538 esse
3601 1483 3878 1547 statuitur,

2288 1573 2480 1628 frustra
2500 1574 2730 1642 jactatur
2755 1573 2856 1629 hoc
2879 1574 3080 1629 dictum
3107 1575 3302 1630 nullius
3335 1589 3480 1629 usus.
3509 1573 3616 1628 Cur
3641 1589 3771 1644 ergo
3795 1572 3880 1628 di-

2286 1674 2428 1719 ctum
2455 1665 2580 1720 est?
2628 1681 2801 1739 neque
2843 1666 2987 1722 enltn
3027 1665 3095 1722 ab
3136 1666 3236 1722 hac
3275 1666 3571 1738 quzestione
3597 1665 3879 1722 desistam.

2287 1759 2476 1812 Annon
2511 1759 2681 1828 palam
2727 1770 2808 1814 est
2853 1761 2972 1816 ideo
3023 1760 3288 1830 prolatum
3327 1775 3468 1824 esse,
3501 1769 3556 1815 ut
3588 1776 3692 1816 non
3732 1761 3881 1816 aliud

2286 1864 2351 1905 ex
2385 1848 2476 1905 illo
2507 1850 2882 1923 percipiamus,
2926 1867 3084 1922 quam
3115 1851 3254 1921 quod
3302 1853 3392 1908 ille
3421 1851 3490 1906 sit
3523 1867 3647 1906 vere
3674 1851 3879 1922 Uuige-

2287 1942 2452 2010 nilus,
2483 1943 2623 2013 quod
2666 1952 2963 2000 CO:EICI'IIIIS
2997 1945 3182 2000 Patri?
3223 1947 3324 2000 Ille
3363 1947 3638 2011 enarravit,
3681 1947 3877 2016 inquit.

2287 2035 2423 2102 Quid
2453 2039 2755 2093 enarravit?
2783 2037 2943 2093 Deum
2983 2057 3129 2094 nemo
3157 2040 3276 2093 vidit
3319 2057 3574 2110 umquam.
3618 2039 3764 2096 Unus
3795 2049 3881 2096 est

2290 2127 2448 2186 Deus.
2477 2129 2580 2185 Sed
2624 2129 2725 2186 huc
2769 2140 2822 2186 ct
2871 2132 3059 2201 reliqui
3105 2131 3400 2202 prophetat,
3440 2141 3493 2186 et
3536 2131 3746 2203 Moyses
3774 2132 3881 2188 [Γο-

2286 2219 2640 2290 quenlissime
2670 2224 2866 2278 clamat
2899 2241 2911 2277 :
2960 2222 3214 2279 Dominus
3247 2222 3383 2278 Deus
3424 2233 3540 2278 tuus
3564 2265 3581 2291 ,
3628 2223 3883 2278 Dominus

2293 2328 2424 2367 unus
2449 2323 2519 2366 est
2548 2313 2728 2378 (Deut.
2761 2316 2812 2370 6.
2839 2314 2930 2386 4);
2970 2325 3023 2370 ct
3056 2315 3238 2382 Isaias,
3287 2312 3412 2369 Ante
3454 2333 3532 2370 me
3570 2325 3764 2369 nonest
3793 2319 3882 2386 [a-

2296 2414 2398 2458 ctus
2423 2405 2555 2458 alius
2589 2405 2741 2471 Deus,
2775 2417 2820 2459 et
2847 2417 2958 2484 post
2987 2424 3065 2466 me
3092 2425 3191 2465 non
3223 2419 3294 2470 est
3316 2407 3470 2479 (lsai.
3499 2408 3586 2464 £5.
3620 2407 3730 2477 ιο).

2363 2498 2417 2556 ὅ.
2450 2499 2597 2564 Qua',
2629 2497 2884 2566 quomodo
2911 2509 2957 2552 et
2981 2516 3104 2570 quos
3131 2500 3356 2558 docuerit
3385 2499 3550 2560 Filius
3584 2499 3695 2554 Dei.
3726 2499 3880 2562 Cari-

2297 2599 2372 2648 tas
2419 2592 2822 2649 commcndatur.
2857 2592 3136 2649 Christiani
3163 2610 3319 2647 unum
3351 2610 3538 2660 corpus
3573 2603 3711 2659 sunt,
3741 2596 3880 2664 quod

2289 2694 2362 2737 est
2403 2685 2675 2739 maximum
2719 2684 2954 2742 amicitia
2991 2684 3270 2739 vinculum.
3294 2715 3365 2726 —-
3390 2685 3526 2752 Quid
3557 2700 3686 2754 ergo
3731 2686 3881 2745 aliud

2289 2789 2318 2828 a
2345 2774 2481 2835 Filio
2508 2775 2811 2838 didicimus.
2846 2787 3028 2846 utpote
3056 2777 3146 2846 qui
3176 2779 3244 2832 sit
3272 2778 3323 2836 in
3351 2779 3470 2832 sinu
3501 2777 3672 2832 Patris
3697 2778 3722 2832 ?
3745 2779 3876 2849 quid

2289 2867 2357 2922 ab
2404 2865 2738 2937 Uuigenito?
2779 2866 2957 2928 Primo
2985 2867 3126 2937 quod
3168 2868 3280 2926 lucc
3306 2869 3412 2926 sint
3452 2884 3515 2929 ex,
3544 2869 3662 2944 ejus
3687 2885 3879 2940 (ψει-ειη

2293 2958 2439 3019 tione
2464 2975 2478 3013 :
2503 2957 2716 3021 deinde,
2751 2973 2849 3013 nos
2881 2957 3036 3034 longe
3069 2959 3361 3019 clariorem
3381 2961 3652 3030 accepisse
3678 2960 3882 3016 doctri-

2293 3066 2438 3117 nam,
2471 3058 2524 3104 et
2547 3065 2871 3122 cognoscere
2913 3052 3052 3122 quod
3085 3052 3317 3126 Spiritus
3346 3053 3416 3108 sit
3445 3054 3616 3117 Deus,
3645 3064 3700 3112 et
3737 3055 3882 3125 quod

2289 3143 2377 3211 qui
2411 3141 2631 3196 adorant
2664 3158 2808 3208 eum,
2847 3144 2895 3197 iu
2929 3144 3122 3212 spiritu
3167 3151 3220 3198 et
3263 3145 3484 3204 veritate
3514 3143 3742 3204 adorare
3780 3147 3883 3206 de-

2288 3235 2452 3291 beant
2499 3252 2512 3288 :
2562 3235 2884 3306 insuperquc
2930 3235 3060 3290 illud
3119 3235 3331 3306 ipsum,
3386 3237 3717 3306 impossibile
3761 3254 3884 3295 esse

2290 3325 2456 3381 Deum
2506 3326 2685 3382 videre
2711 3367 2724 3390 ,
2766 3337 2820 3382 et
2867 3329 3132 3383 nemiuem
3179 3329 3347 3398 ipsum
3388 3347 3738 3402 cognoscere.
3780 3331 3884 3393 nisi

2291 3418 2482 3473 Filium
2515 3417 2710 3489 (Joau.
2743 3419 2796 3475 4.
2823 3420 2932 3490 25)
2966 3439 2979 3473 :
3013 3423 3231 3491 etquod
3261 3423 3330 3477 sit
3365 3421 3524 3479 Pater
3550 3422 3661 3478 veri
3690 3421 3885 3492 Unige-

2291 3511 2385 3564 niti
2421 3528 2433 3574 ;
2464 3521 2516 3566 et
2555 3527 2908 3584 qua'cumque
2941 3514 3045 3569 alia
3076 3515 3144 3570 de
3175 3517 3263 3571 illo
3293 3526 3540 3572 enarrata
3572 3526 3715 3570 sunt.
3745 3516 3882 3572 Illud

2289 3613 2505 3669 autem,
2561 3604 2864 3671 Enarravit,
2914 3607 3201 3662 clariorem
3247 3618 3300 3664 et
3347 3609 3669 3679 apertiorem
3729 3609 3884 3664 elTert

2289 3695 2585 3754 doctrinam
2612 3736 2628 3762 ,
2660 3713 2819 3768 quam
2863 3714 2968 3754 non
2999 3699 3197 3754 Iudicis
3228 3695 3387 3754 modo
3413 3742 3428 3767 ,
3465 3699 3560 3756 sed
3589 3701 3750 3756 etiam
3783 3701 3881 3756 toti

2290 3788 2403 3844 orbi
2452 3788 2666 3844 tradidit
2702 3798 2756 3847 et
2787 3791 3094 3860 complevit.
3134 3793 3416 3862 Prophetis
3445 3802 3589 3849 certe
3616 3809 3682 3849 ne
3709 3792 3880 3850 Judazi

2288 3879 2503 3948 quidem
2549 3897 2736 3941 onmes
2777 3883 3161 3948 attendebaut;
3210 3883 3498 3956 Unigenito
3560 3893 3740 3940 autem
3786 3884 3882 3940 Dei

2291 3981 2431 4030 totus
2474 3971 2621 4026 orbis
2670 3974 2831 4027 cessit
2868 3981 2924 4028 et
2952 3973 3200 4032 credidit.
3244 3974 3529 4035 Enarratio
3574 3975 3753 4052 itaque
3794 3975 3884 4037 hic

2287 4061 2542 4124 doctrina:
2586 4063 2908 4124 evidentiam
2942 4064 3204 4137 signiﬁcat
3243 4083 3255 4121 :
3305 4067 3533 4136 ideoque
3561 4075 3616 4125 et
3646 4066 3881 4129 Verbum

2287 4155 2503 4221 dicitur,
2533 4166 2586 4210 et
2618 4157 2791 4228 inagui
2824 4159 3033 4212 consilii
3062 4158 3316 4226 Angelus.
3341 4160 3601 4229 Quoniam
3635 4160 3796 4231 igitur
3826 4168 3884 4216 et

2290 4247 2492 4313 majore
2521 4257 2575 4299 et
2613 4247 2932 4317 perfectiore
2980 4248 3220 4309 doctrina
3268 4249 3469 4320 dignati
3514 4265 3724 4318 sumus,
3770 4251 3882 4306 Deo

2290 4353 2394 4391 non
2441 4339 2578 4392 ultra
2631 4355 2724 4408 per
2753 4339 3080 4408 prophetas,
3122 4339 3216 4395 sed
3257 4355 3349 4412 per
3377 4342 3650 4413 proprium
3681 4342 3874 4399 Filium

2287 4430 2439 4483 nobis
2470 4431 2726 4486 extremis
2758 4431 2906 4487 hisce
2945 4433 3134 4488 diebus
3164 4433 3414 4502 loquente
3435 4473 3452 4498 ,
3495 4435 3617 4496 vita:
3660 4436 3878 4493 institu-

2287 4532 2396 4577 lum
2425 4523 2580 4593 longe
2608 4523 2821 4587 melius,
2866 4533 2920 4578 et
2961 4533 3109 4579 tanto
3139 4524 3344 4580 honore
3369 4525 3586 4597 dignum
3614 4527 3876 4585 exhibea-

2285 4632 2425 4672 nms.
2460 4615 2760 4670 Absurdum
2789 4616 2932 4672 enim
2960 4628 3125 4684 esset,
3154 4618 3196 4671 si
3233 4633 3354 4673 cum
3379 4618 3490 4688 ipse
3517 4629 3722 4678 tantum
3776 4620 3878 4677 de-

2285 4707 2576 4773 scenderit,
2606 4716 2663 4761 ut
2691 4707 2794 4761 non
2825 4707 2962 4762 ultra
3008 4723 3102 4782 per
3142 4723 3328 4764 servos
3373 4725 3500 4764 suos
3539 4726 3637 4764 nos
3664 4711 3864 4781 alloqui

2287 4799 2452 4864 velit,
2486 4798 2578 4853 sed
2612 4814 2704 4868 per
2744 4799 2977 4873 seipsum
3009 4819 3021 4860 ξ
3049 4814 3146 4853 nos
3177 4799 3308 4860 nihil
3347 4801 3578 4869 amplius
3607 4816 3768 4871 quam
3794 4803 3874 4860 illi

2288 4893 2492 4962 priores
2514 4893 2912 4947 exhiberemus.
2947 4892 3023 4947 Illi
3051 4892 3307 4964 Moysem,
3339 4909 3435 4948 nos
3468 4892 3664 4965 Moysis
3695 4895 3874 4952 Domi-

2287 5001 2408 5044 num
2454 4986 2726 5040 doctorem
2758 4985 3037 5040 habemus.
3074 4985 3228 5039 Tanti
3252 5001 3380 5056 ergo
3409 4986 3627 5042 honoris
3656 4988 3874 5060 dignam

2287 5077 2678 5150 philomphiam
2720 5079 3055 5147 proferamus
3081 5119 3095 5141 ,
3146 5077 3384 5148 nihilque
3429 5078 3722 5134 habeamus
3753 5098 3874 5138 cum

2286 5181 2422 5227 terra
2453 5185 2756 5224 commune.
2799 5169 2922 5224 Ideo
2955 5184 3185 5240 namque
3214 5169 3299 5224 ille
3321 5169 3386 5224 de
3417 5170 3562 5225 czelis
3600 5171 3752 5226 nobis
3778 5173 3877 5228 do-

2282 5267 2507 5319 ctrinam
2523 5265 2717 5325 attulit,
2736 5272 2792 5316 ut
2808 5279 2871 5318 eo
2883 5263 3258 5332 cogitationem
3279 5273 3512 5320 nostram
3535 5263 3875 5334 transferret,

2283 5369 2335 5413 et
2363 5375 2456 5430 pro
2485 5357 2617 5410 virili
2649 5356 3163 5436 nostraimilatores
3193 5355 3432 5411 Doctoris
3475 5358 3641 5411 nostri
3682 5358 3871 5413 simus.

2287 5455 2349 5508 Iit
2375 5453 2640 5522 quomodo
2694 5465 2974 5520 possumus
3001 5493 3013 5516 ,
3053 5449 3291 5518 inquies,
3336 5451 3630 5505 imitatores
3672 5449 3873 5509 Christi

2284 5565 2401 5603 esse
2433 5549 2454 5598 ’ἔ
2487 5547 2540 5600 Si
2599 5547 2776 5601 omnia
2824 5545 2887 5599 ad
2935 5560 3276 5599 communem
3309 5544 3588 5599 utilitatem
3619 5545 3875 5604 faciamus

2286 5661 2380 5696 uri,-
2423 5660 2521 5707 ιιιιςι
2584 5653 2758 5691 ιςοδιιςι
2811 5649 2932 5692 sunt
2983 5652 3304 5705 qumramus.
3371 5635 3507 5692 Nam
3556 5648 3602 5691 et
3642 5635 3872 5695 Christus

2356 5761 2366 5788 ι
2408 5756 2495 5804 Alii
2526 5771 2571 5803 ει
2599 5752 2737 5803 \I-..icl
2766 5789 2779 5816 ,
2799 5750 3075 5804 adscribere
3096 5750 3226 5801 sciet.
