4120 6502
293 455 384 512 t0i
1373 444 1434 502 ΙΝ
1471 443 1782 501 ιοΛΝΝεδι
1825 446 1893 501 IK

2002 446 2050 502 [ι.
2092 445 2231 502 XVI.
2275 450 2346 506 nl.
2408 448 2519 504 XV.

297 583 395 619 non
420 565 514 619 sibi
544 564 648 634 ipsi
671 562 890 632 placuit,
919 561 1008 617 scd
1045 561 1172 615 sicut
1203 559 1443 628 scriptum
1488 567 1579 611 est.
1615 557 1904 625 Opprobria

299 655 715 723 exprobrantium
758 654 848 708 tibi
888 651 1170 708 ceciderunt
1193 664 1346 717 super
1388 665 1466 702 me
1493 647 1512 720 (
1540 648 1690 702 Rom.
1727 648 1814 704 15.
1837 648 1893 706 ὅ.

308 747 447 804 ιιιαι.
467 747 682 818 68.10).
703 746 869 801 Nemo
894 746 1047 816 igitur
1065 743 1200 812 quod
1215 758 1359 796 suum
1376 751 1447 795 est
1462 754 1657 807 quierat
1673 743 1722 810 (1
1737 783 1750 797 .
1773 739 1895 800 Cor.

305 843 396 900 10.
417 842 532 911 21).
563 840 655 897 Sic
681 840 826 897 enim
853 839 969 908 quis
992 834 1132 908 quod
1159 850 1314 890 suum
1337 843 1421 889 est
1445 834 1655 904 quatrit,
1685 834 1728 888 si
1754 833 1896 904 quod

304 936 610 1006 proximum
648 940 856 1004 spectat
875 972 892 998 ,
913 927 1180 998 respiciat.
1205 925 1338 982 Nam
1367 942 1484 997 qua:
1505 926 1730 997 proximi
1750 934 1896 996 sunt,

303 1037 492 1080 nostra
524 1034 669 1079 sunt.
693 1023 887 1090 Corpus
914 1036 1070 1074 unum
1098 1034 1293 1082 sumus,
1337 1017 1466 1071 alter
1498 1017 1708 1072 alterius
1736 1031 1898 1070 mem-

302 1117 400 1168 bra
445 1125 492 1170 et
537 1123 703 1182 partes
747 1110 938 1182 (Rom.
971 1110 1059 1167 12.
1089 1107 1176 1180 5).
1208 1107 1287 1164 Ne
1329 1108 1485 1179 igitur
1515 1107 1586 1162 ita
1615 1107 1788 1162 affecti
1820 1109 1900 1163 si-

305 1221 430 1261 mus
478 1219 540 1260 se
578 1205 622 1258 si
663 1201 919 1272 segregati
962 1213 1202 1256 essemus
1233 1218 1248 1254 :
1282 1213 1348 1254 ne
1385 1198 1505 1268 quis
1542 1196 1756 1262 dixerit,
1803 1197 1896 1253 Ille

305 1299 442 1352 mihi
469 1297 672 1351 amicus
697 1309 802 1349 non
829 1302 927 1358 est,
963 1308 1067 1346 non
1094 1301 1374 1362 cognatus,
1409 1305 1517 1345 non
1550 1289 1774 1355 vicinus,
1806 1305 1900 1345 no-

303 1403 414 1460 que
441 1385 568 1455 quid
589 1399 872 1440 commune
897 1398 1018 1438 cum
1050 1383 1145 1437 illo
1176 1381 1350 1437 habeo
1383 1399 1396 1434 :
1439 1382 1706 1451 quomodo
1745 1396 1897 1438 acce-

303 1479 484 1533 dam?
522 1477 651 1548 quid
709 1476 920 1532 dicam?
965 1475 1190 1530 Etiamsi
1245 1475 1390 1530 enim
1453 1490 1559 1528 non
1613 1485 1892 1545 cognatus,

302 1568 516 1624 etiamsi
545 1584 650 1623 non
677 1567 880 1624 amicus
907 1566 995 1631 sit,
1022 1575 1078 1622 at
1103 1569 1264 1621 homo
1286 1575 1370 1621 est
1391 1565 1630 1636 ejusdem
1668 1575 1893 1633 naturae,

311 1661 563 1716 eumdem
583 1659 783 1714 habens
806 1657 1106 1724 Dominum,
1129 1671 1441 1718 conservus.
1462 1655 1854 1710 contubernalis
1877 1673 1893 1711 :

306 1754 363 1807 in
418 1751 607 1807 eodem
635 1751 830 1823 quippe
879 1750 1078 1805 mundo
1120 1758 1222 1806 est.
1269 1749 1421 1817 Quod
1466 1749 1510 1803 si
1540 1748 1781 1804 eamdem
1830 1748 1894 1803 il-

304 1843 431 1899 dem
484 1843 710 1907 habeat,
753 1856 877 1897 ecce
917 1840 1213 1896 membrum
1243 1849 1328 1895 est
1356 1848 1522 1894 tuum.
1550 1839 1680 1908 Quae
1707 1839 1890 1895 amici-

313 1932 386 1988 tia
433 1940 636 1986 tantam
683 1931 1111 2001 conjunctionem
1156 1929 1369 1986 efficere
1411 1940 1604 2000 petest,
1643 1941 1894 2001 quantam

318 2023 441 2078 ﬁdei
463 2025 711 2095 cognatio
737 2025 760 2079 τ
787 2024 970 2094 Neque
993 2025 1136 2079 enim
1168 2035 1309 2079 tanta
1335 2012 1506 2080 sdlum
1533 2026 1896 2096 prepinquitas

306 2115 449 2170 inter
473 2130 573 2170 nos
615 2115 932 2188 exhibenda,
965 2125 1160 2187 quanta
1199 2126 1281 2171 est
1324 2117 1479 2172 amici
1521 2117 1586 2172 ad
1615 2117 1846 2172 amicum
1875 2134 1892 2182 ;

304 2205 402 2262 sed
429 2215 624 2277 quanta
655 2207 878 2262 membri
904 2207 969 2262 ad
1001 2207 1445 2265 membrumJloc
1471 2209 1668 2279 quippe
1698 2209 1892 2264 amici-

307 2299 398 2353 tia:
421 2309 473 2354 et
501 2299 910 2355 necessitudinis
932 2299 948 2332 ⁸
980 2315 1177 2370 genere
1196 2300 1398 2355 nullum
1429 2302 1600 2370 majus
1631 2302 1890 2371 reperias.

303 2388 766 2455 Quemadmodum
807 2405 906 2446 nec
949 2391 1128 2448 dicere
1168 2392 1358 2461 possis,
1389 2391 1544 2448 Unde
1575 2393 1705 2448 mihi
1739 2393 1892 2448 iami-

304 2479 513 2534 liaritas
551 2488 606 2536 et
635 2480 974 2536 necessitudo
998 2495 1119 2536 eum
1167 2481 1259 2535 illo
1287 2497 1302 2546 ;
1354 2481 1403 2536 id
1434 2483 1576 2537 enim
1607 2483 1890 2539 ridiculum

301 2577 424 2623 est:
454 2569 531 2623 sic
561 2584 662 2626 nec
682 2569 751 2624 de
778 2569 943 2625 fratre
966 2569 1069 2624 hoc
1095 2569 1276 2626 dicere
1296 2572 1492 2643 possis.
1525 2571 1712 2626 Omnes
1735 2573 1890 2639 enim,

303 2659 496 2730 inquit,
542 2661 596 2715 in
643 2678 800 2714 unum
829 2677 1015 2732 corpus
1044 2661 1286 2733 baptizati
1322 2680 1496 2718 sumus
1523 2664 1540 2734 (
1567 2665 1617 2720 1.
1649 2663 1766 2719 Cor.
1803 2664 1888 2720 12.

301 2749 430 2820 13).
457 2749 568 2804 Cur
597 2751 650 2806 in
682 2767 844 2807 unum
874 2766 1069 2824 corpus
1097 2755 1120 2807 i
1163 2753 1230 2809 Ut
1258 2767 1361 2808 non
1391 2769 1757 2825 segregemur,
1788 2756 1884 2812 sed

302 2850 364 2895 ut
388 2856 456 2896 es
483 2852 669 2898 mutua
698 2843 1092 2901 necessitudine
1119 2852 1174 2900 et
1199 2843 1432 2902 amicitia
1464 2845 1621 2902 unius
1649 2846 1892 2918 corporis

300 2932 672 2988 conditionem
699 2948 995 2992 servemus.
1022 2937 1100 2992 Ne
1130 2952 1258 3007 ergo
1289 2938 1590 3008 proximum
1621 2939 1890 3010 deSpicia-

300 3038 444 3091 mns,
469 3034 524 3080 ut
549 3043 618 3083 ne
644 3043 743 3084 nos
772 3030 918 3098 ipsos
963 3039 1369 3088 contemnamus
1395 3034 1439 3086 ⁸.
1473 3031 1663 3101 Nemo,
1694 3034 1887 3105 inquit,

369 3158 386 3225 ξ
419 3155 513 3207 Alit
547 3157 740 3225 legunt,
762 3158 1120 3225 sollicitudinis,
1152 3175 1258 3225 pro,
1285 3163 1667 3216 necessitudinis.

367 3220 387 3250 ι
419 3219 583 3270 Norel.
601 3219 766 3290 ih‘unc
789 3221 944 3272 locum
965 3226 1035 3273 sic
1052 3219 1196 3290 effert
1206 3238 1233 3290 ,ξ
1246 3219 1326 3290 ’.εἰς
1348 3238 1463 3290 ergo
1483 3224 1697 3290 proximi
1717 3237 1886 3278 curam

299 3289 548 3343 poenam,
573 3287 624 3331 ut
640 3281 702 3333 de
723 3290 882 3334 nostro
905 3297 1103 3348 corpore
1125 3284 1332 3337 solliciti.

3495 458 3593 515 i0!

2009 573 2212 613 carnem
2257 577 2401 614 suam
2445 563 2562 615 odio
2591 562 2737 616 liabet
2791 562 3020 634 (Ep/tes.
3061 566 3114 622 5.
3147 564 3273 638 29),
3305 565 3398 622 sed
3431 571 3590 627 nutrit

2005 661 2060 706 et
2091 651 2256 706 fovet.
2287 653 2410 707 Iden
2433 652 2650 707 domum
2675 670 2834 708 unam
2866 655 3006 709 hunc
3032 656 3287 711 mundum
3315 657 3466 712 dedit
3500 674 3592 712 no-

2005 742 2087 796 bis
2131 742 2290 806 Deus,
2324 743 2502 798 omnia
2533 758 2600 799 ex
2631 758 2785 813 mque
2810 743 3100 810 distribuit,
3145 761 3307 801 unum
3347 749 3592 804 accendit

2004 833 2255 888 omnibus
2279 833 2468 902 solem,
2495 849 2660 889 unum
2689 844 2883 890 tectum
2909 837 3168 901 extendit.
3194 836 3405 903 cmlum,
3435 855 3594 895 unam

2007 925 2212 995 paravit
2235 939 2496 990 mensam,
2528 933 2748 980 terram.
2782 924 2936 980 Dedit
2963 941 3174 997 quoque
3193 927 3415 984 alteram
3444 945 3596 984 men-

2005 1032 2118 1070 sam
2144 1055 2160 1082 ,
2208 1016 2306 1071 hac
2335 1016 2491 1086 longe
2528 1016 2808 1088 majorem,
2836 1016 2932 1072 sed
2958 1018 3095 1073 hanc
3125 1035 3306 1084 unam,
3337 1030 3396 1074 ut
3421 1021 3596 1077 sciunt

2005 1105 2386 1176 mysteriorum
2431 1116 2711 1162 consortes
2741 1123 2755 1172 ;
2791 1123 2956 1162 unum
2989 1108 3325 1178 spiritualem
3366 1126 3594 1182 genera-

2007 1197 2167 1252 tionis
2195 1196 2411 1252 modum
2437 1197 2686 1252 omnibus
2714 1197 2932 1267 largitus
2956 1209 3040 1254 est
3070 1217 3084 1255 :
3110 1215 3214 1256 una
3243 1211 3325 1257 est
3347 1203 3598 1260 omnibus

2007 1290 2174 1357 patria
2217 1289 2271 1342 in
2319 1290 2465 1344 emlis
2495 1308 2507 1342 :
2538 1305 2603 1345 ex
2644 1291 2837 1346 eodem
2880 1291 3048 1348 calice
3101 1307 3292 1350 omnes
3337 1295 3595 1352 bibimus.

2005 1378 2145 1433 Nihil
2177 1379 2329 1433 diviti
2362 1380 2478 1450 plus
2508 1389 2599 1434 aut
2643 1381 2965 1450 pretiosius,
3001 1383 3132 1438 nihil
3166 1387 3382 1454 pauperi
3437 1386 3599 1441 vilius

2006 1470 2087 1526 vel
2114 1471 2290 1526 minus
2317 1472 2475 1526 datur
2506 1493 2518 1527 ε
2549 1473 2644 1528 sed
2674 1489 2862 1528 omnes
2883 1489 2947 1529 ex
2976 1491 3132 1546 aequo
3153 1479 3381 1544 vocavit,
3410 1487 3464 1534 et
3481 1496 3599 1535 car-

2005 1563 2142 1618 nalia
2164 1573 2217 1620 et
2237 1564 2529 1634 spiritualia
2555 1565 2832 1636 aequaliter
2857 1566 3089 1622 tradidit.
3119 1567 3268 1624 Unde
3297 1585 3424 1640 ergo
3451 1580 3594 1625 tanta

2006 1655 2060 1709 in
2085 1655 2190 1709 vita
2222 1655 2554 1726 iumqualitas
2579 1656 2602 1710 2
2630 1655 2713 1710 Ex
2742 1657 2966 1712 divitum
2993 1659 3212 1713 avaritia
3241 1670 3293 1714 et
3339 1674 3595 1732 arrogan-

2005 1748 2099 1802 tia.
2130 1746 2236 1801 Sed
2269 1761 2356 1811 ne,
2386 1761 2591 1816 quaeso,
2627 1746 2836 1811 fratres,
2881 1747 2953 1801 ita
2983 1747 3034 1802 in
3068 1757 3338 1817 posterum
3384 1760 3594 1821 agatur,

2004 1838 2382 1894 communibus
2423 1847 2477 1892 et
2507 1837 2675 1908 magis
2720 1837 3038 1893 necessariis
3074 1853 3178 1902 nos
3204 1855 3306 1893 una
3340 1841 3597 1910 copulan-

2006 1930 2146 1985 tibus
2171 1970 2185 1993 ,
2215 1945 2282 1984 ne
2317 1945 2347 1983 a
2377 1931 2606 1984 terrenis
2644 1940 2699 1985 et
2740 1931 2930 1984 vilibus
2961 1931 3122 1986 rebus
3153 1932 3537 2001 distrahemur,
3565 1949 3595 1989 a

2004 2021 2232 2087 divitiis,
2268 2022 2508 2091 inquam,
2556 2030 2610 2077 et
2653 2032 2985 2092 paupertate,
3038 2039 3067 2077 a
3115 2025 3436 2094 cognatione
3475 2041 3597 2082 cor-

2005 2127 2188 2182 porea,
2219 2111 2286 2165 ab
2311 2111 2435 2166 odio
2459 2121 2514 2167 et
2536 2113 2790 2166 amicitia.
2823 2111 2949 2168 Hmc
2979 2114 3176 2185 quippe
3198 2115 3377 2169 omnia
3407 2117 3599 2174 umbra

2003 2215 2149 2273 sunt,
2198 2216 2253 2262 et
2293 2206 2484 2261 umbra
2523 2205 2807 2274 abjectiora
2842 2206 2927 2272 iis,
2961 2207 3052 2277 qui
3097 2223 3328 2277 superna
3372 2209 3597 2268 caritate

2002 2298 2340 2367 colligantur.
2385 2297 2499 2352 lloe
2541 2297 2811 2351 vinculum
2844 2296 3126 2352 infractum
3157 2314 3429 2354 servemus
3462 2318 3478 2354 :
3511 2301 3594 2355 ni-

2003 2386 2186 2458 hilque
2232 2402 2297 2441 ex
2349 2387 2593 2457 malignis
2642 2387 2918 2456 spiritibus
2963 2388 2979 2419 ⁸
3011 2403 3319 2458 «ευττρροτθ
3371 2391 3592 2460 poterit.

2002 2477 2143 2548 quod
2179 2478 2316 2533 hanc
2345 2478 2603 2532 unitatem
2634 2477 2838 2532 dividat
2875 2495 2888 2532 :
2915 2493 3074 2549 quam
3106 2493 3204 2534 nos
3231 2494 3419 2535 omnes
3448 2495 3594 2537 asse-

1999 2571 2089 2640 qui
2135 2569 2430 2639 contingat,
2463 2572 2629 2640 gratia
2682 2577 2737 2624 et
2782 2568 3110 2640 benignitate
3159 2572 3368 2626 Domini
3425 2581 3593 2628 nostri

1999 2659 2126 2716 Jcsu
2157 2659 2378 2726 Christi,
2423 2674 2521 2730 per
2539 2651 2699 2731 quem
2725 2669 2779 2716 et
2806 2675 2927 2716 cunt
2953 2676 3062 2733 quo
3081 2661 3225 2718 Patri
3254 2665 3456 2736 gloria,
3492 2681 3593 2718 una

1999 2765 2122 2808 eum
2148 2759 2335 2808 sancto
2359 2751 2580 2821 Spiritu,
2608 2767 2748 2807 nunc
2769 2761 2823 2807 et
2855 2767 3093 2823 semper,
3115 2764 3169 2809 et
3196 2756 3250 2809 in
3275 2756 3469 2810 smcula
3496 2770 3600 2810 ειυ-

1998 2845 2264 2900 culorum.
2296 2844 2490 2899 Anien.

2055 3015 2071 3047 ¹
2107 3021 2210 3073 Alii
2234 3022 2438 3086 habent,
2461 3020 2783 3086 passioribus,
2817 3035 2924 3086 pro,
2943 3022 3210 3087 spiritibus.

300 3403 3595 3430 W

1679 3513 2029 3575 HOMILIA
2073 3510 2248 3574 XVI.

303 3653 394 3708 19.
431 3652 543 3709 Hoc
573 3655 704 3710 enim
743 3665 817 3710 est
857 3657 1191 3711 testimonium
1216 3656 1458 3722 Joannis,
1490 3658 1693 3728 quando
1739 3659 1891 3713 mise-

375 3755 491 3797 rum
511 3743 579 3797 ad
600 3761 714 3799 euut
742 3743 915 3800 Judaei
932 3762 996 3802 ex
1017 3744 1350 3818 Jerosolymis
1378 3747 1661 3803 sacerdotes
1679 3757 1722 3803 et
1745 3746 1893 3802 Levi-

377 3845 474 3900 tas,
506 3845 559 3890 ut
588 3837 950 3909 interrogarent
977 3855 1132 3893 eum:
1160 3839 1239 3895 Tu
1261 3841 1375 3911 quis
1399 3841 1492 3895 es?

380 3927 431 3981 1.
463 3928 636 3984 Grave
661 3929 930 3998 quidpiam
961 3930 1156 3986 invidia
1187 3940 1288 3995 est,
1318 3933 1510 3989 dilecte
1535 3975 1550 3998 ,
1580 3949 1766 4005 grave.
1801 3935 1889 3988 in-

303 4031 487 4088 quam,
515 4027 571 4072 et
597 4019 958 4088 perniciosum
987 4021 1196 4088 invidis,
1227 4037 1330 4077 non
1369 4024 1433 4078 iis
1457 4023 1650 4092 quibus
1679 4024 1893 4079 invide-

305 4117 412 4162 tur.
446 4107 580 4178 Ipsis
597 4109 738 4164 enim
759 4111 1025 4180 prioribus
1044 4121 1218 4176 nocet,
1244 4115 1387 4183 ipsos
1411 4116 1616 4184 priores
1646 4130 1892 4171 corrum-

205 4254 221 4264 ,
311 4201 414 4270 pit,
443 4207 712 4271 tamquam
749 4201 897 4258 virus
925 4203 1255 4258 mortiferum
1285 4218 1470 4258 eorum
1507 4205 1716 4261 animos
1737 4221 1897 4261 occu-

306 4304 464 4359 pons.
494 4289 549 4345 Si
573 4300 750 4345 autem
795 4291 845 4346 in
882 4293 1127 4363 qquiam
1154 4294 1310 4350 licdat
1335 4309 1430 4349 eos
1455 4295 1646 4365 quibus
1689 4295 1894 4350 invideo

306 4389 397 4434 tur
418 4420 434 4446 ,
468 4380 584 4436 leve
611 4390 666 4438 et
694 4382 886 4437 nullius
913 4385 1165 4440 momenti
1196 4384 1448 4440 damnum
1478 4395 1561 4441 est
1587 4427 1602 4452 ,
1635 4385 1776 4456 quod
1799 4385 1894 4443 da-

303 4487 434 4528 mno
465 4473 637 4543 majus
674 4473 1134 4532 lucrum‘rel’erat.
1166 4475 1348 4547 Neque
1374 4479 1424 4532 in
1451 4477 1648 4534 invidia
1671 4478 1843 4534 solum
1868 4519 1885 4546 ,

303 4562 587 4618 sedetiam
639 4565 691 4618 in
735 4566 947 4621 caeteris
989 4568 1241 4624 onmibns
1279 4569 1459 4636 vitiis,
1491 4587 1596 4625 non
1625 4572 1713 4641 qui
1755 4571 1896 4626 malo

303 4651 556 4718 afﬁcitur,
586 4653 682 4710 sed
705 4658 796 4725 qui
821 4654 1010 4724 afficit,
1038 4657 1082 4713 is
1109 4657 1363 4715 damnum
1381 4661 1591 4729 accipit.
1615 4661 1725 4717 Nisi
1748 4663 1892 4717 enim

306 4757 475 4799 resse
504 4743 574 4798 ita
595 4743 820 4802 haberet
846 4787 864 4814 ,
893 4761 1003 4803 non
1028 4752 1372 4819 prmcepisset
1395 4751 1671 4825 discipulis
1700 4753 1894 4811 Paulus

307 4833 559 4902 injuriam
576 4833 837 4906 accipere,
859 4839 1033 4907 potius
1052 4855 1210 4910 quam
1227 4839 1449 4908 inferre,
1468 4858 1588 4896 cum
1618 4843 1761 4910 dicit,
1794 4846 1898 4900 Cur

307 4940 410 4980 non
444 4925 609 4994 potius
627 4926 868 4997 injuriam
897 4932 1164 5002 accipitis?
1191 4949 1283 4987 cur
1317 4951 1417 4988 non
1461 4937 1621 5007 magis
1659 4937 1893 5006 fraudant

306 5021 541 5089 patimini
556 5020 632 5093 (1.
659 5021 773 5077 Cor.
805 5023 860 5079 6.
891 5023 986 5098 7)?
1016 5025 1273 5080 Accurate
1294 5025 1490 5096 quippe
1524 5038 1763 5093 noverat,
1786 5045 1893 5085 non

307 5112 451 5166 mala
476 5113 777 5184 accipienti,
809 5115 903 5170 sed
932 5116 1070 5170 mala
1100 5114 1348 5172 inferenti
1376 5119 1666 5188 perniciem
1697 5122 1896 5192 ubique

307 5211 550 5273 paratam
589 5218 732 5260 esse.
765 5203 892 5260 [hoc
936 5220 1098 5276 porro
1135 5207 1314 5262 omnia
1345 5219 1563 5280 prepter
1587 5210 1895 5267 Judatoruni

311 5294 534 5349 livorem
582 5294 720 5351 dicta
761 5297 916 5352 nobis
959 5305 1105 5354 sunt.
1150 5297 1286 5353 Nam
1330 5301 1418 5370 qui
1456 5317 1522 5356 ex
1566 5301 1789 5357 urbibus
1827 5304 1894 5361 ad

308 5386 569 5442 Joannem
594 5387 988 5455 conﬂuxerant,
1017 5399 1071 5445 et
1092 5400 1306 5461 peccata
1330 5406 1424 5446 sua
1457 5391 1774 5448 damnantes
1800 5394 1888 5448 ba-

311 5479 496 5550 ptizati
539 5479 773 5545 fuerant,
829 5481 991 5537 iidem
1036 5481 1135 5552 ipsi
1176 5482 1327 5552 quasi
1370 5485 1684 5553 paenitentia
1714 5485 1886 5553 ducti,

311 5573 524 5627 mittunt
552 5575 642 5643 qui
674 5573 1004 5643 interrogent
1033 5588 1154 5628 eum
1179 5615 1195 5639 ,
1220 5571 1299 5626 Tu
1325 5576 1436 5643 quis
1461 5575 1555 5628 es?
1587 5575 1722 5631 Vere
1749 5576 1896 5646 geni~

311 5664 456 5718 mina
486 5665 789 5734 viperarum
821 5705 835 5729 ,
883 5675 1186 5734 serpentes.
1221 5674 1278 5720 et
1305 5666 1348 5719 si
1389 5665 1516 5735 quid
1544 5666 1628 5721 his
1659 5668 1894 5735 gravius.

311 5757 596 5814 Generatio
627 5758 765 5813 mala
795 5799 810 5825 ,
836 5757 1075 5814 adultera
1106 5767 1161 5813 et
1201 5772 1467 5827 perversa,
1499 5768 1775 5829 postquam
1801 5759 1895 5815 ba-

315 5851 502 5919 ptizata
530 5868 614 5921 es,
659 5851 728 5908 de
759 5850 996 5922 Baptista
1028 5849 1254 5921 inquiris
1293 5860 1342 5904 et
1374 5851 1583 5906 curiose
1613 5852 1896 5906 scrutaris?

2005 3656 2210 3730 Ecquid
2243 3655 2342 3712 hac
2363 3655 2588 3710 stultitia
2614 3654 2831 3709 stultius
2854 3652 3054 3710 fuerit?
3080 3655 3363 3722 Quomodo
3390 3659 3596 3716 exiistis

2001 3747 2069 3802 ad
2101 3747 2264 3804 eum?
2307 3745 2580 3818 quomodo
2621 3752 2837 3815 peccata
2877 3746 3107 3801 confessi
3139 3747 3598 3818 estis‘lquomodo

2000 3839 2314 3895 occurristis
2359 3837 2426 3893 ad
2487 3836 2868 3906 baptizanlem,
2910 3836 3181 3906 quomodo
3226 3838 3597 3909 interrogastis

1999 3929 2127 3999 quid
2156 3927 2419 3999 agendum
2461 3927 2642 3983 esset?
2670 3925 2796 3981 Haec
2823 3927 3022 3997 quippe
3067 3927 3247 3980 omnia
3278 3941 3308 3981 ο
3333 3928 3484 3983 vobis
3510 3930 3593 3983 in-

2001 4022 2344 4078 considerate
2377 4021 2512 4076 facta
2546 4027 2690 4085 sunt,
2725 4020 2814 4090 qui
2849 4033 2948 4074 nec
2979 4019 3298 4089 principium
3320 4059 3334 4084 ,
3360 4034 3458 4074 nec
3487 4035 3588 4090 qua

2001 4113 2070 4168 de
2095 4128 2153 4168 re
2177 4120 2444 4184 ageretur,
2493 4110 2886 4182 intelligeretis.
2940 4111 3044 4166 Sed
3078 4111 3208 4165 nihil
3240 4109 3431 4166 horum
3461 4110 3596 4165 dixit

2002 4205 2087 4260 vel
2129 4204 2476 4274 exprobravit
2517 4205 2706 4259 beatus
2754 4201 2995 4259 Joannes
3027 4245 3044 4271 ,
3077 4219 3265 4258 verum
3294 4205 3438 4259 omni
3470 4219 3592 4259 eum

2000 4297 2410 4353 mansuetudine
2439 4297 2730 4367 respondit.
2784 4296 2895 4352 Cur
2921 4307 3098 4352 autem
3144 4297 3212 4350 ita
3243 4312 3303 4352 se
3342 4299 3588 4368 gesserit,

2003 4387 2219 4457 cognitu
2240 4387 2459 4457 dignum
2489 4395 2575 4442 est
2599 4429 2613 4452 ,
2639 4395 2695 4440 ut
2719 4400 2906 4442 eorum
2943 4385 3177 4456 nequitia
3205 4387 3453 4442 omnibus
3480 4403 3593 4442 ma-

2000 4479 2194 4533 nil'esta
2244 4487 2408 4534 esset.
2457 4478 2611 4546 Strpe
2650 4477 2886 4533 Joannes
2931 4477 3072 4547 apud
3111 4477 3328 4534 Judzcos
3380 4479 3596 4536 Christo

2007 4568 2372 4625 testimonium
2417 4569 2711 4641 perhibuit,
2744 4578 2801 4625 et
2843 4585 2963 4625 cum
3002 4570 3296 4640 baptizarct
3336 4586 3446 4639 eos,
3484 4571 3594 4628 l're-

2001 4671 2233 4730 qnentcr
2282 4660 2550 4715 Christum
2595 4662 3051 4717 commemorabat
3089 4662 3404 4733 dicebatque
3437 4683 3450 4718 :
3484 4662 3596 4736 Ego

1999 4752 2204 4821 quidem
2231 4767 2314 4806 vos
2357 4751 2559 4822 baptiso
2589 4755 2641 4805 in
2673 4769 2806 4822 aqua
2835 4771 2853 4806 :
2891 4755 2977 4823 qui
3002 4763 3167 4807 autem
3199 4767 3310 4822 post
3337 4771 3413 4809 me
3444 4761 3594 4825 venit,

2004 4844 2188 4914 [artior
2213 4858 2293 4897 me
2315 4853 2408 4898 est.
2441 4840 2562 4913 Ipse
2599 4838 2684 4896 vos
2714 4844 2986 4915 baptizabit
3023 4845 3075 4898 iu
3117 4844 3316 4915 Spiritu
3349 4860 3524 4904 sancto
3550 4864 3598 4906 et

2000 4936 2119 5006 igne
2161 4935 2372 5006 (Matth.
2414 4936 2469 4990 3.
2507 4933 2612 5007 11).
2643 4932 2722 4988 Illi
2765 4935 2923 5004 igitur
2947 4937 3088 4992 circa
3111 4937 3371 4995 Joannem
3394 4941 3596 5013 aliquid

2003 5025 2296 5080 humanum
2338 5027 2480 5097 passi
2522 5034 2667 5082 sunt.
2713 5025 2892 5080 Mundi
2922 5042 3151 5099 namque
3196 5031 3421 5100 gloriam
3466 5049 3595 5105 spe-

2000 5127 2225 5183 ctantes,
2245 5128 2294 5173 et
2320 5133 2380 5172 ea
2400 5118 2572 5172 solum
2595 5133 2715 5187 qute
2742 5115 2810 5172 ob
2831 5119 3016 5172 oculos
3036 5129 3191 5175 erant
3217 5123 3590 5192 respicientes,

1998 5210 2205 5265 Joanne
2237 5210 2510 5280 indignum
2542 5210 2818 5278 putabant,
2848 5209 2892 5263 si
2921 5207 3136 5266 Christo
3173 5211 3396 5269 inferior
3423 5228 3593 5276 esset.

2001 5303 2158 5358 Multo
2180 5318 2408 5371 namque
2425 5302 2686 5357 Joannem
2713 5303 3162 5359 commendabant
3194 5322 3210 5370 ;
3231 5307 3402 5375 primo
3421 5309 3601 5378 splen.

2004 5397 2104 5452 dor
2151 5397 2401 5467 generis;
2477 5404 2593 5451 erat
2639 5396 2781 5452 enim
2835 5396 3092 5466 principis
3148 5399 3487 5455 sacerdotum
3541 5403 3604 5457 fi-

2005 5489 2110 5544 lius
2139 5488 2214 5560 (a)
2239 5505 2252 5552 ;
2284 5488 2478 5544 deinde
2508 5489 2630 5543 vita:
2657 5489 2941 5557 asperitas,
2976 5486 3329 5544 humanarum
3358 5493 3599 5548 omnium

2002 5600 2180 5638 rerum
2205 5591 2544 5651 contemptus
2580 5599 2592 5636 :
2619 5583 2869 5636 vestitum
2895 5580 3178 5650 siquidem,
3211 5598 3474 5650 mensam,
3499 5585 3602 5639 do-

2064 5675 2140 5735 (a)
2184 5683 2279 5724 Non
2320 5671 2534 5735 defuere
2578 5670 2658 5720 alii
2697 5671 2780 5734 qui
2815 5670 3044 5735 dicerent
3088 5671 3362 5722 Zachariam
3406 5676 3604 5724 Joannis

2003 5731 2452 5806 mptistzcﬁpstrenl
2492 5733 2645 5806 fuisse
2677 5731 2985 5806 sacerdotum
3023 5735 3291 5806 principem
3321 5735 3486 5803 :quod
3529 5745 3600 5786 ta-

2000 5793 2115 5908 rpeio
2138 5800 2186 5845 in
2219 5793 2488 5857 Evangelio
2521 5802 2657 5844 Lucae
2691 5807 2788 5845 non
2825 5793 3145 5858 dicitur,'imo
3175 5793 3470 5846 contrarium
3495 5809 3609 5846 sua-

2001 5871 2061 5909 ιρ
2092 5873 2157 5908 ur.
