4120 6486
597 391 694 442 1(ιό

589 518 753 563 ιιιιιιιι,
788 502 959 570 ipsum
1011 499 1186 553 cibum
1222 491 1643 563 part-ipeudcns,
1679 490 1730 543 in
1773 489 1990 544 deserto
2012 499 2168 542 antea

591 601 835 648 versatus
885 592 1072 644 fuerat.
1126 585 1367 640 Christus
1397 590 1581 638 contra
1609 622 1624 644 ,
1664 581 1748 634 vili
1777 593 1970 650 genere
2016 588 2169 631 natus

593 694 728 748 erat,
763 683 811 737 id
842 681 983 750 quod
1015 682 1111 750 ipsi
1137 694 1280 747 same
1306 679 1387 731 his
1411 677 1583 732 verbis
1601 673 1960 742 objiciebant:
1987 670 2168 724 Nonne

593 777 672 828 hic
699 784 769 828 est
795 771 927 842 fabri
955 770 1131 839 ﬁlius?
1170 785 1337 823 nonne
1374 778 1532 823 mater
1561 769 1668 836 ejus
1694 767 1881 820 dicitur
1902 765 2090 828 Maria,
2119 771 2168 816 et

582 866 763 934 fratres
792 864 899 934 ejus
937 863 1159 916 Jacobus
1185 872 1230 915 et
1253 859 1401 915 loses
1430 847 1642 924 (Matth.
1679 859 1764 913 15.
1793 857 1926 926 55)?
1953 863 2030 913 Ac
2049 872 2167 927 qua:

588 956 867 1011 videbatur
911 956 1026 1023 ejus
1057 970 1178 1009 esse
1225 952 1390 1021 patria
1439 954 1507 1005 ita
1536 952 1899 1020 vituperabilis
1945 960 2078 1016 erat,
2109 960 2167 1005 ut

579 1050 742 1104 etiam
773 1047 1067 1103 Nathanael
1117 1047 1320 1100 diceret
1351 1063 1363 1099 :
1398 1044 1481 1098 Ea:
1527 1044 1754 1100 Nazaret
1781 1054 1940 1117 potest
1969 1044 2166 1112 aliquid

577 1138 696 1193 boni
722 1155 829 1194 esse
846 1139 872 1192 7
890 1138 966 1192 Ad
993 1137 1130 1201 hinc,
1151 1139 1269 1190 vitae
1290 1149 1456 1206 genus
1471 1137 1773 1190 communis
1796 1176 1814 1203 ,
1844 1136 2161 1190 vestimenta

580 1230 834 1301 vulgaria.
877 1227 1058 1299 Neque
1121 1231 1260 1284 enim
1336 1243 1468 1283 zona
1530 1229 1754 1297 pcllieea
1817 1228 2158 1297 cingebatur,

584 1337 754 1391 neque
802 1336 865 1376 ex
899 1321 1018 1390 pilis
1067 1332 1305 1390 paratum
1353 1321 1731 1374 vestimentum
1763 1318 1961 1382 habuit,
1987 1332 2161 1386 neque

589 1413 748 1469 melle
772 1423 825 1468 et
877 1411 1097 1468 locustis
1128 1411 1441 1466 vescebatur
1467 1428 1483 1475 ;
1513 1410 1608 1467 sed
1636 1408 1837 1479 vulgari
1865 1408 2030 1462 victus
2065 1424 2160 1477 ge-

581 1519 709 1560 nere
764 1517 894 1559 usus
923 1544 937 1569 ,
998 1503 1159 1559 etiam
1209 1501 1573 1572 improborum
1625 1500 1898 1555 hominum
1947 1514 2011 1552 ac
2061 1514 2158 1568 pu-

584 1595 915 1650 blieanorum
957 1593 1212 1649 conviviis
1252 1593 1540 1658 intererat,
1583 1601 1639 1646 ut
1679 1591 1796 1646 illos
1837 1592 2152 1648 attnaheret.

574 1685 725 1751 Quod
775 1699 877 1740 non
921 1683 1274 1753 intelligentcs
1327 1681 1523 1744 Judaei,
1579 1683 1676 1752 ipsi
1720 1684 2152 1754 exprobrabant,

576 1784 632 1826 ιιι
684 1775 738 1827 et
796 1774 907 1843 ipse
961 1772 1085 1827 ait:
1147 1772 1288 1827 Venit
1347 1771 1513 1826 Filius
1579 1774 1794 1827 hominis
1841 1775 2156 1828 manducans

570 1874 616 1915 et
666 1864 870 1929 bibens,
911 1873 957 1917 et
1010 1863 1182 1918 dicunt
1216 1879 1235 1919 :
1265 1862 1397 1918 Ecce
1450 1865 1593 1918 homo
1649 1880 1804 1919 rora:
1853 1875 1900 1919 ct
1956 1875 2156 1936 potator

569 1954 690 2016 riui,
727 1955 1110 2025 publicanorum
1138 1965 1184 2009 et
1228 1965 1544 2024 peccatorum
1577 1956 1767 2010 amicus
1798 1955 1817 2028 (
1844 1956 2033 2013 Matth.
2061 1958 2148 2013 Η.

569 2047 636 2101 19
656 2048 694 2115 ).
741 2047 870 2101 Cum
899 2061 1028 2118 ergo
1056 2047 1361 2117 frequenter
1400 2047 1632 2103 Joanucs
1662 2050 1728 2102 ab
1759 2063 1816 2104 se
1843 2048 2058 2105 Jtltiil‘OS
2085 2051 2149 2105 ad

568 2138 842 2193 Christum
875 2140 1127 2205 mitteret,
1157 2140 1244 2208 qui
1275 2138 1550 2194 videbatur
1573 2140 1676 2193 illis
1701 2140 1905 2196 Joanne
1927 2141 2150 2198 inferior

568 2241 726 2292 esse;
758 2243 876 2284 cum
918 2227 1182 2299 pttdel‘aeti
1234 2239 1286 2284 et
1311 2245 1451 2301 a‘gre
1479 2230 1712 2286 ferentes
1739 2232 1960 2288 mallent
1987 2233 2151 2289 Joan-

571 2335 692 2373 nem
722 2320 918 2375 Itabere
947 2320 1222 2376 doctorem
1247 2362 1263 2388 ,
1293 2321 1342 2376 id
1374 2332 1547 2376 tamen
1597 2333 1781 2393 aperte
1809 2323 1993 2382 dicere
2033 2327 2148 2381 ausi

570 2425 674 2464 non
695 2417 851 2476 sunt;
875 2411 968 2465 sed
993 2411 1204 2464 mittunt
1226 2411 1291 2464 ad
1319 2411 1486 2478 illum,
1507 2417 1786 2483 sperantes
1807 2430 1866 2471 se
1885 2431 1979 2485 per
2007 2415 2141 2471 adu-

571 2502 826 2555 lationem
852 2517 1011 2572 posse
1039 2504 1185 2558 illunt
1203 2504 1440 2571 allicere,
1469 2517 1522 2560 ut
1543 2521 1603 2561 se
1629 2507 1972 2564 confiteretur
1989 2507 2144 2564 Chri~

565 2603 727 2646 stunt.
786 2593 900 2648 Non
954 2594 1147 2649 intimae
1201 2598 1360 2651 sortis
1407 2597 1652 2655 homines
1701 2600 1935 2668 mittunt,
1978 2611 2036 2658 ut
2081 2601 2149 2658 ad

568 2683 837 2737 Christum
859 2726 873 2747 ,
900 2699 1021 2739 cum
1049 2685 1243 2740 vellent
1273 2701 1394 2742 eum
1421 2702 1614 2758 capere
1654 2692 1706 2744 in
1730 2703 2012 2758 sermone;
2033 2707 2140 2748 ser-

571 2788 666 2826 vos
711 2775 851 2828 enim
898 2775 1177 2842 miserunt,
1203 2776 1394 2833 deinde
1434 2778 1765 2836 llerodianos
1803 2783 2150 2856 ejusdemque

579 2866 762 2920 farina:
815 2866 1059 2922 homines
1093 2885 1106 2922 :
1139 2868 1223 2922 hic
1261 2879 1439 2924 autem
1469 2871 1774 2928 sacerdotes
1800 2884 1852 2928 et
1904 2874 2146 2944 Levitas;

572 2971 667 3010 nec
690 2956 957 3027 quoslibet
982 2956 1320 3025 sacerdotes,
1344 2959 1439 3014 sed
1463 2960 1528 3016 ab
1552 2960 1900 3035 Jerosolymis
1923 3005 1938 3032 ,
1964 2964 2018 3022 id
2041 2976 2146 3034 est,

574 3047 999 3103 honorabiliores
1021 3049 1219 3119 (neque
1239 3050 1382 3104 enim
1423 3051 1541 3105 sine
1559 3067 1716 3108 causa
1746 3053 1860 3110 hate
1881 3056 2148 3128 signiﬁca-

571 3140 1010 3210 vitevangelista)
1040 3150 1128 3196 :et
1157 3141 1396 3210 mittunt,
1421 3151 1477 3197 ut
1501 3144 1908 3216 interrogarent,
1939 3146 2014 3202 Tu
2036 3151 2150 3220 quis

569 3231 663 3284 es?
691 3228 905 3286 Natales
932 3231 1128 3302 quippe
1157 3231 1275 3302 ejus
1319 3233 1389 3287 ita
1434 3235 1708 3306 conspicui
1751 3245 1924 3305 erant,
1955 3247 2010 3293 ut
2033 3254 2149 3294 om-

545 3337 665 3377 'nes
693 3319 928 3378 dicerent
961 3337 976 3375 :
1008 3321 1132 3389 Quis
1162 3333 1312 3392 putas
1357 3340 1483 3392 puer
1514 3326 1606 3379 iste
1631 3327 1724 3380 erit
1754 3325 1904 3400 (Luc.
1935 3328 1986 3385 l.
2011 3329 2149 3401 66)?

570 3424 626 3468 et
653 3429 748 3484 per
774 3414 951 3469 omnia
992 3425 1244 3469 montana
1289 3418 1402 3469 htnc
1431 3415 1856 3487 divulgabantur.
1887 3418 2148 3476 Rursum-

571 3521 676 3573 que
705 3520 828 3561 cum
857 3507 1004 3562 venit
1029 3507 1095 3560 ad
1147 3505 1457 3571 Jordancm,
1490 3521 1680 3564 omnes
1717 3509 1962 3566 civitates
1990 3510 2152 3567 advo-

573 3599 769 3665 larunt,
810 3606 863 3652 et
911 3610 977 3653 ex
1033 3595 1327 3653 Jerusalem
1379 3599 1628 3670 omnique
1677 3599 1859 3656 Juda-a
1891 3601 2150 3659 Joannem

569 3688 784 3743 adibant
832 3696 890 3744 ut
936 3688 1354 3759 baptizareutur.
1400 3691 1462 3745 lli
1503 3692 1679 3762 itaque
1724 3710 1865 3750 nunc
1921 3695 2154 3753 interro-

572 3791 718 3850 gant,
749 3797 854 3836 non
882 3781 1022 3855 quod
1051 3782 1294 3852 ignorent
1329 3783 1346 3851 (
1377 3784 1643 3852 quomodo
1678 3786 1818 3839 enim
1846 3785 2154 3856 ignorarent

572 3886 694 3924 eum
723 3873 810 3940 qui
844 3880 920 3929 tot
949 3872 1123 3928 modis
1145 3872 1457 3930 manifestus
1489 3874 1706 3946 erati),
1729 3876 1822 3932 sed
1855 3885 1910 3932 ut
1935 3891 2059 3934 eum
2085 3880 2152 3936 ad

574 3963 647 4025 id,
675 3962 815 4033 quod
830 3978 990 4037 supra
1018 3963 1151 4030 dixi,
1184 3963 1514 4021 inducerent.

643 4053 699 4107 2.
738 4053 872 4107 Audi
901 4069 1027 4124 ergo
1054 4053 1321 4124 quomodo
1361 4054 1545 4112 beatus
1583 4057 1669 4113 hic
1710 4058 1776 4114 ad
1809 4059 2151 4134 interrogan-

577 4144 706 4199 tium
737 4153 993 4214 mentem,
1021 4162 1125 4201 non
1151 4146 1218 4202 ad
1251 4148 1415 4215 ipsam
1441 4150 1907 4220 interrogationem
1930 4171 2154 4228 respon-

575 4237 716 4293 deat.
743 4237 1042 4293 Diceutibus
1060 4239 1223 4306 enim,
1259 4237 1334 4292 Tu
1355 4241 1466 4310 quis
1481 4257 1532 4294 es
1549 4241 1575 4294 Σ)
1610 4257 1715 4297 non
1743 4245 2014 4314 respondit
2040 4257 2153 4305 sta-

579 4327 739 4381 timid
759 4327 898 4397 quod
924 4336 1065 4382 recte
1088 4327 1511 4397 respondendum
1529 4340 1666 4398 erat,
1689 4331 1798 4402 Ego
1821 4350 1916 4389 eoa:
1929 4336 2156 4392 claman-

577 4418 641 4472 tis
670 4419 721 4470 in
747 4417 939 4472 deserto
967 4416 1145 4491 (Joau.
1180 4419 1230 4474 l.
1258 4417 1350 4488 25)
1370 4461 1383 4484 ,
1417 4424 1511 4476 sed
1535 4421 1697 4491 quid?
1722 4423 1776 4478 Id
1805 4427 1945 4496 quod
1971 4427 2042 4482 illi
2065 4443 2155 4483 ευ-

577 4505 917 4577 spicabantur
955 4507 1169 4562 amovit.
1214 4507 1345 4563 Nam
1391 4509 1764 4580 interrogatus,
1794 4512 1872 4568 Tu
1917 4517 2030 4585 quis
2065 4519 2154 4574 es?

579 4598 767 4667 inquit,
798 4597 885 4653 20.
920 4595 1189 4668 Confessus
1217 4609 1312 4667 est,
1337 4606 1387 4654 et
1413 4616 1513 4654 non
1541 4603 1736 4672 negavit
1763 4619 1784 4668 ,°
1817 4615 1864 4659 et
1893 4608 2153 4676 confessus

579 4699 673 4756 est,
703 4691 821 4759 quia
865 4707 963 4744 non
991 4706 1102 4745 sum
1127 4705 1217 4761 ego
1245 4687 1491 4746 Christus.
1535 4691 1599 4747 Et
1643 4694 1765 4750 vide
1809 4698 2153 4769 evangelistzn

583 4783 912 4848 sapientiam.
945 4781 1050 4834 'l‘er
1077 4780 1302 4849 idipsum
1332 4780 1492 4848 dicit,
1526 4792 1584 4837 ut
1612 4793 1668 4838 et
1696 4786 1947 4856 Baptista:
1986 4791 2154 4844 virtu-

582 4879 687 4927 tctn
713 4911 727 4934 ,
758 4879 810 4927 ct
846 4871 1132 4939 nequitiam
1163 4872 1525 4942 insaniamque
1562 4876 1771 4932 illorum
1803 4879 2154 4939 demonstret.

578 4963 748 5020 Lucas
775 4979 900 5019 vero
922 4964 1066 5031 dicit,
1088 4965 1226 5034 quod
1254 4981 1374 5022 cum
1400 4967 1566 5024 turbae
1588 4971 1982 5041 suspicarentur
2009 4976 2155 5033 illum

580 5073 699 5113 esse
728 5056 1036 5124 Christum,
1069 5058 1181 5127 ipse
1230 5057 1365 5113 hanc
1418 5063 1678 5118 amoverit
1728 5066 2086 5135 suspicionem
2112 5069 2152 5126 ¹.

583 5147 694 5203 lloe
724 5147 855 5217 frugi
895 5149 1034 5204 servi
1073 5148 1306 5205 officium
1351 5160 1469 5217 est,
1502 5167 1604 5208 non
1646 5155 1804 5212 modo
1837 5158 2044 5214 Domini
2073 5162 2156 5217 sui

579 5242 804 5313 gloriam
835 5257 940 5296 non
978 5244 1249 5310 abripere,
1281 5244 1374 5299 sed
1404 5246 1564 5302 etiam
1593 5247 1826 5305 oblatam
1853 5267 1882 5305 a
1916 5253 2156 5310 multitu-

579 5334 703 5388 dine
726 5332 1018 5404 depellere.
1053 5334 1241 5390 Verum
1273 5337 1438 5391 turba»,
1465 5355 1530 5394 ex
1556 5340 1894 5412 simplicitate
1923 5356 1978 5401 et
2004 5347 2156 5418 igno-

580 5425 748 5478 rantia
779 5426 828 5480 in
863 5424 998 5482 hanc
1041 5441 1232 5481 venere
1261 5431 1613 5501 suspicionem
1648 5451 1662 5488 :
1695 5434 1748 5490 bi
1789 5446 1967 5494 autem
1994 5443 2153 5509 malo,

795 5561 933 5636 savii.
983 5571 1047 5636 ct,
1076 5569 1215 5622 ttss.;
1242 5565 1289 5612 in
1317 5564 1477 5636 Morel.
1503 5576 1664 5636 autem
1687 5570 1757 5621 sic
1780 5569 1962 5636 legitur
1990 5588 2001 5624 :
2026 5574 2156 5627 Idem

586 5621 750 5691 uidere
774 5632 842 5673 est
865 5629 992 5691 apud
1029 5621 1219 5691 huram,
1246 5625 1326 5691 qui
1360 5625 1541 5678 inducit
1577 5638 1808 5683 Joannem
1831 5621 2158 5691 infamati;

584 5685 810 5761 amanter
831 5698 883 5761 se
906 5687 1144 5761 agitabant
1167 5687 1209 5736 si
1233 5689 1355 5746 forte
1375 5697 1493 5739 esset
1515 5691 1748 5761 Christus,
1763 5714 1781 5740 α
1806 5698 1935 5746 Venit
1960 5699 2039 5760 qui
2063 5685 2159 5761 fni-2

716 5759 793 5823 me
811 5755 898 5807 est,
925 5766 946 5794 ι
975 5754 1018 5800 et
1057 5762 1140 5811 per
1163 5763 1218 5798 τα
1242 5762 1351 5810 qua:
1389 5753 1637 5814 respondet
1650 5791 1665 5819 ,
1691 5747 1815 5808 hanc
1839 5747 2158 5823 διιδμῆὼάεω

582 5817 888 5858 ιυηυιγψιιίιι.

1334 378 1389 435 S.
1429 373 1703 433 JOANNIS
1740 369 2203 429 CIIRYSOSTUMI
2247 368 2560 426 AllClllEP.
2603 369 3132 428 CONSTA'NTINOI‘.

3767 375 3874 430 {05

2283 495 2340 539 ut
2367 485 2496 550 dixi,
2524 486 2702 540 animo
2731 486 3134 556 interrogabant
3166 502 3304 555 tum,
3339 496 3615 557 sperantes
3645 502 3702 544 se
3734 488 3874 542 adu-

2283 575 2478 633 latione
2525 579 2574 631 id
2623 577 2762 647 quod
2821 579 3072 647 optabant
3121 590 3544 649 consequuturos
3587 595 3726 635 esse.
3758 580 3821 634 Ni
3859 582 3872 634 i

2280 671 2421 724 enim
2463 671 2561 724 hoc
2588 679 2927 740 sperassent,
2959 686 3064 726 nou
3105 673 3282 726 Statim
3312 672 3379 726 ad
3408 673 3565 728 aliam
3595 674 3870 726 ι’ριιὶεενιιι

2279 761 2775 831 interrogationem,
2808 762 2903 817 sed
2949 762 3204 833 indignati
3240 762 3381 833 quod
3425 763 3490 818 ad
3534 765 3870 834 prepositntn

2277 868 2383 908 non
2416 853 2814 924 respondisset,
2847 855 3104 910 dixissent
3135 872 3148 910 :
3178 855 3311 909 Nunt
3341 856 3440 911 hoc
3479 856 3729 926 suSpieati
3771 870 3869 910 su-

2276 946 2427 1002 mus?
2455 962 2577 1000 num
2612 946 2712 1000 hoc
2740 957 3106 1017 percontatum
3136 949 3376 1004 venimus
3401 949 3423 1002 ?
3448 949 3551 1004 Sed
3591 952 3741 1019 quasi
3775 965 3870 1003 ca-

2275 1038 2346 1108 pti
2390 1053 2453 1092 ac
2494 1037 2812 1106 deprehensi
2835 1038 2900 1093 ad
2925 1039 3083 1092 aliam
3111 1040 3328 1094 veniunt
3355 1040 3825 1110 interrogationem
3854 1059 3867 1096 :

2271 1130 2360 1184 21.
2405 1131 2537 1196 Quid
2567 1131 2727 1202 ergo?
2758 1130 2898 1184 Elius
2926 1148 2976 1186 es
3007 1133 3100 1185 tu?
3129 1131 3194 1186 Et
3225 1133 3521 1201 respondit,
3554 1130 3673 1186 Non
3725 1150 3862 1186 smn.

2269 1219 2400 1274 Nam
2428 1229 2483 1275 et
2507 1220 2645 1276 hune
2676 1231 2954 1276 venturum
2977 1237 3099 1277 esse
3129 1222 3433 1292 Sperabam,
3461 1232 3514 1276 ut
3533 1234 3584 1277 et
3613 1223 3860 1278 Christus

2267 1311 2360 1366 ait.
2410 1311 2541 1366 Nam
2592 1312 3040 1382 interrogantibus
3085 1314 3405 1384 discipulis:
3441 1315 3706 1381 Quomodo
3738 1332 3860 1385 ergo

2264 1402 2441 1456 scribae
2469 1403 2679 1472 dicunt,
2722 1406 2858 1475 quod
2898 1416 3123 1476 oporteat
3171 1405 3340 1459 Etiam
3389 1408 3605 1475 primum
3649 1407 3864 1462 venire?

2265 1493 2377 1561 ipse
2403 1494 2675 1562 respondit
2699 1513 2712 1549 :
2747 1495 2893 1550 Elius
2915 1499 3116 1565 quidem
3142 1499 3316 1560 veniet,
3344 1509 3390 1551 et
3432 1500 3656 1552 restituet
3687 1501 3861 1554 omnia

2265 1583 2476 1652 (Matth.
2499 1585 2674 1642 ’ΠΛΟ
2697 1584 2736 1657 ).
2761 1587 2958 1641 Deinde
2985 1589 3311 1659 interregaut
3343 1607 3356 1642 :
3396 1587 3650 1657 Propheta
3677 1608 3728 1643 es
3761 1591 3856 1644 tu?

2263 1676 2329 1731 Et
2358 1679 2618 1747 respondit
2640 1720 2654 1745 ,
2686 1678 2826 1733 Non.
2857 1680 2923 1734 Et
2951 1690 3125 1736 tamen
3152 1681 3406 1752 propheta
3432 1691 3566 1736 erat.
3594 1680 3704 1737 Cur
3727 1698 3858 1752 ergo

2263 1767 2312 1822 id
2355 1770 2550 1840 negat?
2590 1769 2795 1826 Rursus
2832 1773 3270 1842 interrogandum
3327 1783 3559 1828 mentem
3611 1775 3852 1843 respicit.

2258 1859 2554 1928 Sperabam
2583 1861 2724 1916 enim
2749 1862 3060 1933 pr0pltetam
3083 1864 3365 1934 quemdam
3387 1866 3641 1920 eximium
3665 1878 3854 1920 ventu-

2259 1967 2376 2006 rum
2403 1967 2541 2017 esse,
2565 1954 2704 2024 quod
2729 1951 2944 2026 Moyses
2963 1955 3217 2010 dixisset:
3244 1954 3551 2024 Prop/telam
3584 1958 3722 2012 vobis
3741 1975 3848 2013 sus.

2255 2044 2422 2098 citabit
2459 2043 2704 2100 Dominus
2752 2047 2885 2100 Deus
2925 2063 2988 2100 ea:
3033 2048 3271 2116 fratribus
3308 2049 3500 2114 vestris,
3535 2049 3662 2102 sicut
3723 2066 3801 2103 me
3830 2066 3850 2105 .'

2256 2137 2420 2206 ipsum
2446 2139 2616 2192 audite
2645 2137 2822 2210 (Deut.
2857 2139 2939 2194 18.
2968 2137 3076 2211 iii).
3111 2139 3205 2193 llic
3230 2151 3407 2194 autem
3439 2151 3553 2194 crat
3578 2141 3847 2196 Christus.

2255 2225 2377 2282 Ideo
2408 2245 2511 2284 non
2540 2229 2742 2295 dicunt,
2762 2229 3022 2300 Pr0phcta
3045 2246 3103 2285 es
3132 2239 3184 2286 tu
3204 2232 3227 2284 ’ἒ
3247 2233 3325 2300 (α)
3353 2231 3437 2303 [ex
3471 2249 3690 2288 numero
3722 2249 3851 2304 pro-

2255 2317 2572 2388 phetarum;
2633 2320 2728 2377 sed
2765 2338 2884 2378 cum
2933 2323 3156 2377 articulo
3190 2345 3203 2377 :
3238 2323 3502 2394 Propheta
3533 2327 3620 2379 ille
3648 2340 3706 2381 es
3747 2325 3849 2397 tu],

2255 2408 2396 2478 quia
2425 2409 2607 2480 Moyse
2639 2413 3024 2480 praenuntiatus
3062 2413 3190 2468 est?
3217 2414 3418 2470 Idcirco
3463 2416 3674 2485 negavit
3716 2418 3804 2471 ille
3827 2459 3844 2483 ,

2255 2513 2360 2553 non
2408 2513 2468 2554 se
2513 2499 2824 2569 prophetam
2865 2517 2985 2559 esse
3010 2545 3023 2570 ,
3058 2504 3151 2560 sed
3201 2504 3351 2559 illum
3385 2505 3718 2576 praphetam.
3751 2506 3844 2560 22.

2253 2586 2506 2644 Dixerunt
2545 2605 2663 2661 ergo
2693 2591 2779 2646 ei:
2814 2592 2940 2659 Quis
2989 2596 3088 2650 es?
3130 2605 3185 2650 ut
3213 2612 3507 2666 responsum
3557 2597 3731 2652 demus
3780 2599 3845 2652 iis

2252 2680 2339 2749 qui
2368 2679 2616 2734 miserunt
2659 2696 2769 2735 nos.
2803 2680 2940 2748 Quid
2982 2684 3107 2739 dicis
3158 2686 3219 2740 de
3265 2687 3470 2757 teipso?
3503 2686 3686 2742 Viden’
3727 2689 3849 2743 illcs

2253 2772 2467 2843 quidem
2500 2774 2763 2828 instantes
2792 2783 2844 2829 et
2875 2775 3279 2848 interrogantes,
3302 2794 3472 2848 neque
3502 2779 3847 2845 desistentes;

2254 2861 2401 2918 illttm
2431 2877 2561 2920 vero
2588 2863 2865 2922 moderate
2905 2867 3052 2935 prius
3095 2869 3314 2923 remotis
3353 2869 3501 2925 falsis
3528 2871 3850 2940 suSpieioni—

2253 2953 2374 3024 bus,
2402 2970 2582 3010 veram
2610 2959 2929 3013 sententiam
2951 2967 3294 3015 statuentem.
3323 2960 3454 3015 Nam
3479 2963 3552 3016 ait
3579 2980 3593 3016 :
3622 2961 3712 3018 23.
3738 2963 3850 3034 Ege

2253 3060 2351 3099 eoa:
2393 3045 2659 3102 clamantis
2706 3049 2759 3102 in
2805 3049 3038 3114 deserto;
3067 3062 3245 3120 parate
3283 3052 3414 3105 viam
3462 3051 3688 3120 Domini,
3717 3055 3850 3108 sicut

2254 3135 2383 3190 diuit
2405 3135 2573 3192 Isaias
2601 3140 2865 3210 propheta.
2884 3141 3017 3210 Quia
3045 3143 3186 3196 enim
3218 3159 3464 3215 maguum
3497 3156 3546 3202 et
3571 3147 3846 3203 excelsum

2252 3225 2520 3296 quidpiam
2549 3226 2617 3283 de
2638 3228 2851 3285 Christo
2880 3229 3129 3301 loquutus
3149 3243 3250 3299 est,
3286 3234 3494 3292 illort'tm
3519 3251 3577 3293 se
3605 3238 3847 3308 Opinioni

2251 3325 2634 3388 attemperans,
2658 3319 2724 3375 ad
2746 3321 3060 3391 prOphetam
3089 3325 3266 3381 statim
3291 3326 3548 3399 confugit,
3581 3328 3704 3386 hinc
3727 3346 3850 3387 ver-

2254 3408 2336 3463 bis
2360 3409 2472 3465 suis
2503 3409 2660 3466 iidem
2693 3413 3006 3470 concilians.
3038 3414 3127 3471 24.
3164 3415 3229 3471 Et
3253 3420 3338 3487 qui
3355 3420 3492 3473 missi
3517 3423 3740 3491 fuerant,
3768 3422 3849 3478 itt-

2252 3500 2387 3570 quit,
2419 3508 2563 3558 erant
2591 3519 2655 3558 ea:
2681 3501 2960 3561 Pharisaeis
2986 3521 3006 3561 :
3031 3506 3123 3564 25.
3145 3517 3192 3563 et
3236 3509 3676 3584 interrogaverunt
3705 3532 3848 3580 eum,

2253 3601 2299 3646 et
2349 3593 2582 3648 dixerunt
2606 3595 2651 3649 ei
2682 3610 2701 3649 :
2730 3595 2869 3664 Quid
2897 3614 3013 3670 ergo
3041 3598 3302 3669 baptisas,
3330 3602 3374 3656 si
3404 3612 3456 3656 tu
3488 3621 3589 3659 non
3617 3623 3672 3661 es
3698 3606 3849 3661 Chri.

2253 3694 2394 3752 stus,
2424 3701 2582 3754 neque
2633 3684 2799 3752 Elius,
2826 3704 2985 3758 neque
3032 3692 3324 3762 prapheta?
3363 3692 3551 3749 \‘iden’
3599 3711 3685 3751 me
3738 3712 3848 3753 non

2259 3783 2459 3832 temere
2487 3777 2709 3845 dixisse,
2741 3779 2888 3850 ipsos
2917 3796 2984 3837 eo
3014 3781 3263 3840 inducere
3288 3784 3435 3841 illum
3465 3788 3698 3846 voluisse
3725 3790 3748 3844 τ
3779 3792 3849 3848 Et

2257 3865 2408 3922 initio
2433 3867 2644 3938 quidem
2677 3869 2729 3924 id
2761 3887 2868 3926 non
2896 3872 3165 3940 dicebam,
3196 3891 3263 3932 ne
3287 3877 3356 3930 ab
3384 3880 3631 3935 omnibus
3661 3882 3848 3952 depre-

2258 3956 2636 4014 henderentur.
2667 3961 2868 4018 Deinde
2909 3964 3032 4034 quia
3083 3965 3248 4032 dixit,
3284 3967 3404 4023 Non
3450 3987 3562 4027 sunt
3591 3971 3847 4043 Christus,

2256 4066 2466 4106 rursum
2518 4051 2591 4107 illi
2622 4062 2680 4108 ut
2720 4071 2782 4110 ea
2825 4072 2945 4126 qua:
2985 4058 3128 4115 intus
3157 4061 3601 4122 machinabantur
3628 4068 3851 4140 obtege-

2257 4153 2397 4212 rent,
2425 4145 2492 4201 ad
2538 4147 2708 4202 Eliam
2742 4150 3000 4216 veniunt,
3027 4161 3083 4206 et
3131 4154 3198 4208 ad
3250 4156 3587 4226 prophetam.
3621 4159 3694 4215 Ut
3720 4176 3852 4218 vero

2257 4235 2410 4302 dixit,
2441 4251 2499 4292 se
2527 4247 2772 4293 neutrum
2794 4255 2980 4296 eorum
3006 4257 3149 4309 esse,
3177 4245 3322 4301 dubii
3353 4248 3568 4304 demum
3598 4261 3650 4307 et
3673 4254 3848 4323 posita

2260 4327 2424 4395 larva,
2455 4337 2636 4398 aperte
2681 4331 2919 4389 dolosam
2947 4351 3098 4391 suam
3129 4348 3360 4395 mentem
3386 4341 3636 4414 detegunt
3663 4346 3850 4404 dicen-

2261 4430 2339 4476 tes
2371 4441 2384 4478 :
2414 4421 2549 4492 Quid
2573 4440 2691 4495 ergo
2717 4425 2962 4495 baptizas,
2994 4429 3039 4483 si
3059 4438 3114 4483 tu
3141 4447 3242 4486 non
3262 4449 3316 4487 es
3341 4431 3568 4490 Christus
3589 4438 3615 4492 .’
3642 4438 3850 4497 Deinde

2257 4527 2466 4567 rursum
2492 4512 2719 4570 obscure
2747 4515 3044 4584 loquentes,
3063 4520 3197 4576 alios
3219 4522 3440 4591 addunt,
3462 4525 3629 4582 Elian:
3653 4544 3850 4601 nempe

2255 4613 2309 4658 et
2341 4603 2670 4674 prophetam.
2700 4606 2833 4672 Quia
2873 4609 3016 4664 enim
3051 4609 3354 4670 adulatione
3383 4615 3554 4685 ipsum
3587 4621 3847 4690 supplau-

2259 4702 2370 4749 tare
2399 4711 2505 4749 non
2531 4705 2815 4764 potuerant
2837 4739 2852 4765 ,
2883 4713 3166 4770 sperarunt
3212 4719 3272 4760 se
3316 4709 3657 4767 accusatione
3688 4729 3850 4784 posse

2260 4785 2405 4839 illum
2437 4801 2629 4857 cogere
2667 4789 2732 4844 ad
2768 4789 2818 4845 id
2863 4791 2930 4847 de
2971 4808 3030 4849 se
3071 4796 3459 4867 conﬁtendum,
3490 4803 3630 4873 quod
3661 4821 3847 4862 verum

2261 4888 2363 4930 non
2391 4885 2533 4932 esset
2561 4895 2574 4932 :
2601 4887 2655 4934 at
2694 4896 2798 4935 non
2835 4893 3143 4952 potuerunt.
3175 4889 3219 4944 0
3262 4894 3590 4949 amentiam!
3622 4911 3656 4950 ο
3697 4911 3851 4954 arro-

2258 4969 2490 5038 gantiam
2534 4979 2590 5025 et
2640 4972 3071 5044 intempestivam
3102 4982 3464 5040 curiositatem
3495 4987 3510 5041 i
3537 4987 3682 5043 Missi
3715 4991 3851 5046 estis

2261 5069 2316 5115 ut
2363 5060 2646 5120 disoeretis
2688 5064 2756 5121 ab
2785 5082 2870 5134 eo,
2906 5069 3026 5139 quis
3054 5079 3107 5125 et
3147 5075 3286 5129 unde
3315 5087 3459 5132 esset
3504 5077 3654 5149 ipse;
3689 5097 3850 5137 num-

2258 5154 2383 5224 quid
2431 5155 2573 5228 leges
2620 5158 2718 5228 ipsi
2768 5164 3303 5231 prtescribetis‘tlloc
3349 5173 3491 5227 enim
3540 5177 3849 5246 cogentium

2260 5255 2372 5300 erat
2395 5289 2410 5314 ,
2443 5257 2499 5302 ut
2527 5263 2586 5304 se
2628 5249 2897 5308 Christum
2930 5270 3048 5311 esse
3077 5260 3440 5320 conﬁteretur.
3472 5265 3717 5323 Attamen
3752 5285 3850 5327 ne-

2259 5354 2364 5407 que
2389 5356 2529 5395 nunc
2557 5340 2877 5412 indignatur,
2907 5363 3080 5418 neque
3108 5362 3162 5405 ut
3190 5367 3284 5422 par
3304 5369 3425 5410 esse
3451 5356 3730 5414 videbatur
3753 5361 3853 5416 ali-

2260 5429 2382 5500 quid
2409 5433 2608 5499 profert
2635 5432 2809 5490 simile
2839 5453 2854 5490 :
2885 5439 2964 5492 An
2998 5455 3091 5495 vos
3136 5442 3262 5498 mihi
3293 5448 3578 5517 praecipitis
3598 5491 3612 5513 ,
3649 5450 3850 5522 legem-

2260 5533 2363 5589 que
2417 5523 2689 5577 statuitis?
2755 5541 2940 5583 verum
3004 5534 3223 5588 multum
3275 5553 3486 5592 rursum
3535 5540 3853 5601 modestiam

2263 5611 2492 5668 exhibet.
2518 5614 2648 5669 Nam
2678 5617 2750 5671 ait
2799 5635 2812 5673 :
2857 5621 2946 5676 9.6.
2983 5621 3094 5693 Ego
3124 5627 3322 5693 quidem
3350 5631 3548 5701 baptizo
3577 5631 3628 5686 in
3670 5652 3841 5705 aqua:

2272 5769 2761 5884 [attollitis
2782 5773 3096 5841 t‘iatltilllltlll’.
3127 5782 3259 5847 lapsu
3285 5790 3627 5853 l}'t-t.tut‘aphit.'o
3660 5791 3855 5844 deside-
