4120 6494
245 438 340 493 I05

241 555 424 608 medius
452 560 628 604 autem
663 560 882 605 rostrum
911 555 1028 613 stat,
1060 561 1202 615 quem
1249 559 1332 596 eos
1371 541 1592 594 nescitis.
1622 537 1712 591 27.
1752 531 1849 588 Hic

239 645 410 716 estqui
444 656 563 715 post
595 661 679 698 me
705 651 948 697 venturus
970 649 1060 703 cst,
1093 637 1177 709 qui
1200 646 1318 690 ante
1351 651 1430 688 me
1449 637 1614 704 factus
1638 640 1731 694 est,
1759 645 1852 681 cu-

237 740 314 810 jus
343 753 443 791 non
471 753 592 790 sum
621 737 814 807 dignus
836 741 892 787 ut
914 733 1105 785 soleam
1130 729 1396 798 corrigiam
1425 724 1773 781 calceamenti.

307 833 360 882 ὅ.
393 830 618 884 Judwos
642 827 984 884 testimonium
1003 822 1218 877 Joannis
1239 820 1301 874 Β.
1338 819 1667 891 postulantes,
1700 832 1847 870 suam

240 920 337 989 ipsi
355 921 747 973 accusationem
780 912 1118 986 postularunt.
1148 941 1220 951 —
1258 909 1396 976 Quid
1441 908 1524 978 his
1574 920 1846 976 opponere

243 1019 463 1079 possunt
487 1009 713 1065 Juda-i?
735 1006 935 1062 Contra
962 1003 1096 1058 hanc
1126 999 1524 1056 accusationem
1555 1013 1622 1054 ne
1651 997 1846 1052 mutire

241 1101 455 1170 quidem
485 1108 743 1170 possunt,
786 1095 1059 1151 damnatio
1081 1093 1222 1148 nulla
1246 1091 1398 1147 venia
1417 1091 1591 1146 averti
1625 1096 1802 1158 potest
1826 1129 1842 1153 ,

243 1192 336 1260 ipsi
392 1200 591 1247 contra
645 1190 850 1258 seipsos
897 1186 1214 1241 sententiam
1259 1183 1510 1238 tulerunt.
1565 1177 1846 1247 Quomodo

241 1293 290 1336 ιιι
311 1299 412 1353 qua
441 1284 662 1338 ratione
687 1283 710 1334 'I
742 1280 870 1336 Fide
888 1280 1107 1351 dignum
1138 1277 1395 1348 putabant
1415 1291 1536 1331 esse
1557 1274 1841 1340 Joannem,

241 1382 293 1428 et
319 1374 388 1426 ita
421 1386 702 1434 veracem,
737 1379 793 1425 ut
821 1385 925 1425 non
967 1367 1128 1425 modo
1155 1383 1279 1423 cum
1299 1367 1367 1422 de
1388 1367 1531 1431 aliis,
1558 1364 1652 1421 sed
1679 1364 1841 1419 etiam

239 1479 356 1518 cum
386 1465 457 1519 de
489 1465 680 1536 seipso
707 1463 1108 1526 testificaretur,
1139 1459 1442 1518 credendus
1470 1467 1635 1515 esset.
1659 1457 1843 1527 Neque

237 1555 400 1623 enim,
433 1555 540 1611 nisi
573 1571 638 1610 ea
661 1555 881 1610 fuissent
907 1555 1180 1626 opiniOne,
1208 1553 1482 1608 misissent
1504 1551 1591 1621 qui
1616 1550 1844 1604 interro-

238 1656 426 1714 gerent
479 1648 638 1702 illum
670 1646 737 1702 de
773 1647 971 1716 seipse.
1004 1647 1165 1703 Scitis
1201 1648 1342 1702 enim
1373 1660 1471 1702 nos
1503 1646 1608 1700 illis
1636 1651 1841 1698 tantum

237 1736 301 1792 de
320 1738 519 1808 seipsis
544 1737 892 1809 loquentibus
917 1737 1160 1804 credere,
1191 1751 1325 1808 quos
1344 1736 1582 1792 omnium
1605 1734 1841 1789 veracis-

237 1832 399 1882 simos
433 1843 564 1884 esse
615 1840 884 1899 putamus.
929 1827 1114 1899 Neque
1160 1827 1289 1883 illud
1341 1837 1545 1882 tantum
1603 1825 1839 1895 ipsorum

237 1920 468 1975 obstruit
491 1935 618 1988 ora,
649 1920 746 1975 sed
798 1920 1010 1975 animus
1057 1935 1274 1990 quoque
1317 1933 1424 1990 quo
1465 1917 1612 1972 illum
1665 1915 1837 1970 adorti

237 2020 376 2066 sunt.
400 2012 545 2067 Cum
580 2011 889 2067 vehementi
921 2026 1150 2081 namque
1169 2010 1345 2064 studio
1372 2009 1544 2080 ipsum
1567 2008 1835 2075 adierunt,

237 2103 355 2159 licet
377 2115 572 2175 postea
607 2105 794 2159 mutati
831 2105 964 2160 sint.
1021 2105 1150 2172 Qum
1173 2103 1330 2159 ambo
1357 2102 1662 2174 significans
1685 2100 1839 2155 Chri-

241 2205 349 2250 stus
374 2197 598 2252 diccbat
625 2214 639 2251 :
669 2195 771 2251 Ille
795 2206 900 2250 erat
923 2196 1130 2250 lucerna
1153 2196 1338 2249 ardens
1361 2236 1378 2262 ,
1424 2205 1472 2249 et
1502 2211 1587 2248 vos
1614 2194 1838 2247 voluistis

234 2289 298 2341 ad
335 2289 520 2342 horam
563 2289 818 2344 exsultare
845 2291 898 2344 iu
946 2291 1056 2362 ejus
1100 2289 1211 2344 luce
1255 2289 1451 2361 (Joan.
1485 2291 1537 2345 5.
1569 2289 1637 2344 55
1682 2288 1724 2360 ).
1771 2288 1837 2343 Et

234 2382 516 2450 responsio
556 2382 676 2452 ejus
724 2382 881 2436 [idem
932 2382 1030 2451 ipsi
1062 2382 1384 2437 conciliabat
1411 2383 1689 2452 majorem.
1735 2382 1835 2448 Qui

233 2472 359 2525 enim
383 2489 488 2527 non
509 2474 696 2546 quterit
725 2473 940 2544 gloriam
962 2489 1140 2540 suam,
1171 2474 1361 2544 inquit,
1389 2490 1543 2529 verax
1565 2484 1658 2536 est,
1681 2485 1727 2528 et
1751 2475 1833 2528 in-

233 2563 422 2631 iustitia
445 2566 499 2618 in
533 2566 628 2619 illo
659 2581 758 2619 non
786 2575 856 2619 est
887 2564 906 2637 (
935 2563 1074 2619 Ibid.
1122 2567 1176 2622 7.
1211 2566 1278 2622 18
1301 2566 1340 2636 ).
1397 2566 1494 2621 llic
1543 2580 1674 2621 vero
1725 2582 1831 2621 non

232 2655 498 2722 quzcsivit,
532 2656 630 2710 sed
660 2656 727 2711 ad
753 2657 916 2711 alium
952 2657 1097 2727 ipsos
1119 2658 1281 2713 misit.
1316 2658 1382 2713 Et
1413 2659 1500 2728 qui
1534 2659 1679 2712 missi
1707 2657 1825 2712 fue-

235 2753 346 2798 rant
371 2761 437 2800 ex
475 2745 586 2801 fide
615 2746 947 2817 dignioribus
975 2748 1114 2818 apud
1149 2750 1292 2819 ipsos
1338 2759 1393 2804 et
1438 2765 1502 2804 ex
1561 2749 1832 2820 primariis

234 2833 352 2889 viris
373 2846 556 2902 erant,
577 2846 633 2892 ut
662 2838 806 2893 nulla
847 2839 974 2908 ipsis
1000 2841 1598 2909 superessetexcusatio
1627 2850 1714 2894 aut
1743 2857 1832 2896 ve-

236 2927 315 2979 nia
341 2927 486 2996 quod
519 2927 740 2983 Christo
760 2945 866 2984 non
893 2930 1239 2986 crediderint.
1283 2931 1390 2986 Cur
1415 2933 1557 2987 enim
1587 2948 1693 2986 non
1736 2933 1833 2988 ob-

237 3021 580 3087 temperastis
605 3021 673 3076 iis
710 3037 829 3092 qua:
851 3021 1085 3078 Joannes
1111 3023 1178 3078 de
1211 3023 1300 3078 illo
1329 3023 1572 3079 dicebat?
1598 3024 1702 3079 Vos
1725 3025 1828 3080 mi-

234 3109 372 3166 sistis
403 3112 676 3181 primores
704 3123 938 3180 vestros,
993 3129 1088 3169 vos
1121 3114 1358 3186 ipsorum
1405 3131 1568 3186 opera
1599 3117 1828 3172 interro-

235 3203 391 3269 gastis
415 3204 428 3257 ι
457 3219 560 3259 vos
606 3204 828 3260 audistis
853 3205 980 3276 quid
1012 3204 1246 3276 Baptista
1274 3208 1631 3276 responderit.
1659 3207 1829 3266 Omne

235 3294 485 3364 studium,
517 3313 737 3354 omnem
767 3297 1098 3370 diligentiam
1133 3299 1208 3353 illi
1231 3299 1612 3367 adhibuerunt,
1646 3303 1826 3358 omnia

235 3391 444 3445 scrutati
471 3400 624 3459 sunt,
647 3405 943 3462 omnesque
965 3393 1314 3463 protulerunt
1340 3408 1475 3462 quos
1505 3393 1817 3464 suspicaba-

239 3481 399 3537 mini:
444 3494 502 3541 et
526 3494 707 3541 tamen
739 3486 975 3542 illecum
1018 3487 1265 3543 libertate
1306 3501 1498 3559 magna
1543 3487 1826 3544 confessus

235 3586 326 3636 est.
356 3593 417 3633 se
447 3594 555 3634 nec
575 3577 866 3646 Christum,
901 3595 1002 3635 nec
1035 3579 1229 3647 Eliam,
1263 3596 1366 3636 nec
1418 3582 1738 3653 prophetam
1765 3583 1827 3637 il-

238 3668 337 3724 lum
383 3687 531 3727 esse.
567 3671 753 3742 Neque
780 3671 883 3728 hoc
907 3682 1216 3741 contentus,
1256 3675 1377 3745 quis
1417 3675 1532 3745 ipse
1562 3686 1705 3732 esset
1730 3677 1826 3732 do-

236 3762 356 3827 cuit,
384 3772 442 3818 et
477 3763 550 3820 de
582 3764 922 3834 baptismatis
972 3766 1054 3820 sui
1106 3774 1296 3821 natura
1338 3767 1628 3836 disseruit,
1683 3771 1823 3840 quod

238 3869 418 3927 nempe
443 3857 700 3928 exiguum
727 3865 781 3913 et
816 3859 922 3914 vile
947 3869 1110 3927 esset,
1139 3868 1196 3916 et
1223 3869 1420 3930 praeter
1449 3878 1644 3934 aquam
1692 3865 1823 3919 nihil

236 3949 456 4018 amplius
479 3950 707 4006 haberet
731 3991 745 4015 ,
769 3952 1059 4007 ostendens
1088 3954 1506 4021 prteccllenliam
1539 3955 1826 4026 baptisma-

239 4041 300 4096 tis
321 4056 348 4096 a
375 4041 601 4098 Christo
624 4042 756 4098 dati.
789 4044 1015 4100 Protulit
1035 4061 1247 4115 quoque
1275 4047 1463 4103 Isaiam
1494 4051 1815 4120 prophetam

244 4133 324 4187 diu
350 4146 508 4191 antea
546 4135 947 4202 testificantem,
978 4137 1126 4192 illum
1160 4139 1466 4207 Dominum,
1515 4141 1655 4197 hunc
1706 4158 1824 4198 ser-

237 4238 350 4280 vum
366 4237 420 4283 et
445 4229 754 4283 ministrum
781 4238 1086 4286 vocantem.
1115 4231 1251 4298 Quid
1270 4233 1484 4288 demum
1507 4238 1825 4304 supererat?

239 4328 401 4372 annon
429 4327 488 4373 ut
510 4318 800 4374 crederent
829 4320 878 4374 ei
906 4319 973 4374 de
1003 4337 1110 4391 quo
1139 4321 1501 4379 testimonium
1531 4324 1820 4396 ferebatur,

241 4418 292 4462 ut
316 4411 605 4467 adorarent
630 4427 773 4478 eum,
793 4422 848 4468 et
868 4413 1255 4470 conﬁterentur
1283 4416 1493 4474 Deum?
1519 4421 1672 4489 Quod
1723 4437 1821 4476 au-

242 4505 337 4553 tem
370 4502 740 4556 testimonium
772 4519 876 4558 non
906 4519 970 4558 ex
1002 4505 1328 4573 adulatione,
1362 4509 1456 4563 sed
1501 4525 1563 4565 ex
1601 4512 1824 4568 veritate

242 4591 568 4658 procederet,
615 4591 667 4646 id
711 4601 765 4647 et
813 4608 993 4649 mores
1024 4604 1078 4650 et
1111 4595 1444 4668 philosophia
1491 4602 1824 4658 lcstillcautis

241 4683 610 4739 ostendi-baut.
645 4683 773 4741 lude
797 4702 924 4740 vero
971 4688 1147 4758 palam
1196 4690 1245 4746 id
1279 4701 1414 4756 erat,
1465 4695 1608 4765 quod
1665 4713 1823 4752 nemo

243 4777 532 4841 proximum
555 4774 655 4832 sibi
677 4777 944 4847 praeferat,
972 4795 1144 4850 neque
1165 4782 1208 4836 si
1243 4784 1409 4852 possit
1437 4784 1696 4843 honorem
1722 4790 1822 4844 sibi

242 4870 546 4933 conciliare,
575 4869 729 4925 alteri
761 4871 908 4926 illum
955 4873 1149 4942 cedat,
1207 4891 1326 4930 eum
1373 4880 1606 4936 maxime
1648 4891 1824 4938 tantus

242 4970 371 5015 esset
401 4963 601 5016 honor.
636 4961 818 5033 Itaque
860 4963 1129 5032 Joannes,
1179 4968 1280 5023 nisi
1334 4968 1578 5026 Christus
1638 4973 1826 5032 fuisset

248 5049 388 5118 Deus,
416 5069 712 5125 numquam
762 5054 866 5111 hoc
909 5056 1274 5115 testimonium
1327 5063 1656 5129 protulisset.
1688 5064 1820 5120 Nam

245 5142 282 5194 si
311 5142 450 5200 hunc
480 5145 766 5214 honorem,
795 5158 979 5219 utpote
1011 5159 1252 5207 naturam
1289 5170 1441 5210 suam
1482 5157 1639 5228 longe
1665 5174 1826 5214 exsu-

250 5247 539 5303 perantem,
590 5238 658 5294 ab
688 5253 746 5294 se
771 5242 1006 5311 repulit:
1032 5254 1178 5300 certe
1201 5262 1307 5302 non
1331 5248 1417 5303 alii
1447 5259 1653 5306 natura:
1683 5253 1820 5308 infe-

245 5326 358 5384 riori
407 5331 562 5386 illum
616 5333 910 5391 tribuisset.
973 5335 1174 5393 Medius
1211 5352 1378 5395 autent
1426 5353 1642 5398 oestrum
1684 5355 1821 5413 stat,

249 5433 376 5486 quem
422 5438 510 5478 vos
554 5425 775 5479 nescitis.
806 5425 919 5482 Hoc
954 5428 1105 5494 dixit,
1133 5433 1253 5502 quia
1281 5434 1393 5500 ille,
1441 5445 1496 5490 ut
1528 5453 1623 5507 par
1669 5449 1823 5505 erat,

249 5515 382 5578 quasi
416 5529 608 5571 unuse
639 5516 791 5572 turba
818 5521 1014 5588 populo
1056 5520 1473 5593 admiscebatur,
1524 5537 1707 5599 utpote
1736 5532 1824 5601 qui

253 5603 432 5676 ubique
461 5617 515 5663 et
542 5608 714 5664 fastus
761 5619 815 5665 et
865 5626 1077 5681 pompae
1123 5625 1493 5688 contemptum
1551 5621 1823 5679 edoceret.

252 5693 606 5767 Cognitionem
668 5709 856 5756 autem
901 5702 991 5758 hic
1029 5703 1160 5760 dicit
1206 5707 1498 5775 perfectam
1543 5713 1824 5778 nozitiam,

256 5800 425 5860 nempe
457 5791 579 5862 quis
605 5802 793 5860 esset,
835 5794 974 5849 unde
1021 5796 1280 5851 venisset.
1316 5797 1451 5854 Illud
1495 5818 1658 5869 vero,
1704 5804 1829 5861 Post

255 5895 568 5941 merentur-us
611 5897 713 5950 est,
749 5901 891 5957 smpc
916 5890 1132 5959 posuit,
1163 5905 1226 5944 ac
1254 5891 1296 5947 si
1326 5892 1531 5949 diceret
1559 5914 1571 5950 :
1623 5897 1697 5954 Nc
1727 5916 1825 5971 pu-

1329 426 1394 481 IN
1430 419 1763 480 ιοΑΝΝιῖιι.
1809 416 2036 474 ΙΙΟΜΙΙι.
2086 421 2218 478 ΧΠ.
2261 427 2309 481 al
2373 427 2489 483 XV.

3456 429 3556 486 Idti

1962 539 2084 595 tctis
2115 550 2280 596 totum
2306 544 2357 598 in
2388 546 2704 615 baptismate
2747 559 2872 604 meo
2903 547 3108 619 perfici.
3139 546 3194 604 Si
3240 546 3342 602 hoc
3371 547 3550 615 portes

1955 641 2100 686 ctum
2131 644 2296 701 esset,
2327 651 2432 690 non
2479 636 2615 693 alius
2641 648 2764 709 post
2790 654 2875 695 me
2898 638 3128 706 veniret,
3160 637 3385 693 alterum
3414 633 3550 690 atla-

1953 732 2144 790 turus;
2197 727 2291 783 sed
2332 727 2435 784 hoc
2461 728 2526 785 ad
2573 729 2703 786 Illud
2751 741 2836 788 est
2882 733 3206 801 praeparatio
3272 726 3546 799 quaedam.

1954 816 2149 874 Nostra
2202 830 2327 876 sunt
2354 823 2541 878 umbra
2568 834 2622 880 et
2649 825 2857 898 imago;
2901 825 3062 881 alium
3093 823 3280 880 venire
3306 828 3549 892 oportet,

1948 912 2040 982 qui
2063 913 2344 970 veritatem
2394 915 2600 973 afferat.
2634 918 2819 986 Itaque
2862 918 2991 990 illud
3018 959 3032 982 ,
3085 916 3213 970 Ροει
3246 932 3324 970 me
3360 915 3548 976 veniet.

1949 1007 2064 1078 ejus
2095 1006 2410 1078 dignitatem
2441 1012 2674 1067 maxime
2703 1010 2960 1067 ostendit.
2988 1010 3121 1065 Nam
3155 1009 3201 1063 si
3235 1008 3337 1063 hoc
3366 1006 3542 1077 perfe-

1947 1107 2091 1155 ctum
2120 1110 2284 1169 esset,
2309 1118 2415 1158 non
2448 1103 2744 1160 secundum
2778 1112 3128 1176 quaereretur,
3175 1100 3305 1156 Ante
3337 1115 3417 1154 me
3445 1101 3531 1172 [a-

1948 1204 2059 1250 ctus
2101 1205 2204 1264 est;
2251 1197 2353 1254 hoc
2397 1209 2475 1254 est
2509 1242 2524 1268 ,
2584 1215 2670 1255 me
2714 1199 3081 1256 honorabilior
3115 1206 3171 1253 et
3190 1196 3386 1253 clarior
3439 1200 3544 1247 est.

1949 1285 2154 1343 Deinde
2195 1305 2261 1344 ne
2292 1300 2544 1359 putarent
2587 1291 3005 1361 praecellentiam
3049 1303 3114 1344 ex
3141 1283 3546 1356 comparatione

1947 1378 2194 1447 indicari,
2237 1389 2293 1436 ut
2327 1381 2525 1436 nullam
2579 1397 2698 1437 esse
2751 1379 3209 1451 comparationem
3263 1375 3540 1439 declaret,

1946 1470 2130 1542 adjicit
2159 1490 2173 1528 :
2200 1469 2360 1544 Cujus
2388 1490 2488 1527 non
2517 1490 2628 1528 sum
2658 1465 2843 1544 dignus
2869 1471 3062 1527 solvere
3099 1468 3409 1540 corrigiam;
3441 1465 3545 1520 hoc

1945 1573 2066 1630 est,
2095 1564 2209 1620 Non
2242 1567 2412 1621 solum
2440 1575 2564 1621 ante
2595 1582 2679 1622 me
2711 1566 2880 1620 factus
2925 1573 3008 1620 est
3032 1605 3047 1631 ,
3086 1562 3179 1618 sed
3213 1561 3282 1615 ita
3313 1573 3400 1615 res
3431 1566 3539 1620 est,

1946 1664 2005 1711 ut
2040 1673 2107 1713 ne
2130 1657 2346 1728 quidem
2373 1659 2513 1714 inter
2555 1660 2768 1714 ultimos
2796 1660 2913 1729 ejus
2968 1656 3193 1712 famulos
3241 1650 3540 1721 computari

1944 1765 2190 1816 merear;
2239 1752 2664 1808 calceamentum
2695 1753 2894 1823 quippe
2933 1751 3535 1828 solverehextrcmum

1944 1840 2302 1896 ministerium
2339 1851 2442 1898 est.
2503 1842 2654 1912 Quod
2701 1845 2745 1898 si
2791 1843 3027 1898 Joannes
3072 1855 3178 1894 non
3210 1844 3295 1892 est
3344 1833 3541 1903 dignus

1943 1930 2032 2000 qui
2064 1931 2348 2002 corrigiam
2372 1934 2570 1999 solvat,
2604 1934 2840 1988 Joannes
2863 1948 2971 2003 quo
2995 1931 3174 1985 nullus
3196 1927 3368 1998 major
3398 1926 3542 1978 inter

1941 2031 2098 2079 natos
2128 2025 2409 2080 audieram
2457 2026 2631 2097 (Luc.
2659 2028 2709 2080 7.
2739 2027 2830 2082 28.
2873 2026 3062 2080 Matth.
3112 2023 3201 2077 Il.
3249 2018 3354 2090 tt)
3387 2036 3400 2072 :
3432 2030 3540 2087 quo

1940 2132 2040 2171 nos
2072 2117 2169 2187 ipsi
2194 2117 2310 2171 loco
2332 2118 2634 2187 ponemus?
2660 2116 2714 2173 Si
2737 2119 2780 2172 is
2794 2117 2880 2190 qui
2899 2116 3017 2172 orbi
3045 2116 3290 2187 aequalis,
3321 2114 3428 2171 imo
3447 2111 3538 2164 illo

1940 2212 2111 2280 major
2134 2220 2249 2263 erat
2277 2212 2289 2242 ¹
2318 2209 2336 2282 (
2364 2210 2611 2278 Quorum,
2643 2210 2846 2280 inquit,
2896 2209 3080 2281 dignus
3111 2225 3213 2264 non
3249 2217 3357 2262 erat
3383 2224 3532 2261 mun-

1938 2302 2033 2354 dus
2072 2297 2267 2373 [chr.
2307 2303 2394 2356 Il.
2427 2299 2516 2375 58]
2544 2301 2583 2370 ),
2635 2317 2694 2357 se
2727 2301 3000 2372 indignum
3027 2316 3147 2356 esse
3177 2301 3250 2354 ait
3276 2301 3364 2370 qui
3398 2299 3539 2353 inter

1940 2394 2158 2449 ultimos
2199 2394 2318 2465 ejus
2359 2395 2633 2450 ministros
2663 2404 3044 2465 computetur:
3079 2393 3206 2466 quid
3242 2409 3341 2449 nos
3385 2393 3535 2448 dice-

1939 2501 2077 2550 mus,
2111 2487 2200 2556 qui
2225 2486 2377 2541 malis
2409 2487 2707 2543 innumeris
2735 2488 2913 2543 onusti
2957 2501 3175 2552 sumus,
3207 2485 3298 2557 qui
3329 2493 3534 2540 tantum

1938 2579 2201 2634 distamus
2239 2595 2269 2635 a
2325 2580 2548 2636 Joannis
2586 2580 2786 2636 virtute
2817 2621 2833 2649 ,
2880 2591 3140 2650 quantum
3181 2588 3322 2635 terra
3372 2576 3535 2634 distat

1937 2687 1966 2726 a
1993 2671 2173 2728 celo?

2010 2767 2064 2820 4.
2119 2764 2214 2820 llic
2241 2780 2371 2837 ergo
2393 2781 2452 2821 se
2476 2781 2750 2836 inuignum
2785 2781 2905 2823 esse
2933 2766 3006 2822 ait
3035 2767 3125 2838 qui
3154 2765 3328 2822 solvat
3354 2767 3526 2821 corri-

1934 2859 2074 2929 giam
2102 2860 2470 2916 calceamenti.
2499 2859 2704 2917 Inimici
2737 2871 2915 2917 autem
2943 2862 3184 2918 veritatis
3229 2863 3280 2916 in
3329 2869 3531 2917 tantam

1938 2962 2298 3024 prorumpunt
2337 2955 2601 3010 insaniam
2626 2997 2640 3022 ,
2677 2965 2736 3010 ut
2765 2955 2949 3010 dicant
2979 2971 3036 3012 se
3063 2971 3224 3012 nosse
3251 2957 3399 3012 illum
3425 2997 3439 3022 ,
3472 2964 3530 3010 ut

1935 3045 2049 3114 ipse
2073 3059 2133 3100 se
2158 3047 2322 3100 novit.
2352 3046 2466 3112 Qua
2501 3048 2732 3103 amentia
2769 3047 2896 3118 quid
2925 3047 3163 3104 deterius
3187 3047 3211 3102 ?
3237 3063 3342 3119 qua
3372 3063 3529 3103 arroo

1933 3138 2111 3207 gantia
2136 3138 2261 3206 quid
2291 3139 2593 3194 furiosius?
2640 3139 2785 3194 Bene
2811 3140 2948 3194 dixit
2989 3142 3208 3210 sapiens
3263 3140 3478 3211 quidam
3516 3160 3528 3198 :

1936 3227 2260 3299 Principium
2281 3229 2532 3298 superbia:
2577 3246 2678 3285 non
2723 3247 2870 3285 nosse
2914 3230 3192 3284 Dominum
3221 3230 3406 3300 (Eccli.
3439 3232 3526 3287 I0.

1931 3319 2058 3394 14).
2091 3320 2204 3376 Νοιι
2234 3321 2478 3392 dejectus
2508 3337 2606 3378 nec
2631 3322 2881 3378 diabolus
2909 3322 3132 3379 effectus
3181 3324 3370 3380 fuisset
3413 3324 3527 3378 dia-

1931 3414 2087 3470 bolus
2111 3415 2219 3482 ille,
2251 3416 2490 3486 quiante
2516 3415 2766 3471 diabolus
2807 3431 2912 3471 non
2941 3425 3077 3481 erat,
3116 3416 3217 3472 nisi
3242 3415 3345 3474 hoc
3388 3433 3532 3473 mor-

1930 3510 1999 3565 bo
2028 3521 2215 3580 captus
2242 3509 2451 3566 fuisset.
2482 3511 2593 3566 [Ioc
2616 3511 2762 3566 illum
2791 3525 2818 3563 a
2849 3511 3072 3583 pristina
3095 3510 3286 3568 fiducia
3310 3511 3527 3582 dejecit,

1932 3603 2033 3657 hoc
2060 3603 2110 3656 in
2133 3602 2433 3673 gehennam
2487 3602 2723 3667 demisit,
2782 3603 2883 3659 hoc
2930 3604 3030 3674 ipsi
3087 3612 3246 3675 caput
3288 3604 3527 3658 omnium

1930 3695 2196 3749 malorum
2228 3693 2348 3749 fuit.
2380 3695 2493 3750 lloc
2515 3696 2710 3766 quippe
2735 3696 2920 3751 vitium
2964 3711 3181 3752 omnem
3229 3697 3390 3751 animi
3424 3695 3531 3752 vir-

1931 3795 2096 3843 tutem
2127 3786 2435 3855 labefactat,
2484 3789 2885 3861 elecmosynam
2937 3804 3150 3860 nempe,
3201 3789 3523 3853 orationem.

1924 3880 2444 3952 jcjunium,quidvis
2469 3881 2634 3937 aliud.
2669 3881 2941 3936 Excelsum
2986 3882 3040 3936 in
3093 3881 3401 3948 hominibus,
3447 3883 3527 3936 iu-

1929 3976 2064 4045 quit,
2091 3975 2349 4044 impurum
2373 3985 2446 4030 est
2472 3975 2613 4046 apud
2645 3974 2941 4029 Dominum.

2003 4064 2258 4134 Superbia
2287 4067 2425 4120 omni
2454 4068 2572 4121 vitio
2618 4068 2782 4138 pejor.
2826 4065 2996 4122 Homo
3041 4084 3288 4139 arrogans
3330 4069 3515 4122 acriter

1929 4159 2272 4229 redarguitur.
2300 4159 2490 4216 -Νοιι
2524 4161 2804 4216 fornicatio
2829 4163 2988 4233 igitur
3013 4203 3028 4228 ,
3062 4178 3168 4217 non
3201 4161 3524 4219 adulterium

1931 4261 2134 4308 tantum
2164 4253 2435 4308 hominem
2473 4256 2700 4324 polluit,
2749 4256 2844 4312 sed
2878 4257 3037 4311 etiam
3066 4265 3120 4311 et
3157 4256 3325 4311 multo
3357 4258 3526 4326 magis

1928 4346 2199 4416 superbia.
2234 4347 2451 4414 Quare?
2481 4349 2744 4414 Quoniam
2793 4348 3075 4404 fornicatio
3108 4349 3233 4404 licet
3257 4349 3411 4403 venia
3443 4351 3526 4404 iu-

1927 4441 2086 4511 digna
2135 4443 2241 4507 sit,
2275 4453 2448 4512 potest
2497 4455 2673 4498 tamen
2705 4445 2822 4514 quis
2858 4444 3348 4513 concupiscentiam
3381 4460 3524 4514 prm-

1930 4532 2152 4588 tendere
2185 4551 2197 4587 :
2227 4533 2534 4603 arrogantia
2563 4548 2691 4588 vero
2719 4534 2918 4588 nullam
2955 4534 3112 4589 habet
3146 4549 3386 4599 causam,
3418 4551 3524 4589 non

1927 4627 2247 4690 obtentum,
2301 4643 2406 4697 quo
2455 4629 2535 4683 vel
2576 4629 2748 4683 venire
2792 4630 3036 4684 umbram
3080 4641 3394 4688 mereatur:
3433 4634 3527 4687 sed

1929 4720 2065 4775 nihil
2091 4719 2236 4776 aliud
2264 4730 2349 4776 est
2375 4737 2535 4791 quam
2566 4725 2762 4778 tuentis
2787 4724 3001 4778 eversio
3024 4765 3039 4790 ,
3071 4724 3290 4779 morbus
3318 4727 3528 4794 gravis-

1929 4812 2098 4867 simus
2126 4829 2192 4868 ex
2223 4829 2324 4866 una
2354 4812 2659 4884 insipientia
2701 4824 2871 4869 ortus.
2907 4815 3046 4869 Nihil
3072 4815 3217 4870 enim
3267 4814 3526 4886 insipien-

1929 4904 2035 4958 tius
2065 4917 2350 4977 arrogaute
2395 4907 2611 4964 homine
2637 4952 2651 4976 ,
2681 4912 2785 4964 etsi
2819 4911 3264 4981 epulentissimus
3295 4912 3394 4978 sit,
3425 4913 3528 4966 etsi

1930 5005 2151 5051 externa
2184 4998 2271 5051 illa
2299 4999 2559 5067 sapientia
2587 4999 2875 5055 admodum
2907 5004 3218 5068 instructus,
3252 5011 3530 5073 quantum-

1929 5090 2010 5144 vis
2041 5100 2249 5160 potens,
2299 5093 2510 5147 etiamsi
2554 5109 2616 5149 ea
2647 5094 2825 5149 omnia
2871 5111 2992 5166 qua:
3025 5095 3329 5152 hominibus
3368 5112 3532 5166 expe-

1932 5179 2090 5235 tenda
2119 5181 2369 5236 videntur
2395 5183 2657 5239 obtineat.
2689 5183 2820 5239 Nam
2851 5185 2894 5239 si
2925 5185 2968 5239 is
2993 5187 3082 5257 qui
3105 5187 3175 5242 de
3204 5187 3346 5241 veris
3374 5188 3529 5243 bouis

1929 5272 2190 5342 superbit,
2215 5274 2395 5329 infelix
2419 5290 2480 5330 ac
2505 5276 2688 5341 miser,
2717 5276 2957 5330 omnium
2986 5277 3197 5332 illorum
3223 5279 3529 5336 mercedem

1931 5368 2176 5432 amittat;
2208 5369 2296 5438 qui
2325 5368 2392 5425 de
2425 5367 2487 5423 iis
2528 5385 2646 5440 qua:
2694 5371 2824 5424 nihil
2855 5381 2980 5426 sunt
3022 5372 3313 5441 extollitur,
3343 5373 3436 5446 qui
3465 5392 3529 5430 ex

1932 5461 2118 5513 umbra
2147 5469 2200 5534 et
2247 5463 2370 5516 fwui
2401 5462 2552 5530 flore,
2585 5463 2634 5517 id
2663 5466 2807 5520 enim
2849 5474 2928 5520 est
2961 5465 3134 5520 inanis
3175 5468 3342 5536 gloria
3363 5510 3379 5535 ,
3411 5485 3532 5526 sese

1935 5555 2081 5610 inﬂat
2101 5597 2115 5620 ,
2147 5556 2416 5624 quomodo
2444 5573 2550 5612 non
2594 5559 2834 5613 omnium
2885 5561 3119 5616 maxime
3149 5559 3408 5619 ridiculus
3433 5565 3533 5628 sit,

1934 5667 2056 5706 cum
2091 5651 2319 5722 idipsmn
2361 5662 2484 5723 agat
2529 5653 2669 5723 quod
2718 5668 2921 5724 pauper
2960 5663 3016 5710 et
3071 5653 3348 5711 mendicus
3374 5697 3389 5722 ,
3441 5658 3532 5729 qui

2001 5789 2017 5820 ⁸
2053 5795 2167 5849 Quae
2192 5789 2314 5835 intra
2339 5785 2668 5849 parcnthcses
2700 5787 3033 5848 includuntur,
3059 5789 3202 5840 aliter
3221 5789 3467 5841 habentur
3486 5795 3531 5841 iu

1937 5856 2033 5897 Mor
2039 5833 2104 5897 υἰέ
2114 5833 2120 5834 ί
2129 5833 2155 5905 ν
2192 5863 2220 5895 ιι
2228 5833 2385 5918 «ξιιρἓ
2395 5833 2415 5895 ξ
2440 5833 2635 5898 ιιᾱᾶιιῖέ
2643 5833 3102 5918 ἰιιῦἦζ
3322 5833 3473 5915 Titi}-

1949 5930 1971 5954 ι
1991 5921 2197 5968 Quorum
2219 5909 2394 5971 riguus
2427 5921 2516 5960 non
2551 5919 2657 5962 erat
2691 5913 2913 5962 mundus.
2936 5909 2976 5959 ἰ
