4120 6498
592 439 688 495 107
768 451 785 468 ⁸

588 570 801 627 semper
847 552 1120 610 famelicus
1142 550 1237 620 ,"si
1277 550 1443 604 semel
1491 545 1669 600 laetum
1700 542 1963 598 somnium
2008 548 2167 595 noctu

596 646 825 713 viderit,
854 644 975 700 ideo
999 640 1304 714 glorietur?
1326 637 1511 693 infelix
1546 645 1600 693 et
1623 638 1785 691 miser
1802 676 1819 704 ,
1838 633 1965 690 dum
1989 633 2163 687 anima

595 746 683 791 tua
710 734 1025 806 gravissimo
1045 730 1233 788 morbo
1255 730 1638 801 corrumpitur,
1666 737 1905 782 extrema
1931 738 2159 797 pauper-

590 835 696 880 tate
724 825 1003 890 laborans,
1042 823 1210 877 altum
1260 822 1443 892 sapis,
1492 820 1633 890 quod
1680 828 1760 873 tot
1804 820 1998 873 talenta
2046 815 2162 872 auri

591 915 805 981 habeas,
831 920 961 985 quot
996 926 1278 969 servorum
1309 911 1515 968 turbam
1536 911 1563 965 l’
1585 909 1777 965 Verum
1806 908 1920 964 lucc
1944 923 2050 965 non
2075 916 2161 963 tua

585 1017 729 1062 sunt.
754 1006 808 1061 Si
830 1005 958 1063 mihi
985 1020 1090 1063 non
1116 1003 1309 1067 credis,
1335 1003 1563 1058 aliorum
1588 1002 1811 1057 divitum
1832 1000 2163 1071 experientia

586 1097 641 1154 id
666 1098 863 1154 edisce.
886 1096 981 1152 Sin
1025 1096 1095 1151 ita
1135 1094 1317 1151 ebrius
1345 1109 1423 1159 es,
1455 1101 1513 1148 ut
1552 1091 1858 1163 huiusmodi
1904 1091 2163 1162 exemplis

587 1208 696 1247 non
726 1189 1014 1247 instituaris
1036 1230 1051 1255 ,
1082 1187 1358 1260 paululum
1394 1194 1645 1257 exspecta
1670 1227 1685 1251 ,
1715 1194 1770 1242 et
1795 1186 2163 1257 experimento

590 1293 681 1339 tuo
708 1282 935 1345 edisces,
959 1280 1090 1336 nihil
1118 1280 1241 1335 hinc
1262 1278 1354 1333 libi
1380 1277 1620 1332 utilitatis
1644 1276 1923 1343 accedere,
1949 1274 2162 1347 quando

586 1374 814 1428 animam
842 1370 1057 1438 efﬂans,
1089 1384 1187 1426 nec
1212 1369 1357 1425 horae
1393 1382 1492 1424 nec
1516 1367 1771 1424 momenti
1802 1369 1957 1423 unius
1984 1368 2159 1423 domi-

585 1478 685 1517 nus
707 1505 723 1529 ,
752 1462 866 1519 htec
896 1462 1090 1517 invitus
1114 1460 1465 1532 praesentibus
1491 1459 1758 1528 relinques
1782 1500 1796 1525 ,
1826 1459 1993 1530 iisque
2016 1472 2161 1530 sape

580 1555 772 1624 quibus
800 1551 992 1607 nolles.
1025 1551 1201 1606 Multis
1229 1550 1369 1607 enim
1399 1563 1498 1605 nec
1526 1548 1595 1604 de
1634 1549 1697 1604 iis
1722 1548 2008 1618 disponere
2038 1564 2159 1618 per-

582 1646 801 1699 missum
836 1644 957 1710 fuit,
989 1641 1084 1698 sed
1136 1650 1355 1711 repente
1406 1640 1736 1708 migrarunt,
1779 1638 1902 1694 dum
1953 1639 2018 1694 iis
2053 1637 2157 1693 frui

579 1741 861 1805 optarent,
896 1747 994 1789 nec
1020 1746 1334 1789 concessum
1361 1731 1469 1787 illis
1497 1740 1610 1799 est,
1638 1730 1731 1787 sed
1770 1731 2022 1787 abstracti
2047 1772 2063 1800 ,
2093 1746 2157 1787 ac

583 1842 677 1896 per
702 1828 805 1879 vim
831 1824 1040 1880 abducti
1065 1866 1080 1889 ,
1112 1824 1263 1889 aliis,
1289 1823 1481 1893 quibus
1528 1822 1748 1879 minime
1779 1822 2060 1889 volebant,
2088 1836 2156 1878 ea

580 1918 921 1988 reliquerunt.
944 1915 1094 1983 Quod
1127 1930 1194 1970 ne
1232 1912 1665 1978 nobis-accidat,
1698 1912 1823 1967 hinc
1847 1912 1959 1983 jam
1983 1954 1998 1980 ,
2024 1911 2152 1969 dum

580 2025 674 2080 per
692 2008 1048 2064 valetudinem
1074 2009 1216 2074 licet,
1239 2006 1513 2061 mittamus
1533 2004 1587 2059 ia
1609 2004 1876 2059 civitatem
1895 2014 2154 2060 nostram.

579 2101 673 2155 lllu
698 2100 838 2154 enim
866 2107 1066 2153 tantum
1096 2095 1257 2152 modo
1286 2094 1372 2150 bis
1402 2094 1507 2149 frui
1534 2094 1861 2164 poterimus,
1889 2093 2024 2149 alias
2048 2094 2148 2149 mi-

1350 432 1408 489 S.
1448 429 1723 489 JOANNIS
1759 420 2226 485 CIIRYSOSTOMI
2265 418 2580 477 ARCIIIEP.
2622 417 3157 476 CONSTANTINOP.

3761 423 3867 482 {08

2277 536 2419 592 nime
2448 552 2461 589 :
2490 536 2567 591 sic
2611 536 2662 590 in
2712 536 3036 592 tutissimum
3083 537 3260 593 locmn
3312 538 3687 599 recondemus.
3721 540 3860 598 Nihil

2273 630 2448 693 enim,
2505 628 2636 685 nihil
2687 630 2869 699 utique
2922 639 3097 699 potest
3147 646 3207 684 ea
3264 631 3422 687 istinc
3460 633 3706 701 auferre,
3753 649 3860 690 non

2216 742 2219 745 λ
2269 734 2447 787 mors,
2477 737 2581 776 non
2618 730 2971 787 testamenta,
3021 736 3126 777 non
3153 723 3514 779 hereditatum
3552 730 3863 796 successio,

2269 828 2376 867 non
2408 814 2771 885 sycophantias
2798 813 2879 868 vel
2927 814 3134 870 insidice
3162 832 3177 879 ;
3206 816 3299 871 sed
3329 817 3417 887 qui
3444 817 3570 872 hinc
3621 820 3867 877 abscedit

2268 904 2434 959 multa
2463 919 2644 959 secum
2692 903 2903 969 ferens,
2937 906 3001 961 iis
3025 915 3281 975 perpetuo
3309 907 3533 963 fruetur.
3562 910 3693 977 Quis
3733 927 3866 983 ergo

2267 998 2347 1053 sic
2372 998 2538 1053 miser
2564 1006 2678 1065 est,
2706 999 2795 1069 qui
2838 999 2969 1055 nolit
3010 1015 3133 1055 cum
3176 1004 3416 1071 pecuniis
3443 1004 3557 1059 suis
3597 1016 3860 1060 mtcrnum

2267 1088 2541 1144 deliciari?
2572 1088 2978 1145 Transferamus
3024 1106 3153 1162 ergo
3195 1092 3412 1148 divitias
3453 1105 3669 1151 nostras
3695 1139 3710 1162 ,
3752 1099 3864 1154 illic

2269 1183 2621 1254 deponanms.
2668 1184 2784 1240 Non
2827 1185 2982 1243 nobis
3026 1202 3160 1258 opus
3203 1189 3307 1245 erit
3357 1192 3559 1256 asinis,
3601 1196 3862 1263 camelis,

2267 1273 2543 1341 curribus,
2592 1289 2698 1330 non
2747 1278 2971 1334 navibus
3017 1279 3084 1335 ad
3133 1280 3247 1336 haec
3292 1283 3685 1339 transvehenda
3718 1304 3731 1339 ε
3763 1286 3866 1341 hac

2265 1362 2579 1421 difficultate
2604 1381 2701 1425 nos
2726 1368 2921 1439 eripuit
2955 1370 3128 1438 Deus;
3172 1372 3267 1429 sed
3296 1389 3432 1444 opus
3462 1384 3664 1431 tantum
3693 1377 3864 1433 babe—

2264 1470 2384 1510 mus
2410 1457 2734 1527 pauperibus
2758 1499 2773 1524 ,
2803 1459 3008 1516 claudis
3032 1502 3049 1529 ,
3079 1464 3266 1529 czecis,
3314 1464 3563 1522 inﬁrmis.
3618 1469 3711 1524 llis
3741 1472 3862 1526 talis

2262 1549 2616 1617 comportatio
2640 1549 2955 1607 demandata
2978 1561 3060 1608 est
3085 1571 3099 1607 :
3130 1554 3183 1610 hi
3206 1556 3461 1626 pecunias
3490 1561 3863 1618 transmittunt

2264 1637 2317 1695 in
2340 1641 2563 1709 caelum;
2592 1642 2647 1699 lii
2674 1645 2859 1701 talium
2894 1662 3235 1717 possessores
3260 1666 3422 1720 opum
3451 1653 3502 1708 in
3528 1663 3859 1711 aeternorum

2263 1730 2615 1791 hereditatem
2658 1735 2924 1793 bonorum
2967 1741 3304 1810 perducunt;
3342 1761 3501 1816 quam
3544 1764 3644 1804 nos
3668 1764 3864 1807 omnes

2260 1825 2472 1896 assequi
2504 1829 2776 1901 contingat
2806 1831 2975 1901 gratia
3003 1842 3057 1888 et
3086 1832 3414 1905 benignitate
3446 1838 3656 1894 Domini
3683 1845 3854 1898 nostri
3884 1848 3889 1854 '

2259 1913 2389 1971 Jesu
2428 1916 2659 1985 Christi,
2710 1936 2810 1991 per
2843 1938 3001 1993 quem
3050 1933 3273 1985 etcum
3300 1942 3409 1999 quo
3454 1928 3599 1985 Patri
3642 1932 3814 2002 gloria
3840 1974 3858 2001 ,

2257 2021 2364 2063 una
2404 2023 2525 2077 cum
2553 2009 2753 2082 Spiritu
2786 2024 3001 2083 sancto,
3034 2032 3175 2074 nunc
3215 2030 3270 2075 et
3306 2036 3523 2094 semper
3546 2067 3561 2093 ,
3597 2036 3650 2081 et
3678 2026 3729 2083 in
3756 2042 3866 2083 sac-

2260 2096 2378 2152 cula
2408 2100 2749 2157 szeculorum.
2780 2105 2970 2161 Amen.

1894 2305 2241 2371 nemus
2283 2308 2512 2409 xvu.

584 2455 676 2513 εδ.
717 2453 837 2513 Hice
865 2459 1005 2528 facta
1037 2466 1152 2511 sunt
1177 2456 1228 2510 in
1254 2454 1501 2510 Bethania
1522 2456 1537 2486 ¹
1568 2462 1707 2508 trans
1732 2451 2011 2507 Iordanem
2030 2493 2047 2520 ,
2076 2452 2162 2507 ubi

648 2559 758 2603 erat
786 2547 1012 2603 Joannes
1043 2548 1321 2619 baptisans.
1364 2545 1456 2601 29.
1488 2544 1661 2599 Altera
1705 2552 1876 2599 autem
1922 2542 2005 2598 die
2031 2544 2162 2598 videt

654 2638 830 2693 Iesum
856 2641 1127 2694 uenientem
1151 2638 1219 2692 ad
1242 2655 1315 2701 se,
1338 2646 1385 2691 et
1407 2638 1478 2690 ait
1500 2652 1520 2691 :
1548 2635 1679 2691 Ecce
1706 2651 1866 2707 agnus
1896 2634 1989 2690 Dei
2007 2675 2022 2703 ,
2051 2650 2162 2692 ecce

648 2734 732 2803 qui
760 2732 890 2786 tollit
921 2742 1126 2802 peccata
1151 2730 1347 2786 mundi.
1404 2768 1410 2775 ο

658 2826 710 2879 Ι.
750 2824 995 2895 Magnum
1038 2824 1237 2879 bonum
1283 2821 1473 2877 liducia
1518 2832 1573 2877 et
1608 2820 1858 2892 loquendi
1907 2821 2158 2889 libertas,

582 2914 869 2983 omniaque
908 2912 1107 2967 Christi
1145 2911 1467 2967 confessioni
1520 2920 1879 2982 postponere;
1926 2912 1997 2965 ita
2047 2924 2160 2965 ma-

578 3020 743 3074 gnum
770 3013 823 3058 et
849 3003 1112 3068 mirabile,
1142 3011 1199 3057 ut
1228 3001 1392 3058 Filius
1418 3002 1509 3057 Dei
1540 3002 1845 3072 unigenitus
1876 3002 2033 3057 talem
2057 3000 2157 3056 ho-

584 3095 783 3151 minem
811 3110 989 3150 coram
1031 3094 1187 3151 Patre
1233 3093 1485 3165 prxdicet
1518 3112 1532 3149 :
1562 3094 1663 3150 etsi
1690 3108 1796 3150 non
1835 3094 2056 3165 aaqualis
2081 3095 2153 3151 sit

582 3200 807 3242 merces.
838 3185 916 3240 'l‘u
944 3186 1087 3241 enim
1116 3186 1389 3241 confiteris
1415 3185 1468 3251 in
1503 3195 1680 3251 terra;
1712 3186 1801 3242 ille
1829 3199 1958 3242 vero
1984 3187 2156 3253 conli-

583 3287 719 3332 tam'
745 3278 795 3331 in
826 3278 968 3332 caelis
996 3286 1084 3332 :tu
1113 3276 1415 3333 hominibus
1442 3276 1826 3347 praesentibus;
1858 3277 1947 3334 ille
1975 3292 2157 3333 coram

582 3369 735 3424 Patre
773 3378 826 3423 et
870 3368 1071 3439 angelis
1111 3368 1380 3424 omnibus.
1426 3368 1571 3423 Talis
1597 3377 1714 3423 erat
1740 3367 1977 3425 Joannes
2007 3384 2021 3423 :
2050 3383 2156 3424 non

581 3460 989 3529 multitudinem,
1022 3477 1126 3517 non
1155 3462 1409 3532 gloriam,
1438 3476 1545 3517 non
1576 3462 1716 3517 aliud
1746 3462 1958 3534 quidvis
1988 3462 2159 3535 respi-

576 3552 779 3617 ciebat;
812 3552 904 3608 sed
934 3552 1049 3608 lucc
1076 3553 1252 3608 omnia
1298 3552 1573 3619 caleabat,
1604 3561 1660 3607 et
1688 3567 1811 3608 cum
1839 3566 1901 3607 ea
1930 3568 2032 3624 qua
2060 3567 2156 3623 par

576 3651 691 3697 erat
712 3641 958 3699 libertate
984 3658 1103 3713 qua:
1119 3643 1314 3699 Christi
1345 3654 1497 3698 erant
1525 3642 1775 3699 omnibus
1806 3642 2152 3715 prmdicabat.

578 3734 699 3788 lileo
726 3735 897 3790 locum
924 3733 1117 3790 indicat
1146 3735 1495 3805 evangelista,
1529 3743 1586 3789 ut
1613 3734 1935 3791 vocalissimi
1960 3749 2156 3806 praeco-

578 3828 659 3880 nis
694 3825 938 3881 fiduciam
968 3826 1295 3882 ostenderet.
1340 3825 1454 3880 Non
1477 3826 1655 3892 domi,
1699 3840 1803 3881 non
1836 3827 1887 3881 in
1924 3826 2152 3897 angulo,

585 3934 689 3971 non
743 3918 794 3973 in
843 3917 1060 3973 deserto
1104 3920 1146 3981 ',
1198 3916 1289 3972 sed
1317 3916 1380 3971 ad
1406 3915 1692 3971 Jordanem
1725 3916 1776 3971 in
1807 3916 1984 3972 medio
2016 3916 2154 3971 mul-

576 4010 834 4076 titudinis,
862 4010 1321 4081 praesentibusqne
1355 4009 1601 4065 omnibus
1622 4009 1711 4078 qui
1738 4008 1806 4064 ab
1834 4009 1949 4080 ipso
1978 4008 2154 4079 bapti-

574 4102 829 4155 zabantur
856 4100 1120 4165 (aderant
1141 4100 1283 4155 enim
1321 4099 1489 4155 Judaei
1512 4101 1554 4168 ),
1583 4099 1879 4156 mirabilem
1913 4101 2053 4156 illam
2084 4101 2152 4157 de

572 4191 790 4245 Christo
812 4191 1122 4263 praedicavit
1151 4191 1541 4247 confessionem
1572 4191 1911 4258 sublimibus,
1945 4194 2151 4263 magnis

570 4284 882 4354 arcanisque
910 4284 1118 4353 plenam
1148 4281 1518 4354 dogmatibus,
1548 4283 1689 4354 quod
1724 4300 1832 4339 non
1861 4293 2004 4340 esset
2038 4285 2150 4355 ipse

570 4377 761 4447 dignus
786 4376 873 4446 qui
901 4377 1184 4447 corrigiam
1206 4375 1555 4430 calceamenti
1585 4376 1700 4443 eius
1725 4377 1978 4431 solveret.
2009 4378 2153 4442 Quo-

572 4468 731 4523 modo
761 4477 935 4522 autem
979 4466 1030 4521 id
1057 4466 1198 4537 agit?
1232 4466 1324 4521 llis
1352 4481 1546 4537 nempe
1575 4467 1751 4521 verbis
1777 4484 1789 4521 :
1819 4466 1945 4521 limi:
1972 4468 2022 4521 in
2055 4466 2152 4522 Be—

572 4560 748 4613 thania
774 4564 907 4629 facta
936 4568 1075 4612 sunt.
1119 4560 1460 4615 Accnratiora
1492 4568 1669 4612 autem
1700 4560 2021 4629 exemplaria
2051 4560 2147 4615 ha-

570 4652 729 4717 bent,
762 4651 827 4705 In
875 4649 1181 4705 Bel/tabam.
1231 4650 1361 4705 Nam
1408 4650 1662 4706 Bethania
1712 4667 1815 4706 non
1863 4663 1947 4706 est
2003 4663 2148 4709 trans

566 4743 873 4811 Jordanem,
901 4759 1071 4814 neque
1100 4744 1150 4797 in
1179 4742 1414 4808 deserto,
1434 4743 1525 4799 sed
1551 4760 1712 4815 prope
1733 4744 2143 4816 Jerosolymam.

570 4835 703 4888 Lora
756 4842 933 4889 autem
995 4835 1095 4889 alia
1144 4836 1305 4890 etiam
1351 4835 1420 4890 de
1482 4850 1639 4891 causa
1684 4836 1967 4906 significat.
2012 4838 2145 4892 Cum

566 4927 708 4981 enim
738 4942 823 4981 res
850 4941 953 4980 non
980 4926 1258 4997 antiquas,
1300 4926 1394 4982 sed
1424 4942 1544 4998 qme
1574 4928 1730 4997 paulo
1755 4938 1880 4983 ante
1909 4930 2147 5000 conlige.

566 5026 723 5083 rant,
754 5027 1062 5072 narraturus
1091 5025 1235 5073 esset
1255 5059 1271 5085 ,
1301 5019 1419 5073 illos
1449 5018 1537 5088 qui
1566 5020 1789 5073 aderant
1820 5028 1874 5075 et
1904 5019 2148 5089 viderant

561 5108 822 5162 dictorum
873 5114 1036 5162 testes
1084 5106 1343 5175 advocat,
1373 5124 1545 5177 exque
1598 5108 1729 5164 locis
1781 5111 2143 5165 testimonium

562 5200 771 5269 accipit.
805 5199 940 5255 Cum
970 5197 1113 5255 enim
1161 5200 1349 5256 fideret
1394 5215 1453 5257 se
1496 5200 1625 5255 nihil
1658 5202 1865 5255 veritati
1914 5202 2143 5268 addere,

561 5294 654 5348 sed
679 5309 739 5349 ea
765 5309 882 5364 qua:
906 5302 1051 5363 gesta
1082 5292 1293 5349 fuerant
1311 5310 1436 5349 vae
1457 5302 1511 5349 et
1538 5295 1848 5364 simpliciter
1868 5310 2141 5362 enarrare,

560 5402 588 5439 a
619 5387 738 5441 loco
766 5383 1128 5440 testimonium
1173 5386 1398 5457 accipit,
1432 5402 1550 5457 qme
1576 5403 1685 5442 non
1732 5387 1885 5453 levis,
1917 5396 1974 5441 ut
2000 5386 2140 5454 dixi,

624 5558 639 5587 ⁸
677 5554 834 5619 Aliqui
880 5554 1053 5619 legunt
1076 5591 1091 5614 ,
1126 5554 1176 5605 in
1226 5556 1487 5608 Bethrtbara
1516 5571 1533 5608 :
1574 5560 1645 5609 sic
1676 5559 1723 5608 in
1757 5558 2142 5610 accuratioribus

560 5612 1154 5684 eseriiplaribusvlegitur,
1179 5620 1333 5682 inquit
1366 5621 1485 5684 infra
1519 5620 1910 5684 (‘Jtrysostmnus,
1938 5625 2019 5684 qui
2055 5623 2140 5671 ad-

557 5679 626 5727 dit
663 5679 937 5747 bellianiam
972 5679 1066 5747 non
1103 5679 1533 5747 trans'Jordanenr
1557 5679 1669 5732 esSe
1694 5683 1827 5747 ,rsed
1862 5679 2015 5747 prope
2056 5692 2137 5733 Je-

556 5740 859 5804 rosolymam.
907 5743 1103 5801 Quidam
1141 5750 1307 5804 [urunt
1342 5744 1480 5793 aliam
1524 5744 1603 5793 hic
1637 5740 1911 5795 Belbaniain
1952 5740 2137 5797 inertio-

556 5803 669 5857 rari,
685 5816 795 5857 qum
825 5804 888 5853 sit
912 5811 1043 5853 trans
1063 5803 1334 5852 tardant-tn.

621 5864 641 5894 ³
679 5863 816 5923 Illud,
841 5879 933 5917 non
954 5882 1001 5917 ill
1039 5870 1243 5925 discito,
1272 5867 1411 5917 deest
1438 5868 1482 5915 in
1508 5866 1741 5932 ilurintis.
1808 5884 1823 5911 ν

2269 2453 2443 2511 futura
2480 2466 2596 2514 erat
2636 2461 2875 2518 veritatis
2914 2461 3323 2526 demonstratio.
3361 2470 3535 2529 Altera
3572 2484 3739 2531 autem
3778 2478 3863 2533 die

2264 2548 2388 2641 uidit
2405 2548 2629 2641 Joannes
2657 2552 2689 2606 J
2696 2569 2834 2608 esum
2853 2560 3125 2613 venientem
3145 2561 3215 2615 ad
3233 2579 3313 2630 se,
3342 2574 3390 2618 et
3411 2567 3485 2620 ait
3506 2582 3527 2621 :
3548 2567 3681 2623 Ecce
3693 2587 3861 2641 agnus

2266 2636 2395 2704 Dei,
2424 2640 2512 2710 qui
2540 2643 2673 2697 tollit
2714 2657 2917 2715 peccata
2953 2651 3149 2705 mundi.
3179 2652 3575 2713 Distribuerunt
3617 2636 3860 2732 tempora

2268 2732 2610 2802 evangelista:
2635 2751 2649 2789 :
2674 2734 2953 2794 Mattbaeus
2991 2750 3231 2813 tempora
3261 2761 3383 2817 quze
3419 2746 3641 2807 Joannis
3677 2752 3862 2824 Bapti-

2269 2831 2368 2880 stae
2402 2825 2611 2882 vincula
2655 2842 3047 2898 praecesserunt
3097 2834 3331 2894 breviter
3357 2848 3759 2913 transcurrens,
3790 2845 3857 2901 ad

2270 2918 2549 2987 sequentia
2580 2930 2873 2990 pr0perat;
2913 2923 3149 2983 Joannes
3178 2938 3357 2985 autem
3389 2934 3715 3005 evangelista
3745 2952 3856 2993 non

2270 3008 2432 3065 modo
2475 3009 2591 3068 lucc
2641 3027 2745 3068 non
2794 3014 3030 3073 breviter
3078 3023 3475 3089 prtetercurrit,
3518 3025 3613 3083 sed
3670 3027 3722 3083 in
3772 3028 3858 3085 bis

2269 3101 2499 3159 maxime
2530 3102 2864 3162 immoratur.
2894 3109 3007 3175 llle,
3039 3122 3321 3184 postquam
3346 3117 3492 3173 venit
3515 3117 3673 3176 Jesus
3700 3133 3733 3176 e
3756 3119 3858 3177 de-

2264 3206 2428 3262 serto,
2460 3196 2791 3255 intermediis
2811 3202 3053 3269 omissis;
3082 3206 3229 3261 verbi
3259 3209 3453 3278 gratia,
3478 3227 3597 3281 qua:
3619 3211 3859 3271 Joannes

2261 3286 2509 3359 loquutus
2536 3302 2651 3356 est,
2679 3307 2799 3362 qua:
2846 3294 3120 3352 mittentes
3165 3297 3336 3355 Judazi
3379 3302 3658 3369 dixerunt;
3687 3314 3855 3363 caete-

2262 3379 2444 3451 risque
2473 3382 2651 3438 missis
2676 3384 2949 3454 omnibus,
2979 3389 3158 3444 statim
3190 3392 3403 3449 transiit
3428 3394 3494 3450 ad
3528 3411 3803 3454 carcerem
3829 3413 3845 3453 :

2260 3468 2387 3525 Cum
2455 3473 2714 3542 audisset,
2772 3475 2975 3547 inquit,
3017 3478 3201 3546 Jesus,
3248 3482 3391 3552 quod
3435 3484 3660 3543 traditus
3710 3496 3857 3544 essu

2259 3564 2512 3631 Joannes,
2540 3569 2741 3623 secessit
2770 3570 2887 3626 inde
2911 3570 2932 3644 (
2959 3570 3146 3627 Matth.
3186 3574 3271 3629 ll.
3309 3576 3432 3645 l3).
3465 3574 3701 3635 Joannes
3722 3595 3856 3638 vero

2262 3672 2367 3713 non
2398 3660 2505 3727 sic,
2535 3659 2629 3716 sed
2658 3662 3040 3731 profectionem
3071 3666 3123 3721 in
3150 3666 3423 3726 desertum
3453 3674 3635 3740 tacuit,
3666 3684 3855 3746 utpote

2260 3748 2563 3806 aMatthmo
2605 3762 2893 3822 narratam;
2922 3769 2985 3811 ea
3027 3771 3154 3813 vero
3199 3774 3320 3829 qua:
3363 3770 3485 3832 post
3530 3762 3851 3822 descensum

2260 3853 2326 3894 ex
2366 3850 2549 3896 monte
2572 3854 2721 3913 gesta
2770 3856 2896 3901 sunt
2937 3850 3203 3914 narravit,
3232 3860 3286 3906 et
3330 3852 3495 3908 multa
3528 3864 3855 3925 prtetercur-

2260 3947 2385 3989 rens
2409 3933 2592 4004 adjicit
2619 3950 2631 3985 :
2664 3935 2909 3992 Nondum
2939 3941 3070 3993 enim
3102 3943 3287 3999 missus
3334 3947 3497 4015 fuerat
3541 3946 3771 4005 Joannes
3796 3950 3852 4005 in

2258 4041 2509 4081 carcerem
2537 4026 2717 4097 (Joan.
2760 4030 2814 4085 5.
2842 4031 2955 4105 24).
2988 4033 3052 4088 Et
3070 4050 3177 4089 cur
3197 4076 3212 4102 ,
3246 4036 3454 4108 inquies
3477 4081 3491 4105 ,
3526 4056 3668 4096 nunc
3691 4042 3853 4101 Jesus

2258 4118 2402 4173 venit
2432 4118 2497 4174 ad
2518 4118 2778 4177 Joannem
2798 4137 2902 4178 non
2926 4126 3113 4193 semel,
3142 4128 3236 4183 sed
3268 4129 3383 4185 bis?
3412 4130 3543 4187 Nam
3568 4133 3851 4191 Mattlueus

2256 4210 2471 4280 quidem
2501 4216 2809 4271 necessario
2850 4217 2999 4272 illum
3039 4219 3105 4273 ad
3152 4220 3414 4291 baptisma
3448 4226 3659 4281 venisse
3687 4227 3847 4295 dicit;

2258 4303 2309 4358 id
2331 4305 2470 4374 quod
2498 4306 2786 4363 ostendens
2810 4308 2967 4364 Jesus
2992 4310 3203 4381 adjicit:
3230 4312 3320 4368 Sic
3349 4314 3488 4369 decet
3515 4333 3606 4373 nos
3631 4319 3845 4389 implere

2258 4412 2453 4451 onmem
2473 4398 2728 4467 justitiam
2760 4401 2973 4471 (Matth.
2997 4405 3047 4458 3.
3072 4405 3138 4460 15
3169 4404 3209 4475 ).
3230 4405 3465 4463 Joannes
3496 4425 3624 4465 vero
3652 4412 3848 4469 iterum

2257 4488 2467 4545 venisse
2485 4490 2632 4545 illum
2654 4491 2785 4565 dicit
2808 4504 2927 4563 post
2948 4495 3207 4565 baptisma
3234 4514 3248 4562 ;
3280 4498 3331 4553 id
3354 4500 3493 4570 quod
3512 4503 3686 4572 palam
3721 4506 3849 4561 facit

2256 4579 2340 4637 his
2389 4583 2562 4639 verbis
2594 4601 2607 4637 :
2636 4584 2748 4656 Ego
2802 4584 2906 4640 vidi
2953 4587 3205 4657 Spiritum
3266 4592 3648 4649 descendentem
3699 4600 3850 4664 quasi

2255 4674 2537 4733 columbam
2560 4718 2574 4742 ,
2605 4686 2651 4730 et
2679 4689 2960 4732 nmnentem
2988 4696 3139 4749 super
3165 4698 3277 4735 eum
3305 4682 3485 4753 (Joan.
3512 4686 3562 4740 1.
3590 4685 3705 4757 32).
3739 4687 3850 4745 Cur

2251 4779 2381 4835 ergo
2401 4766 2543 4821 venit
2570 4768 2635 4821 ad
2657 4766 2948 4824 Joannem?
2975 4769 3090 4825 Non
3112 4771 3273 4827 modo
3302 4773 3446 4828 enim
3478 4777 3651 4844 venit,
3668 4778 3762 4833 sed
3792 4789 3848 4835 et

2253 4854 2400 4910 illum
2430 4856 2579 4910 adiit.
2609 4856 2735 4911 Cum
2771 4860 2957 4915 veniret
2977 4903 2993 4928 ,
3026 4862 3232 4932 inquit,
3277 4865 3346 4917 ad
3375 4883 3509 4932 eum,
3544 4869 3665 4922 vidit
3694 4885 3835 4925 cuiu.

2250 4947 2359 5003 Cur
2387 4963 2516 5020 ergo
2540 4951 2723 5005 venit?
2752 4952 2886 5021 Quia
2921 4954 3011 5009 ille
3038 4954 3211 5025 ipsum
3234 4970 3358 5012 cum
3390 4959 3569 5014 multis
3597 4960 3843 5031 baptiza-

2251 5038 2346 5103 vit,
2373 5039 2441 5093 ita
2472 5049 2529 5095 ut
2559 5056 2719 5096 nemo
2748 5044 3109 5113 suspicaretur
3139 5046 3311 5117 ipsum
3333 5049 3523 5105 eadem
3553 5049 3622 5108 de
3648 5068 3837 5122 causa,

2250 5144 2351 5199 qua
2378 5130 2463 5185 alii
2490 5174 2505 5197 ,
2536 5134 2602 5187 ad
2632 5132 2891 5189 Joannem
2937 5137 3231 5193 accessisse
3252 5180 3265 5202 ,
3301 5149 3352 5193 ut
3387 5140 3591 5197 scilicet
3619 5154 3838 5213 peccata

2248 5223 2609 5289 confiteretur,
2635 5233 2689 5279 et
2712 5226 2762 5280 in
2790 5227 3155 5296 pwnitentiam
3178 5230 3486 5288 ablueretur
3511 5235 3564 5290 in
3596 5236 3838 5295 flumine.

2248 5312 2372 5369 Ideo
2397 5315 2621 5397 accedit.
2654 5317 2788 5373 dans
2830 5317 3020 5376 Joanni
3062 5322 3260 5389 locum,
3290 5333 3343 5378 ut
3372 5324 3533 5381 laicm
3560 5340 3834 5387 amoveret

2246 5407 2627 5474 suspicionem.
2670 5408 2801 5465 Nam
2845 5427 2969 5467 cum
3018 5412 3147 5468 dicit
3173 5457 3186 5475 .
3224 5413 3355 5470 Ecce
3396 5434 3557 5488 agnus
3591 5417 3721 5487 Dei,
3750 5422 3837 5490 qui

2247 5498 2376 5552 tollit
2408 5511 2668 5568 peccatum
2696 5504 2906 5571 mundi,
2942 5513 3108 5560 totam
3150 5504 3292 5560 illam
3324 5507 3545 5577 depellit
3573 5510 3839 5581 suspicio-

2246 5605 2388 5644 nem.
2435 5592 2534 5657 Oui
2588 5594 2731 5648 enim
2782 5595 2853 5650 ita
2904 5611 3068 5663 purus
3100 5605 3215 5659 est,
3265 5607 3322 5651 ut
3358 5599 3584 5654 altorum
3619 5612 3839 5671 peccata

2245 5682 2415 5749 possit
2440 5682 2697 5747 abluere,
2734 5684 2777 5738 is
2802 5726 2815 5747 ,
2844 5696 2901 5740 ut
2934 5688 3105 5755 palam
3133 5695 3235 5751 est,
3272 5703 3377 5741 non
3403 5697 3462 5743 ut
3487 5701 3705 5759 peccata
3738 5708 3837 5748 sua

2243 5774 2561 5829 confiteatur
2587 5776 2823 5843 accedit,
2871 5779 2965 5833 sed
3015 5787 3069 5833 ut
3115 5778 3430 5834 admirando
3478 5780 3550 5836 illi
3600 5787 3838 5853 pricconi

2248 5863 2583 5921 occasionem
2626 5867 2902 5939 praibeat,
2943 5877 3002 5925 ut
3053 5870 3285 5927 secunda
3319 5871 3649 5945 repetitaque
3701 5889 3834 5933 voce
