4120 6498
186 544 293 600 quae
317 527 464 598 prius
490 526 642 582 dicta
691 525 910 582 fuerant
941 527 991 580 in
1035 515 1363 581 audientium
1395 523 1590 579 animis
1620 523 1779 578 altius

185 620 898 692 imprimerentur,taliaque
941 635 1151 675 rursum
1212 616 1599 687 adjicerentnr.
1648 612 1780 673 Illun

183 725 379 777 autem,
414 709 588 777 Ecce,
635 711 841 768 dictum
880 719 998 776 est,
1047 710 1169 781 quia
1217 709 1370 765 multi
1400 723 1545 781 sarpe
1570 724 1637 764 ex
1666 709 1777 779 jam

181 805 324 862 dictis
344 811 403 861 et
438 819 472 860 ι
514 804 693 860 multo
734 812 975 874 tempore
1019 802 1336 878 quaerebant
1362 816 1508 857 eum.
1546 801 1778 871 Ideoque

181 906 490 968 pmentem
530 898 685 953 illum
714 895 950 953 ostendit
991 909 1056 951 ac
1081 895 1250 961 dicit,
1283 893 1452 960 Ecce;
1480 892 1776 973 ostendens

179 991 316 1046 illum
349 991 530 1062 ipsum
563 1005 689 1046 esse
716 989 806 1060 qui
851 989 962 1058 jam
990 987 1117 1044 olim
1163 987 1526 1059 quterebatnr.
1573 986 1670 1042 llic
1696 995 1780 1041 est

177 1096 355 1152 agnus.
387 1083 612 1152 Agnum
638 1089 820 1136 autem
850 1089 1043 1148 vocat,
1087 1080 1142 1135 in
1186 1088 1426 1136 mentem
1461 1078 1770 1134 Judteorum

178 1186 424 1228 revocans
476 1170 820 1243 prophetiam
869 1170 1021 1227 Isaize
1046 1213 1062 1236 ,
1101 1158 1312 1227 necrion
1340 1171 1587 1225 umbram
1621 1169 1769 1225 illam
1802 1159 1819 1182 ³

177 1263 360 1336 Iloysis
407 1272 660 1333 tempore
683 1305 698 1330 ,
728 1270 786 1318 ut
822 1279 919 1334 per
944 1252 1172 1334 ﬁguram
1228 1262 1351 1318 illos
1376 1263 1546 1332 magis
1575 1261 1642 1316 ad
1668 1276 1765 1317 ve-

176 1356 372 1412 ritatern
400 1353 730 1412 adduceret.
755 1354 852 1411 Ille
879 1355 1098 1426 quidem
1136 1371 1307 1426 agnus
1352 1355 1554 1410 nullius
1584 1368 1774 1425 pecca-

175 1454 277 1501 tum
301 1446 514 1515 aceepit
539 1461 556 1512 ;
588 1445 677 1502 hic
707 1454 886 1502 autem
916 1446 1085 1509 totius
1111 1445 1258 1501 orbis
1285 1453 1550 1502 terrarum
1583 1435 1774 1514 pecea-

175 1548 237 1592 ta.
283 1536 696 1594 Periclitantem
740 1538 941 1610 quippe
990 1536 1251 1592 mundum
1297 1538 1406 1593 cito
1444 1537 1514 1592 ab
1545 1537 1623 1592 ira
1673 1535 1770 1592 Dei

173 1627 373 1698 eripuit.
406 1628 501 1686 50.
549 1627 658 1683 Hic
695 1637 768 1684 est
811 1629 875 1684 dc
900 1643 1002 1699 quo
1031 1627 1141 1682 dixi
1160 1668 1176 1696 ,
1216 1626 1318 1695 Qui
1347 1636 1463 1697 post
1487 1643 1567 1682 me
1597 1627 1765 1694 venit,

173 1728 278 1774 ante
310 1734 392 1774 me
417 1719 596 1789 factus
624 1727 722 1774 est.

230 1813 285 1868 9.
320 1808 518 1865 Viden’
559 1807 728 1862 etiam
788 1805 879 1859 hic
933 1817 1046 1875 quo
1101 1810 1268 1873 pacto
1322 1817 1512 1858 vocem
1581 1802 1752 1868 illam,

178 1903 320 1968 Ante,
345 1896 794 1971 interpretatur?
841 1895 976 1951 Nam
1003 1909 1130 1950 cum
1163 1895 1398 1952 dixisset
1440 1909 1666 1966 agnum,
1698 1903 1754 1951 et

171 1987 326 2055 nsum
348 1986 545 2044 tollere
572 1995 849 2057 peccatum
875 1988 1084 2056 mundi,
1118 1999 1246 2045 tunc
1275 1991 1388 2056 ait,
1418 1989 1548 2045 Ante
1570 2005 1651 2044 me
1677 1991 1759 2065 fa.

169 2087 264 2133 ctus
283 2088 392 2144 est:
418 2079 717 2136 ostendens
737 2079 891 2147 Illud,
920 2081 1072 2149 Ante,
1101 2082 1178 2137 sic
1208 2081 1584 2151 explicandum
1615 2096 1758 2147 esse,

169 2169 294 2239 quod
337 2170 491 2226 tollat
541 2179 760 2242 peccata
793 2171 1000 2240 mundi,
1041 2171 1184 2242 quod
1215 2171 1448 2243 baptizet
1476 2171 1528 2226 in
1557 2172 1760 2242 Spiritu

169 2266 352 2316 saneto.
379 2259 666 2318 Adventus
690 2262 889 2334 quippe
911 2276 1063 2317 meus
1085 2261 1214 2317 nihil
1243 2262 1362 2331 plus
1388 2262 1572 2318 habuit
1598 2277 1757 2333 quam

169 2350 292 2419 quod
329 2367 678 2408 communem
718 2352 865 2410 orbis
895 2351 1292 2410 benefactorem
1317 2353 1719 2423 prtedieaverim
1740 2395 1754 2418 ,

168 2453 212 2498 et
233 2444 364 2514 quod
391 2445 722 2516 baptismum
762 2462 916 2519 aqua:
961 2446 1422 2512 ministraverim;
1467 2444 1628 2518 hujus
1657 2463 1756 2503 au-

170 2543 259 2591 tem
287 2535 552 2594 adventus
582 2552 721 2610 opus
745 2536 870 2595 illud
889 2548 992 2606 est,
1011 2547 1243 2611 purgare
1272 2539 1516 2596 homines
1540 2554 1752 2607 omnes,

168 2625 405 2684 Paraeleti
429 2630 806 2700 operationem
838 2630 1041 2702 largiri.
1067 2631 1164 2687 Hic
1191 2631 1320 2686 Ante
1348 2647 1430 2687 me
1458 2632 1621 2702 factus
1639 2641 1755 2697 est;

168 2719 210 2774 id
232 2731 322 2788 est,
351 2737 438 2780 me
462 2723 668 2780 clarior
694 2724 959 2795 apparuit,
991 2724 1125 2792 Quia
1153 2726 1294 2796 prior
1334 2742 1413 2780 me
1457 2735 1584 2780 erat.
1617 2726 1756 2782 Eru-

167 2809 362 2868 bescant
406 2815 441 2868 ii
494 2814 590 2883 qui
623 2814 770 2869 Pauli
818 2814 1155 2871 Samosatcni
1197 2816 1442 2871 insanum
1511 2832 1749 2874 errorem

165 2917 426 2975 suscepere
453 2906 557 2979 (a),
579 2907 670 2978 qui
693 2916 797 2963 tam
832 2917 1075 2980 apertam
1104 2918 1415 2980 oppugnant
1441 2910 1746 2967 veritatem.

165 2995 238 3052 5i.
269 2998 330 3053 Et
346 3017 438 3072 ego
467 3002 751 3057 nesciebam
775 3019 909 3057 eum.
941 3002 1074 3058 Vide
1093 3018 1200 3074 quo
1230 3011 1384 3072 pacto
1408 3018 1622 3086 omnem
1646 3003 1749 3060 hoc

166 3090 446 3147 testimonio
472 3088 692 3147 auferat
733 3093 1119 3163 suspicionem,
1153 3090 1447 3149 ostendens
1477 3093 1607 3147 illud
1639 3109 1745 3149 non

165 3193 218 3234 ex
237 3181 454 3238 humana
475 3184 650 3255 gratia
679 3193 733 3239 et
777 3185 1033 3250 amicitia,
1083 3184 1176 3240 sed
1219 3200 1283 3242 es
1315 3184 1494 3240 divina
1542 3187 1748 3241 revela-

167 3269 288 3328 liono
311 3272 600 3344 proﬁcisci.
634 3273 747 3347 Ego
771 3276 1056 3332 nesciebam
1084 3293 1217 3342 eum,
1245 3276 1436 3348 inquit.
1463 3276 1745 3345 Quomodo

165 3379 272 3436 ergo
301 3366 401 3424 Ilde
419 3367 620 3439 dignus
648 3367 801 3424 testis
829 3366 1042 3424 fueris?
1085 3368 1360 3440 quomodo
1401 3370 1534 3424 alios
1579 3369 1743 3425 doce-

166 3455 252 3523 bis,
277 3459 317 3515 si
345 3459 456 3531 ipso
479 3460 740 3530 ignores?
770 3459 886 3516 Non
935 3459 1092 3525 dixit,
1124 3460 1244 3516 Non
1269 3461 1393 3516 novi
1417 3461 1588 3529 illum,
1623 3461 1739 3528 sed,

168 3545 432 3606 Neseiebam
455 3569 616 3620 eum;
647 3553 718 3607 ita
765 3562 821 3608 ut
848 3552 974 3609 hinc
1020 3553 1257 3609 maxime
1287 3552 1394 3608 ﬁde
1421 3552 1615 3625 dignus
1643 3569 1741 3626 ap-

165 3651 336 3707 pareat.
364 3643 484 3714 Quo
533 3655 694 3716 pacto
719 3645 862 3701 enim
891 3647 943 3700 in
973 3644 1091 3716 ejus
1118 3646 1370 3716 gratiam,
1402 3661 1560 3716 quem
1590 3648 1741 3718 igno-

165 3731 323 3799 rabat,
351 3734 608 3807 loquutus
639 3734 834 3792 fuerit?
874 3735 983 3792 Sed
1006 3745 1061 3791 ut
1085 3735 1436 3807 manifestetur
1463 3739 1518 3792 in
1549 3737 1737 3806 Israel,

165 3820 256 3876 ideo
288 3826 394 3880 sesi
418 3826 686 3898 baptisans
729 3829 782 3882 in
821 3843 973 3899 aqua.
1001 3826 1118 3883 Non
1146 3842 1275 3900 ergo
1300 3828 1390 3885 ille
1417 3829 1738 3900 baptismate

165 3925 277 3981 opus
298 3915 556 3985 habebat;
611 3934 790 3991 neque
842 3918 946 3974 alia
985 3919 1054 3975 de
1094 3934 1254 3976 causa
1297 3920 1569 3976 lavacrum
1607 3922 1734 3978 illud

164 4015 377 4071 paratum
401 4007 599 4074 fuerat,
635 4023 792 4079 quam
836 4019 896 4064 ut
923 4010 1173 4065 omnibus
1217 4009 1284 4066 ad
1330 4010 1527 4067 Christi
1575 4010 1732 4067 [idem

163 4095 279 4152 viam
301 4107 584 4156 sterneret.
613 4099 731 4156 Non
756 4101 901 4157 enim
931 4101 1088 4169 dixit,
1118 4101 1192 4159 Ut
1229 4101 1530 4173 baptizatos
1570 4120 1734 4176 puros

163 4185 372 4257 reddam,
395 4205 595 4263 neque,
616 4191 952 4262 Baptisatum
995 4193 1138 4262 veni,
1168 4202 1283 4249 uta
1316 4196 1552 4265 peccatis
1594 4196 1731 4252 libe-

164 4290 296 4343 rem:
333 4281 446 4350 sed,
511 4281 584 4338 Ut
629 4283 979 4354 manifestetur
1024 4286 1078 4339 in
1127 4284 1314 4341 Israel.
1363 4288 1501 4355 Quid
1549 4289 1729 4354 enim,

160 4369 436 4435 qmotan
473 4373 593 4430 sine
631 4372 953 4445 baptismate
993 4390 1099 4432 non
1128 4376 1325 4433 licebat
1355 4378 1648 4448 praedicare
1677 4388 1733 4437 e‘t

161 4462 379 4531 populum
399 4466 709 4522 attrahere?
733 4467 929 4524 Verum
957 4484 1063 4526 non
1097 4469 1150 4525 id
1183 4471 1253 4526 ita
1285 4470 1443 4528 facile
1475 4473 1590 4529 ﬁeri
1627 4490 1724 4544 po-

161 4557 274 4606 terat
293 4553 330 4608 ι.
359 4553 544 4628 Neque
574 4556 718 4612 enim
755 4557 826 4613 ita
850 4560 1251 4616 concurrissent
1279 4576 1488 4631 omnes,
1517 4563 1560 4618 si
1589 4580 1726 4633 pra:~

162 4639 327 4702 dit-alio
359 4647 478 4704 sine
530 4648 850 4720 baptismate
897 4650 1122 4718 fuisset;
1175 4669 1274 4709 nec
1327 4657 1728 4725 comparatione

160 4729 270 4790 facta
288 4738 398 4808 ejus
419 4735 883 4811 praeminentiam
905 4741 1272 4799 edidicissent.
1297 4743 1570 4815 Siquidem
1591 4746 1728 4800 mul-

161 4825 302 4886 titudo
326 4835 524 4900 exibat,
559 4850 666 4890 non
696 4843 752 4889 ut
775 4850 894 4907 quae
930 4835 1145 4893 dicebat
1175 4837 1385 4893 audiret
1420 4857 1431 4892 :
1469 4839 1563 4893 sed
1590 4835 1724 4895 cur?

160 4913 214 4974 Ut
255 4925 562 4983 condientes
613 4935 830 4998 peccata
881 4927 1304 4999 baptizarentur.
1361 4929 1724 4988 Advenientes

159 5018 303 5068 autem
323 5029 436 5086 qua:
466 5015 534 5072 ad
559 5015 836 5074 Christum
858 5020 1177 5090 spectabant
1205 5020 1558 5088 docebantur,
1590 5038 1721 5079 nec-

159 5112 243 5158 non
278 5103 524 5180 baptismi
566 5106 944 5166 differentiam.
1001 5110 1100 5167 Hic
1142 5113 1285 5168 enim
1337 5123 1454 5169 erat
1496 5115 1722 5172 Judaieo

159 5201 494 5266 Dmuntior;
543 5198 772 5271 ideoque
813 5217 1002 5258 omnes
1042 5205 1394 5262 occurrebant
1427 5222 1440 5258 :
1483 5215 1719 5263 attamen

158 5279 226 5339 hic
247 5285 525 5360 baptismus
555 5292 904 5364 imperfectus
924 5305 1059 5351 erat.
1106 5296 1391 5365 Quomodo
1428 5298 1591 5369 igitur
1628 5315 1720 5382 co-

159 5376 348 5442 gnovisti
395 5383 562 5440 eum?
615 5383 719 5439 Per
761 5383 1079 5442 descensum
1126 5387 1377 5457 Spiritus.
1406 5389 1598 5460 inquit.
1637 5378 1718 5447 Ne

160 5466 253 5532 Quis
270 5482 436 5531 autem
466 5475 592 5532 hinc
621 5476 915 5546 existimet,
947 5479 1100 5536 illum
1147 5480 1348 5552 Spiritu
1397 5484 1632 5554 eguisse,
1658 5495 1716 5541 ut

161 5567 237 5612 ιω
259 5575 481 5636 egemus,
509 5566 633 5623 audi
659 5569 929 5641 quomodo
959 5569 1096 5628 hanc
1116 5588 1330 5647 quoque
1353 5577 1712 5647 suspicionem

207 5669 479 5779 (afﬁciant
501 5673 674 5724 Paulus
694 5683 1038 5746 samosatenus
1061 5674 1238 5727 Filium
1274 5678 1456 5730 nullam
1487 5680 1713 5746 hypoca-

163 5727 221 5779 τι
357 5747 453 5779 me
481 5743 744 5779 anteanam
777 5748 843 5779 ex
867 5742 1007 5779 uaria
1042 5749 1345 5779 man-rmian

209 5742 221 5779 l
246 5742 453 5786 esbatae
481 5743 744 5798 antequam
777 5748 844 5784 ex
867 5742 1009 5786 uaria
1041 5749 1346 5792 nasceretur.
1523 5742 1536 5746 '
1552 5742 1567 5746 ἡ

321 5801 604 5874 quibusdam
631 5801 841 5874 legitur,
865 5816 927 5853 an
945 5803 1049 5856 sine
1463 5816 1512 5862 et
1547 5822 1702 5874 popu-

163 5849 238 5905 ιιι
259 5849 841 5930 τακτιἼᾶεὲῖᾶὺῶἱῖ
854 5849 1178 5931 suasua:

441 5957 715 6026 Peraea.
763 5965 880 6027 Cn.
924 5967 1085 6036 LIX.

1331 407 1397 464 IN
1435 406 1748 465 JOANNEM
1786 405 2014 465 HOMIL.
2059 409 2219 468 XVII.
2263 414 2334 468 al.
2379 413 2518 470 XVI.

3403 425 3508 483 “0

1891 535 2159 593 amoveat,
2187 529 2481 588 ostendens
2505 530 2736 603 Spiritus
2760 533 3080 591 descensum
3107 535 3174 591 ad
3209 538 3505 606 [medican-

1889 619 2017 698 dum
2046 620 2322 677 Christum
2345 616 2689 682 solummodo
2716 620 2905 684 fuisse.
2934 624 3069 685 Cum
3091 621 3316 688 dixisset
3335 637 3503 702 enim.

1888 701 1960 766 Et
1988 730 2079 785 ego
2109 731 2211 770 non
2233 714 2598 789 cognoscebam
2619 735 2757 787 eum,
2785 720 3096 793 subiunxit:
3123 724 3231 780 Sed
3259 728 3350 798 qui
3371 701 3501 784 misit

1888 821 1968 859 me
1989 806 2252 877 baptizare
2272 809 2326 866 in
2355 826 2513 881 aqua,
2534 811 2626 866 ille
2649 813 2780 868 mihi
2805 814 2940 870 dicit
2980 831 3002 870 :
3048 816 3219 889 Super
3244 835 3393 890 quem
3432 825 3502 876 vi-

1887 891 2022 952 deris
2050 897 2307 970 Spiritum
2326 901 2728 968 descendentem,
2771 913 2820 960 et
2858 917 3148 963 manentem
3170 926 3325 978 super
3346 928 3461 966 eum
3486 946 3500 978 δ

1871 987 1973 1056 ille
2001 999 2075 1043 est
2096 992 2185 1060 qui
2201 992 2426 1062 baptizat
2471 995 2524 1049 in
2581 995 2785 1067 Spiritu
2831 998 3028 1054 sancto.
3058 986 3254 1057 Viden‘
3299 999 3366 1060 ad
3401 1005 3503 1060 hoc

1883 1081 2098 1140 venisse
2123 1081 2382 1152 Spiritum
2409 1097 2679 1153 sanetum,
2725 1098 2785 1144 ut
2810 1087 3086 1145 Christum
3142 1091 3501 1151 ‘oslenderet?

1883 1159 2020 1229 Erat.
2048 1175 2261 1247 quippe
2307 1179 2468 1235 etiam
2520 1179 2746 1237 Joannis
2793 1181 3159 1239 testiinonium
3191 1186 3498 1256 suSpicione

1882 1279 2128 1321 vacuum.
2162 1267 2234 1324 Ut
2260 1280 2445 1327 autem
2488 1273 2620 1328 illud
2652 1273 2755 1330 [ide
2807 1266 3024 1346 dignius
3079 1275 3362 1332 exhiberet
3384 1319 3402 1345 ,
3425 1279 3496 1334 ad

1882 1355 2053 1413 Deum
2080 1346 2296 1416 reduxit
2338 1369 2394 1418 et
2438 1364 2506 1420 ad
2544 1366 2804 1436 Spiritum
2846 1377 3114 1423 sanctum.
3162 1368 3298 1436 Quia
3347 1370 3494 1427 enim

1876 1438 2111 1508 Joannes
2161 1440 2280 1510 rem
2329 1463 2551 1524 tantam,
2602 1459 2710 1513 tam
2755 1459 3125 1516 admirandam
3157 1463 3490 1533 praedicavit,

1875 1556 1998 1612 quae
2028 1554 2210 1614 posset
2233 1545 2507 1604 auditores
2531 1564 2724 1606 omnes
2781 1552 2834 1606 in
2873 1556 3148 1624 stuporem
3181 1551 3487 1625 conjicere;

1874 1649 2070 1708 nempe
2085 1626 2228 1709 quod
2256 1640 2371 1711 ipse
2398 1632 2546 1697 solus
2571 1627 2720 1700 orbis
2747 1649 2967 1714 peccata
3013 1645 3193 1701 omnia
3235 1648 3447 1704 tolleret
3464 1691 3485 1713 ,

1871 1734 1928 1782 et
1952 1715 2097 1799 quod
2121 1728 2250 1784 doni
2278 1733 2593 1802 magnitudo
2612 1733 2681 1790 ad
2705 1743 2906 1791 tantam
2927 1727 3356 1808 redemptionem
3375 1730 3489 1796 snt-

1873 1817 2060 1876 ﬁceret
2093 1836 2108 1875 :
2140 1819 2281 1878 hanc
2319 1823 2538 1879 demum
2576 1828 2899 1883 sententiam
2936 1828 3136 1884 firmat.
3178 1819 3484 1888 Conﬁrmas

1871 1917 1961 1965 tur
1984 1919 2166 1967 autem
2198 1927 2265 1968 ex
2296 1927 2364 1969 eo
2390 1914 2535 1985 quod
2557 1917 2629 1971 sit
2656 1917 2828 1974 Filius
2859 1919 2976 1981 Dei,
3015 1905 3160 1990 quod
3187 1937 3294 1999 non
3329 1929 3485 1994 egeat

1868 1998 2214 2070 baptismate,
2246 2012 2301 2059 et
2330 2005 2474 2076 quod
2502 2006 2624 2062 ideo
2651 2017 2858 2064 tantum
2888 2009 3119 2078 Spiritus
3162 2012 3481 2082 descendit,

1868 2099 1927 2146 nt
1957 2091 2102 2149 illum
2129 2096 2514 2153 maniiestaret.
2544 2097 2660 2154 Non
2700 2100 3040 2171 enimpenes
3076 2103 3337 2162 Joannem
3366 2117 3482 2162 erat

1867 2184 2126 2256 Spiritum
2159 2188 2310 2256 dare,
2361 2190 2503 2261 quod
2539 2191 2816 2247 declarant
2851 2193 2884 2248 ii
2909 2195 3002 2265 qui
3041 2196 3110 2251 ab
3139 2196 3258 2266 ipso
3302 2198 3480 2268 bapti-

1864 2291 2041 2339 smum
2063 2293 2406 2351 acceperant,
2425 2283 2669 2340 dicentes
2695 2302 2710 2338 :
2733 2284 2842 2340 Sed
2861 2302 3022 2357 neque
3037 2287 3082 2342 si
3102 2286 3334 2359 Spiritus
3353 2306 3480 2345 san-

1863 2377 1976 2422 ctus
2005 2378 2078 2424 est
2102 2371 2389 2428 audivimus
2410 2374 2429 2445 (
2447 2373 2562 2428 Act.
2594 2374 2685 2431 I9.
2715 2368 2816 2449 2).

1935 2459 2168 2520 Christus
2216 2463 2517 2537 baptismate
2567 2457 2792 2527 Joannis
2826 2481 2928 2527 non
2975 2462 3173 2544 egebat,
3201 2469 3291 2530 sed
3318 2474 3474 2531 Chri-

1861 2561 1939 2607 sto
1985 2551 2268 2635 Baptismu.
2338 2550 2510 2627 Quare
2558 2557 2790 2618 Joannes
2843 2563 2908 2619 Β.
2958 2566 3244 2637 frequenter
3296 2567 3432 2621 dicat
3455 2610 3471 2635 ,

1860 2633 2141 2701 nesciebam
2187 2665 2322 2705 eum.
2363 2681 2433 2690 —
2490 2652 2607 2708 Non
2661 2670 2792 2727 ergo
2854 2633 3176 2726 baptismate
3225 2633 3473 2716 Christus

1859 2734 2072 2805 egebat,
2101 2753 2208 2794 non
2241 2740 2352 2808 illo,
2395 2757 2502 2798 non
2533 2745 2671 2812 alio;
2725 2747 2820 2802 sed
2853 2749 3032 2818 potius
3075 2749 3338 2820 baptisma
3368 2767 3472 2821 po-

1859 2830 2025 2885 tentia
2082 2831 2300 2889 Christi.
2343 2834 2476 2890 Nam
2531 2837 2806 2895 residuum
2859 2850 3020 2912 caput
3066 2852 3184 2898 erat
3226 2845 3468 2900 omnium

1857 2922 2143 2994 b0norum,
2198 2936 2257 2982 ut
2303 2930 2512 2986 scilicet
2558 2932 2859 3004 baptizatus
2901 2937 3105 3008 Spiritu
3151 2952 3340 2996 sancto
3386 2940 3471 2996 di-

1854 3027 2127 3083 gnaretur.
2157 3019 2271 3076 IIoc
2306 3014 2538 3092 Spiritus
2571 3024 2772 3081 donum
2809 3028 3015 3085 addidit
3038 3030 3126 3086 ille
3152 3046 3271 3087 cum
3299 3032 3467 3089 adve—

1854 3106 1948 3160 nit.
1975 3106 2065 3162 32.
2097 3107 2168 3164 Et
2194 3112 2537 3169 testimonium
2566 3112 2819 3186 perhibuit
2842 3103 3073 3178 Joannes
3094 3117 3267 3179 dicens
3302 3139 3323 3179 :
3350 3116 3468 3180 Vidi

1854 3194 2109 3265 Spiritum
2149 3202 2534 3285 descendentem
2564 3209 2697 3261 sicut
2734 3196 3054 3280 columbam,
3093 3215 3142 3269 et
3175 3218 3465 3273 manentem

1850 3304 2005 3371 super
2024 3307 2158 3346 eum.
2193 3295 2281 3350 35.
2307 3295 2376 3349 Et
2417 3297 2526 3369 Ego
2559 3295 2840 3357 nesciebam
2879 3302 2992 3370 eum
3031 3321 3051 3359 :
3077 3291 3168 3362 sed
3200 3296 3292 3380 qui
3327 3298 3466 3368 misit

1850 3397 1930 3436 me
1956 3381 2217 3456 baptizare
2241 3389 2295 3442 in
2330 3393 2606 3470 aqua,lille
2635 3394 2764 3448 mihi
2793 3391 2926 3452 dixit
2946 3412 2966 3450 :
2989 3393 3166 3470 Super
3209 3402 3356 3473 quem
3382 3407 3462 3459 oi-

1847 3474 1983 3530 deris
2014 3474 2268 3546 Spiritum
2290 3465 2695 3552 descendentem,
2733 3483 2780 3540 et
2798 3465 3083 3562 manentem
3127 3465 3282 3561 super
3320 3511 3456 3561 eum,

1847 3567 1928 3620 hic
1951 3568 2137 3648 estqui
2162 3559 2386 3640 baptizat
2414 3572 2468 3627 in
2496 3572 2698 3644 Spiritu
2710 3559 3029 3634 sancto.i31.
3054 3579 3123 3663 βι
3151 3559 3241 3660 eqo
3261 3576 3387 3653 uidi,
3409 3559 3461 3641 et

1846 3658 2188 3712 testiinonium
2211 3660 2467 3730 perhibui,
2495 3666 2615 3731 quia
2637 3662 2722 3720 hic
2748 3677 2821 3722 est
2849 3667 3019 3723 Filias
3041 3658 3158 3725 Dei.
3185 3658 3460 3746 Frequen—

1847 3759 1928 3805 ter
1957 3751 2062 3807 hoc
2092 3753 2259 3808 utitur
2283 3755 2450 3822 dicto,
2484 3757 2787 3815 Nesciebam
2811 3778 2958 3830 eam;
2990 3753 3089 3821 nec
3117 3766 3234 3823 sine
3259 3783 3417 3825 causa
3439 3812 3455 3834 ,

1843 3840 1938 3896 sed
1967 3843 2088 3912 quia
2116 3854 2377 3916 cognatus
2403 3848 2521 3918 ejus
2549 3860 2665 3906 erat
2691 3849 2707 3884 ⁸
2730 3838 3026 3910 secundum
3055 3863 3292 3915 carnem.
3323 3851 3459 3918 Ecce

1843 3932 2089 4022 Eiisabet,
2141 3938 2337 4022 inquit.
2385 3951 2602 4010 cognata
2642 3944 2843 4011 tumet
2877 3935 2991 4017 ipsa
3021 3938 3248 4022 concepit
3288 3945 3456 4022 ﬁlium

1843 4021 1863 4113 ζ
1881 4011 2008 4078 an.
2040 4029 2090 4080 I.
2131 4016 2202 4082 36
2225 4027 2264 4097 ).
2310 4027 2389 4084 Ne
2420 4032 2693 4089 videretur
2741 4051 2872 4108 ergo
2898 4011 3244 4109 cognationis
3280 4011 3460 4113 gratia

1840 4108 2006 4187 loqui,
2043 4119 2354 4189 frequenter
2379 4122 2531 4192 dicit,
2568 4123 2874 4182 Nesciebam
2901 4108 3036 4184 eum.
3087 4133 3164 4187 Ac
3209 4108 3337 4190 vere
3377 4137 3450 4192 ita

1838 4223 1927 4264 res
1981 4224 2042 4266 se
2093 4195 2328 4268 habuit:
2364 4230 2491 4270 nam
2539 4225 2654 4274 toto
2708 4219 2831 4274 vitze
2882 4214 3127 4293 tempore
3151 4223 3203 4283 in
3233 4223 3453 4283 deserto

1838 4303 2155 4359 versabatur
2176 4314 2328 4360 extra
2358 4317 2638 4377 paternam
2667 4305 2910 4369 domum.
2934 4310 3047 4371 Cur
3074 4331 3224 4390 ergo,
3252 4320 3299 4376 sl
3325 4331 3452 4379 ante

1837 4393 2070 4465 Spiritus
2122 4397 2446 4456 descensum
2501 4419 2612 4485 non
2660 4418 2890 4463 noverat
2939 4418 3088 4476 eum,
3127 4421 3183 4467 et
3223 4413 3268 4468 si
3297 4413 3450 4471 illum

1837 4497 1964 4544 tunc
1992 4491 2222 4560 primum
2247 4496 2415 4574 novit,
2448 4505 2574 4552 ante
2600 4493 2928 4568 baptismum
2973 4500 3294 4574 prohibebat
3320 4522 3445 4562 eum

1832 4581 2038 4649 dicens,
2063 4583 2177 4656 Ego
2198 4601 2230 4639 a
2254 4575 2486 4643 teéiebeo
2523 4583 2775 4660 baptizari
2806 4592 2825 4661 (
2843 4577 3032 4648 Matth.
3065 4597 3119 4651 5.
3152 4597 3220 4652 M
3245 4597 3306 4668 )?
3334 4597 3448 4654 Hoc

1831 4676 1976 4730 enim
2010 4678 2220 4747 signum
2252 4696 2296 4733 ei
2395 4681 2671 4738 Christum
2704 4671 2805 4739 sibi
2834 4685 3004 4756 probe
3035 4697 3222 4744 notum
3257 4688 3444 4747 fuisse.

1832 4767 2034 4825 Verum
2063 4786 2171 4826 non
2201 4772 2293 4828 diu
2319 4782 2474 4840 ante;
2507 4785 2562 4831 et
2591 4775 2714 4846 jnre’
2741 4778 2980 4848 quidem.
3008 4779 3142 4836 Nam
3182 4779 3441 4841 miracula

1832 4859 1916 4913 illa
1939 4903 1952 4927 ,
2001 4877 2121 4931 qua:
2163 4861 2289 4917 dum
2336 4881 2471 4934 puer
2493 4875 2653 4947 esset
2682 4867 2844 4925 Jesus
2875 4870 3012 4927 facta
3049 4882 3210 4942 sunt,
3244 4890 3444 4947 nempe

1829 4953 1971 5009 circa
2019 4970 2206 5025 tnagos
2253 4965 2308 5012 et
2357 4944 2583 5026 similia,
2629 4962 2802 5018 multo
2823 4973 2948 5020 ante
2973 4973 3214 5035 tempore
3261 4970 3442 5024 conti-

1827 5057 2033 5116 gerant,
2071 5048 2188 5119 ipso
2212 5066 2425 5120 quoque
2445 5051 2655 5108 Joanne
2687 5055 2865 5111 adhuc
2901 5055 3105 5112 infante
3137 5075 3152 5113 :
3183 5068 3280 5130 per
3302 5053 3442 5132 mul:

1829 5147 1940 5194 tum
1991 5150 2168 5196 autem
2219 5142 2347 5196 illud
2397 5144 2541 5216 quod
2584 5145 2782 5203 abhinc
2826 5148 3131 5205 intercessit
3186 5162 3436 5223 tempus,

1827 5231 2075 5286 omnibus
2131 5241 2249 5292 crat
2288 5233 2524 5302 ignotus.
2556 5234 2690 5289 Nam
2745 5237 2790 5292 si
2842 5249 3003 5296 natus
3055 5237 3280 5308 fuisset,
3329 5254 3469 5300 nnn°

1827 5320 2067 5378 dicturus
2105 5331 2245 5390 erat,
2298 5313 2366 5379 Ut
2410 5327 2767 5398 manifesletur
2815 5327 2869 5383 in
2917 5319 3107 5398 Israel,
3157 5332 3272 5387 ideo
3326 5339 3438 5389 ueni

1823 5412 2098 5480 baptizare.

1896 5506 1948 5560 '5.
2013 5506 2146 5562 IIine
2185 5508 2359 5579 palam
2403 5513 2485 5566 est
2533 5512 2686 5584 signa
2717 5509 2801 5567 illa
2848 5529 2969 5586 qum
3029 5530 3058 5569 a
3112 5515 3330 5574 Christo
3377 5519 3431 5575 in

1824 5599 2049 5667 pueritia
2103 5600 2236 5656 facta
2292 5600 2557 5670 feruntur,
2607 5604 2738 5660 falsa
2771 5616 2882 5661 eta
2931 5607 3250 5678 quibusdam
3303 5626 3432 5665 con-

1883 5772 1903 5806 ί
1936 5773 2102 5837 Savil.,
2127 5783 2180 5826 et
2211 5769 2362 5828 Codd.
2397 5777 2523 5839 705,
2559 5779 2685 5841 706,
2719 5782 2790 5830 sic
2823 5780 3135 5833 habent......
3177 5801 3200 5830 ι
3233 5785 3428 5836 Nescie-

1819 5818 2102 5914 tangas;
2119 5818 2381 5901 ξὀἶιὶἶῖιὶ
2404 5818 2580 5893 ’ῐᾶιῖδᾰ
2592 5818 2690 5891 ."e’r
2719 5818 2800 5894 73.3
2824 5818 3433 5914 ’ἇῖἷὶἇ“’ἷὲὸῦηᾶιὶιῖ’ἓὶἓο

1821 5906 1949 5951 erat.

3009 6009 3050 6070 ἰ
