4120 6504
251 598 370 640 nutu
399 582 452 637 in
482 579 592 634 alio
611 579 638 634 ἲ
673 579 721 634 si
751 576 806 633 in
835 575 970 639 hoc,
1000 585 1120 644 qua
1148 569 1443 626 necessitas
1488 575 1548 622 ut
1583 563 1847 621 dissolva-

253 675 368 730 tur?
387 673 516 746 quid
542 672 615 728 ad
641 671 758 728 haec
786 663 1218 740 respondebitist
1242 661 1372 736 quid
1401 675 1529 716 vero
1552 660 1598 714 si
1629 658 1732 714 hoc
1753 657 1850 713 ob-

242 764 389 836 jiciat
419 781 434 818 :
467 764 582 820 Cur
611 779 720 820 non
750 759 1010 832 superiori
1053 765 1294 826 tempore
1318 751 1539 808 advenit
1563 748 1847 807 Christus?

252 872 313 912 an
340 872 481 912 nunc
509 857 751 912 humano
771 853 953 926 generi
985 849 1267 921 providere
1288 847 1462 902 visum
1490 843 1564 900 illi
1590 851 1693 909 est,
1716 852 1771 899 et
1792 843 1845 898 in

250 950 518 1021 praeterito
544 950 691 1003 omni
717 960 958 1015 tempore
978 945 1029 999 id
1052 940 1325 1013 neglexit?
1348 937 1474 1010 quid
1501 939 1546 993 si
1567 937 1667 992 alia
1689 936 1844 1007 plura

247 1040 556 1097 examinet?
594 1038 776 1109 Neque
804 1036 946 1092 enim
975 1033 1192 1105 expedit
1221 1041 1279 1085 ut
1305 1029 1501 1084 multas
1529 1028 1662 1083 alias
1691 1041 1843 1097 quat-

247 1133 443 1187 stiones
467 1130 814 1200 adjicientes,
852 1128 1172 1183 solutionem
1203 1123 1408 1178 illarum
1442 1131 1741 1186 taceamus,
1773 1133 1844 1175 ne

246 1227 357 1282 haec
383 1223 803 1296 simplicioribus
825 1227 1074 1277 noceant.
1107 1217 1244 1273 Nam
1273 1230 1393 1287 quae
1422 1213 1684 1279 diximus,
1717 1218 1844 1267 sunt

244 1319 306 1374 ad
336 1316 717 1374 excutiendum
747 1328 994 1370 somnum
1023 1320 1258 1367 vestrum
1284 1308 1436 1364 satis.
1466 1305 1604 1374 Quid
1635 1319 1764 1376 ergo
1792 1304 1838 1360 si

245 1411 352 1466 hmc
381 1417 790 1479 percontentur,
820 1421 916 1462 vos
943 1411 1122 1459 autem
1151 1417 1218 1457 ne
1254 1399 1442 1456 audire
1477 1397 1692 1469 quidem
1724 1395 1839 1453 hmc

243 1505 397 1560 verba
426 1501 687 1574 possitis?
713 1516 810 1565 an,
839 1512 1043 1570 quaeso,
1087 1496 1335 1566 exiguum
1373 1509 1474 1548 nos
1502 1501 1681 1547 manet
1707 1507 1838 1562 sup-

241 1596 473 1668 plicium,
503 1593 596 1664 qui
619 1591 932 1649 sedentibus
953 1590 1005 1644 in
1030 1587 1268 1646 tenebris
1289 1595 1435 1641 tanta
1454 1583 1655 1641 erroris
1674 1597 1834 1637 causa

241 1688 434 1742 simus?
471 1686 674 1743 Vellem
695 1725 711 1749 ,
749 1683 795 1739 si
835 1698 933 1752 per
959 1681 1126 1736 otium
1156 1689 1394 1734 vestrum
1435 1676 1647 1741 liceret,
1680 1689 1835 1731 exse-

237 1776 420 1834 crandi
445 1775 729 1850 cujusdam
759 1773 932 1831 Graeci
964 1769 1269 1844 philosophi
1302 1769 1497 1826 librum
1524 1776 1710 1824 contra
1734 1781 1835 1822 nos

240 1873 493 1943 scriptum
527 1871 633 1925 huc
657 1867 870 1933 aﬂerre,
901 1879 1110 1922 necnon
1137 1864 1358 1919 alterius
1384 1863 1542 1932 longe
1569 1860 1837 1930 antiquio-

235 1967 339 2031 ris,
377 1973 436 2021 ut
472 1964 556 2019 sic
597 1977 691 2018 vos
719 1960 1042 2023 excitarem,
1075 1965 1130 2013 et
1159 1964 1361 2012 tantam
1389 1961 1624 2010 vestram
1649 1949 1830 2024 segni-

235 2057 353 2111 tiem
378 2063 717 2111 excuterem.
745 2051 876 2108 Nam
906 2051 951 2106 si
979 2050 1086 2116 illi,
1111 2049 1180 2105 'ut
1208 2062 1305 2104 nos
1333 2048 1729 2118 impugnarent,
1758 2045 1830 2099 its

233 2149 615 2220 advigilarunt,
640 2162 744 2220 qua
767 2147 972 2204 erimus
998 2144 1143 2215 digni
1177 2143 1330 2198 venia
1350 2184 1365 2208 ,
1396 2141 1440 2196 si
1469 2140 1612 2196 illata
1642 2147 1828 2195 contra

232 2259 323 2299 nos
351 2244 454 2299 tcla
486 2243 805 2314 propulsare
847 2239 1188 2297 nesciamus!
1231 2235 1347 2305 Qua
1386 2235 1454 2291 de
1491 2248 1652 2290 causa
1698 2245 1826 2302 pro-

230 2334 366 2391 (IIICII
393 2334 624 2392 sumus?
653 2333 766 2390 Non
794 2333 947 2388 audis
976 2330 1277 2402 apostolum
1300 2328 1568 2383 dicentem
1594 2343 1609 2381 :
1643 2323 1828 2379 Parati

228 2440 375 2485 estote
408 2429 479 2484 ad
517 2429 861 2502 defensionem
891 2426 1029 2481 onmi
1071 2425 1210 2480 vobis
1247 2424 1496 2477 rationem
1533 2418 1826 2490 exposcenti

227 2529 335 2595 ejus
357 2539 471 2594 qua
497 2524 554 2577 in
585 2522 720 2577 vobis
746 2531 818 2577 est
844 2521 952 2592 spei
978 2520 1067 2587 (ι.
1103 2521 1219 2572 Pet.
1249 2517 1303 2572 5.
1333 2514 1453 2586 15).
1481 2513 1678 2570 Paulus
1699 2527 1826 2585 quo-

227 2632 323 2686 que
350 2615 546 2672 eadem
573 2616 738 2670 utitur
761 2608 1386 2668 admonitionezVerbum
1411 2607 1598 2662 Christi
1621 2605 1824 2661 inhabi-

227 2715 286 2760 tet
311 2707 360 2760 in
387 2705 527 2760 vobis
557 2704 874 2759 abundanter
901 2699 1057 2777 (Col.
1087 2702 1141 2756 ὅ.
1173 2699 1297 2769 16).
1327 2699 1432 2755 Sed
1459 2697 1584 2770 quid
1610 2697 1676 2753 ad
1705 2696 1821 2754 haec

225 2799 394 2856 dicunt
415 2799 670 2855 homines
689 2798 823 2854 fucis
843 2793 1308 2868 insipientiores‘l
1329 2792 1615 2851 Benedicta
1638 2791 1816 2848 omnis

280 2918 296 2950 ⁸
329 2916 403 2968 sic
433 2926 613 2965 omnes
644 2923 773 2974 pene
795 2916 901 2960 Mm.
936 2906 1078 2958 savii.
1117 2916 1283 2956 autem
1315 2910 1369 2955 et
1397 2903 1587 2967 Morel,
1613 2902 1817 2956 Codices

1322 451 1388 510 IN
1423 447 1734 510 JOANNEII
1772 445 2002 506 IIOIIL.
2035 447 2220 511 XVIII.
2251 455 2324 512 al.
2365 453 2526 515 XVII.

1955 569 2134 626 anima
2174 571 2429 643 simplex;
2466 581 2554 641 et,
2597 574 2699 641 Qui
2736 575 2964 633 ambulat
2988 578 3306 650 simpliciter,
3336 579 3563 636 ambulat

1954 663 2268 731 conﬁdenter
2301 662 2500 733 (Prov.
2548 666 2635 722 I0.
2676 667 2769 736 9).
2809 664 2926 724 Hoc
2963 669 3161 740 quippe
3198 681 3278 726 est
3317 667 3563 730 omnium.

1951 768 2110 810 causa
2156 755 2452 822 malorum,
2492 757 2638 828 quod
2677 757 3075 829 Scripturarum
3111 761 3431 817 testimoniis
3455 775 3559 832 op-

1953 856 2182 916 portune
2206 848 2283 902 uti
2313 849 2466 903 multi
2498 850 2762 906 nesciant.
2790 850 2973 921 Neque
2998 851 3145 907 enim
3176 850 3266 907 hic
3293 853 3558 924 insipien-

1951 947 2058 994 tem
2081 939 2346 1011 intclligit,
2379 956 2551 1011 neque
2578 941 2824 1014 ignarum
2849 943 2939 1012 qui
2963 942 3096 998 nihil
3118 946 3274 1009 sciat,
3303 944 3399 1000 sed
3428 959 3556 1000 eum

1949 1034 2037 1104 qui
2066 1049 2168 1090 nec
2188 1033 2487 1106 improbus,
2510 1051 2610 1091 nec
2630 1044 2879 1092 versutus
2901 1035 2993 1105 sit,
3017 1034 3113 1092 sed
3135 1035 3392 1106 prudens.
3417 1034 3552 1092 Nam

1948 1127 1992 1180 si
2025 1140 2114 1182 res
2140 1125 2210 1181 ita
2240 1127 2456 1194 esset‘,
2496 1125 2692 1182 frustra
2723 1128 2996 1183 diceretur
3023 1144 3039 1182 :
3067 1125 3247 1184 Estote
3280 1128 3554 1198 prudentes

1943 1219 2074 1272 sicut
2101 1228 2386 1286 serpentes,
2424 1228 2473 1274 et
2500 1219 2755 1290 simplices
2779 1221 2911 1276 sicut
2934 1218 3182 1276 columba:
3205 1219 3429 1295 (Matth.
3461 1222 3548 1277 I0.

1948 1306 2075 1377 16).
2107 1309 2214 1365 Sed
2244 1309 2370 1380 quid
2403 1311 2517 1367 hac
2545 1311 2682 1366 ultra
2714 1326 3122 1383 persequamur,
3151 1313 3220 1368 ad
3259 1312 3393 1369 nihil
3420 1328 3551 1385 pro-

1943 1400 2160 1456 futura?
2197 1402 2404 1458 Praeter
2443 1418 2506 1459 ea
2545 1404 2689 1458 enim
2729 1419 2850 1476 qua:
2891 1403 2999 1473 jam
3036 1403 3179 1460 dicta
3237 1413 3400 1470 sunt,
3445 1404 3548 1462 alia

1942 1510 2152 1566 quoque
2191 1495 2259 1550 ad
2295 1511 2474 1552 mores
2500 1505 2554 1552 et
2585 1498 2707 1552 vita:
2737 1497 3035 1551 institutum
3072 1497 3368 1566 spectantia
3408 1500 3548 1555 male

1940 1598 2199 1663 geruntur
2220 1603 2249 1640 a
2275 1587 2452 1644 nobis.
2481 1587 2681 1645 Verum
2708 1588 2942 1659 undique
2967 1584 3186 1655 miseri,
3213 1589 3452 1662 undique
3474 1592 3551 1646 ri-

1939 1680 2099 1737 diculi
2127 1696 2347 1748 sumus;
2378 1695 2441 1738 ac
2465 1697 2684 1753 semper
2706 1683 2874 1752 parati
2899 1682 2966 1738 ad
2990 1683 3124 1740 alios
3148 1684 3542 1756 coarguendos,

1939 1790 2134 1847 segnes
2159 1791 2347 1832 sumus
2371 1776 2439 1832 ad
2469 1791 2531 1832 ea
2558 1776 2875 1850 corrigenda
2912 1793 3033 1850 qua:
3069 1778 3124 1833 in
3163 1779 3319 1833 nobis
3358 1777 3546 1835 redar-

1937 1877 2191 1939 guuntur.
2219 1869 2613 1938 Quamobrem,
2645 1869 2897 1938 obsecro,
2926 1869 3083 1925 nobis
3109 1869 3325 1926 tandem
3361 1877 3541 1926 alten-

1935 1959 2147 2026 dentes,
2176 1975 2245 2015 ne
2271 1960 2325 2015 in
2355 1960 2776 2031 reprehensione
2802 1961 3024 2032 gradum
3053 1960 3329 2018 sistamus.
3355 1961 3543 2034 Neque

1935 2053 2081 2106 enim
2125 2050 2227 2106 hoc
2265 2059 2348 2106 est
2383 2051 2451 2106 ad
2493 2052 2660 2107 Deum
2704 2052 3020 2123 placandum
3053 2053 3220 2120 satis;
3249 2053 3343 2110 sed
3374 2055 3539 2111 etiam

1933 2143 2191 2214 optimam
2233 2144 2286 2198 in
2326 2145 2577 2201 omnibus
2619 2146 2970 2201 mutationem
3018 2145 3279 2203 exhibere
3322 2146 3543 2203 studea-

1933 2252 2073 2302 mus,
2106 2245 2164 2292 ut
2189 2237 2256 2292 ad
2289 2237 2512 2307 gloriam
2543 2236 2636 2293 Dei
2678 2238 2838 2294 vitam
2866 2248 3118 2311 agentes.
3147 2247 3202 2296 et
3228 2239 3328 2310 ipsi
3359 2237 3551 2297 futura.

1930 2329 2099 2400 gloria
2125 2328 2400 2396 fruamur;
2433 2346 2592 2401 quam
2621 2347 2720 2387 nos
2748 2346 2940 2387 omnes
2963 2332 3179 2403 assequi
3221 2331 3545 2403 conlingat.~

1928 2420 2098 2492 gratis
2123 2430 2178 2476 et
2202 2419 2528 2491 benignitate
2557 2421 2766 2478 Domini
2795 2424 2964 2480 nostri
2998 2421 3126 2480 Jcsu
3165 2421 3363 2480 Christi
3389 2465 3405 2489 ,
3445 2423 3534 2479 cui

1927 2512 2097 2586 gloria
2125 2522 2180 2571 et
2209 2514 2492 2585 imperium
2520 2514 2571 2570 in
2603 2515 2800 2572 smcula
2827 2517 3171 2573 saeculorum.
3203 2517 3396 2575 Amen.

1927 2760 2022 2828 705
2053 2769 2107 2813 et
2135 2763 2231 2828 706
2260 2765 2438 2825 secuti,
2462 2763 2640 2828 legunt
2671 2763 2937 2828 segniores,
2964 2778 3071 2828 pro,
3097 2763 3464 2828 imlﬁentiares.

1935 2837 1937 2839 ‘
1992 2827 2009 2858 ι
2047 2826 2236 2889 μοι-ειη
2261 2828 2432 2888 habet,
2463 2826 2559 2878 nisi
2582 2841 2662 2879 res
2690 2827 2761 2879 ita
2789 2841 2843 2879 se
2872 2826 3090 2880 haberet.
3118 2826 3262 2878 Savtl.
3287 2834 3452 2878 autem
3477 2834 3529 2880 et

1924 2897 2029 2940 Mss.
2054 2887 2242 2940 habent
2269 2895 2326 2940 ut
2359 2890 2407 2940 in
2442 2898 2603 2954 textu,
2627 2898 2678 2942 et
2710 2892 2778 2941 ita
2808 2889 2934 2956 legit
2965 2891 3138 2942 Franc.
3164 2889 3415 2942 Aretlnus.

222 3011 3523 3038 Mm

1575 3081 1930 3148 ΗοΜιιυι
1964 3087 2202 3152 XVIII.

222 3247 300 3305 35.
338 3248 515 3303 Altera
545 3246 628 3301 die
649 3245 831 3300 iterum
867 3243 1032 3298 stabat
1059 3239 1322 3302 Joannes,
1368 3245 1416 3290 et
1442 3253 1504 3291 ex
1545 3231 1811 3303 discipulis

286 3344 389 3411 ejus
414 3342 540 3396 duo.
564 3339 656 3395 56.
681 3337 747 3393 Et
767 3337 1040 3406 respiciens
1054 3332 1234 3389 Iesum
1261 3329 1624 3391 ambulantem,
1653 3326 1812 3381 dicit:

286 3437 413 3491 Ecce
431 3453 600 3507 agnus
630 3433 742 3488 Dei.
767 3434 856 3489 37.
894 3430 959 3485 Et
980 3429 1253 3484 audieth
1279 3440 1394 3481 eum
1435 3423 1536 3478 duo
1566 3419 1806 3491 discipuli

286 3527 570 3596 loquentem
585 3567 598 3590 ,
621 3531 668 3579 et
694 3523 886 3594 sequuti
915 3530 1030 3576 sunt
1054 3517 1093 3574 Ι
1095 3535 1253 3574 esum.

285 3621 332 3674 l.
373 3618 600 3690 Propter
641 3616 902 3688 segnitiem
950 3621 1145 3668 natura:
1185 3612 1421 3665 humana:
1445 3607 1620 3662 eadem
1646 3606 1811 3661 moni-

225 3721 267 3766 ta
285 3713 464 3783 sepius
506 3710 785 3781 repetenda
823 3718 962 3763 sunt.
1003 3705 1106 3761 Cur
1145 3704 1376 3760 Joannes
1419 3702 1576 3774 Bapt.
1628 3701 1807 3756 eadem

221 3805 319 3874 ipsa
359 3804 617 3858 ntultoties
652 3798 1214 3869 loquatur.—Segnis
1265 3797 1422 3866 plane
1465 3783 1550 3850 est
1610 3792 1806 3848 buma-

224 3913 282 3951 na
333 3909 541 3962 natura,
595 3904 652 3952 et
699 3894 765 3949 ad
813 3892 1104 3965 perniciem
1165 3905 1329 3961 prona
1360 3930 1374 3955 ,
1429 3904 1536 3944 non
1581 3903 1659 3950 ex,
1693 3887 1810 3956 ipsa,

225 3999 412 4046 natura:
458 3989 806 4050 conditione,
841 3985 936 4042 sed
963 4001 1030 4040 ex
1071 3983 1366 4039 voluntatis
1396 3981 1603 4054 ignavia
1635 3999 1648 4035 :
1677 3995 1808 4052 qna-

222 4093 427 4152 propter
464 4082 634 4138 multa
674 4093 810 4151 Opus
856 4075 1028 4144 habet,
1060 4075 1382 4134 monitione.
1437 4074 1562 4130 Ideo
1607 4073 1808 4129 Paulus

223 4172 642 4246 Pbilippensibus
687 4171 930 4232 scribens
977 4168 1194 4234 dicebat
1239 4185 1253 4223 :
1303 4167 1500 4221 Eadem
1562 4165 1803 4231 scribere,

223 4266 332 4319 mihi
353 4266 559 4336 quidem
579 4282 688 4330 non.
702 4280 878 4336 grave,
909 4263 1046 4317 rubis
1065 4271 1233 4319 autem
1258 4271 1418 4318 tutum
1446 4261 1464 4332 (
1490 4259 1725 4329 Philipp.
1748 4259 1802 4313 5.

224 4358 291 4427 l).
320 4358 447 4428 Nam
475 4367 620 4414 terra
660 4357 873 4427 quidem
899 4355 1065 4411 semel
1093 4363 1342 4424 suscepto
1365 4352 1592 4418 semine,
1624 4350 1804 4407 statim

227 4450 412 4506 [ructus
441 4450 647 4521 profert
671 4490 689 4518 ,
716 4463 892 4518 neque
921 4448 1086 4503 altera
1109 4455 1229 4516 eget
1258 4447 1468 4502 satione
1501 4463 1514 4501 :
1548 4445 1598 4500 in
1622 4445 1803 4500 anima

221 4551 382 4608 autem
414 4553 600 4610 nostra
633 4556 738 4596 non
775 4541 845 4596 ita
887 4556 976 4596 res
1002 4555 1062 4596 se
1094 4539 1254 4595 habet
1281 4557 1296 4605 ;
1326 4540 1419 4595 sed
1459 4539 1692 4609 optabile
1721 4546 1804 4594 est

222 4643 274 4690 ut
309 4647 590 4713 postquam
637 4633 947 4704 frequenter
981 4632 1186 4704 jactum
1235 4640 1318 4688 est
1347 4647 1570 4696 semen,
1602 4642 1654 4686 et
1687 4640 1804 4701 post

223 4714 451 4800 mag-nam
483 4725 780 4789 exbibitam
811 4726 1142 4796 diligentiam
1168 4768 1181 4792 ,
1211 4726 1381 4781 semel
1410 4725 1599 4780 saltem
1633 4726 1803 4795 possit

223 4821 432 4883 fructum
459 4822 729 4890 excipere.
761 4819 941 4873 Primo
984 4817 1199 4889 quidem
1227 4834 1351 4889 qua:
1396 4817 1650 4872 dicuntur
1694 4833 1800 4884 non

223 4911 360 4971 facile
380 4915 764 4988 imprimuntur
783 4912 836 4966 in
861 4911 1099 4966 animum
1123 4950 1138 4975 ,
1170 4910 1310 4980 quod
1341 4910 1505 4965 multa
1531 4908 1801 4965 substrata

220 5005 281 5060 sit
332 5005 594 5071 durities,
644 5005 941 5060 innumeris
991 5001 1163 5071 spinis
1232 5002 1542 5059 obstruatur
1581 5001 1796 5069 anima,

222 5098 511 5172 multosque
540 5097 882 5153 insidiatores
927 5095 1124 5152 habeat
1149 5095 1237 5165 qui
1283 5109 1465 5149 semen
1511 5095 1798 5164 abripiant.

225 5191 405 5249 Deinde
435 5202 718 5264 postquam
754 5190 976 5246 inﬁxum
1009 5205 1196 5246 semen
1236 5188 1444 5244 radices
1469 5189 1676 5259 egerit,
1706 5203 1802 5244 ea-

221 5282 328 5340 dem
356 5296 438 5342 est
476 5298 613 5356 Opus
639 5282 913 5355 diligentia
942 5323 960 5351 ,
1002 5291 1062 5338 ut
1103 5283 1168 5338 ad
1201 5281 1436 5352 vigorem
1485 5281 1801 5351 perveniant

223 5376 404 5432 semina
429 5419 449 5443 ,
478 5376 753 5445 illatasque
779 5383 1069 5440 maneant,
1105 5389 1280 5444 neque
1310 5373 1574 5428 laedantur
1596 5373 1664 5428 ab
1699 5374 1801 5430 ali-

224 5481 333 5536 quo.
357 5469 410 5523 In
443 5467 740 5523 seminibus
773 5467 917 5522 enim
943 5481 1067 5522 cum
1105 5466 1249 5536 spica
1283 5465 1520 5536 perfecta
1546 5465 1798 5523 virtutem

225 5571 354 5614 suam
384 5560 588 5628 accepit
607 5600 625 5625 ,
671 5566 862 5613 aestum
889 5566 1218 5628 ceterasque
1245 5568 1426 5628 pestes
1452 5559 1750 5614 contemnit
1779 5575 1792 5614 :

226 5648 271 5706 lu
307 5649 637 5723 dogmatibus
674 5665 804 5706 vero
851 5665 956 5705 non
988 5651 1108 5715 sic;
1156 5651 1249 5707 sed
1291 5661 1573 5723 postquam
1622 5660 1793 5714 totum

226 5752 339 5808 opus
368 5742 667 5812 impensum
692 5748 816 5806 est,
845 5741 1231 5812 superveniens
1261 5743 1432 5798 hiems
1462 5759 1525 5799 ac
1580 5753 1791 5815 tempe-

232 5839 341 5901 stas,
366 5833 678 5900 difﬁcultate
711 5842 1143 5907 pmoccupatitc,
1164 5844 1219 5893 et
1238 5834 1589 5900 fraudulentis
1622 5837 1796 5896 homi-

1921 3238 2079 3295 nibus
2106 3240 2504 3312 insidiantibus,
2527 3244 2909 3315 ingruentibus
2920 3245 3084 3301 variis
3101 3245 3528 3317 .tontationihus,

1920 3345 2091 3393 totum
2116 3336 2492 3394 labefactatur.
2521 3337 2651 3394 litae
2677 3353 2977 3410 porronon
3016 3339 3135 3396 sine
3159 3353 3321 3396 causa
3358 3353 3388 3394 a
3419 3354 3525 3396 no-

1916 3431 2000 3488 bis
2029 3430 2171 3488 dicta
2201 3440 2372 3498 sunt;
2419 3431 2524 3488 sed
2544 3438 2601 3486 ut
2638 3431 2962 3488 domandis
3012 3429 3278 3488 Joannem
3327 3429 3523 3488 eadem

1918 3527 2033 3598 ipsa
2065 3537 2399 3599 repetentem
2421 3568 2436 3590 .
2470 3542 2538 3584 ne
2566 3527 2719 3599 quasi
2751 3540 3012 3598 nugaeem
3043 3525 3271 3582 damnes
3296 3566 3312 3591 ,
3347 3540 3524 3613 neque

1917 3620 2130 3677 inanem
2170 3634 2533 3676 onerosumve
2570 3619 2870 3676 existimes.
2905 3618 3174 3676 Volnisset
3200 3620 3398 3690 quippe
3435 3631 3553 3680 ses.

1915 3715 2024 3770 mel
2051 3715 2299 3786 loquutus
2343 3713 2515 3769 audiri
2544 3732 2557 3770 :
2587 3712 2713 3783 quia
2755 3727 2888 3769 vero
2929 3726 3036 3767 non
3063 3711 3218 3768 multi
3251 3719 3405 3767 erant
3427 3711 3520 3782 qui

1914 3807 2074 3863 dictis
2099 3808 2283 3862 statim
2314 3807 2661 3862 attenderem
2693 3805 2765 3860 ob
2794 3803 3220 3862 somnolentiam
3246 3846 3262 3872 ,
3292 3803 3546 3875 repetita.

1916 3915 2048 3957 voce
2078 3900 2202 3956 illos
2228 3899 2609 3971 expergefacit.
2653 3897 2772 3954 iam
2800 3898 2887 3953 hic
2916 3895 3137 3954 attende
3163 3914 3178 3951 :
3207 3895 3383 3964 dixit,
3418 3894 3522 3963 Qui

1915 4005 2028 4067 post
2054 4011 2135 4049 me
2157 3994 2311 4061 venit,
2343 4003 2462 4048 ante
2486 4009 2566 4047 me
2593 3993 2760 4064 factus
2787 4001 2902 4056 est;
2932 4000 3009 4058 et,
3044 3989 3167 4046 Non
3194 4007 3306 4046 sum
3332 3989 3520 4062 dignus

1912 4089 2105 4144 soluere
2133 4087 2407 4158 corrigiam
2437 4086 2767 4141 calceameuti
2785 4084 2897 4157 ejus
2921 4101 2939 4149 ;
2968 4094 3022 4141 et
3045 4125 3061 4150 ,
3092 4081 3213 4153 Ipse
3239 4097 3326 4136 vos
3354 4081 3522 4152 bapti-

1911 4180 2047 4235 zabit
2074 4181 2126 4234 in
2166 4179 2366 4250 Spiritu
2392 4189 2566 4233 sancto
2593 4188 2639 4233 et
2660 4178 2766 4249 igni
2789 4176 3003 4248 (Matth.
3035 4177 3090 4232 5.
3123 4175 3236 4243 Il),
3269 4171 3520 4244 quodque

1913 4273 2106 4330 viderit
2152 4271 2412 4344 Spiritum
2459 4270 2876 4326 descendentem
2915 4266 3056 4324 sicut
3074 4266 3377 4322 columbam
3408 4307 3422 4330 ,
3459 4275 3519 4323 et

1912 4376 2219 4423 manentem
2248 4380 2413 4435 super
2440 4377 2600 4430 eum;
2638 4373 2694 4419 et
2740 4363 3057 4419 testiﬁcatus
3094 4371 3178 4418 est
3215 4359 3356 4432 quod
3397 4358 3514 4428 ipse

1911 4468 2055 4517 esset
2081 4458 2248 4514 Filius
2288 4459 2422 4514 Dei:
2468 4472 2625 4512 nemo
2669 4456 2936 4517 attendit.
2968 4470 3129 4510 nemo
3168 4453 3518 4525 interrogavit

1911 4553 1995 4608 vel
2021 4553 2174 4619 dixit,
2204 4551 2315 4607 Cur
2339 4550 2456 4606 hate
2486 4549 2743 4620 loqueris,
2770 4564 2874 4620 qua
2899 4547 2967 4604 de
2995 4563 3156 4604 causa
3177 4555 3234 4607 et
3257 4547 3465 4608 ratione
3495 4544 3519 4600 τ

1915 4646 2058 4702 Dixit
2098 4659 2311 4701 rursum
2334 4686 2349 4712 ,
2382 4641 2516 4697 Ecce
2545 4658 2710 4716 agnus
2753 4641 2851 4695 Dei
2881 4682 2896 4705 ,
2943 4642 3029 4711 qui
3075 4640 3208 4695 tollit
3253 4647 3517 4710 peccatum

1911 4738 2108 4799 ηιωιάί.
2142 4736 2326 4807 Neque
2369 4736 2449 4796 sic
2487 4735 2700 4789 illorum
2729 4735 2990 4805 ignaviam
3022 4733 3212 4804 tetigit.
3246 4731 3373 4788 Ideo
3417 4747 3514 4787 ea-

1909 4830 2032 4893 dem
2065 4830 2178 4900 ipsa
2222 4836 2468 4899 repetere
2509 4827 2719 4898 cogitur
2747 4867 2761 4892 ,
2808 4839 2874 4888 ac
2908 4825 2954 4883 si
2987 4832 3184 4880 terram
3224 4823 3514 4894 quamdam

1910 4937 2158 4993 asperam
2187 4929 2240 4976 ct
2281 4920 2472 4977 duram
2515 4917 2868 4976 renovatione
2895 4915 3210 4984 emolliret,
3256 4925 3313 4971 et
3349 4915 3518 4972 verbo

1909 5018 2060 5088 quasi
2089 5024 2270 5072 aratro
2290 5014 2568 5081 subactam
2591 5020 2827 5068 mentem
2863 5009 3146 5077 excitaret,
3169 5018 3228 5064 ut
3252 5007 3517 5080 profunde

1910 5113 2113 5173 semina
2137 5111 2362 5181 iaceret.
2401 5108 2527 5175 Ideo
2557 5121 2663 5172 non
2703 5106 2864 5177 longo
2891 5103 3329 5158 utitursermone
3348 5142 3365 5168 ,
3391 5101 3515 5173 quia

1911 5222 2078 5262 unum
2106 5213 2310 5264 tantum
2354 5201 2614 5268 curabat,
2649 5209 2707 5255 ut
2748 5200 2866 5255 illos
2885 5213 3009 5253 cum
3033 5196 3254 5253 Christo
3287 5195 3516 5266 conjun-

1909 5308 2077 5372 geret.
2104 5297 2316 5357 Sciebat
2368 5296 2512 5352 enim
2543 5294 2664 5350 illos
2685 5335 2698 5358 ,
2732 5293 2775 5348 si
2803 5291 2909 5348 hoc
2943 5289 3114 5348 semel
3144 5289 3511 5360 suscepissent

1909 5403 1962 5447 et
1991 5392 2473 5460 obtemperassent,
2507 5402 2616 5442 non
2645 5384 2783 5440 ultra
2811 5383 3120 5440 testimonio
3139 5397 3276 5454 opus
3303 5381 3513 5445 habitu-

1910 5501 1998 5540 ros
2025 5503 2038 5538 :
2069 5493 2126 5539 ut
2164 5483 2325 5538 etiam
2357 5481 2557 5538 evenit.
2590 5478 2721 5533 Nam
2752 5479 2797 5533 si
2825 5476 3149 5534 Samaritani
3176 5517 3191 5544 ,
3227 5485 3509 5546 postquam

1913 5579 2059 5633 illum
2105 5576 2431 5640 audierant,
2466 5571 2679 5628 mulieri
2726 5570 2912 5627 dicunt
2944 5589 2956 5625 :
2988 5569 3110 5625 Non
3143 5570 3258 5640 jam
3308 5576 3522 5638 propter

1911 5683 2049 5727 tuam
2076 5669 2327 5742 loquelam
2370 5666 2625 5722 credimus
2648 5683 2667 5720 :
2696 5665 2796 5736 ipsi
2839 5666 2970 5719 enim
3003 5659 3404 5730 novimus,gquia
3431 5659 3514 5712 hic

1911 5777 1983 5824 est
2007 5765 2247 5822 Salvator
2273 5761 2448 5818 mundi
2477 5759 2707 5816 Christus
2729 5758 2909 5831 (Joan.
2939 5758 2990 5818 4,
3023 5757 3138 5827 ΔΞ);
3164 5755 3334 5810 multo
3349 5754 3512 5810 citius

1912 5858 2159 5933 discipuli
2201 5856 2341 5929 capti
2390 5854 2616 5912 inissent
2653 5896 2666 5922 ,
2702 5862 2760 5909 ut
2797 5869 2981 5909 revera
3018 5851 3158 5923 capti
3203 5857 3347 5906 sunt.
3378 5849 3513 5906 Cum
