4078 6470
651 402 753 460 H5

649 518 790 572 enim
819 516 1161 573 accessissent
1188 556 1203 580 ,
1243 521 1296 568 et
1318 529 1418 568 una
1478 520 1678 567 tantum
1717 525 1936 580 vespera
1979 508 2208 570 audivis-

651 614 788 669 sent,
813 619 915 659 non
943 605 1078 659 ultra
1107 604 1171 658 ad
1209 602 1463 658 Joannem
1493 602 1692 657 reversi
1721 609 1840 656 sunt
1865 641 1880 665 ,
1911 599 2004 655 sed
2036 602 2104 653 ita
2132 599 2206 654 illi

656 693 938 759 hmserttnt,
969 702 1023 746 ut
1050 693 1267 747 Joannis
1299 694 1456 746 etiam
1495 691 1841 746 ministerium
1870 690 2164 759 acciperent
2188 730 2205 756 ,

655 784 926 851 ipsumque
967 783 1326 852 prmdicarent.
1371 783 1603 849 Invenit,
1655 783 1856 849 inquit,
1885 782 1964 834 hic
2004 783 2206 849 fratrem

653 887 798 925 suum
817 871 1089 940 Simonem,
1109 883 1152 928 et
1174 876 1288 927 dicit
1309 875 1453 945 ei.'(a)
1479 873 1525 947 [1
1533 875 1785 928 nvenimus
1803 873 2056 938 Messium,
2075 872 2209 942 quod

652 971 723 1016 est
745 963 1112 1033 interpretation
1133 963 1354 1018 Christus
1380 963 1554 1033 (Joan.
1577 966 1624 1019 l.
1645 962 1781 1035 41).]
1810 964 1918 1020 Hoc
1942 979 2066 1018 vero
2077 963 2204 1017 mihi

654 1053 958 1106 consideres
975 1052 1149 1118 velim,
1173 1053 1454 1122 quomodo,
1481 1068 1598 1106 cum
1626 1052 1845 1118 diceret,
1869 1054 1963 1118 Qui
1992 1063 2102 1123 post
2131 1069 2208 1107 me

655 1142 807 1204 venit,
835 1150 949 1194 ante
992 1157 1068 1193 me
1103 1143 1262 1212 factus
1290 1150 1399 1205 est;
1428 1151 1500 1204 et,
1531 1139 1648 1196 Non
1677 1159 1787 1196 sum
1822 1144 2000 1214 dignus
2017 1146 2206 1197 solvere

656 1229 919 1301 corrigiam
955 1231 1275 1284 catceamenti
1317 1233 1461 1302 ejus,
1512 1231 1777 1288 neminem
1823 1234 2054 1302 ceperit;
2085 1247 2205 1288 eum

654 1329 830 1372 autem
861 1318 926 1372 de
965 1319 1256 1374 (ecettomia
1301 1319 1544 1388 loquutus
1567 1329 1648 1376 est
1670 1362 1686 1384 ,
1715 1323 1846 1377 etin
1873 1322 2205 1379 humiliorem

653 1425 950 1465 sermunem
999 1411 1306 1478 descendit,
1348 1421 1473 1467 tunc
1496 1416 1704 1484 sequuti
1734 1425 1851 1469 sunt
1895 1416 2132 1486 discipuli
2163 1418 2205 1472 '.

653 1502 831 1570 Neque
883 1503 1005 1557 illud
1060 1514 1258 1559 tantum
1286 1505 1723 1560 considerandum
1751 1519 1872 1572 est;
1912 1509 2004 1562 sed
2048 1510 2205 1564 etiam

653 1593 791 1662 quod
825 1603 1050 1648 nontam
1079 1596 1224 1650 multi
1256 1595 1800 1668 allieiantur,quando
1820 1600 1942 1669 quid
1963 1617 2206 1669 magnum

654 1693 704 1735 et
734 1683 956 1737 sublime
983 1684 1048 1738 dc
1089 1685 1195 1740 Deo
1240 1686 1430 1741 dicitur
1459 1727 1473 1752 ,
1519 1703 1675 1756 quam
1719 1689 1806 1743 ubi
1836 1692 2130 1747 clementia:
2155 1701 2210 1748 et

655 1774 1000 1842 benignitatis.
1033 1775 1189 1831 verba
1214 1817 1228 1841 ,
1260 1792 1377 1846 qua:
1409 1777 1474 1831 ad
1517 1778 1812 1834 auditorum
1839 1784 2059 1837 salutem
2091 1800 2212 1855 spe-

655 1870 817 1928 ctent,
846 1865 1194 1934 proferuntur.
1214 1869 1498 1924 Audierant
1530 1872 1669 1926 enim
1689 1872 1825 1941 quod
1851 1874 2060 1930 tolleret
2088 1891 2208 1946 pec-

653 1962 826 2008 catum
872 1956 1070 2022 mundi,
1110 1966 1160 2011 et
1183 1958 1356 2012 statim
1388 1970 1742 2016 accurrerunt.
1771 1962 1901 2018 Nam
1938 1967 1981 2020 si
2012 1969 2210 2024 scelera

653 2043 910 2099 abluenda
922 2053 1062 2111 sunt,
1083 2045 1337 2116 inquiunt,
1358 2050 1461 2105 Cur
1472 2060 1777 2106 cunctamur
1792 2054 1814 2107 ἲ
1833 2054 1980 2110 adest
1992 2059 2080 2124 qui
2095 2059 2212 2113 sine

653 2133 833 2190 labore
857 2150 954 2192 nos
982 2138 1203 2204 liberet;
1232 2143 1495 2210 quomodo
1521 2157 1624 2198 non
1649 2152 1901 2199 extrema:
1929 2145 2210 2204 dementia:

657 2226 834 2294 fuerit,
857 2227 1048 2282 donum
1073 2231 1122 2283 in
1144 2232 1282 2286 aliud
1313 2242 1517 2304 tempus
1539 2235 1794 2303 rejieere.’
1822 2238 2208 2297 Audiantcate-

656 2313 936 2380 chumeni,
964 2318 1050 2386 qtti
1075 2335 1239 2388 usque
1283 2323 1347 2376 ad
1391 2334 1685 2379 extremum
1730 2325 1947 2382 halitum
1988 2332 2210 2388 salutem

659 2417 805 2458 suam
834 2407 1103 2462 remittunt
1125 2412 1220 2481 (ὁ).
1253 2410 1477 2468 Rursum
1503 2416 1915 2486 stetitJoannes,
1944 2420 2129 2490 inquit,
2161 2435 2215 2478 et

657 2491 781 2544 dixit
811 2509 825 2546 :
860 2493 985 2548 Ecce
1021 2511 1181 2565 agnus
1204 2497 1318 2554 Dei.
1343 2500 1482 2556 Nihil
1525 2501 1764 2558 Christus
1802 2507 2029 2577 loquitur
2058 2529 2073 2574 ;
2117 2512 2211 2567 sed

656 2584 828 2636 omnia
847 2583 952 2638 ille.
973 2585 1061 2641 Sic
1082 2601 1305 2655 sponsus
1324 2591 1459 2646 solet
1483 2609 1498 2656 ;
1535 2593 1661 2648 nihil
1687 2594 1798 2666 ipse
1827 2612 2037 2668 sponsa:
2063 2601 2210 2666 dicit,

657 2672 748 2724 Sed
779 2673 926 2728 adest
950 2675 1113 2731 silens
1135 2693 1149 2731 :
1170 2678 1260 2734 alii
1291 2679 1435 2736 illum
1458 2682 1709 2750 indicant,
1733 2701 2088 2760 sponsamque
2113 2693 2209 2763 ipsi

659 2764 869 2820 tradunt
900 2784 914 2820 :
955 2768 1038 2822 illa
1081 2783 1384 2839 comparet,
1414 2788 1583 2842 neque
1603 2789 1829 2844 sponsus
1856 2779 1995 2833 illam
2022 2795 2116 2849 per
2153 2799 2212 2838 se

659 2857 865 2926 accipit,
897 2859 988 2912 sed
1032 2860 1136 2914 alio
1180 2862 1434 2919 tradente.
1467 2865 1747 2936 Postquam
1785 2884 1911 2923 vero
1944 2871 2082 2926 illam
2107 2881 2211 2928 tra-

656 2945 817 3000 ditam
847 2950 1127 3016 acceperit,
1153 2950 1219 3004 ita
1245 2965 1369 3022 erga
1402 2954 1542 3009 illam
1565 2956 1793 3014 afficitur
1814 3001 1829 3024 ,
1861 2968 1916 3014 ut
1946 2975 2050 3016 non
2075 2963 2215 3019 ultra

659 3035 1012 3101 pronuborum
1054 3040 1377 3097 recordetur.
1422 3042 1476 3097 ld
1523 3045 1661 3100 circa
1700 3047 1966 3104 Christum
2014 3053 2208 3107 evenit.

662 3123 818 3179 Venit
863 3126 914 3180 ln
967 3143 1212 3197 sponsam
1260 3133 1514 3189 ducturus
1556 3137 1846 3194 Ecclesium
1875 3157 1888 3205 ;
1919 3142 2048 3196 nihil
2099 3145 2212 3214 ipsc

658 3214 807 3278 dixit,
837 3217 929 3271 sed
959 3219 1124 3274 adfuit
1147 3231 1344 3276 tantum
1371 3241 1383 3277 :
1415 3225 1645 3283 Joannes
1670 3239 1846 3286 autem
1875 3235 2074 3289 amicus
2099 3241 2213 3306 ejus

657 3320 865 3375 sponsas
906 3309 1173 3367 dexteram
1222 3316 1316 3384 ipsi
1365 3319 1613 3386 tradidit,
1643 3323 1816 3377 verbis
1848 3325 1920 3380 illi
1943 3327 2212 3384 hominum

659 3396 862 3453 animas
888 3403 1208 3456 concilians:
1241 3423 1374 3475 quos
1408 3421 1653 3479 acceptos
1684 3415 1770 3468 ille
1803 3416 1869 3470 ita
1901 3417 2072 3473 affecit
2095 3462 2108 3485 ,
2159 3431 2216 3476 ιιι

663 3502 767 3542 non
791 3490 921 3544 ultra
954 3492 1016 3546 ad
1042 3509 1159 3548 emn
1188 3500 1271 3566 qui
1306 3499 1584 3557 tradiderat
1611 3517 2017 3564 reverterentur.
2149 3506 2154 3514 ’

728 3579 782 3634 2.
842 3579 1051 3636 Verbum
1098 3601 1214 3657 erga
1257 3587 1523 3645 Ituuutnam
1569 3605 1798 3650 naturam
1836 3601 1962 3654 sicut
2003 3619 2215 3673 sponsus

661 3686 778 3739 erga
834 3687 1066 3740 sponsam
1123 3692 1176 3730 se
1236 3682 1399 3748 gessit.
1449 3681 1672 3739 Joannes
1727 3687 1864 3741 solus
1925 3705 2217 3763 prementem

661 3759 911 3814 Christum
942 3765 1245 3833 praedicavit.
1303 3767 1468 3824 Virtus
1515 3775 1747 3842 sacriﬁcii
1794 3759 1980 3835 Christi
2024 3801 2218 3854 semper

658 3862 912 3918 operatur.
965 3855 1174 3911 Joannis
1212 3858 1274 3912 Β.
1316 3863 1572 3918 sobrietas.
1633 3867 1907 3925 Maximum
1959 3875 2020 3929 de
2066 3876 2216 3931 Citri—

664 3953 734 3995 sto
759 3945 1087 4000 testimonimn
1115 3965 1263 4018 apera
1289 3953 1416 4020 ejus.
1440 3983 1508 3993 -—
1529 3955 1705 4027 Neque
1733 3962 1832 4015 hoc
1859 3972 2056 4019 tantum
2073 4007 2089 4032 ,
2122 3969 2216 4024 sed

663 4033 818 4086 etiam
857 4035 994 4090 aliud
1035 4037 1116 4092 hic
1140 4048 1219 4094 est
1244 4041 1646 4099 observaudmn.
1675 4049 2127 4116 Quemadmodum
2164 4060 2216 4114 in

664 4124 862 4192 nuptiis
903 4140 1004 4180 non
1051 4142 1299 4197 sponsum
1342 4133 1451 4188 adit
1492 4139 1659 4204 puella
1681 4181 1695 4204 ,
1724 4141 1815 4195 sed
1845 4143 1931 4199 ille
1957 4145 2020 4199 ad
2049 4147 2215 4216 ipsam

665 4214 893 4280 festinat,
925 4217 1129 4274 etiamsi
1183 4221 1319 4277 [ilius
1349 4227 1486 4294 regis
1514 4228 1603 4293 sit,
1631 4230 1835 4285 etiamsi
1866 4235 1950 4288 illa
1978 4236 2044 4290 sit
2071 4214 2220 4294 vilio-

665 4306 736 4358 tis
765 4307 1080 4364 conditionis
1099 4351 1113 4372 ,
1145 4310 1251 4364 into
1280 4313 1322 4366 si
1350 4317 1594 4370 ancillam
1625 4317 1876 4377 ducturus
1901 4325 1969 4378 sit
2010 4343 2022 4379 :
2067 4327 2133 4381 ita
2166 4337 2221 4384 et

667 4394 749 4448 hic
776 4398 1014 4466 contigit.
1041 4399 1316 4456 llontinum
1341 4414 1523 4459 natura
1550 4423 1652 4462 non
1676 4412 1911 4468 ascendit
1933 4414 1985 4470 in
2006 4419 2215 4486 caelum,

663 4487 754 4540 sed
785 4488 894 4556 ipse
922 4491 987 4544 ad
1014 4492 1164 4546 vilem
1190 4495 1326 4548 illam
1356 4505 1406 4550 et
1428 4507 1730 4570 contemptu
1755 4503 1963 4573 dignam
1992 4509 2218 4567 descen-

661 4576 738 4631 dit
771 4596 783 4630 :
818 4589 1040 4648 postque
1068 4583 1358 4638 celebratas
1385 4587 1621 4657 nuptias,
1675 4607 1782 4647 non
1810 4596 1931 4651 sivit
1960 4597 2103 4654 illam
2131 4600 2218 4657 hic

662 4670 793 4724 ultra
835 4687 1138 4736 remanere,
1173 4674 1263 4729 sed
1302 4676 1577 4733 abductam
1607 4682 1657 4736 in
1689 4694 1958 4752 paternam
1999 4692 2214 4748 domum

661 4758 831 4812 duxit.
879 4759 984 4813 Cur
1017 4761 1244 4818 Joannes
1270 4781 1373 4819 non
1401 4771 1620 4824 seorsim
1661 4773 1945 4844 discipulos
1990 4785 2215 4854 accipit,

664 4857 720 4900 ut
744 4847 809 4902 de
834 4848 975 4906 hisce
1000 4851 1155 4906 rebus
1181 4853 1324 4922 ipsos
1352 4857 1667 4927 alloquatur,
1691 4873 1745 4918 et
1765 4867 1840 4920 sic
1866 4867 1982 4925 illos
2006 4847 2218 4929 Christo

664 4939 865 5003 tradat,
913 4957 1093 4997 verum
1149 4947 1318 5014 palam
1369 4953 1716 5016 prmsentibus
1769 4961 2014 5017 omnibus
2066 4963 2213 5034 dicit,

667 5029 790 5083 I‘Icce
840 5048 998 5101 agnus
1049 5034 1181 5091 Dei?
1234 5037 1310 5094 Ne
1358 5041 1624 5103 videretur
1673 5047 1798 5103 illud
1850 5050 1918 5107 de
1960 5029 2215 5112 industria

660 5119 1013 5179 factumesse.
1067 5126 1193 5182 Nam
1222 5131 1265 5185 si
1296 5131 1384 5186 illo
1409 5137 1630 5192 seorsim
1674 5138 1917 5198 hortante
1955 5146 2020 5200 ad
2057 5149 2214 5204 Chri~

659 5218 796 5263 stum
849 5212 1130 5282 abiissent,
1173 5228 1228 5273 ut
1274 5224 1496 5290 gratiam
1547 5225 1732 5284 Joanui
1788 5232 2077 5302 habentes,
2110 5240 2217 5293 cito

659 5297 882 5356 fortasse
937 5306 1285 5364 resiliissent:
1320 5329 1461 5370 nunc
1509 5328 1686 5376 autem
1713 5336 1775 5377 ex
1807 5329 2075 5383 communi
2115 5328 2213 5384 do-

720 5447 1020 5538 :Elcnﬁaj'il:
1036 5452 1541 5538 ‘ctnh‘lsynlndl‘tlorel:
1553 5469 1730 5538 autem
1771 5465 1976 5532 legitur,
2000 5469 2236 5538 discipuli

739 5517 777 5582 lt.
797 5517 904 5582 sunt
920 5517 981 5582 et
996 5516 1299 5582 sermonibus
1325 5520 1428 5582 ejus
1452 5521 1580 5573 vtcti.

707 5523 771 5571 pn
797 5523 903 5559 sunt
925 5523 970 5560 et
996 5523 1299 5565 sermonibus
1325 5523 1428 5582 ejus
1452 5523 1580 5573 vtcti.

711 5574 780 5688 (αξ
814 5571 1012 5622 Unciuis
1041 5579 1204 5647 clausa
1231 5578 1411 5630 desunt
1448 5585 1492 5632 in
1518 5586 1693 5657 More}.

809 5631 957 5705 Erant
974 5637 1548 5705 quidamcatechument,
1574 5663 1660 5705 qut
1685 5667 1693 5700 ι

736 5631 957 5718 ρξε’ξὲ
974 5637 1173 5718 quidam
1182 5631 1559 5718 Ξ(ξε-ιιῑριιιιιιιιειηίξ
1571 5631 1667 5712 qui
1679 5631 1840 5718 itaque
1864 5657 1922 5706 ad
1955 5671 1969 5700 ί
1985 5667 2230 5713 xtremum

649 5693 854 5743 ba‘itutn
878 5693 1118 5758 baptisma
1145 5698 1420 5755 differrent.

648 5520 703 5557 ca

1331 400 1387 458 s.
1427 397 1698 454 JOANNIS
1735 390 2197 450 etzursosroitt
2237 389 2554 448 AltCillEP.
2585 391 3114 454 CONSTANTINUP.

3781 409 3880 470 “6

2316 507 2483 561 ctrina
2514 508 2578 562 ad
2607 506 2874 566 Christum
2905 515 3234 585 sequendum
3277 515 3498 583 inducti,
3527 521 3662 576 firmi
3692 523 3886 592 persti-

2316 602 2493 652 terunt
2535 597 2811 669 discipuli,
2837 611 3022 673 utpote
3047 606 3136 673 qui
3165 621 3269 660 non
3298 607 3349 661 in
3376 609 3599 677 gratiam
3649 614 3891 682 magistri

2311 689 2517 756 sequuti
2541 699 2738 756 essent,
2765 691 2857 746 sed
2884 696 3111 764 prepria:
3133 697 3375 752 utilitatis
3399 713 3578 754 causa.
3604 701 3894 774 Prophetm

2313 777 2494 846 utique
2519 787 2573 831 et
2599 781 2825 849 apostoli
2877 797 3066 839 omnes
3117 785 3390 843 absentem
3437 790 3583 845 illum
3626 795 3888 863 prmdiea-

2311 877 2465 932 runt;
2490 867 2561 922 illi
2587 881 2709 925 ante
2733 870 3040 941 adventum,
3063 874 3114 930 lti
3146 889 3262 946 post
3286 883 3704 950 assumptioncm
3730 885 3877 953 ejus:

2313 953 2400 1010 hic
2441 971 2565 1011 vero
2607 959 2752 1015 solus
2788 974 3102 1030 praesentem
3151 968 3443 1037 prmdieat;
3477 971 3703 1042 ideoque
3739 976 3885 1028 illum

2310 1046 2538 1102 amicum
2585 1051 2765 1120 sponsi
2788 1051 2950 1118 dicit,
2979 1055 3101 1124 quia
3148 1059 3347 1127 nuptiis
3395 1060 3508 1129 ipse
3533 1063 3678 1117 solus
3700 1065 3886 1121 adfuit.

2312 1135 2520 1191 Etenim
2560 1138 2670 1208 ipse
2697 1143 2873 1196 omnia
2921 1144 3043 1201 fecit
3069 1156 3124 1202 et
3153 1148 3375 1217 perfecit
3405 1166 3420 1202 :
3449 1151 3562 1220 ipse
3587 1153 3662 1208 rei
3691 1155 3886 1223 princi-

2313 1229 2454 1297 pium
2496 1229 2662 1286 dedit.
2715 1231 2781 1285 Et
2805 1236 3074 1304 respiciens
3117 1237 3294 1294 Iesum
3339 1242 3676 1297 ambulantem
3721 1245 3885 1306 dixit.

2309 1316 2443 1373 Ecce
2474 1337 2632 1391 agnus
2661 1322 2789 1389 Dei;
2818 1327 3104 1384 ostendens
3131 1343 3190 1384 se
3217 1346 3321 1384 non
3349 1347 3479 1387 voce
3510 1341 3712 1388 tantum
3736 1378 3752 1400 ,
3781 1335 3878 1390 sed

2309 1418 2364 1462 et
2387 1411 2550 1464 oculis
2581 1414 2869 1469 testificari.
2919 1417 3205 1474 Mirabatur
3231 1421 3426 1491 quippe
3455 1422 3726 1478 Christum
3753 1440 3884 1494 gau-

2310 1499 2444 1556 dens
2470 1512 2523 1555 et
2547 1504 2843 1559 exsultans.
2898 1507 3078 1577 Neque
3105 1512 3285 1564 statim
3316 1512 3597 1579 hortatur,
3626 1515 3718 1568 sed
3746 1516 3884 1569 inte-

2313 1591 2412 1643 rim
2454 1604 2765 1660 prmsenlem
2803 1597 3024 1653 miratur
3068 1606 3267 1654 tantum
3312 1612 3366 1656 et
3410 1603 3884 1673 obstupescit;do-

2313 1695 2543 1751 numque
2594 1687 2733 1755 quod
2785 1688 3005 1744 allatum
3058 1701 3277 1747 venerat
3331 1695 3593 1761 ostendit,
3649 1697 3886 1766 itemque

2315 1776 2636 1842 purgationis
2666 1777 2903 1832 modum.
2929 1787 3109 1849 Agnus
3138 1783 3331 1853 quippe
3362 1783 3477 1839 lucc
3516 1786 3674 1840 ambo
3709 1787 3887 1842 decla-

2314 1871 2411 1915 rat.
2435 1862 2614 1932 Nequc
2636 1866 2786 1930 dixit,
2809 1867 2905 1935 Qui
2929 1869 3233 1926 sublaturus
3263 1883 3366 1939 est,
3401 1874 3500 1939 vel,
3529 1875 3626 1942 Qui
3651 1878 3884 1942 sustulit,

2314 1955 2404 2006 sed
2429 1995 2441 2016 ,
2479 1955 2577 2021 Qui
2612 1957 2741 2010 tollit
2791 1971 2991 2027 peccata
3028 1963 3235 2028 mundi;
3261 1974 3441 2034 utpote
3479 1968 3566 2036 qui
3596 1968 3644 2022 id
3674 1984 3890 2039 semper

2315 2043 2490 2097 faciat.
2523 2045 2700 2115 Neque
2725 2050 2864 2102 enim
2897 2061 3019 2106 tunc
3065 2053 3236 2108 solum
3281 2057 3494 2110 sustulit
3533 2073 3652 2112 cum
3700 2074 3888 2129 passus

2314 2143 2414 2199 est,
2447 2135 2540 2189 sed
2570 2152 2636 2190 ex
2680 2137 2770 2191 illo
2798 2140 2864 2194 ad
2907 2140 3011 2197 hoc
3053 2158 3218 2214 usque
3248 2155 3456 2217 tempus
3485 2149 3618 2202 tollit
3649 2160 3885 2220 peccata.

2315 2239 2417 2278 non
2449 2239 2660 2295 semper
2692 2231 2976 2286 crucifixus
3003 2234 3023 2304 (
3045 2249 3206 2290 unum
3234 2239 3375 2292 enim
3404 2253 3500 2309 pro
3529 2242 3760 2310 peccatis
3788 2244 3886 2295 οὺς

2315 2317 2432 2369 tttlit
2483 2319 2879 2392 sacrificium),
2911 2325 3004 2380 sed
3053 2342 3268 2397 semper
3317 2330 3420 2386 hoc
3467 2347 3574 2387 uno
3623 2333 3888 2389 sacrificio

2315 2405 2572 2473 puriﬁeat.
2597 2409 3046 2476 Quemadmodum
3074 2416 3232 2486 igitur
3253 2417 3485 2476 Verbum
3515 2423 3886 2479 excellentiam

2315 2497 2581 2564 ostendit,
2611 2509 2664 2554 et
2691 2501 2857 2558 Filius
2883 2508 3240 2575 pt‘azstantiam
3277 2526 3379 2580 qua
3415 2512 3533 2567 aliis
3571 2517 3882 2571 antecellit:

2317 2588 2394 2642 sic
2421 2604 2609 2660 agnus,
2635 2603 2687 2646 et
2713 2594 2952 2651 Christus
2971 2639 2987 2662 ,
3015 2608 3069 2654 et
3102 2601 3381 2671 propheta,
3408 2604 3496 2659 lux
3521 2621 3640 2662 vera
3665 2650 3678 2673 ,
3709 2619 3891 2677 pastor

2315 2677 2483 2732 bonus
2504 2723 2518 2744 ,
2549 2691 2602 2736 et
2629 2701 2978 2757 quascumque
3015 2690 3081 2746 de
3128 2693 3217 2748 illo
3261 2695 3506 2751 dicuntur
3534 2713 3650 2753 cum
3679 2703 3890 2757 articuli

2313 2771 2698 2841 additamento,
2729 2779 2946 2834 multam
2991 2798 3100 2853 pra:
3142 2799 3200 2840 se
3246 2784 3421 2842 ferunt
3469 2789 3886 2848 distinctionem.

2313 2860 2442 2916 Nam
2469 2867 2617 2920 multi
2645 2879 2796 2922 erant
2821 2872 2958 2941 agni,
2992 2874 3281 2944 prophetae.
3313 2877 3522 2944 chriSIi,
3556 2881 3677 2947 filii;
3708 2885 3802 2940 sed
3825 2886 3893 2940 ab

2315 2951 2417 3006 illis
2438 2956 2683 3011 omnibus
2712 2959 2864 3029 longe
2890 2961 3050 3017 distat
3075 2965 3208 3035 ipse.
3233 2966 3413 3038 Neque
3434 2970 3658 3025 articulo
3685 2983 3891 3030 tantum

2317 3039 2367 3093 id
2394 3045 2740 3113 continuavit,
2765 3050 2856 3105 sed
2882 3053 3037 3107 etiam
3063 3053 3419 3113 additamento
3445 3059 3728 3130 Unigeniti.
3754 3063 3892 3122 Nihil

2321 3133 2461 3187 enim
2492 3135 2591 3205 ipsi
2641 3153 2922 3197 commune
2958 3157 3077 3198 enm
3123 3157 3364 3203 creatura
3407 3161 3506 3207 est.
3557 3154 3704 3220 Quod
3733 3157 3778 3210 si
3809 3159 3894 3214 cui

2315 3231 2462 3276 extra
2497 3234 2702 3295 tempus
2750 3228 2946 3285 dictum
2996 3234 3255 3301 videatur,
3303 3239 3430 3293 hora
3461 3257 3652 3312 nempe
3680 3244 3891 3303 decima

2318 3310 2471 3383 (nam
2504 3313 2603 3370 hoc
2635 3327 2872 3388 tempore
2891 3362 2906 3384 ,
2935 3321 3076 3376 Hora
3099 3336 3204 3379 erat
3233 3331 3376 3396 quasi
3403 3310 3601 3386 decima
3620 3375 3633 3397 ,
3659 3335 3831 3405 inquit
3851 3339 3893 3406 ),

2318 3402 2401 3458 hic
2439 3415 2584 3461 certe
2629 3408 2756 3462 mihi
2799 3410 2951 3480 longe
2995 3415 3245 3472 aberrare
3291 3419 3522 3476 videtur.
3574 3423 3702 3478 Nam
3750 3428 3892 3496 apud

2316 3495 2508 3550 multos
2538 3497 2748 3566 quidem
2780 3515 2962 3556 eorum
2994 3506 3080 3574 qui
3109 3509 3254 3562 carni
3283 3512 3520 3565 serviunt
3545 3553 3559 3577 ,
3597 3525 3716 3584 post
3743 3495 3894 3572 sutu-

2320 3594 2462 3654 ptum
2495 3589 2770 3656 prandium
2798 3607 2903 3647 non
2933 3595 3138 3651 videtur
3156 3612 3508 3668 opportunum
3535 3620 3655 3661 esse
3685 3617 3895 3680 tempus

2319 3674 2384 3728 ad
2428 3693 2514 3733 res
2556 3680 2724 3736 serias
2779 3685 3080 3739 tractandas
3105 3727 3120 3754 ,
3151 3689 3294 3758 quod
3339 3693 3576 3750 ciborum
3622 3699 3762 3754 mole
3800 3715 3897 3757 eor

2320 3767 2574 3824 obruatur
2607 3790 2619 3828 :
2654 3773 2740 3827 ubi
2783 3784 2958 3831 autem
2990 3779 3070 3832 vir
3096 3790 3210 3834 erat
3238 3783 3326 3852 qui
3369 3799 3435 3839 ne
3478 3790 3745 3843 communi
3772 3792 3895 3862 qui-

2320 3858 2437 3914 dem
2459 3861 2577 3916 cibo
2607 3873 2844 3919 uteretur
2865 3909 2880 3933 ,
2911 3869 3104 3938 quique
3130 3872 3288 3926 etiam
3339 3889 3562 3946 vespere
3591 3877 3658 3931 ita
3685 3858 3899 3938 sobrius

2319 3958 2372 4004 et
2399 3949 2528 4007 levis
2552 3964 2685 4015 erat,
2713 3965 2766 4009 ιιι
2795 3972 2890 4011 nos
2913 3973 3096 4014 sumus
3121 3964 3390 4020 matutinis
3417 3966 3583 4032 horis.
3611 3971 3716 4025 imo
3740 3972 3899 4043 longe

2320 4042 2485 4111 magis
2512 4041 2680 4115 (apud
2709 4061 2806 4102 nos
2835 4051 2974 4103 enim
3025 4065 3166 4121 scopo
3201 4057 3491 4125 vespertini
3521 4059 3621 4113 cibi
3653 4041 3898 4133 reliquiae

2321 4131 2372 4185 in
2406 4133 2632 4202 imagine
2679 4149 2989 4205 versantur;
3044 4142 3132 4198 ille
3179 4157 3304 4199 vero
3330 4147 3473 4201 nulla
3505 4163 3564 4205 rc
3592 4131 3898 4220 huiusmodi

2322 4223 2614 4278 naviculam
2665 4229 2998 4300 gravabat):
3026 4233 3148 4301 jure
3191 4238 3400 4306 vesperi
3445 4238 3513 4293 de
3552 4241 3709 4298 rebus
3749 4242 3900 4302 hisce

2322 4309 2648 4380 loquebatur.
2677 4316 2756 4371 Ad
2785 4317 2895 4374 lucc
2926 4335 3052 4376 vero
3081 4323 3132 4377 in
3157 4323 3370 4380 deserto
3399 4327 3553 4384 sedes
3584 4329 3812 4387 habebat
3840 4345 3898 4390 et

2321 4416 2484 4472 prope
2513 4404 2826 4474 Jordanem,
2876 4427 2981 4480 quo
3025 4427 3213 4470 omnes
3264 4430 3384 4471 cum
3427 4427 3653 4478 tremore
3702 4439 3900 4494 magno

2319 4492 2385 4546 ad
2414 4493 2730 4563 baptismum
2784 4502 3176 4572 properabant,
3207 4521 3392 4576 parum
3440 4511 3714 4567 stecularia
3769 4492 3899 4573 tunc

2319 4594 2600 4640 curantes:
2630 4590 3053 4660 quandoquidem
3095 4609 3216 4650 cum
3255 4595 3468 4654 Christo
3515 4617 3610 4671 per
3659 4604 3897 4663 triduum

2314 4671 2484 4742 jejuni
2515 4689 2935 4743 perseverarunt.
2979 4681 3088 4738 lloc
3126 4686 3266 4740 enim
3292 4691 3549 4758 pratcouis
3572 4695 3772 4747 strenui
3792 4733 3807 4756 ,
3843 4708 3899 4752 et

2319 4770 2544 4820 accurati
2569 4770 2812 4838 agricola:
2842 4787 2974 4842 opus
3002 4784 3099 4841 est,
3127 4793 3228 4832 non
3257 4790 3380 4834 ante
3411 4782 3704 4848 discedere,
3734 4803 3896 4856 quam

2319 4855 2492 4911 videat
2533 4859 2744 4915 insitum
2788 4865 3007 4918 verbum
3058 4869 3263 4924 radices
3309 4887 3523 4940 ponere.
3568 4866 3674 4930 Cur
3712 4890 3896 4934 autem

2319 4958 2425 5001 non
2457 4957 2616 5004 lotam
2660 4957 2958 5024 peragravit
2983 4956 3250 5024 Judaeum,
3276 4970 3335 5015 ut
3365 4963 3513 5018 illum
3547 4967 3895 5035 praedicaret,

2319 5037 2410 5091 sed
2437 5053 2592 5094 secus
2619 5039 2810 5098 ﬂumen
2829 5047 2992 5112 stetit,
3021 5061 3336 5118 exspectans
3357 5068 3502 5118 eum,
3529 5065 3586 5110 ut
3607 5057 3897 5116 advenien-

2318 5137 2422 5184 tem
2449 5133 2798 5190 ostenderet?
2842 5136 2972 5204 Quia
3018 5139 3143 5194 illud
3173 5157 3268 5210 per
3293 5159 3452 5213 opera
3482 5147 3595 5202 lleri
3637 5149 3846 5207 volebat
3878 5175 3894 5212 :

2318 5218 2368 5272 id
2399 5237 2527 5277 vero
2557 5224 2766 5280 interim
2796 5230 3045 5297 curabat,
3077 5240 3133 5285 ut
3160 5233 3308 5289 illum
3343 5245 3524 5292 notum
3559 5236 3758 5296 faceret
3780 5283 3795 5307 ,
3828 5258 3896 5301 ac

2317 5311 2628 5378 quibusdam
2679 5318 2961 5383 suaderet.
2991 5330 3048 5376 ut
3095 5333 3348 5381 trteruatn
3400 5329 3560 5384 vitam
3613 5333 3888 5392 audirent.

2317 5399 2481 5470 Majus
2524 5415 2701 5460 autem
2730 5408 2828 5476 ipsi
2856 5409 3106 5480 relinquit
3161 5415 3518 5471 testimonium
3541 5461 3554 5482 ,
3589 5435 3683 5489 per
3723 5439 3891 5493 opera

2316 5492 2767 5561 confirmandum;
2824 5501 3269 5569 quemadmodum
3302 5507 3415 5575 ipse
3452 5509 3616 5565 dicit:
3649 5492 3893 5582 Egornon

2315 5583 2376 5636 ab
2406 5584 2602 5639 homine
2648 5589 2840 5656 accipio
2869 5591 3204 5654 testimonium
3231 5609 3248 5647 :
3276 5611 3429 5665 opera
3453 5600 3585 5652 enim
3608 5617 3720 5668 qua:
3751 5603 3892 5660 dedit

2315 5675 2441 5728 mihi
2473 5675 2644 5743 Pater,
2677 5677 2782 5733 hac
2802 5692 2913 5734 sunt
2937 5699 3050 5752 qua
3076 5685 3408 5754 testiﬁcantur
3430 5691 3491 5744 de
3515 5708 3594 5746 me
3619 5695 3637 5764 (
3653 5693 3806 5749 Joan.

2319 5765 2384 5821 δι
2417 5777 2460 5820 et
2490 5767 2612 5837 35).
2671 5769 2798 5825 Vide
2852 5786 3004 5841 quam
3059 5775 3326 5832 eflieaeius
3374 5778 3500 5836 illud
3543 5795 3703 5840 esset.
3753 5785 3891 5856 Quia
