4078 6486
230 497 320 555 ηε,
1270 474 1334 534 ιιι
1371 467 1691 534 ιοιιιιιιειι
1727 462 1842 524 ιιοι

1952 500 1962 524 .
2002 461 2188 521 XVIII.
2229 467 2301 524 al.
2330 467 2495 529 ινιι.

226 611 357 669 enim
377 617 605 680 parvam
636 602 908 675 iniecerat
930 594 1241 658 scintillam,
1269 599 1495 662 repente
1531 587 1744 643 flamma
1771 583 1827 639 in

226 701 378 756 altum
430 698 636 769 erupit.
670 694 828 750 Nam
856 690 946 764 qui
965 689 1124 764 prius
1156 684 1379 742 Joannis
1403 680 1584 736 verbis
1610 692 1717 769 non
1743 684 1829 769 at-

227 767 777 857 tenderant,demum
808 784 994 840 dicunt
1027 799 1042 837 :
1073 778 1256 834 Omnia
1281 789 1396 848 qua:
1422 771 1650 828 Joannes
1675 767 1825 835 dixit,

228 898 333 936 uera
359 889 476 936 sunt
507 877 720 953 (Joau.
759 877 848 933 10.
878 873 1009 946 49).

291 975 342 1032 5.
383 973 650 1044 Alioquin
706 981 887 1026 autem
922 968 966 1022 si
1007 959 1392 1054 circumeundo
1438 958 1538 1014 ista
1579 954 1827 1054 dixisset,

230 1068 335 1121 haec
361 1043 609 1120 humano
641 1062 832 1118 studio
862 1066 1078 1130 peracta
1109 1057 1218 1110 visa
1272 1051 1523 1113 fuissent,
1550 1061 1615 1102 ac
1635 1043 1832 1115 praedi-

228 1161 359 1215 catio
401 1156 672 1226 deinceps
701 1154 757 1208 in
785 1151 1145 1223 suspicionem
1168 1147 1424 1203 venisset.
1458 1141 1529 1197 Et
1555 1140 1832 1195 audierunt

229 1270 334 1310 CIIII
357 1252 458 1307 duo
488 1249 748 1321 discipuli
774 1249 906 1320 ejus,
947 1256 994 1301 et
1022 1244 1220 1317 sequuti
1239 1251 1357 1299 sunt
1384 1256 1519 1297 eum.
1550 1237 1711 1308 Atqui
1742 1235 1832 1290 alii

229 1361 433 1417 quoque
474 1351 638 1399 erant
668 1340 898 1397 Joannis
921 1338 1191 1409 discipuli,
1217 1349 1403 1392 verum
1435 1333 1510 1388 illi
1537 1347 1642 1388 non
1669 1328 1835 1386 modo

231 1453 328 1491 non
354 1435 572 1505 sequuti
613 1443 785 1496 sunt,
817 1429 914 1486 sed
943 1431 1103 1486 etiam
1139 1429 1236 1499 ipsi
1269 1424 1582 1482 invidebant
1629 1441 1642 1476 :
1690 1422 1836 1477 dice-

231 1529 350 1584 bant
373 1526 523 1582 enim
549 1569 566 1593 ,
619 1523 814 1590 Rabbi,
843 1523 932 1594 qui
981 1531 1088 1576 erat
1132 1530 1296 1575 tecum
1336 1528 1478 1572 trans
1527 1514 1832 1581 Iordanem,

231 1619 307 1671 cui
335 1628 386 1670 tu
405 1616 764 1670 testimonium
792 1611 1105 1681 perhibuisti,
1133 1625 1246 1665 ecce
1274 1609 1355 1662 hic
1375 1607 1620 1678 baptizat,
1651 1613 1698 1658 et
1724 1619 1836 1657 om-

233 1726 312 1764 nes
361 1711 572 1763 veniant
622 1707 700 1761 ad
743 1723 860 1761 eum
891 1703 1050 1775 (Joan
1077 1704 1132 1759 5.
1164 1702 1277 1774 26).
1311 1703 1388 1756 Ac
1429 1714 1642 1756 rursum
1675 1695 1836 1752 iidem

232 1801 324 1872 ipsi
347 1802 666 1857 incusantes
695 1799 918 1855 dicunt:
951 1799 1122 1864 Quare
1147 1813 1239 1850 nos
1255 1795 1573 1865 jejnnamus,
1605 1801 1652 1846 et
1680 1791 1838 1845 disci-

232 1894 333 1963 puli
376 1894 452 1948 tui
477 1911 586 1948 non
611 1893 857 1965 iejunant
888 1889 1100 1961 (Matth.
1132 1889 1186 1945 9.
1217 1889 1349 1959 id)?
1378 1886 1573 1944 Verum
1601 1885 1690 1957 qui
1718 1885 1839 1940 aliis

232 1994 378 2041 erant
403 1985 694 2050 meliores,
724 1999 831 2039 non
857 1983 929 2038 ita
954 1981 1130 2037 affecti
1161 1990 1335 2045 erant,
1355 1980 1450 2036 sed
1469 1979 1649 2034 statim
1678 1987 1840 2048 atque

233 2075 538 2142 audierunt,
567 2075 792 2145 sequuti
811 2081 953 2130 sunt.
973 2071 1195 2144 Sequuti
1211 2080 1338 2134 sunt
1352 2079 1555 2137 autem,
1576 2084 1680 2125 non
1695 2067 1838 2140 quod

235 2167 514 2238 pristinum
537 2166 830 2222 doctorem
852 2172 1190 2234 spernerent,
1209 2163 1302 2219 sed
1317 2162 1459 2234 quod
1477 2161 1578 2233 ipsi
1607 2160 1840 2216 maxime

234 2265 700 2329 obtemperarent;
720 2266 775 2312 et
791 2265 1164 2327 argumentum
1183 2263 1300 2310 erat
1319 2253 1610 2309 maximum
1634 2252 1757 2307 illos
1773 2266 1840 2306 ex

234 2360 389 2408 rectae
410 2351 622 2407 mentis
640 2349 927 2405 ratiocinio
949 2349 1000 2405 id
1017 2350 1211 2420 egisse.
1237 2348 1357 2404 Non
1375 2348 1517 2404 enim
1535 2347 1750 2402 hortatur
1771 2344 1840 2400 ad

235 2442 282 2495 id
298 2440 513 2497 adducti
536 2450 696 2509 sunt,
714 2440 856 2512 quod
870 2439 1224 2512 suSpiciosum
1247 2441 1455 2505 fuisset;
1479 2438 1574 2496 sed
1591 2439 1711 2510 quia
1727 2448 1841 2493 tan-

236 2543 338 2588 tum
371 2532 714 2605 pradixerat
741 2533 916 2604 ipsum
956 2546 1080 2588 esse
1122 2531 1516 2601 baptizatnrum
1552 2530 1605 2585 in
1636 2528 1840 2601 Spiritu

235 2635 438 2692 saneto,
467 2623 698 2695 sequuti
728 2633 857 2678 sunt
880 2638 1026 2680 eum.
1057 2622 1172 2678 Non
1195 2637 1326 2694 ergo
1363 2623 1680 2693 magistrum
1711 2621 1841 2677 reli-

236 2723 496 2784 querunt,
539 2713 647 2770 sed
693 2713 940 2770 ediscere
990 2715 1271 2770 voluerunt
1313 2714 1444 2784 quid
1474 2713 1708 2785 amplius
1754 2712 1846 2769 ille

239 2806 431 2872 ferret,
479 2820 654 2876 quam
699 2804 954 2861 Joannes.
987 2805 1053 2860 Et
1089 2805 1456 2862 animadverte
1484 2805 1842 2862 verecundam

238 2895 598 2968 diligentiam.
623 2896 742 2952 Non
765 2898 908 2953 enim
935 2899 1113 2954 statim
1131 2899 1448 2954 accedentes
1470 2898 1653 2954 Jesum
1681 2899 1844 2955 inter-

240 2997 494 3057 rogarent
524 2988 602 3043 de
632 2989 952 3044 necessariis
978 2990 1290 3061 magnisque
1315 2990 1476 3046 rebus
1507 3011 1520 3046 :
1551 3006 1726 3061 neque
1754 3005 1844 3060 pa-

241 3077 339 3131 lam
359 3080 629 3135 omnibus
658 3081 1034 3151 praesentibus,
1061 3091 1117 3137 et
1143 3081 1543 3152 perfunctorie:
1575 3083 1670 3139 sed
1695 3099 1847 3140 seor-

240 3171 334 3226 sim
355 3173 537 3242 ipsum
556 3171 760 3243 alloqui
789 3172 1136 3229 studuerunt.
1155 3173 1408 3230 Sciebant
1433 3177 1576 3230 enim
1609 3175 1848 3230 doctoris

242 3261 320 3315 sui
351 3263 518 3318 verba
565 3277 675 3317 non
717 3279 783 3319 ex
814 3263 1075 3318 modestia
1097 3306 1112 3328 ,
1143 3264 1237 3320 sed
1261 3281 1323 3320 ex
1355 3267 1580 3321 veritate
1606 3265 1848 3342 profisci-

244 3353 336 3407 sci.
368 3352 461 3410 £0.
517 3352 656 3408 Erat
702 3364 872 3408 autem
910 3354 1143 3409 Andreas
1191 3359 1352 3426 frater
1393 3356 1621 3412 Simonis
1664 3356 1804 3412 Petri
1829 3400 1844 3423 ,

245 3459 370 3500 uitus
407 3461 476 3500 ea:
521 3443 729 3500 duobus
755 3445 844 3514 qui
889 3445 1158 3501 audierant
1204 3463 1244 3501 α.
1279 3447 1499 3514 Joanne,
1556 3458 1602 3503 et
1651 3449 1849 3520 sequuti

244 3546 354 3590 sant
379 3553 521 3591 eum.
555 3533 665 3591 Cur
694 3538 825 3607 ergo
844 3536 1069 3593 alterius
1093 3554 1288 3595 nomen
1313 3554 1417 3596 non
1450 3539 1693 3613 profert?
1720 3541 1850 3610 Qui-

243 3628 360 3683 dam
391 3629 594 3685 dicunt
615 3644 738 3684 eum
767 3629 858 3699 qui
890 3627 992 3685 hoc
1017 3631 1258 3700 scripsit.
1283 3632 1454 3702 ipsum
1481 3647 1604 3688 esse
1633 3634 1722 3704 qui
1764 3649 1850 3689 se-

243 3733 438 3791 quutus
465 3732 590 3786 est;
619 3722 711 3777 alii
743 3732 932 3779 contra
953 3764 970 3789 ,
1010 3725 1133 3794 quia
1171 3723 1264 3781 ille
1307 3741 1414 3781 non
1435 3741 1501 3782 ex
1543 3727 1848 3797 conspicuis

244 3820 374 3878 erat,
408 3811 547 3867 nihil
577 3822 773 3882 prmter
816 3816 1121 3870 necessaria
1147 3814 1248 3869 sibi
1285 3815 1572 3872 dicendum
1601 3832 1722 3874 esse
1749 3835 1852 3896 pu-

246 3910 403 3958 tasse.
456 3902 606 3971 Quid
673 3904 818 3959 enim
871 3906 1122 3960 utilitatis
1183 3921 1249 3960 ex
1311 3907 1547 3964 indicato
1590 3911 1840 3976 nomine,

245 3993 458 4062 quando
489 4009 672 4064 neque
696 3995 1035 4066 septuaginta
1075 3995 1184 4052 duo
1214 3998 1599 4068 discipulorum
1631 4002 1845 4056 nomina

244 4085 722 4156 proferuntuer
764 4087 908 4157 quod
955 4088 1115 4144 etiam
1157 4088 1298 4158 apud
1334 4089 1556 4146 Paulum
1593 4092 1849 4150 observes

244 4177 516 4235 dicentem
549 4198 564 4233 :
601 4178 837 4236 Misimus
871 4197 986 4235 cum
1035 4181 1125 4235 illo
1151 4185 1362 4253 fratrem
1404 4183 1456 4238 in
1505 4183 1678 4240 multis
1713 4199 1850 4256 step:

247 4271 553 4338 studiosum,
587 4270 735 4342 cujus
766 4273 880 4327 laus
901 4283 971 4327 est
997 4272 1049 4326 in
1087 4275 1347 4344 evangelio
1377 4275 1456 4345 (2
1483 4275 1603 4331 Cor.
1637 4278 1690 4333 8.
1731 4279 1844 4350 18).

245 4363 475 4418 Andrem
501 4372 686 4418 autem
720 4365 968 4420 meminit
995 4365 1063 4422 ob
1099 4365 1258 4422 aliam
1298 4383 1537 4432 causam.
1588 4371 1846 4438 Quanam

249 4453 334 4507 illa
348 4452 379 4506 ’τ
408 4453 483 4510 Ut
511 4469 639 4509 eum
671 4454 931 4522 audieris,
968 4455 1244 4513 Simonem
1285 4459 1374 4515 ubi
1399 4476 1520 4517 eum
1552 4463 1642 4524 illo
1667 4465 1850 4520 audis-

246 4555 346 4610 set,
385 4539 568 4599 γὰιὶιε
594 4553 705 4616 post
732 4562 831 4614 me,
872 4547 1127 4618 etfaciam
1165 4565 1252 4604 vos
1281 4552 1554 4621 piscatores
1584 4554 1848 4611 hominum

247 4635 480 4706 (Matth.
511 4638 571 4693 4.
605 4636 728 4708 19),
781 4654 887 4694 non
912 4639 1184 4698 dubitasse
1233 4641 1302 4698 de
1347 4655 1452 4699 tam
1481 4645 1848 4720 inexspectata

247 4730 632 4799 promissione,
667 4731 845 4788 discas
873 4732 1090 4790 fratrem
1121 4736 1238 4806 ejus
1267 4737 1380 4808 jam
1421 4751 1548 4796 ante
1576 4741 1694 4797 fidei
1724 4743 1848 4797 fun-

256 4819 514 4877 damenta
537 4821 753 4891 jecisse.
779 4823 882 4880 '58:
901 4823 1182 4882 Conversus
1207 4838 1376 4883 autem
1396 4829 1570 4899 Jesus,
1597 4842 1644 4887 et
1674 4834 1849 4890 videns

247 4927 328 4965 eos
349 4923 638 4983 sequentes,
673 4914 796 4968 dicit
823 4916 894 4972 eis
917 4933 936 4970 :
967 4917 1104 4985 Quid
1133 4922 1402 4991 ιιαωὶιὶεὲ
1428 4923 1565 4978 Hinc
1591 4926 1850 4984 docemur

251 5001 418 5058 Deum
467 5003 625 5059 donis
651 5019 759 5060 non
794 5008 1094 5079 prmvenire
1126 5012 1431 5069 voluntates
1479 5025 1720 5082 nostras;
1751 5018 1846 5073 sed

252 5096 337 5151 ubi
383 5110 491 5152 nos
520 5097 858 5168 incepimus,
907 5115 1030 5156 eum
1081 5104 1410 5162 voluntatem
1453 5111 1842 5180 praemisimus,

250 5195 388 5273 tunc
419 5186 681 5257 plurimas
711 5188 802 5244 ille
854 5191 1010 5246 nobis
1055 5191 1146 5248 dat
1185 5195 1376 5252 salutis
1402 5201 1715 5257 occasiones
1741 5203 1844 5273 (a).

255 5272 390 5343 Quid
431 5279 700 5349 queritis!
727 5280 864 5348 Quid
892 5281 996 5338 hoc
1021 5286 1140 5340 est?
1179 5288 1269 5357 qui
1308 5289 1457 5344 novit
1483 5291 1642 5346 corda
1672 5272 1848 5349 homi-

261 5385 411 5436 num,
441 5372 527 5427 cui
559 5374 913 5444 cogitationes
940 5385 1140 5432 nostra:
1171 5389 1375 5448 patent,
1405 5380 1491 5438 hic
1515 5382 1848 5457 interrogat?

253 5460 356 5517 Sed
387 5481 494 5520 non
539 5475 597 5521 ut
634 5466 827 5538 discat,
857 5468 1165 5542 (quomodo
1202 5473 1346 5529 enim
1391 5475 1444 5530 id
1471 5476 1576 5533 dici
1607 5481 1847 5549 possit?)

255 5553 349 5609 sed
373 5566 432 5610 ιιι
458 5571 552 5627 per
575 5557 1053 5631 interrogationem
1088 5563 1213 5621 illos
1242 5568 1346 5625 sibi
1374 5572 1545 5643 magis
1572 5574 1844 5643 conciliet,

257 5646 621 5723 maioremque
643 5651 796 5709 indat
819 5654 1091 5728 fiduciam,
1117 5658 1346 5733 illosque
1369 5665 1640 5739 colloquio
1655 5667 1848 5741 dignos

318 5890 392 5954 ω
423 5891 540 5948 Hac
562 5907 670 5949 ctua
704 5899 912 5967 quadam
949 5906 1250 5972 exceptione
1282 5910 1612 5978 intelligenda
1644 5923 1775 5972 sunt.

3433 487 3539 548 118

1939 590 2209 646 ostendat.
2243 591 2545 653 Verisimile
2583 596 2727 654 enim
2771 609 2858 656 est
2889 600 3030 670 illos,
3081 612 3266 675 utpote
3305 607 3537 682 ignotos,

1938 680 2219 738 erubuisse
2247 693 2301 739 et
2325 684 2668 757 formidasse,
2698 691 2791 762 qui
2820 693 2944 750 talia
2971 695 3042 752 de
3071 698 3330 771 magistro
3354 680 3540 760 audis;

1937 785 2080 829 sent.
2104 774 2231 832 Hrec
2255 777 2433 850 itaque
2459 783 2641 838 omnia
2668 784 2907 853 abigens,
2941 793 3318 848 verecundiam
3347 810 3544 870 nempe

1937 873 1995 922 et
2018 878 2257 938 metum,
2299 872 2593 945 interrogat
2636 876 2792 944 illos;
2838 895 2940 936 nec
2991 881 3122 938 sinit
3161 899 3285 944 cum
3325 887 3542 944 silentio

1940 960 2158 1014 domum
2187 966 2488 1032 pervenire.
2522 967 2745 1025 Etiamsi
2792 986 2921 1027 vero
2962 989 3068 1030 non
3119 975 3545 1050 interrogasset,

1940 1052 2301 1144 perstitissent
2347 1057 2522 1127 ipsum
2557 1063 2858 1131 sequendo,
2907 1073 2962 1120 et
3015 1067 3067 1121 in
3119 1067 3339 1125 domum
3375 1085 3545 1144 usque

1940 1155 2062 1197 cum
2111 1142 2205 1198 illo
2256 1149 2650 1216 pervenissent.
2694 1153 2802 1209 Cur
2839 1172 2971 1228 ergo
3023 1159 3358 1232 interrogat?
3391 1142 3469 1221 Ut
3490 1162 3544 1221 id

1940 1233 2082 1304 quod
2128 1235 2546 1308 dixiefflceret,
2595 1253 2651 1298 ut
2701 1246 3084 1307 erubescentes
3139 1253 3260 1308 illos
3287 1255 3546 1312 haesitan-

1946 1342 2134 1404 tesqne
2169 1337 2426 1405 firmaret,
2457 1355 2520 1395 ac
2565 1340 2814 1396 fiduciam
2839 1344 3069 1402 inderet.
3111 1346 3296 1420 Neque
3339 1360 3544 1408 tantum

1943 1429 2241 1500 sequendo,
2275 1432 2370 1487 sed
2392 1434 2553 1488 etiam
2586 1449 2683 1505 per
2717 1435 3194 1510 interrogationem
3225 1441 3372 1498 illam
3397 1443 3547 1501 desi-

1946 1522 2157 1579 derium
2202 1540 2360 1580 suum
2402 1526 2784 1586 esbibuernnt.
2832 1530 2968 1588 Cum
3008 1534 3151 1589 enim
3181 1535 3315 1592 nihil
3346 1537 3414 1592 ab
3455 1539 3548 1595 illo

1946 1614 2294 1672 edidicissent
2322 1619 2405 1672 vel
2431 1619 2740 1690 audissent,
2770 1607 3087 1698 magistrum
3121 1637 3303 1684 tamen
3331 1641 3545 1699 vocant,

1944 1720 2066 1761 sese
2093 1707 2368 1778 discipulis
2390 1724 2830 1782 annumerautes,
2859 1725 2914 1772 et
2929 1733 3026 1773 cur
3048 1731 3345 1791 sequantur
3367 1732 3551 1780 osten-

1944 1798 2155 1866 dentes,
2175 1810 2234 1857 ut
2250 1796 2449 1874 nempe
2467 1806 2610 1861 utilia
2632 1809 2901 1865 audirent.
2919 1812 3326 1882 Animadverte,
3340 1833 3549 1888 qum,

1947 1895 2163 1951 illorum
2215 1898 2575 1968 prudentiam.
2608 1901 2725 1956 Non
2755 1902 3040 1971 dixerunt,
3079 1895 3334 1963 Doc'trina
3376 1917 3468 1965 aut
3491 1925 3555 1966 re

1946 1992 2196 2061 quapiam
2220 1995 2524 2049 necessaria
2556 2008 2656 2052 nos
2681 1995 2898 2053 imbue:
2929 1998 3026 2054 sed
3047 1999 3177 2070 quid
3201 1999 3424 2058 dicunt?
3453 2001 3554 2059 ωε

1947 2083 2166 2137 manes!
2195 2083 2327 2140 Nam
2355 2085 2559 2156 quiete,
2589 2096 2647 2142 ut
2682 2087 2792 2159 jam
2823 2088 2957 2155 dixi,
2988 2091 3162 2161 ipsum
3194 2074 3425 2166 alioqui,
3456 2110 3555 2151 au-

1947 2174 2064 2230 dire
2102 2184 2158 2231 et
2181 2176 2390 2234 discere
2418 2178 2726 2249 cupiebant.
2760 2179 2886 2238 Ideo
2914 2198 3014 2238 nec
3038 2182 3316 2252 dih‘erunt,
3348 2201 3447 2242 nec
3471 2187 3555 2244 di-

1947 2275 2095 2348 cunt,
2128 2265 2224 2323 Die
2249 2268 2487 2324 crastino
2515 2270 2815 2338 veniemus,
2839 2281 2895 2328 et
2925 2281 2977 2330 te
3004 2274 3219 2344 publice
3244 2275 3554 2348 loquentem

1948 2344 2231 2416 audiemus
2268 2379 2282 2415 :
2315 2360 2408 2417 sed
2440 2375 2691 2433 magnum
2736 2364 2989 2421 audiendi
3038 2367 3279 2424 studium
3315 2344 3442 2440 pra:
3493 2385 3556 2429 se

1949 2449 2162 2519 ferunt,
2194 2450 2337 2522 quod
2389 2468 2458 2508 ne
2496 2453 2714 2523 quidem
2746 2455 2981 2512 instante
3032 2457 3163 2513 hora
3208 2460 3552 2530 recedant‘;

1950 2557 2078 2598 nam
2098 2545 2181 2600 sol
2204 2545 2270 2600 ad
2298 2560 2553 2602 occasum
2581 2549 2840 2620 vergebat
2869 2567 2882 2603 :
2920 2550 3053 2605 Erat
3079 2552 3280 2624 quippe
3299 2553 3429 2608 hora
3448 2555 3554 2609 cir-

1949 2638 2075 2693 citer
2099 2639 2315 2707 decima,
2341 2640 2533 2710 inquit.
2566 2641 2694 2698 ideo
2717 2641 2967 2699 Christus
2988 2643 3209 2700 domum
3239 2660 3346 2702 non
3374 2645 3553 2714 docet,

1943 2748 2060 2788 non
2085 2733 2284 2800 locum,
2314 2733 2411 2789 sed
2443 2742 2500 2789 ut
2527 2745 2822 2807 sequantur
2846 2738 3018 2809 magis
3043 2738 3232 2806 allicit,
3263 2740 3557 2796 ostendens

1952 2842 2013 2899 se
2061 2826 2180 2881 illos
2222 2827 2275 2882 in
2313 2841 2442 2882 suos
2469 2829 2764 2899 accepisse;
2791 2827 3027 2902 Ideoque
3066 2847 3173 2886 non
3211 2831 3340 2903 quid
3380 2832 3560 2890 simile

1953 2917 2119 2973 dicit:
2145 2917 2585 2989 lntempestivum
2614 2929 2760 2976 esset
2787 2937 2884 2976 vos
2904 2938 3049 2979 nunc
3072 2923 3293 2980 domum
3325 2925 3552 2997 ingredi,

1952 3011 2184 3069 audietis
2210 3027 2331 3069 cras
2360 3014 2504 3084 quod
2532 3015 2723 3071 voletis
2743 3056 2760 3084 ,
2807 3032 2952 3073 nunc
2977 3017 3196 3073 domum
3232 3017 3409 3086 abite;
3459 3019 3559 3076 sed

1953 3103 2104 3173 quasi
2129 3103 2334 3160 amicos
2362 3119 2430 3160 ex
2456 3104 2709 3161 diuturna
2740 3108 3133 3165 consuetudine
3160 3110 3306 3181 ipsos
3334 3111 3562 3184 alloqui-

1956 3206 2062 3252 tur.
2091 3197 2201 3252 Cur
2224 3213 2354 3270 ergo
2379 3197 2505 3254 alibi
2535 3198 2666 3254 dicit
2692 3218 2706 3256 :
2734 3199 2782 3253 F
2784 3200 2903 3256 ilius
2933 3202 3154 3257 [taurinis
3179 3219 3279 3257 non
3305 3202 3454 3259 habet
3475 3203 3562 3260 ubi

1954 3298 2106 3362 caput
2126 3290 2328 3344 reclinet
2356 3289 2490 3361 (Luc
2516 3290 2570 3345 9.
2595 3291 2720 3361 58);
2749 3292 2834 3348 hic
2864 3308 3016 3360 vero,
3047 3285 3136 3352 39.
3186 3294 3377 3362 Venite,
3407 3305 3454 3353 et
3481 3298 3561 3354 si-

1955 3381 2067 3436 dete
2104 3381 2189 3440 ubi
2221 3384 2492 3437 maneam?
2511 3383 2941 3451 Quoniamillud,
2971 3383 3091 3440 Non
3120 3387 3268 3444 habet
3294 3388 3381 3443 ubi
3405 3398 3563 3459 caput

1955 3476 2184 3542 reclinet,
2234 3475 2499 3545 signiﬁcat
2530 3476 2679 3532 illum
2713 3479 2994 3549 proprium
3045 3479 3150 3535 sibi
3201 3479 3580 3537 diversorium

1957 3585 2065 3628 non
2094 3569 2368 3635 habuisse,
2412 3585 2520 3624 non
2550 3570 2693 3641 quod
2726 3571 2777 3626 in
2821 3571 2986 3627 domo
3019 3574 3269 3644 quapiam
3312 3590 3422 3631 non
3449 3591 3564 3632 ma-

1955 3670 2111 3717 neret
2143 3678 2157 3714 :
2189 3661 2405 3718 idenim
2435 3662 2689 3731 parabola
2716 3663 3005 3733 signiﬁcat.
3038 3665 3375 3737 Evangelista
3399 3682 3564 3739 porro

1955 3752 2104 3817 dicit,
2135 3752 2283 3822 ipsos
2309 3751 2397 3807 die
2424 3752 2513 3807 illa
2542 3767 2664 3807 cum
2696 3769 2764 3810 eo
2789 3756 3058 3812 mansisse
3092 3774 3108 3811 :
3139 3772 3239 3812 cur
3275 3767 3455 3815 autem
3487 3759 3561 3816 ita

1956 3845 2152 3900 factum
2183 3844 2285 3909 sit,
2331 3861 2438 3899 non
2485 3845 2712 3910 addidit,
2757 3847 2899 3917 quod
2944 3847 3227 3904 manifesta
3269 3865 3358 3907 res
3391 3861 3559 3907 esset.

1955 3937 2140 4008 Neque
2195 3937 2341 3992 enim
2391 3937 2496 3992 alia
2537 3937 2605 3993 dc
2643 3952 2808 3993 causa
2859 3941 3070 4010 sequuti
3119 3950 3244 3996 sunt
3284 3957 3432 4008 eum,
3473 3943 3560 3998 vel

1954 4029 2207 4085 Christus
2233 4030 2342 4084 acei
2355 4030 2430 4084 vit
2460 4045 2576 4098 eos,
2600 4045 2759 4101 quam
2789 4042 2850 4086 ut
2875 4030 3177 4087 doctrinam
3207 4034 3518 4104 acciperent
3542 4052 3558 4090 :

1953 4134 2114 4190 quam
2136 4129 2243 4174 tam
2272 4120 2491 4188 copiose
2520 4131 2575 4176 et
2601 4135 2724 4175 eum
2749 4129 2898 4177 tanto
2916 4123 3096 4178 studio
3123 4139 3227 4178 una
3250 4134 3408 4181 nocte
3437 4140 3556 4195 per-

1954 4221 2211 4283 ceperunt
2235 4253 2250 4281 ,
2285 4221 2346 4272 ut
2389 4227 2512 4272 mox
2545 4222 2773 4290 uterque
2799 4213 2868 4274 ad
2895 4214 3034 4277 alios
3062 4217 3405 4278 advocandos
3430 4235 3559 4298 pro-

1955 4317 2168 4377 peraret
2191 4310 2234 4364 ’.

2027 4403 2080 4456 ι.
2111 4400 2372 4457 Doctrina:
2398 4401 2591 4461 Christi
2615 4405 2788 4459 omnia
2818 4407 3196 4477 postponenda-
3229 4407 3343 4467 Cibi
3367 4409 3562 4466 animo

1953 4496 2042 4566 qui
2071 4496 2190 4550 sint.
2235 4496 2427 4551 Contra
2474 4497 2696 4552 theatra.
2725 4530 2798 4540 —
2823 4499 2960 4557 Hinc
3004 4517 3105 4558 nos
3133 4519 3348 4575 quoque
3377 4503 3559 4560 disca-

1956 4603 2076 4643 mus
2104 4589 2286 4643 omnia
2318 4587 2520 4643 divinae
2546 4589 2807 4646 doctrinae
2852 4601 3216 4663 postponere,
3247 4595 3561 4664 nullumque

1956 4688 2166 4748 tempus
2196 4696 2303 4734 nun
2331 4691 2692 4750 Opportunum
2737 4685 3046 4751 aestimare;
3081 4686 3174 4742 sed
3203 4688 3302 4742 etsi
3337 4687 3388 4741 in
3419 4687 3557 4743 alie-

1956 4787 2080 4825 nam
2121 4771 2340 4827 domum
2373 4773 2579 4843 ingredi
2609 4784 2894 4844 oporteat,
2926 4777 3140 4833 etiamsi
3188 4779 3430 4849 ignotum
3462 4778 3563 4834 ho-

1955 4862 2129 4920 mines
2160 4879 2411 4935 proceres
2458 4868 2672 4937 ignotos
2699 4867 2855 4925 adire
2878 4912 2894 4937 ,
2935 4871 3151 4927 etiamsi
3183 4872 3562 4943 intempestive

1956 4967 2009 5013 et
2034 4957 2222 5028 quovis
2253 4969 2497 5030 tempore
2517 5003 2533 5029 ,
2565 4976 2858 5034 numquam
2886 4965 2989 5021 hoc
3019 4969 3404 5024 commercium
3436 4985 3559 5027 esse

1957 5048 2359 5119 negligendum.
2385 5049 2549 5107 Cibus
2570 5068 2700 5124 ergo
2720 5095 2736 5121 ,
2766 5055 2953 5112 balnea
2977 5098 2992 5124 ,
3022 5073 3193 5114 orente
3211 5101 3227 5125 ,
3255 5060 3466 5132 aliaque
3490 5062 3560 5117 ad

1954 5140 2119 5195 vitam
2160 5141 2482 5211 pertinentia
2509 5185 2525 5209 ,
2559 5158 2714 5200 suum
2747 5154 2960 5216 tempus
3003 5147 3279 5204 habeant:
3309 5151 3556 5208 doctrina

1955 5246 2087 5288 vero
2125 5248 2374 5304 superna:
2406 5233 2762 5306 phil050phia3
2792 5238 2995 5294 nullam
3036 5238 3236 5294 habeat
3279 5239 3557 5298 definitam

1956 5325 2142 5382 horam
2167 5369 2182 5393 ,
2212 5327 2307 5384 sed
2323 5343 2483 5385 omne
2509 5340 2720 5400 tempus
2745 5330 2846 5401 ipsi
2880 5333 3154 5404 proprium
3178 5343 3318 5391 esto.
3345 5328 3548 5407 Oppor-

2020 5493 2038 5523 ι
2071 5488 2167 5541 Hie
2184 5488 2336 5540 multa
2361 5490 2493 5541 addit
2509 5490 2592 5541 Fr.
2614 5491 2866 5555 Aretinus,
2961 5507 3004 5546 te
3029 5498 3079 5546 in
3113 5495 3249 5548 nullo
3283 5510 3431 5549 exem
3468 5498 3560 5552 lari

2020 5565 2129 5602 seco
2151 5553 2425 5605 habentur:
2453 5556 2602 5605 vertit
2623 5557 2756 5604 enim
2779 5570 2791 5604 :
2821 5508 3075 5607 uiuorum
3097 5558 3295 5607 auidem
3315 5513 3560 5607 (linigera.

1957 5550 2140 5625 φωρ
2149 5553 2425 5625 habentur:
2453 5556 2756 5625 v_ertit_enim
2779 5570 2803 5625 :_
2821 5550 2888 5608 .ve
2904 5550 3075 5608 horam
3097 5558 3295 5625 qaddent
3314 5560 3372 5625 di

2708 5617 2959 5694 ανάοτςιπ·
2985 5628 3025 5670 ο
3045 5614 3558 5694 amantema-

1953 5689 2065 5748 rum
2080 5676 2382 5750 sapientiam,
2406 5676 2752 5742 oditigentiam
2771 5716 2786 5741 ,
2809 5693 2840 5730 ο
2859 5680 3212 5746 ὺιιηιιςὲεινωιι
3230 5681 3382 5749 ﬁdem
3402 5682 3453 5748 !]
3479 5690 3557 5734 sto

1953 5751 2080 5811 enim
2097 5738 2540 5811 gmnsotnetcnquaa
2559 5755 2678 5811 vero
2687 5742 2978 5811 clauduntur
2995 5746 3189 5796 uncinis
3210 5757 3449 5811 nusquam
3467 5759 3559 5799 ex.

1953 5809 2083 5871 stant
2098 5798 2345 5852 inGraacis
2366 5798 2517 5871 editis,
2539 5809 2595 5871 et
2613 5808 2968 5871 manuscriptis.

1952 5867 2209 5987 pe;a.lru‘t:ta
2233 5864 2400 5920 Morel.
2415 5857 2682 5930 legendum
2708 5857 2872 5935 esset;
2892 5857 2959 5922 ad
2979 5869 3192 5953 aliorum
3203 5867 3416 5934 ianuam
3438 5885 3555 5940 pra-
