  <div class='ocr_page' id='page_1' title='image "/cluster/home/n/w/nwhite01/storage/ocr_20150623/59/uva.x004914832/119.png"; bbox 0 0 4120 6498; ppageno 0'>
   <div class='ocr_carea' id='block_1_1' title="bbox 625 443 734 501">
    <p class='ocr_par' dir='ltr' id='par_1_1' title="bbox 625 443 734 501">
     <span class='ocr_line' id='line_1_1' title="bbox 625 443 734 501; baseline 0.009 -1"><span class='ocrx_word' id='word_1_1' title='bbox 625 443 734 501; x_wconf 68' lang='grc'><strong>119»</strong></span> 
     </span>
    </p>
   </div>
   <div class='ocr_carea' id='block_1_2' title="bbox 619 539 2181 624">
    <p class='ocr_par' dir='ltr' id='par_1_2' title="bbox 619 539 2181 624">
     <span class='ocr_line' id='line_1_2' title="bbox 619 539 2181 624; baseline -0.01 -13"><span class='ocrx_word' id='word_1_2' title='bbox 619 569 759 623; x_wconf 81' lang='lat' dir='ltr'><strong>tune,</strong></span> <span class='ocrx_word' id='word_1_3' title='bbox 800 555 968 624; x_wconf 87' lang='lat' dir='ltr'><strong>inquit</strong></span> <span class='ocrx_word' id='word_1_4' title='bbox 989 594 1001 614; x_wconf 89' lang='lat'><strong>,</strong></span> <span class='ocrx_word' id='word_1_5' title='bbox 1029 552 1314 618; x_wconf 77' lang='lat' dir='ltr'><strong>importune</strong></span> <span class='ocrx_word' id='word_1_6' title='bbox 1353 563 1510 619; x_wconf 81' lang='lat' dir='ltr'><strong>argue</strong></span> <span class='ocrx_word' id='word_1_7' title='bbox 1532 589 1547 612; x_wconf 95' lang='lat'><strong>,</strong></span> <span class='ocrx_word' id='word_1_8' title='bbox 1573 545 1811 611; x_wconf 82' lang='lat' dir='ltr'><strong>obsecra,</strong></span> <span class='ocrx_word' id='word_1_9' title='bbox 1859 542 2062 611; x_wconf 83' lang='lat' dir='ltr'><strong>increpa</strong></span> <span class='ocrx_word' id='word_1_10' title='bbox 2085 539 2104 608; x_wconf 96' lang='lat'><strong>(</strong></span> <span class='ocrx_word' id='word_1_11' title='bbox 2124 539 2181 596; x_wconf 73' lang='grc'><strong>2.</strong></span> 
     </span>
    </p>
   </div>
   <div class='ocr_carea' id='block_1_3' title="bbox 621 633 2187 714">
    <p class='ocr_par' dir='ltr' id='par_1_3' title="bbox 621 633 2187 714">
     <span class='ocr_line' id='line_1_3' title="bbox 621 633 2187 714; baseline -0.011 -12"><span class='ocrx_word' id='word_1_12' title='bbox 621 645 754 702; x_wconf 83' lang='lat' dir='ltr'><strong>Tim.</strong></span> <span class='ocrx_word' id='word_1_13' title='bbox 782 652 833 701; x_wconf 73' lang='grc'><strong>4.</strong></span> <span class='ocrx_word' id='word_1_14' title='bbox 860 645 895 700; x_wconf 72' lang='grc'><strong>2</strong></span> <span class='ocrx_word' id='word_1_15' title='bbox 914 649 951 712; x_wconf 94' lang='grc'><strong>).</strong></span> <span class='ocrx_word' id='word_1_16' title='bbox 978 644 1236 714; x_wconf 89' lang='lat' dir='ltr'><strong>Propheta</strong></span> <span class='ocrx_word' id='word_1_17' title='bbox 1257 651 1469 712; x_wconf 74' lang='lat' dir='ltr'><strong>Quoque</strong></span> <span class='ocrx_word' id='word_1_18' title='bbox 1487 640 1559 694; x_wconf 92' lang='lat' dir='ltr'><strong>ait</strong></span> <span class='ocrx_word' id='word_1_19' title='bbox 1585 656 1598 690; x_wconf 86' lang='lat'><strong>:</strong></span> <span class='ocrx_word' id='word_1_20' title='bbox 1632 635 1697 692; x_wconf 87' lang='lat' dir='ltr'><strong>In</strong></span> <span class='ocrx_word' id='word_1_21' title='bbox 1724 635 1829 706; x_wconf 79' lang='lat' dir='ltr'><strong>lege</strong></span> <span class='ocrx_word' id='word_1_22' title='bbox 1848 636 1958 705; x_wconf 84' lang='lat' dir='ltr'><strong>ejus</strong></span> <span class='ocrx_word' id='word_1_23' title='bbox 1981 633 2187 686; x_wconf 82' lang='lat' dir='ltr'><strong>medita-</strong></span> 
     </span>
    </p>
   </div>
   <div class='ocr_carea' id='block_1_4' title="bbox 627 725 2186 805">
    <p class='ocr_par' dir='ltr' id='par_1_4' title="bbox 627 725 2186 805">
     <span class='ocr_line' id='line_1_4' title="bbox 627 725 2186 805; baseline -0.008 -15"><span class='ocrx_word' id='word_1_24' title='bbox 627 737 752 790; x_wconf 80' lang='lat' dir='ltr'><strong>bitur</strong></span> <span class='ocrx_word' id='word_1_25' title='bbox 772 737 855 789; x_wconf 84' lang='lat' dir='ltr'><strong>die</strong></span> <span class='ocrx_word' id='word_1_26' title='bbox 874 752 933 789; x_wconf 85' lang='lat' dir='ltr'><strong>ac</strong></span> <span class='ocrx_word' id='word_1_27' title='bbox 954 735 1127 805; x_wconf 86' lang='lat' dir='ltr'><strong>nocte(</strong></span> <span class='ocrx_word' id='word_1_28' title='bbox 1147 733 1289 789; x_wconf 79' lang='lat' dir='ltr'><strong>Psal.</strong></span> <span class='ocrx_word' id='word_1_29' title='bbox 1317 735 1366 787; x_wconf 84' lang='lat' dir='ltr'><strong>l.</strong></span> <span class='ocrx_word' id='word_1_30' title='bbox 1388 733 1482 804; x_wconf 67' lang='lat'><strong>2):</strong></span> <span class='ocrx_word' id='word_1_31' title='bbox 1517 730 1728 802; x_wconf 80' lang='lat' dir='ltr'><strong>Moyses</strong></span> <span class='ocrx_word' id='word_1_32' title='bbox 1756 743 1966 800; x_wconf 91' lang='lat' dir='ltr'><strong>quoque</strong></span> <span class='ocrx_word' id='word_1_33' title='bbox 1986 725 2186 782; x_wconf 75' lang='lat' dir='ltr'><strong>Judzeis</strong></span> 
     </span>
    </p>
   </div>
   <div class='ocr_carea' id='block_1_5' title="bbox 621 817 2183 894">
    <p class='ocr_par' dir='ltr' id='par_1_5' title="bbox 621 817 2183 894">
     <span class='ocr_line' id='line_1_5' title="bbox 621 817 2183 894; baseline -0.007 -15"><span class='ocrx_word' id='word_1_34' title='bbox 621 826 721 879; x_wconf 89' lang='lat' dir='ltr'><strong>hoc</strong></span> <span class='ocrx_word' id='word_1_35' title='bbox 743 840 956 894; x_wconf 80' lang='lat' dir='ltr'><strong><em>semper</em></strong></span> <span class='ocrx_word' id='word_1_36' title='bbox 977 825 1149 880; x_wconf 84' lang='lat' dir='ltr'><strong>facere</strong></span> <span class='ocrx_word' id='word_1_37' title='bbox 1173 823 1529 892; x_wconf 67' lang='lat' dir='ltr'><strong>praecipiebat.</strong></span> <span class='ocrx_word' id='word_1_38' title='bbox 1555 820 1684 874; x_wconf 83' lang='lat' dir='ltr'><strong>Nam</strong></span> <span class='ocrx_word' id='word_1_39' title='bbox 1706 835 1768 875; x_wconf 86' lang='lat' dir='ltr'><strong>ea</strong></span> <span class='ocrx_word' id='word_1_40' title='bbox 1796 833 1912 887; x_wconf 63' lang='lat' dir='ltr'><strong>quas</strong></span> <span class='ocrx_word' id='word_1_41' title='bbox 1934 817 1999 870; x_wconf 89' lang='lat' dir='ltr'><strong>ad</strong></span> <span class='ocrx_word' id='word_1_42' title='bbox 2026 817 2183 869; x_wconf 84' lang='lat' dir='ltr'><strong>vitam</strong></span> 
     </span>
    </p>
   </div>
   <div class='ocr_carea' id='block_1_6' title="bbox 571 906 2184 985">
    <p class='ocr_par' dir='ltr' id='par_1_6' title="bbox 571 906 2184 985">
     <span class='ocr_line' id='line_1_6' title="bbox 571 906 2184 985; baseline -0.008 -14"><span class='ocrx_word' id='word_1_43' title='bbox 571 909 576 914; x_wconf 76' lang='grc'><em>’</em></span> <span class='ocrx_word' id='word_1_44' title='bbox 619 924 889 985; x_wconf 93' lang='lat' dir='ltr'><strong>spectant,</strong></span> <span class='ocrx_word' id='word_1_45' title='bbox 918 915 1101 970; x_wconf 83' lang='lat' dir='ltr'><strong>balnea</strong></span> <span class='ocrx_word' id='word_1_46' title='bbox 1129 914 1246 968; x_wconf 93' lang='lat' dir='ltr'><strong>dico</strong></span> <span class='ocrx_word' id='word_1_47' title='bbox 1271 923 1324 968; x_wconf 89' lang='lat' dir='ltr'><strong>et</strong></span> <span class='ocrx_word' id='word_1_48' title='bbox 1349 927 1516 968; x_wconf 66' lang='lat' dir='ltr'><strong>cinna:</strong></span> <span class='ocrx_word' id='word_1_49' title='bbox 1539 955 1553 977; x_wconf 95' lang='lat'><strong>,</strong></span> <span class='ocrx_word' id='word_1_50' title='bbox 1581 912 1681 966; x_wconf 88' lang='lat' dir='ltr'><strong>etsi</strong></span> <span class='ocrx_word' id='word_1_51' title='bbox 1710 908 2006 965; x_wconf 88' lang='lat' dir='ltr'><strong>necessaria</strong></span> <span class='ocrx_word' id='word_1_52' title='bbox 2038 906 2145 959; x_wconf 90' lang='lat' dir='ltr'><strong>sint</strong></span> <span class='ocrx_word' id='word_1_53' title='bbox 2169 945 2184 968; x_wconf 93' lang='lat'><strong>,</strong></span> 
     </span>
    </p>
   </div>
   <div class='ocr_carea' id='block_1_7' title="bbox 622 996 2190 1074">
    <p class='ocr_par' dir='ltr' id='par_1_7' title="bbox 622 996 2190 1074">
     <span class='ocr_line' id='line_1_7' title="bbox 622 996 2190 1074; baseline -0.007 -13"><span class='ocrx_word' id='word_1_54' title='bbox 622 1007 664 1061; x_wconf 85' lang='lat' dir='ltr'><strong>si</strong></span> <span class='ocrx_word' id='word_1_55' title='bbox 695 1005 1022 1074; x_wconf 76' lang='lat' dir='ltr'><strong>frequentius</strong></span> <span class='ocrx_word' id='word_1_56' title='bbox 1062 1004 1414 1059; x_wconf 84' lang='lat' dir='ltr'><strong>adhibeantur</strong></span> <span class='ocrx_word' id='word_1_57' title='bbox 1436 1043 1452 1068; x_wconf 91' lang='lat'><strong>,</strong></span> <span class='ocrx_word' id='word_1_58' title='bbox 1490 1018 1685 1072; x_wconf 87' lang='lat' dir='ltr'><strong>corpus</strong></span> <span class='ocrx_word' id='word_1_59' title='bbox 1715 1007 2042 1056; x_wconf 78' lang='lat' dir='ltr'><strong>extenuant:</strong></span> <span class='ocrx_word' id='word_1_60' title='bbox 2073 996 2190 1050; x_wconf 88' lang='lat' dir='ltr'><strong>ani-</strong></span> 
     </span>
    </p>
   </div>
   <div class='ocr_carea' id='block_1_8' title="bbox 622 1065 2188 1164">
    <p class='ocr_par' dir='ltr' id='par_1_8' title="bbox 622 1065 2188 1164">
     <span class='ocr_line' id='line_1_8' title="bbox 622 1065 2188 1164; baseline -0.006 -16"><span class='ocrx_word' id='word_1_61' title='bbox 622 1110 720 1149; x_wconf 69' lang='lat' dir='ltr'><strong>ma:</strong></span> <span class='ocrx_word' id='word_1_62' title='bbox 750 1065 923 1149; x_wconf 78' lang='lat' dir='ltr'><strong>autem</strong></span> <span class='ocrx_word' id='word_1_63' title='bbox 966 1065 1204 1148; x_wconf 55' lang='lat' dir='ltr'><strong>doctrina</strong></span> <span class='ocrx_word' id='word_1_64' title='bbox 1246 1102 1444 1164; x_wconf 88' lang='lat' dir='ltr'><strong>quanto</strong></span> <span class='ocrx_word' id='word_1_65' title='bbox 1486 1093 1653 1162; x_wconf 88' lang='lat' dir='ltr'><strong>magis</strong></span> <span class='ocrx_word' id='word_1_66' title='bbox 1682 1091 2009 1154; x_wconf 89' lang='lat' dir='ltr'><strong>inculcatur,</strong></span> <span class='ocrx_word' id='word_1_67' title='bbox 2043 1097 2188 1140; x_wconf 88' lang='lat' dir='ltr'><strong>tanto</strong></span> 
     </span>
    </p>
   </div>
   <div class='ocr_carea' id='block_1_9' title="bbox 621 1181 2188 1252">
    <p class='ocr_par' dir='ltr' id='par_1_9' title="bbox 621 1181 2188 1252">
     <span class='ocr_line' id='line_1_9' title="bbox 621 1181 2188 1252; baseline -0.002 -13"><span class='ocrx_word' id='word_1_68' title='bbox 621 1185 890 1240; x_wconf 75' lang='lat' dir='ltr'><strong>fortiorem</strong></span> <span class='ocrx_word' id='word_1_69' title='bbox 913 1184 1086 1240; x_wconf 82' lang='lat' dir='ltr'><strong>reddit</strong></span> <span class='ocrx_word' id='word_1_70' title='bbox 1108 1188 1357 1240; x_wconf 88' lang='lat' dir='ltr'><strong>animam.</strong></span> <span class='ocrx_word' id='word_1_71' title='bbox 1383 1185 1532 1240; x_wconf 86' lang='lat' dir='ltr'><strong>Nunc</strong></span> <span class='ocrx_word' id='word_1_72' title='bbox 1551 1193 1729 1239; x_wconf 84' lang='lat' dir='ltr'><strong>autem</strong></span> <span class='ocrx_word' id='word_1_73' title='bbox 1750 1183 1904 1252; x_wconf 83' lang='lat' dir='ltr'><strong>nugis</strong></span> <span class='ocrx_word' id='word_1_74' title='bbox 1932 1181 2188 1237; x_wconf 86' lang='lat' dir='ltr'><strong>inutiliter</strong></span> 
     </span>
    </p>
   </div>
   <div class='ocr_carea' id='block_1_10' title="bbox 621 1272 2187 1347">
    <p class='ocr_par' dir='ltr' id='par_1_10' title="bbox 621 1272 2187 1347">
     <span class='ocr_line' id='line_1_10' title="bbox 621 1272 2187 1347; baseline -0.006 -15"><span class='ocrx_word' id='word_1_75' title='bbox 621 1290 778 1332; x_wconf 88' lang='lat' dir='ltr'><strong>omne</strong></span> <span class='ocrx_word' id='word_1_76' title='bbox 807 1285 1015 1347; x_wconf 84' lang='lat' dir='ltr'><strong>tempus</strong></span> <span class='ocrx_word' id='word_1_77' title='bbox 1045 1276 1409 1330; x_wconf 76' lang='lat' dir='ltr'><strong>consumimus</strong></span> <span class='ocrx_word' id='word_1_78' title='bbox 1431 1316 1447 1342; x_wconf 91' lang='lat'><strong>,</strong></span> <span class='ocrx_word' id='word_1_79' title='bbox 1492 1289 1736 1328; x_wconf 90' lang='lat' dir='ltr'><strong>auroram</strong></span> <span class='ocrx_word' id='word_1_80' title='bbox 1765 1313 1781 1339; x_wconf 94' lang='lat'><strong>,</strong></span> <span class='ocrx_word' id='word_1_81' title='bbox 1828 1272 2142 1326; x_wconf 80' lang='lat' dir='ltr'><strong>matutinum</strong></span> <span class='ocrx_word' id='word_1_82' title='bbox 2167 1309 2187 1338; x_wconf 87' lang='lat'><strong>,</strong></span> 
     </span>
    </p>
   </div>
   <div class='ocr_carea' id='block_1_11' title="bbox 620 1364 2184 1437">
    <p class='ocr_par' dir='ltr' id='par_1_11' title="bbox 620 1364 2184 1437">
     <span class='ocr_line' id='line_1_11' title="bbox 620 1364 2184 1437; baseline -0.002 -18"><span class='ocrx_word' id='word_1_83' title='bbox 620 1366 893 1421; x_wconf 86' lang='lat' dir='ltr'><strong>meridiem</strong></span> <span class='ocrx_word' id='word_1_84' title='bbox 913 1408 927 1430; x_wconf 84' lang='lat'><strong>,</strong></span> <span class='ocrx_word' id='word_1_85' title='bbox 955 1381 1228 1437; x_wconf 77' lang='lat' dir='ltr'><strong>vesperam</strong></span> <span class='ocrx_word' id='word_1_86' title='bbox 1263 1368 1313 1421; x_wconf 91' lang='lat' dir='ltr'><strong>in</strong></span> <span class='ocrx_word' id='word_1_87' title='bbox 1342 1369 1631 1421; x_wconf 89' lang='lat' dir='ltr'><strong>constituto</strong></span> <span class='ocrx_word' id='word_1_88' title='bbox 1656 1366 1774 1420; x_wconf 92' lang='lat' dir='ltr'><strong>loco</strong></span> <span class='ocrx_word' id='word_1_89' title='bbox 1815 1380 1947 1419; x_wconf 83' lang='lat' dir='ltr'><strong>vane</strong></span> <span class='ocrx_word' id='word_1_90' title='bbox 1975 1364 2184 1432; x_wconf 87' lang='lat' dir='ltr'><strong>impen-</strong></span> 
     </span>
    </p>
   </div>
   <div class='ocr_carea' id='block_1_12' title="bbox 619 1452 2191 1526">
    <p class='ocr_par' dir='ltr' id='par_1_12' title="bbox 619 1452 2191 1526">
     <span class='ocr_line' id='line_1_12' title="bbox 619 1452 2191 1526; baseline -0.003 -16"><span class='ocrx_word' id='word_1_91' title='bbox 619 1456 827 1518; x_wconf 85' lang='lat' dir='ltr'><strong>dimus;</strong></span> <span class='ocrx_word' id='word_1_92' title='bbox 857 1454 1033 1510; x_wconf 87' lang='lat' dir='ltr'><strong>divina</strong></span> <span class='ocrx_word' id='word_1_93' title='bbox 1076 1466 1252 1511; x_wconf 88' lang='lat' dir='ltr'><strong>autem</strong></span> <span class='ocrx_word' id='word_1_94' title='bbox 1297 1454 1537 1526; x_wconf 80' lang='lat' dir='ltr'><strong>dogmata</strong></span> <span class='ocrx_word' id='word_1_95' title='bbox 1567 1455 1610 1507; x_wconf 92' lang='lat' dir='ltr'><strong>si</strong></span> <span class='ocrx_word' id='word_1_96' title='bbox 1642 1453 1808 1509; x_wconf 90' lang='lat' dir='ltr'><strong>semel</strong></span> <span class='ocrx_word' id='word_1_97' title='bbox 1855 1462 1945 1507; x_wconf 89' lang='lat' dir='ltr'><strong>aut</strong></span> <span class='ocrx_word' id='word_1_98' title='bbox 1983 1452 2063 1507; x_wconf 88' lang='lat' dir='ltr'><strong>bis</strong></span> <span class='ocrx_word' id='word_1_99' title='bbox 2095 1467 2191 1522; x_wconf 86' lang='lat' dir='ltr'><strong>per</strong></span> 
     </span>
    </p>
   </div>
   <div class='ocr_carea' id='block_1_13' title="bbox 624 1544 2183 1615">
    <p class='ocr_par' dir='ltr' id='par_1_13' title="bbox 624 1544 2183 1615">
     <span class='ocr_line' id='line_1_13' title="bbox 624 1544 2183 1615; baseline -0.003 -16"><span class='ocrx_word' id='word_1_100' title='bbox 624 1545 1006 1600; x_wconf 82' lang='lat' dir='ltr'><strong>hebdomadam</strong></span> <span class='ocrx_word' id='word_1_101' title='bbox 1054 1547 1361 1611; x_wconf 85' lang='lat' dir='ltr'><strong>audiamus,</strong></span> <span class='ocrx_word' id='word_1_102' title='bbox 1415 1544 1798 1615; x_wconf 88' lang='lat' dir='ltr'><strong>torpescimus,</strong></span> <span class='ocrx_word' id='word_1_103' title='bbox 1844 1557 2183 1597; x_wconf 82' lang='lat' dir='ltr'><strong>nauseamus.</strong></span> 
     </span>
    </p>
   </div>
   <div class='ocr_carea' id='block_1_14' title="bbox 621 1634 2188 1705">
    <p class='ocr_par' dir='ltr' id='par_1_14' title="bbox 621 1634 2188 1705">
     <span class='ocr_line' id='line_1_14' title="bbox 621 1634 2188 1705; baseline -0.001 -18"><span class='ocrx_word' id='word_1_104' title='bbox 621 1636 830 1703; x_wconf 80' lang='lat' dir='ltr'><strong>Quare?</strong></span> <span class='ocrx_word' id='word_1_105' title='bbox 859 1635 989 1700; x_wconf 84' lang='lat' dir='ltr'><strong>Quia</strong></span> <span class='ocrx_word' id='word_1_106' title='bbox 1037 1637 1217 1689; x_wconf 88' lang='lat' dir='ltr'><strong>animo</strong></span> <span class='ocrx_word' id='word_1_107' title='bbox 1249 1652 1411 1705; x_wconf 89' lang='lat' dir='ltr'><strong>prave</strong></span> <span class='ocrx_word' id='word_1_108' title='bbox 1439 1635 1614 1691; x_wconf 75' lang='lat' dir='ltr'><strong>aﬂecti</strong></span> <span class='ocrx_word' id='word_1_109' title='bbox 1644 1649 1848 1690; x_wconf 89' lang='lat' dir='ltr'><strong>sumus.</strong></span> <span class='ocrx_word' id='word_1_110' title='bbox 1881 1634 2188 1703; x_wconf 85' lang='lat' dir='ltr'><strong>Appetitum</strong></span> 
     </span>
    </p>
   </div>
   <div class='ocr_carea' id='block_1_15' title="bbox 622 1723 2192 1794">
    <p class='ocr_par' dir='ltr' id='par_1_15' title="bbox 622 1723 2192 1794">
     <span class='ocr_line' id='line_1_15' title="bbox 622 1723 2192 1794; baseline 0 -17"><span class='ocrx_word' id='word_1_111' title='bbox 622 1723 958 1793; x_wconf 78' lang='lat' dir='ltr'><strong>studiumque</strong></span> <span class='ocrx_word' id='word_1_112' title='bbox 980 1724 1095 1794; x_wconf 85' lang='lat' dir='ltr'><strong>ejus</strong></span> <span class='ocrx_word' id='word_1_113' title='bbox 1115 1727 1254 1779; x_wconf 90' lang='lat' dir='ltr'><strong>circa</strong></span> <span class='ocrx_word' id='word_1_114' title='bbox 1284 1727 1428 1780; x_wconf 80' lang='lat' dir='ltr'><strong>istaec</strong></span> <span class='ocrx_word' id='word_1_115' title='bbox 1449 1741 1608 1780; x_wconf 92' lang='lat' dir='ltr'><strong>omne</strong></span> <span class='ocrx_word' id='word_1_116' title='bbox 1636 1725 2010 1790; x_wconf 82' lang='lat' dir='ltr'><strong>dissolvimus;</strong></span> <span class='ocrx_word' id='word_1_117' title='bbox 2045 1723 2192 1778; x_wconf 85' lang='lat' dir='ltr'><strong>ideo-</strong></span> 
     </span>
    </p>
   </div>
   <div class='ocr_carea' id='block_1_16' title="bbox 623 1814 2191 1884">
    <p class='ocr_par' dir='ltr' id='par_1_16' title="bbox 623 1814 2191 1884">
     <span class='ocr_line' id='line_1_16' title="bbox 623 1814 2191 1884; baseline 0.002 -19"><span class='ocrx_word' id='word_1_118' title='bbox 623 1827 724 1883; x_wconf 91' lang='lat' dir='ltr'><strong>que</strong></span> <span class='ocrx_word' id='word_1_119' title='bbox 755 1814 1077 1882; x_wconf 86' lang='lat' dir='ltr'><strong>spiritualcm</strong></span> <span class='ocrx_word' id='word_1_120' title='bbox 1109 1830 1285 1870; x_wconf 87' lang='lat' dir='ltr'><strong>escam</strong></span> <span class='ocrx_word' id='word_1_121' title='bbox 1326 1831 1430 1869; x_wconf 90' lang='lat' dir='ltr'><strong>non</strong></span> <span class='ocrx_word' id='word_1_122' title='bbox 1463 1816 1780 1884; x_wconf 88' lang='lat' dir='ltr'><strong>appetimus.</strong></span> <span class='ocrx_word' id='word_1_123' title='bbox 1813 1814 2057 1884; x_wconf 83' lang='lat' dir='ltr'><strong>Magnum</strong></span> <span class='ocrx_word' id='word_1_124' title='bbox 2091 1814 2191 1868; x_wconf 90' lang='lat' dir='ltr'><strong>hoc</strong></span> 
     </span>
    </p>
   </div>
   <div class='ocr_carea' id='block_1_17' title="bbox 625 1904 2188 1976">
    <p class='ocr_par' dir='ltr' id='par_1_17' title="bbox 625 1904 2188 1976">
     <span class='ocr_line' id='line_1_17' title="bbox 625 1904 2188 1976; baseline 0.003 -20"><span class='ocrx_word' id='word_1_125' title='bbox 625 1913 818 1973; x_wconf 76' lang='lat' dir='ltr'><strong>praeter</strong></span> <span class='ocrx_word' id='word_1_126' title='bbox 845 1904 941 1958; x_wconf 84' lang='lat' dir='ltr'><strong>alia</strong></span> <span class='ocrx_word' id='word_1_127' title='bbox 971 1915 1053 1960; x_wconf 71' lang='lat' dir='ltr'><strong>est</strong></span> <span class='ocrx_word' id='word_1_128' title='bbox 1083 1906 1412 1976; x_wconf 65' lang='lat' dir='ltr'><strong>aegritudinis</strong></span> <span class='ocrx_word' id='word_1_129' title='bbox 1456 1905 1705 1960; x_wconf 91' lang='lat' dir='ltr'><strong>indicium</strong></span> <span class='ocrx_word' id='word_1_130' title='bbox 1731 1947 1745 1971; x_wconf 89' lang='lat'><strong>,</strong></span> <span class='ocrx_word' id='word_1_131' title='bbox 1776 1921 1896 1960; x_wconf 90' lang='lat' dir='ltr'><strong>cum</strong></span> <span class='ocrx_word' id='word_1_132' title='bbox 1930 1921 2033 1959; x_wconf 90' lang='lat' dir='ltr'><strong>non</strong></span> <span class='ocrx_word' id='word_1_133' title='bbox 2061 1921 2188 1960; x_wconf 88' lang='lat' dir='ltr'><strong>esu-</strong></span> 
     </span>
    </p>
   </div>
   <div class='ocr_carea' id='block_1_18' title="bbox 625 1997 2188 2070">
    <p class='ocr_par' dir='ltr' id='par_1_18' title="bbox 625 1997 2188 2070">
     <span class='ocr_line' id='line_1_18' title="bbox 625 1997 2188 2070; baseline 0.004 -23"><span class='ocrx_word' id='word_1_134' title='bbox 625 1997 789 2049; x_wconf 83' lang='lat' dir='ltr'><strong>rimus</strong></span> <span class='ocrx_word' id='word_1_135' title='bbox 808 2035 822 2060; x_wconf 93' lang='lat'><strong>,</strong></span> <span class='ocrx_word' id='word_1_136' title='bbox 853 2012 949 2051; x_wconf 89' lang='lat' dir='ltr'><strong>nec</strong></span> <span class='ocrx_word' id='word_1_137' title='bbox 973 1999 1184 2052; x_wconf 89' lang='lat' dir='ltr'><strong>sitimus</strong></span> <span class='ocrx_word' id='word_1_138' title='bbox 1203 2040 1217 2063; x_wconf 93' lang='lat'><strong>,</strong></span> <span class='ocrx_word' id='word_1_139' title='bbox 1248 1998 1342 2053; x_wconf 91' lang='lat' dir='ltr'><strong>sed</strong></span> <span class='ocrx_word' id='word_1_140' title='bbox 1370 2010 1651 2070; x_wconf 87' lang='lat' dir='ltr'><strong>utrumque</strong></span> <span class='ocrx_word' id='word_1_141' title='bbox 1681 1999 1836 2054; x_wconf 89' lang='lat' dir='ltr'><strong>nobis</strong></span> <span class='ocrx_word' id='word_1_142' title='bbox 1860 1999 2188 2054; x_wconf 85' lang='lat' dir='ltr'><strong>fastidiosum</strong></span> 
     </span>
    </p>
   </div>
   <div class='ocr_carea' id='block_1_19' title="bbox 624 2085 2191 2161">
    <p class='ocr_par' dir='ltr' id='par_1_19' title="bbox 624 2085 2191 2161">
     <span class='ocr_line' id='line_1_19' title="bbox 624 2085 2191 2161; baseline 0.005 -23"><span class='ocrx_word' id='word_1_143' title='bbox 624 2096 724 2140; x_wconf 78' lang='lat' dir='ltr'><strong>est.</strong></span> <span class='ocrx_word' id='word_1_144' title='bbox 750 2085 804 2140; x_wconf 86' lang='lat' dir='ltr'><strong>Si</strong></span> <span class='ocrx_word' id='word_1_145' title='bbox 832 2097 1006 2141; x_wconf 88' lang='lat' dir='ltr'><strong>autem</strong></span> <span class='ocrx_word' id='word_1_146' title='bbox 1055 2089 1190 2154; x_wconf 74' lang='lat' dir='ltr'><strong>huc,</strong></span> <span class='ocrx_word' id='word_1_147' title='bbox 1241 2104 1361 2143; x_wconf 91' lang='lat' dir='ltr'><strong>cum</strong></span> <span class='ocrx_word' id='word_1_148' title='bbox 1408 2090 1460 2142; x_wconf 93' lang='lat' dir='ltr'><strong>in</strong></span> <span class='ocrx_word' id='word_1_149' title='bbox 1490 2105 1714 2160; x_wconf 85' lang='lat' dir='ltr'><strong>corpore</strong></span> <span class='ocrx_word' id='word_1_150' title='bbox 1758 2091 1979 2157; x_wconf 91' lang='lat' dir='ltr'><strong>accidit,</strong></span> <span class='ocrx_word' id='word_1_151' title='bbox 2012 2093 2191 2161; x_wconf 80' lang='lat' dir='ltr'><strong>gravis</strong></span> 
     </span>
    </p>
   </div>
   <div class='ocr_carea' id='block_1_20' title="bbox 625 2175 2184 2251">
    <p class='ocr_par' dir='ltr' id='par_1_20' title="bbox 625 2175 2184 2251">
     <span class='ocr_line' id='line_1_20' title="bbox 625 2175 2184 2251; baseline 0.006 -25"><span class='ocrx_word' id='word_1_152' title='bbox 625 2175 794 2230; x_wconf 86' lang='lat' dir='ltr'><strong>morbi</strong></span> <span class='ocrx_word' id='word_1_153' title='bbox 827 2176 1075 2232; x_wconf 90' lang='lat' dir='ltr'><strong>iudicium</strong></span> <span class='ocrx_word' id='word_1_154' title='bbox 1104 2186 1157 2233; x_wconf 85' lang='lat' dir='ltr'><strong>et</strong></span> <span class='ocrx_word' id='word_1_155' title='bbox 1183 2193 1340 2233; x_wconf 88' lang='lat' dir='ltr'><strong>causa</strong></span> <span class='ocrx_word' id='word_1_156' title='bbox 1368 2187 1480 2243; x_wconf 88' lang='lat' dir='ltr'><strong>est;</strong></span> <span class='ocrx_word' id='word_1_157' title='bbox 1511 2181 1677 2234; x_wconf 90' lang='lat' dir='ltr'><strong>multo</strong></span> <span class='ocrx_word' id='word_1_158' title='bbox 1709 2182 1876 2251; x_wconf 89' lang='lat' dir='ltr'><strong>magis</strong></span> <span class='ocrx_word' id='word_1_159' title='bbox 1905 2183 1956 2236; x_wconf 94' lang='lat' dir='ltr'><strong>in</strong></span> <span class='ocrx_word' id='word_1_160' title='bbox 1988 2183 2184 2236; x_wconf 87' lang='lat' dir='ltr'><strong>anima.</strong></span> 
     </span>
    </p>
   </div>
   <div class='ocr_carea' id='block_1_21' title="bbox 624 2263 2191 2345">
    <p class='ocr_par' dir='ltr' id='par_1_21' title="bbox 624 2263 2191 2345">
     <span class='ocr_line' id='line_1_21' title="bbox 624 2263 2191 2345; baseline 0.01 -30"><span class='ocrx_word' id='word_1_161' title='bbox 624 2263 899 2330; x_wconf 86' lang='lat' dir='ltr'><strong>Quomodo</strong></span> <span class='ocrx_word' id='word_1_162' title='bbox 939 2268 1095 2337; x_wconf 83' lang='lat' dir='ltr'><strong>igitur</strong></span> <span class='ocrx_word' id='word_1_163' title='bbox 1137 2269 1278 2324; x_wconf 90' lang='lat' dir='ltr'><strong>illam</strong></span> <span class='ocrx_word' id='word_1_164' title='bbox 1311 2271 1510 2339; x_wconf 85' lang='lat' dir='ltr'><strong>lapsam</strong></span> <span class='ocrx_word' id='word_1_165' title='bbox 1542 2279 1595 2324; x_wconf 89' lang='lat' dir='ltr'><strong>et</strong></span> <span class='ocrx_word' id='word_1_166' title='bbox 1635 2271 1952 2328; x_wconf 87' lang='lat' dir='ltr'><strong>dissolutam</strong></span> <span class='ocrx_word' id='word_1_167' title='bbox 1983 2275 2191 2345; x_wconf 78' lang='lat' dir='ltr'><strong>erigere</strong></span> 
     </span>
    </p>
   </div>
   <div class='ocr_carea' id='block_1_22' title="bbox 627 2357 2193 2432">
    <p class='ocr_par' dir='ltr' id='par_1_22' title="bbox 627 2357 2193 2432">
     <span class='ocr_line' id='line_1_22' title="bbox 627 2357 2193 2432; baseline 0.01 -27"><span class='ocrx_word' id='word_1_168' title='bbox 627 2357 960 2423; x_wconf 76' lang='lat' dir='ltr'><strong>poterimus?</strong></span> <span class='ocrx_word' id='word_1_169' title='bbox 988 2359 1178 2428; x_wconf 83' lang='lat' dir='ltr'><strong>quibus</strong></span> <span class='ocrx_word' id='word_1_170' title='bbox 1204 2361 1489 2429; x_wconf 78' lang='lat' dir='ltr'><strong>operibus?</strong></span> <span class='ocrx_word' id='word_1_171' title='bbox 1519 2362 1712 2432; x_wconf 91' lang='lat' dir='ltr'><strong>quibus</strong></span> <span class='ocrx_word' id='word_1_172' title='bbox 1737 2363 1951 2418; x_wconf 82' lang='lat' dir='ltr'><strong>verbis?</strong></span> <span class='ocrx_word' id='word_1_173' title='bbox 1973 2364 2028 2420; x_wconf 89' lang='lat' dir='ltr'><strong>Si</strong></span> <span class='ocrx_word' id='word_1_174' title='bbox 2057 2366 2193 2420; x_wconf 89' lang='lat' dir='ltr'><strong>divi-</strong></span> 
     </span>
    </p>
   </div>
   <div class='ocr_carea' id='block_1_23' title="bbox 627 2450 2194 2525">
    <p class='ocr_par' dir='ltr' id='par_1_23' title="bbox 627 2450 2194 2525">
     <span class='ocr_line' id='line_1_23' title="bbox 627 2450 2194 2525; baseline 0.008 -27"><span class='ocrx_word' id='word_1_175' title='bbox 627 2460 725 2500; x_wconf 88' lang='lat' dir='ltr'><strong>nos</strong></span> <span class='ocrx_word' id='word_1_176' title='bbox 749 2461 1041 2511; x_wconf 88' lang='lat' dir='ltr'><strong>sermones,</strong></span> <span class='ocrx_word' id='word_1_177' title='bbox 1075 2450 1439 2519; x_wconf 89' lang='lat' dir='ltr'><strong>prophetieos,</strong></span> <span class='ocrx_word' id='word_1_178' title='bbox 1472 2454 1816 2522; x_wconf 89' lang='lat' dir='ltr'><strong>apostolicos,</strong></span> <span class='ocrx_word' id='word_1_179' title='bbox 1852 2457 2194 2525; x_wconf 87' lang='lat' dir='ltr'><strong>evangelicos</strong></span> 
     </span>
    </p>
   </div>
   <div class='ocr_carea' id='block_1_24' title="bbox 624 2536 2194 2616">
    <p class='ocr_par' dir='ltr' id='par_1_24' title="bbox 624 2536 2194 2616">
     <span class='ocr_line' id='line_1_24' title="bbox 624 2536 2194 2616; baseline 0.009 -28"><span class='ocrx_word' id='word_1_180' title='bbox 624 2536 862 2606; x_wconf 87' lang='lat' dir='ltr'><strong>aliosque</strong></span> <span class='ocrx_word' id='word_1_181' title='bbox 887 2553 1072 2594; x_wconf 89' lang='lat' dir='ltr'><strong>omnes</strong></span> <span class='ocrx_word' id='word_1_182' title='bbox 1102 2549 1409 2597; x_wconf 89' lang='lat' dir='ltr'><strong>tractemus.</strong></span> <span class='ocrx_word' id='word_1_183' title='bbox 1437 2541 1586 2597; x_wconf 85' lang='lat' dir='ltr'><strong>Tunc</strong></span> <span class='ocrx_word' id='word_1_184' title='bbox 1611 2545 1753 2598; x_wconf 90' lang='lat' dir='ltr'><strong>enim</strong></span> <span class='ocrx_word' id='word_1_185' title='bbox 1782 2545 2012 2600; x_wconf 90' lang='lat' dir='ltr'><strong>sciemus</strong></span> <span class='ocrx_word' id='word_1_186' title='bbox 2037 2546 2194 2616; x_wconf 85' lang='lat' dir='ltr'><strong>longe</strong></span> 
     </span>
    </p>
   </div>
   <div class='ocr_carea' id='block_1_25' title="bbox 625 2625 2192 2702">
    <p class='ocr_par' dir='ltr' id='par_1_25' title="bbox 625 2625 2192 2702">
     <span class='ocr_line' id='line_1_25' title="bbox 625 2625 2192 2702; baseline 0.008 -24"><span class='ocrx_word' id='word_1_187' title='bbox 625 2625 812 2680; x_wconf 89' lang='lat' dir='ltr'><strong>melius</strong></span> <span class='ocrx_word' id='word_1_188' title='bbox 830 2642 949 2683; x_wconf 86' lang='lat' dir='ltr'><strong>esse</strong></span> <span class='ocrx_word' id='word_1_189' title='bbox 970 2628 1050 2684; x_wconf 87' lang='lat' dir='ltr'><strong>bis</strong></span> <span class='ocrx_word' id='word_1_190' title='bbox 1072 2631 1145 2684; x_wconf 83' lang='lat' dir='ltr'><strong>uti</strong></span> <span class='ocrx_word' id='word_1_191' title='bbox 1168 2632 1322 2697; x_wconf 88' lang='lat' dir='ltr'><strong>cibis,</strong></span> <span class='ocrx_word' id='word_1_192' title='bbox 1345 2648 1503 2702; x_wconf 89' lang='lat' dir='ltr'><strong>quam</strong></span> <span class='ocrx_word' id='word_1_193' title='bbox 1528 2633 1750 2702; x_wconf 87' lang='lat' dir='ltr'><strong>impuris</strong></span> <span class='ocrx_word' id='word_1_194' title='bbox 1772 2635 1890 2689; x_wconf 88' lang='lat' dir='ltr'><strong>aliis</strong></span> <span class='ocrx_word' id='word_1_195' title='bbox 1913 2652 1927 2700; x_wconf 91' lang='lat'><strong>;</strong></span> <span class='ocrx_word' id='word_1_196' title='bbox 1951 2637 2027 2690; x_wconf 89' lang='lat' dir='ltr'><strong>sic</strong></span> <span class='ocrx_word' id='word_1_197' title='bbox 2050 2637 2192 2692; x_wconf 91' lang='lat' dir='ltr'><strong>enim</strong></span> 
     </span>
    </p>
   </div>
   <div class='ocr_carea' id='block_1_26' title="bbox 625 2718 2189 2793">
    <p class='ocr_par' dir='ltr' id='par_1_26' title="bbox 625 2718 2189 2793">
     <span class='ocr_line' id='line_1_26' title="bbox 625 2718 2189 2793; baseline 0.008 -23"><span class='ocrx_word' id='word_1_198' title='bbox 625 2718 749 2772; x_wconf 89' lang='lat' dir='ltr'><strong>licet</strong></span> <span class='ocrx_word' id='word_1_199' title='bbox 777 2718 1174 2789; x_wconf 84' lang='lat' dir='ltr'><strong>intempestivas</strong></span> <span class='ocrx_word' id='word_1_200' title='bbox 1200 2738 1364 2793; x_wconf 89' lang='lat' dir='ltr'><strong>nugas</strong></span> <span class='ocrx_word' id='word_1_201' title='bbox 1393 2729 1449 2778; x_wconf 91' lang='lat' dir='ltr'><strong>et</strong></span> <span class='ocrx_word' id='word_1_202' title='bbox 1488 2723 1947 2781; x_wconf 74' lang='lat' dir='ltr'><strong>confabulationes</strong></span> <span class='ocrx_word' id='word_1_203' title='bbox 1980 2741 2189 2782; x_wconf 87' lang='lat' dir='ltr'><strong>vocare.</strong></span> 
     </span>
    </p>
   </div>
   <div class='ocr_carea' id='block_1_27' title="bbox 625 2808 2194 2886">
    <p class='ocr_par' dir='ltr' id='par_1_27' title="bbox 625 2808 2194 2886">
     <span class='ocr_line' id='line_1_27' title="bbox 625 2808 2194 2886; baseline 0.005 -25"><span class='ocrx_word' id='word_1_204' title='bbox 625 2808 759 2878; x_wconf 84' lang='lat' dir='ltr'><strong>Quid</strong></span> <span class='ocrx_word' id='word_1_205' title='bbox 781 2813 944 2879; x_wconf 89' lang='lat' dir='ltr'><strong>enim,</strong></span> <span class='ocrx_word' id='word_1_206' title='bbox 966 2827 1167 2882; x_wconf 74' lang='lat' dir='ltr'><strong>qumso,</strong></span> <span class='ocrx_word' id='word_1_207' title='bbox 1197 2816 1408 2878; x_wconf 90' lang='lat' dir='ltr'><strong>melius,</strong></span> <span class='ocrx_word' id='word_1_208' title='bbox 1432 2816 1500 2870; x_wconf 89' lang='lat' dir='ltr'><strong>de</strong></span> <span class='ocrx_word' id='word_1_209' title='bbox 1525 2817 1823 2871; x_wconf 82' lang='lat' dir='ltr'><strong>forensibus</strong></span> <span class='ocrx_word' id='word_1_210' title='bbox 1840 2858 1855 2883; x_wconf 91' lang='lat'><strong>,</strong></span> <span class='ocrx_word' id='word_1_211' title='bbox 1879 2817 1944 2871; x_wconf 92' lang='lat' dir='ltr'><strong>de</strong></span> <span class='ocrx_word' id='word_1_212' title='bbox 1968 2817 2194 2886; x_wconf 81' lang='lat' dir='ltr'><strong>judicia-</strong></span> 
     </span>
    </p>
   </div>
   <div class='ocr_carea' id='block_1_28' title="bbox 623 2901 2190 2981">
    <p class='ocr_par' dir='ltr' id='par_1_28' title="bbox 623 2901 2190 2981">
     <span class='ocr_line' id='line_1_28' title="bbox 623 2901 2190 2981; baseline 0.006 -26"><span class='ocrx_word' id='word_1_213' title='bbox 623 2901 762 2955; x_wconf 87' lang='lat' dir='ltr'><strong>libus</strong></span> <span class='ocrx_word' id='word_1_214' title='bbox 783 2944 798 2968; x_wconf 90' lang='lat'><strong>,</strong></span> <span class='ocrx_word' id='word_1_215' title='bbox 830 2901 895 2957; x_wconf 91' lang='lat' dir='ltr'><strong>de</strong></span> <span class='ocrx_word' id='word_1_216' title='bbox 926 2904 1244 2967; x_wconf 86' lang='lat' dir='ltr'><strong>militaribus</strong></span> <span class='ocrx_word' id='word_1_217' title='bbox 1272 2909 1464 2976; x_wconf 90' lang='lat' dir='ltr'><strong>rebus,</strong></span> <span class='ocrx_word' id='word_1_218' title='bbox 1497 2925 1564 2963; x_wconf 88' lang='lat' dir='ltr'><strong>an</strong></span> <span class='ocrx_word' id='word_1_219' title='bbox 1593 2908 1657 2962; x_wconf 90' lang='lat' dir='ltr'><strong>de</strong></span> <span class='ocrx_word' id='word_1_220' title='bbox 1686 2910 1986 2965; x_wconf 77' lang='lat' dir='ltr'><strong>cadestibus</strong></span> <span class='ocrx_word' id='word_1_221' title='bbox 2011 2911 2190 2981; x_wconf 89' lang='lat' dir='ltr'><strong>loqui,</strong></span> 
     </span>
    </p>
   </div>
   <div class='ocr_carea' id='block_1_29' title="bbox 622 2989 2190 3067">
    <p class='ocr_par' dir='ltr' id='par_1_29' title="bbox 622 2989 2190 3067">
     <span class='ocr_line' id='line_1_29' title="bbox 622 2989 2190 3067; baseline 0.006 -23"><span class='ocrx_word' id='word_1_222' title='bbox 622 2989 794 3061; x_wconf 85' lang='lat' dir='ltr'><strong>deque</strong></span> <span class='ocrx_word' id='word_1_223' title='bbox 815 2992 876 3047; x_wconf 89' lang='lat' dir='ltr'><strong>iis</strong></span> <span class='ocrx_word' id='word_1_224' title='bbox 897 3009 1012 3063; x_wconf 58' lang='lat' dir='ltr'><strong>quas</strong></span> <span class='ocrx_word' id='word_1_225' title='bbox 1037 3007 1152 3065; x_wconf 88' lang='lat' dir='ltr'><strong>post</strong></span> <span class='ocrx_word' id='word_1_226' title='bbox 1182 2997 1316 3051; x_wconf 85' lang='lat' dir='ltr'><strong>hanc</strong></span> <span class='ocrx_word' id='word_1_227' title='bbox 1342 2999 1502 3051; x_wconf 89' lang='lat' dir='ltr'><strong>vitam</strong></span> <span class='ocrx_word' id='word_1_228' title='bbox 1529 2999 1818 3061; x_wconf 84' lang='lat' dir='ltr'><strong>eveniunt?</strong></span> <span class='ocrx_word' id='word_1_229' title='bbox 1838 3000 1966 3067; x_wconf 89' lang='lat' dir='ltr'><strong>quid</strong></span> <span class='ocrx_word' id='word_1_230' title='bbox 1988 3001 2190 3066; x_wconf 89' lang='lat' dir='ltr'><strong>utilius,</strong></span> 
     </span>
    </p>
   </div>
   <div class='ocr_carea' id='block_1_30' title="bbox 625 3083 2194 3158">
    <p class='ocr_par' dir='ltr' id='par_1_30' title="bbox 625 3083 2194 3158">
     <span class='ocr_line' id='line_1_30' title="bbox 625 3083 2194 3158; baseline 0.007 -22"><span class='ocrx_word' id='word_1_231' title='bbox 625 3083 693 3136; x_wconf 89' lang='lat' dir='ltr'><strong>de</strong></span> <span class='ocrx_word' id='word_1_232' title='bbox 720 3083 894 3138; x_wconf 91' lang='lat' dir='ltr'><strong>vicino</strong></span> <span class='ocrx_word' id='word_1_233' title='bbox 923 3097 973 3140; x_wconf 91' lang='lat' dir='ltr'><strong>et</strong></span> <span class='ocrx_word' id='word_1_234' title='bbox 1000 3085 1115 3155; x_wconf 87' lang='lat' dir='ltr'><strong>ejus</strong></span> <span class='ocrx_word' id='word_1_235' title='bbox 1147 3089 1373 3158; x_wconf 86' lang='lat' dir='ltr'><strong>negotiis</strong></span> <span class='ocrx_word' id='word_1_236' title='bbox 1399 3089 1568 3158; x_wconf 90' lang='lat' dir='ltr'><strong>loqui,</strong></span> <span class='ocrx_word' id='word_1_237' title='bbox 1599 3105 1661 3144; x_wconf 90' lang='lat' dir='ltr'><strong>ac</strong></span> <span class='ocrx_word' id='word_1_238' title='bbox 1682 3090 1747 3146; x_wconf 90' lang='lat' dir='ltr'><strong>de</strong></span> <span class='ocrx_word' id='word_1_239' title='bbox 1768 3090 1958 3145; x_wconf 90' lang='lat' dir='ltr'><strong>alienis</strong></span> <span class='ocrx_word' id='word_1_240' title='bbox 1981 3093 2194 3147; x_wconf 86' lang='lat' dir='ltr'><strong>curiose</strong></span> 
     </span>
    </p>
   </div>
   <div class='ocr_carea' id='block_1_31' title="bbox 625 3171 2198 3252">
    <p class='ocr_par' dir='ltr' id='par_1_31' title="bbox 625 3171 2198 3252">
     <span class='ocr_line' id='line_1_31' title="bbox 625 3171 2198 3252; baseline 0.004 -23"><span class='ocrx_word' id='word_1_241' title='bbox 625 3176 932 3246; x_wconf 86' lang='lat' dir='ltr'><strong>perquirere</strong></span> <span class='ocrx_word' id='word_1_242' title='bbox 951 3217 968 3245; x_wconf 90' lang='lat'><strong>,</strong></span> <span class='ocrx_word' id='word_1_243' title='bbox 996 3193 1061 3232; x_wconf 90' lang='lat' dir='ltr'><strong>an</strong></span> <span class='ocrx_word' id='word_1_244' title='bbox 1091 3179 1157 3234; x_wconf 90' lang='lat' dir='ltr'><strong>de</strong></span> <span class='ocrx_word' id='word_1_245' title='bbox 1185 3181 1386 3250; x_wconf 78' lang='lat' dir='ltr'><strong>angelis</strong></span> <span class='ocrx_word' id='word_1_246' title='bbox 1408 3223 1422 3247; x_wconf 95' lang='lat'><strong>,</strong></span> <span class='ocrx_word' id='word_1_247' title='bbox 1467 3189 1520 3235; x_wconf 91' lang='lat' dir='ltr'><strong>et</strong></span> <span class='ocrx_word' id='word_1_248' title='bbox 1563 3180 1630 3236; x_wconf 89' lang='lat' dir='ltr'><strong>de</strong></span> <span class='ocrx_word' id='word_1_249' title='bbox 1661 3182 1823 3237; x_wconf 88' lang='lat' dir='ltr'><strong>rebus</strong></span> <span class='ocrx_word' id='word_1_250' title='bbox 1851 3197 1968 3252; x_wconf 65' lang='lat' dir='ltr'><strong>quae</strong></span> <span class='ocrx_word' id='word_1_251' title='bbox 1996 3171 2198 3236; x_wconf 53' lang='lat' dir='ltr'><strong>ad&#39;no-</strong></span> 
     </span>
    </p>
   </div>
   <div class='ocr_carea' id='block_1_32' title="bbox 629 3273 2192 3343">
    <p class='ocr_par' dir='ltr' id='par_1_32' title="bbox 629 3273 2192 3343">
     <span class='ocr_line' id='line_1_32' title="bbox 629 3273 2192 3343; baseline 0.008 -24"><span class='ocrx_word' id='word_1_252' title='bbox 629 3275 792 3321; x_wconf 89' lang='lat' dir='ltr'><strong>stram</strong></span> <span class='ocrx_word' id='word_1_253' title='bbox 817 3281 1093 3326; x_wconf 87' lang='lat' dir='ltr'><strong>vertuntur</strong></span> <span class='ocrx_word' id='word_1_254' title='bbox 1122 3273 1396 3327; x_wconf 82' lang='lat' dir='ltr'><strong>utilitatem</strong></span> <span class='ocrx_word' id='word_1_255' title='bbox 1423 3314 1437 3338; x_wconf 92' lang='lat'><strong>,</strong></span> <span class='ocrx_word' id='word_1_256' title='bbox 1469 3273 1625 3328; x_wconf 88' lang='lat' dir='ltr'><strong>verba</strong></span> <span class='ocrx_word' id='word_1_257' title='bbox 1656 3274 1867 3329; x_wconf 83' lang='lat' dir='ltr'><strong>facere?</strong></span> <span class='ocrx_word' id='word_1_258' title='bbox 1896 3275 2024 3343; x_wconf 78' lang='lat' dir='ltr'><strong>Qum</strong></span> <span class='ocrx_word' id='word_1_259' title='bbox 2050 3277 2192 3331; x_wconf 90' lang='lat' dir='ltr'><strong>enim</strong></span> 
     </span>
    </p>
   </div>
   <div class='ocr_carea' id='block_1_33' title="bbox 626 3358 2192 3435">
    <p class='ocr_par' dir='ltr' id='par_1_33' title="bbox 626 3358 2192 3435">
     <span class='ocr_line' id='line_1_33' title="bbox 626 3358 2192 3435; baseline 0.008 -25"><span class='ocrx_word' id='word_1_260' title='bbox 626 3358 780 3413; x_wconf 88' lang='lat' dir='ltr'><strong>vieini</strong></span> <span class='ocrx_word' id='word_1_261' title='bbox 805 3360 875 3413; x_wconf 91' lang='lat' dir='ltr'><strong>tui</strong></span> <span class='ocrx_word' id='word_1_262' title='bbox 903 3370 1045 3425; x_wconf 89' lang='lat' dir='ltr'><strong>sunt,</strong></span> <span class='ocrx_word' id='word_1_263' title='bbox 1077 3378 1180 3416; x_wconf 91' lang='lat' dir='ltr'><strong>non</strong></span> <span class='ocrx_word' id='word_1_264' title='bbox 1213 3373 1333 3429; x_wconf 90' lang='lat' dir='ltr'><strong>tua;</strong></span> <span class='ocrx_word' id='word_1_265' title='bbox 1365 3379 1482 3435; x_wconf 73' lang='lat' dir='ltr'><strong>qum</strong></span> <span class='ocrx_word' id='word_1_266' title='bbox 1504 3364 1568 3419; x_wconf 90' lang='lat' dir='ltr'><strong>ad</strong></span> <span class='ocrx_word' id='word_1_267' title='bbox 1592 3365 1754 3419; x_wconf 73' lang='lat' dir='ltr'><strong>etelos</strong></span> <span class='ocrx_word' id='word_1_268' title='bbox 1785 3367 2072 3434; x_wconf 89' lang='lat' dir='ltr'><strong>pertinent,</strong></span> <span class='ocrx_word' id='word_1_269' title='bbox 2103 3376 2192 3422; x_wconf 91' lang='lat' dir='ltr'><strong>tua</strong></span> 
     </span>
    </p>
   </div>
   <div class='ocr_carea' id='block_1_34' title="bbox 624 3446 2194 3526">
    <p class='ocr_par' dir='ltr' id='par_1_34' title="bbox 624 3446 2194 3526">
     <span class='ocr_line' id='line_1_34' title="bbox 624 3446 2194 3526; baseline 0.006 -23"><span class='ocrx_word' id='word_1_270' title='bbox 624 3460 765 3504; x_wconf 88' lang='lat' dir='ltr'><strong>sunt.</strong></span> <span class='ocrx_word' id='word_1_271' title='bbox 789 3451 892 3505; x_wconf 85' lang='lat' dir='ltr'><strong>Sed</strong></span> <span class='ocrx_word' id='word_1_272' title='bbox 921 3452 1074 3518; x_wconf 88' lang='lat' dir='ltr'><strong>licet,</strong></span> <span class='ocrx_word' id='word_1_273' title='bbox 1106 3455 1338 3524; x_wconf 88' lang='lat' dir='ltr'><strong>inquies,</strong></span> <span class='ocrx_word' id='word_1_274' title='bbox 1370 3456 1416 3509; x_wconf 90' lang='lat' dir='ltr'><strong>ei</strong></span> <span class='ocrx_word' id='word_1_275' title='bbox 1446 3456 1531 3526; x_wconf 87' lang='lat' dir='ltr'><strong>qui</strong></span> <span class='ocrx_word' id='word_1_276' title='bbox 1555 3458 1720 3511; x_wconf 88' lang='lat' dir='ltr'><strong>semel</strong></span> <span class='ocrx_word' id='word_1_277' title='bbox 1747 3457 1858 3510; x_wconf 76' lang='lat' dir='ltr'><strong>lucc</strong></span> <span class='ocrx_word' id='word_1_278' title='bbox 1880 3446 2011 3511; x_wconf 80' lang='lat' dir='ltr'><strong>dixit</strong></span> <span class='ocrx_word' id='word_1_279' title='bbox 2032 3500 2047 3521; x_wconf 89' lang='lat'><strong>,</strong></span> <span class='ocrx_word' id='word_1_280' title='bbox 2078 3474 2194 3514; x_wconf 90' lang='lat' dir='ltr'><strong>om-</strong></span> 
     </span>
    </p>
   </div>
   <div class='ocr_carea' id='block_1_35' title="bbox 625 3540 2192 3616">
    <p class='ocr_par' dir='ltr' id='par_1_35' title="bbox 625 3540 2192 3616">
     <span class='ocr_line' id='line_1_35' title="bbox 625 3540 2192 3616; baseline 0.006 -23"><span class='ocrx_word' id='word_1_281' title='bbox 625 3541 710 3594; x_wconf 86' lang='lat' dir='ltr'><strong>nia</strong></span> <span class='ocrx_word' id='word_1_282' title='bbox 741 3540 982 3609; x_wconf 89' lang='lat' dir='ltr'><strong>implere.</strong></span> <span class='ocrx_word' id='word_1_283' title='bbox 1008 3543 1140 3610; x_wconf 87' lang='lat' dir='ltr'><strong>Quid</strong></span> <span class='ocrx_word' id='word_1_284' title='bbox 1171 3561 1296 3599; x_wconf 86' lang='lat' dir='ltr'><strong>vero</strong></span> <span class='ocrx_word' id='word_1_285' title='bbox 1323 3544 1392 3600; x_wconf 92' lang='lat' dir='ltr'><strong>de</strong></span> <span class='ocrx_word' id='word_1_286' title='bbox 1418 3545 1481 3599; x_wconf 87' lang='lat' dir='ltr'><strong>iis</strong></span> <span class='ocrx_word' id='word_1_287' title='bbox 1501 3587 1514 3609; x_wconf 92' lang='lat'><strong>,</strong></span> <span class='ocrx_word' id='word_1_288' title='bbox 1542 3562 1660 3616; x_wconf 79' lang='lat' dir='ltr'><strong>qme</strong></span> <span class='ocrx_word' id='word_1_289' title='bbox 1685 3545 1878 3601; x_wconf 81' lang='lat' dir='ltr'><strong>frustra</strong></span> <span class='ocrx_word' id='word_1_290' title='bbox 1908 3555 1962 3602; x_wconf 90' lang='lat' dir='ltr'><strong>et</strong></span> <span class='ocrx_word' id='word_1_291' title='bbox 1993 3556 2192 3604; x_wconf 90' lang='lat' dir='ltr'><strong>temere</strong></span> 
     </span>
    </p>
   </div>
   <div class='ocr_carea' id='block_1_36' title="bbox 627 3630 2194 3706">
    <p class='ocr_par' dir='ltr' id='par_1_36' title="bbox 627 3630 2194 3706">
     <span class='ocr_line' id='line_1_36' title="bbox 627 3630 2194 3706; baseline 0.006 -23"><span class='ocrx_word' id='word_1_292' title='bbox 627 3630 939 3699; x_wconf 84' lang='lat' dir='ltr'><strong>disputatis,</strong></span> <span class='ocrx_word' id='word_1_293' title='bbox 981 3649 1086 3686; x_wconf 87' lang='lat' dir='ltr'><strong>non</strong></span> <span class='ocrx_word' id='word_1_294' title='bbox 1118 3634 1343 3702; x_wconf 83' lang='lat' dir='ltr'><strong>idipsum</strong></span> <span class='ocrx_word' id='word_1_295' title='bbox 1374 3635 1617 3706; x_wconf 72' lang='lat' dir='ltr'><strong>cogitatis</strong></span> <span class='ocrx_word' id='word_1_296' title='bbox 1638 3679 1651 3700; x_wconf 92' lang='lat'><strong>,</strong></span> <span class='ocrx_word' id='word_1_297' title='bbox 1685 3636 1776 3690; x_wconf 91' lang='lat' dir='ltr'><strong>sed</strong></span> <span class='ocrx_word' id='word_1_298' title='bbox 1811 3645 1975 3692; x_wconf 87' lang='lat' dir='ltr'><strong>totam</strong></span> <span class='ocrx_word' id='word_1_299' title='bbox 2006 3638 2058 3691; x_wconf 92' lang='lat' dir='ltr'><strong>in</strong></span> <span class='ocrx_word' id='word_1_300' title='bbox 2092 3639 2194 3693; x_wconf 84' lang='lat' dir='ltr'><strong>illis</strong></span> 
     </span>
    </p>
   </div>
   <div class='ocr_carea' id='block_1_37' title="bbox 624 3721 2194 3795">
    <p class='ocr_par' dir='ltr' id='par_1_37' title="bbox 624 3721 2194 3795">
     <span class='ocr_line' id='line_1_37' title="bbox 624 3721 2194 3795; baseline 0.006 -23"><span class='ocrx_word' id='word_1_301' title='bbox 624 3721 785 3774; x_wconf 87' lang='lat' dir='ltr'><strong>vitam</strong></span> <span class='ocrx_word' id='word_1_302' title='bbox 830 3722 1197 3792; x_wconf 88' lang='lat' dir='ltr'><strong>impendentes</strong></span> <span class='ocrx_word' id='word_1_303' title='bbox 1219 3767 1234 3789; x_wconf 88' lang='lat'><strong>,</strong></span> <span class='ocrx_word' id='word_1_304' title='bbox 1280 3726 1478 3780; x_wconf 90' lang='lat' dir='ltr'><strong>nullum</strong></span> <span class='ocrx_word' id='word_1_305' title='bbox 1510 3725 1886 3795; x_wconf 85' lang='lat' dir='ltr'><strong>disputationis</strong></span> <span class='ocrx_word' id='word_1_306' title='bbox 1919 3727 2076 3781; x_wconf 80' lang='lat' dir='ltr'><strong>linem</strong></span> <span class='ocrx_word' id='word_1_307' title='bbox 2110 3728 2194 3782; x_wconf 91' lang='lat' dir='ltr'><strong>in-</strong></span> 
     </span>
    </p>
   </div>
   <div class='ocr_carea' id='block_1_38' title="bbox 626 3803 2198 3886">
    <p class='ocr_par' dir='ltr' id='par_1_38' title="bbox 626 3803 2198 3886">
     <span class='ocr_line' id='line_1_38' title="bbox 626 3803 2198 3886; baseline 0.006 -24"><span class='ocrx_word' id='word_1_308' title='bbox 626 3810 857 3865; x_wconf 82' lang='lat' dir='ltr'><strong>venitis?</strong></span> <span class='ocrx_word' id='word_1_309' title='bbox 892 3803 1135 3867; x_wconf 80' lang='lat' dir='ltr'><strong>Necdum</strong></span> <span class='ocrx_word' id='word_1_310' title='bbox 1170 3814 1288 3868; x_wconf 82' lang='lat' dir='ltr'><strong>dico</strong></span> <span class='ocrx_word' id='word_1_311' title='bbox 1319 3815 1402 3870; x_wconf 90' lang='lat' dir='ltr'><strong>his</strong></span> <span class='ocrx_word' id='word_1_312' title='bbox 1433 3816 1588 3886; x_wconf 87' lang='lat' dir='ltr'><strong>longe</strong></span> <span class='ocrx_word' id='word_1_313' title='bbox 1625 3817 1887 3886; x_wconf 75' lang='lat' dir='ltr'><strong>graviora.</strong></span> <span class='ocrx_word' id='word_1_314' title='bbox 1941 3815 2068 3871; x_wconf 81' lang='lat' dir='ltr'><strong>Nam</strong></span> <span class='ocrx_word' id='word_1_315' title='bbox 2110 3819 2198 3886; x_wconf 86' lang='lat' dir='ltr'><strong>qui</strong></span> 
     </span>
    </p>
   </div>
   <div class='ocr_carea' id='block_1_39' title="bbox 1393 418 3177 493">
    <p class='ocr_par' dir='ltr' id='par_1_39' title="bbox 1393 418 3177 493">
     <span class='ocr_line' id='line_1_39' title="bbox 1393 418 3177 493; baseline -0.012 0"><span class='ocrx_word' id='word_1_316' title='bbox 1393 435 1449 493; x_wconf 90' lang='lat' dir='ltr'><strong>S.</strong></span> <span class='ocrx_word' id='word_1_317' title='bbox 1489 432 1760 492; x_wconf 82' lang='lat' dir='ltr'><strong>JOANNIS</strong></span> <span class='ocrx_word' id='word_1_318' title='bbox 1794 423 2262 488; x_wconf 70' lang='lat' dir='ltr'><strong>CIIRYSOSTOMI</strong></span> <span class='ocrx_word' id='word_1_319' title='bbox 2302 422 2614 478; x_wconf 80' lang='lat' dir='ltr'><strong>ARCIIIEP.</strong></span> <span class='ocrx_word' id='word_1_320' title='bbox 2656 418 3177 478; x_wconf 69' lang='lat' dir='ltr'><strong>CONSTANTINOP.</strong></span> 
     </span>
    </p>
   </div>
   <div class='ocr_carea' id='block_1_40' title="bbox 3775 418 3882 474">
    <p class='ocr_par' dir='ltr' id='par_1_40' title="bbox 3775 418 3882 474">
     <span class='ocr_line' id='line_1_40' title="bbox 3775 418 3882 474; baseline 0.019 -2"><span class='ocrx_word' id='word_1_321' title='bbox 3775 418 3882 474; x_wconf 69' lang='grc' dir='ltr'>ιω</span> 
     </span>
    </p>
   </div>
   <div class='ocr_carea' id='block_1_41' title="bbox 2295 533 3876 598">
    <p class='ocr_par' dir='ltr' id='par_1_41' title="bbox 2295 533 3876 598">
     <span class='ocr_line' id='line_1_41' title="bbox 2295 533 3876 598; baseline -0.004 -7"><span class='ocrx_word' id='word_1_322' title='bbox 2295 536 2649 592; x_wconf 84' lang='lat' dir='ltr'><strong>modestiores</strong></span> <span class='ocrx_word' id='word_1_323' title='bbox 2698 544 2852 598; x_wconf 85' lang='lat' dir='ltr'><strong>sunt,</strong></span> <span class='ocrx_word' id='word_1_324' title='bbox 2887 535 2969 588; x_wconf 89' lang='lat' dir='ltr'><strong>his</strong></span> <span class='ocrx_word' id='word_1_325' title='bbox 3013 534 3078 588; x_wconf 90' lang='lat' dir='ltr'><strong>de</strong></span> <span class='ocrx_word' id='word_1_326' title='bbox 3108 534 3267 589; x_wconf 86' lang='lat' dir='ltr'><strong>rebus</strong></span> <span class='ocrx_word' id='word_1_327' title='bbox 3316 540 3499 586; x_wconf 90' lang='lat' dir='ltr'><strong>mutuo</strong></span> <span class='ocrx_word' id='word_1_328' title='bbox 3530 533 3832 587; x_wconf 84' lang='lat' dir='ltr'><strong>fabulantur</strong></span> <span class='ocrx_word' id='word_1_329' title='bbox 3857 571 3876 598; x_wconf 90' lang='lat'><strong>,</strong></span> 
     </span>
    </p>
   </div>
   <div class='ocr_carea' id='block_1_42' title="bbox 2293 626 3875 697">
    <p class='ocr_par' dir='ltr' id='par_1_42' title="bbox 2293 626 3875 697">
     <span class='ocr_line' id='line_1_42' title="bbox 2293 626 3875 697; baseline -0.006 -16"><span class='ocrx_word' id='word_1_330' title='bbox 2293 627 2569 697; x_wconf 87' lang='lat' dir='ltr'><strong>segniores</strong></span> <span class='ocrx_word' id='word_1_331' title='bbox 2598 638 2776 680; x_wconf 88' lang='lat' dir='ltr'><strong>autem</strong></span> <span class='ocrx_word' id='word_1_332' title='bbox 2807 626 3215 696; x_wconf 84' lang='lat' dir='ltr'><strong>ignavioresque</strong></span> <span class='ocrx_word' id='word_1_333' title='bbox 3238 664 3253 690; x_wconf 91' lang='lat'><strong>,</strong></span> <span class='ocrx_word' id='word_1_334' title='bbox 3288 626 3480 679; x_wconf 90' lang='lat' dir='ltr'><strong>mimos</strong></span> <span class='ocrx_word' id='word_1_335' title='bbox 3500 664 3516 690; x_wconf 91' lang='lat'><strong>,</strong></span> <span class='ocrx_word' id='word_1_336' title='bbox 3548 628 3835 678; x_wconf 64' lang='lat' dir='ltr'><strong>saltatores</strong></span> <span class='ocrx_word' id='word_1_337' title='bbox 3854 661 3875 688; x_wconf 86' lang='lat'><strong>,</strong></span> 
     </span>
    </p>
   </div>
   <div class='ocr_carea' id='block_1_43' title="bbox 2291 715 3872 789">
    <p class='ocr_par' dir='ltr' id='par_1_43' title="bbox 2291 715 3872 789">
     <span class='ocr_line' id='line_1_43' title="bbox 2291 715 3872 789; baseline -0.003 -17"><span class='ocrx_word' id='word_1_338' title='bbox 2291 720 2500 789; x_wconf 83' lang='lat' dir='ltr'><strong>aurigas</strong></span> <span class='ocrx_word' id='word_1_339' title='bbox 2526 719 2577 772; x_wconf 93' lang='lat' dir='ltr'><strong>in</strong></span> <span class='ocrx_word' id='word_1_340' title='bbox 2612 733 2860 773; x_wconf 83' lang='lat' dir='ltr'><strong>sermone</strong></span> <span class='ocrx_word' id='word_1_341' title='bbox 2886 733 3099 786; x_wconf 88' lang='lat' dir='ltr'><strong>semper</strong></span> <span class='ocrx_word' id='word_1_342' title='bbox 3138 726 3387 784; x_wconf 80' lang='lat' dir='ltr'><strong>versant,</strong></span> <span class='ocrx_word' id='word_1_343' title='bbox 3414 715 3653 770; x_wconf 90' lang='lat' dir='ltr'><strong>auditum</strong></span> <span class='ocrx_word' id='word_1_344' title='bbox 3678 716 3872 769; x_wconf 84' lang='lat' dir='ltr'><strong>detur-</strong></span> 
     </span>
    </p>
   </div>
   <div class='ocr_carea' id='block_1_44' title="bbox 2294 806 3878 878">
    <p class='ocr_par' dir='ltr' id='par_1_44' title="bbox 2294 806 3878 878">
     <span class='ocr_line' id='line_1_44' title="bbox 2294 806 3878 878; baseline -0.003 -14"><span class='ocrx_word' id='word_1_345' title='bbox 2294 820 2515 878; x_wconf 87' lang='lat' dir='ltr'><strong>pantes,</strong></span> <span class='ocrx_word' id='word_1_346' title='bbox 2563 810 2794 874; x_wconf 87' lang='lat' dir='ltr'><strong>animam</strong></span> <span class='ocrx_word' id='word_1_347' title='bbox 2836 808 3252 873; x_wconf 85' lang='lat' dir='ltr'><strong>labefactantes;</strong></span> <span class='ocrx_word' id='word_1_348' title='bbox 3297 818 3652 878; x_wconf 89' lang='lat' dir='ltr'><strong>naturamque</strong></span> <span class='ocrx_word' id='word_1_349' title='bbox 3683 806 3878 875; x_wconf 84' lang='lat' dir='ltr'><strong>hujus-</strong></span> 
     </span>
    </p>
   </div>
   <div class='ocr_carea' id='block_1_45' title="bbox 2294 895 3879 969">
    <p class='ocr_par' dir='ltr' id='par_1_45' title="bbox 2294 895 3879 969">
     <span class='ocr_line' id='line_1_45' title="bbox 2294 895 3879 969; baseline -0.004 -15"><span class='ocrx_word' id='word_1_350' title='bbox 2294 901 2436 954; x_wconf 85' lang='lat' dir='ltr'><strong>tuodi</strong></span> <span class='ocrx_word' id='word_1_351' title='bbox 2465 898 2858 954; x_wconf 88' lang='lat' dir='ltr'><strong>narrationibus</strong></span> <span class='ocrx_word' id='word_1_352' title='bbox 2885 899 3210 969; x_wconf 63' lang='lat' dir='ltr'><strong>praecipitem</strong></span> <span class='ocrx_word' id='word_1_353' title='bbox 3235 907 3419 969; x_wconf 88' lang='lat' dir='ltr'><strong>agunt,</strong></span> <span class='ocrx_word' id='word_1_354' title='bbox 3441 908 3493 952; x_wconf 89' lang='lat' dir='ltr'><strong>et</strong></span> <span class='ocrx_word' id='word_1_355' title='bbox 3521 899 3573 951; x_wconf 90' lang='lat' dir='ltr'><strong>in</strong></span> <span class='ocrx_word' id='word_1_356' title='bbox 3593 911 3752 951; x_wconf 89' lang='lat' dir='ltr'><strong>omne</strong></span> <span class='ocrx_word' id='word_1_357' title='bbox 3777 895 3879 949; x_wconf 85' lang='lat' dir='ltr'><strong>lla-</strong></span> 
     </span>
    </p>
   </div>
   <div class='ocr_carea' id='block_1_46' title="bbox 2292 988 3875 1061">
    <p class='ocr_par' dir='ltr' id='par_1_46' title="bbox 2292 988 3875 1061">
     <span class='ocr_line' id='line_1_46' title="bbox 2292 988 3875 1061; baseline -0.002 -18"><span class='ocrx_word' id='word_1_358' title='bbox 2292 991 2403 1061; x_wconf 90' lang='lat' dir='ltr'><strong>gitii</strong></span> <span class='ocrx_word' id='word_1_359' title='bbox 2431 1004 2598 1061; x_wconf 86' lang='lat' dir='ltr'><strong>genus</strong></span> <span class='ocrx_word' id='word_1_360' title='bbox 2620 989 2856 1044; x_wconf 86' lang='lat' dir='ltr'><strong>animum</strong></span> <span class='ocrx_word' id='word_1_361' title='bbox 2887 989 3165 1044; x_wconf 89' lang='lat' dir='ltr'><strong>inducunt.</strong></span> <span class='ocrx_word' id='word_1_362' title='bbox 3195 988 3324 1044; x_wconf 79' lang='lat' dir='ltr'><strong>Nam</strong></span> <span class='ocrx_word' id='word_1_363' title='bbox 3355 989 3678 1058; x_wconf 85' lang='lat' dir='ltr'><strong>simulatque</strong></span> <span class='ocrx_word' id='word_1_364' title='bbox 3705 988 3875 1041; x_wconf 84' lang='lat' dir='ltr'><strong>salta-</strong></span> 
     </span>
    </p>
   </div>
   <div class='ocr_carea' id='block_1_47' title="bbox 2296 1079 3874 1151">
    <p class='ocr_par' dir='ltr' id='par_1_47' title="bbox 2296 1079 3874 1151">
     <span class='ocr_line' id='line_1_47' title="bbox 2296 1079 3874 1151; baseline -0.001 -16"><span class='ocrx_word' id='word_1_365' title='bbox 2296 1081 2426 1136; x_wconf 88' lang='lat' dir='ltr'><strong>toris</strong></span> <span class='ocrx_word' id='word_1_366' title='bbox 2465 1095 2657 1136; x_wconf 89' lang='lat' dir='ltr'><strong>nomen</strong></span> <span class='ocrx_word' id='word_1_367' title='bbox 2689 1082 2950 1151; x_wconf 87' lang='lat' dir='ltr'><strong>prolatum</strong></span> <span class='ocrx_word' id='word_1_368' title='bbox 2977 1080 3116 1146; x_wconf 89' lang='lat' dir='ltr'><strong>fuit,</strong></span> <span class='ocrx_word' id='word_1_369' title='bbox 3150 1080 3328 1134; x_wconf 88' lang='lat' dir='ltr'><strong>statim</strong></span> <span class='ocrx_word' id='word_1_370' title='bbox 3374 1081 3424 1134; x_wconf 90' lang='lat' dir='ltr'><strong>in</strong></span> <span class='ocrx_word' id='word_1_371' title='bbox 3455 1080 3633 1133; x_wconf 89' lang='lat' dir='ltr'><strong>anima</strong></span> <span class='ocrx_word' id='word_1_372' title='bbox 3675 1079 3874 1147; x_wconf 80' lang='lat' dir='ltr'><strong>depin-</strong></span> 
     </span>
    </p>
   </div>
   <div class='ocr_carea' id='block_1_48' title="bbox 2292 1173 3876 1244">
    <p class='ocr_par' dir='ltr' id='par_1_48' title="bbox 2292 1173 3876 1244">
     <span class='ocr_line' id='line_1_48' title="bbox 2292 1173 3876 1244; baseline 0.002 -18"><span class='ocrx_word' id='word_1_373' title='bbox 2292 1173 2435 1243; x_wconf 92' lang='lat' dir='ltr'><strong>gitur</strong></span> <span class='ocrx_word' id='word_1_374' title='bbox 2460 1174 2575 1240; x_wconf 86' lang='lat' dir='ltr'><strong>ejus</strong></span> <span class='ocrx_word' id='word_1_375' title='bbox 2607 1174 2768 1230; x_wconf 85' lang='lat' dir='ltr'><strong>facies</strong></span> <span class='ocrx_word' id='word_1_376' title='bbox 2794 1217 2808 1239; x_wconf 91' lang='lat'><strong>,</strong></span> <span class='ocrx_word' id='word_1_377' title='bbox 2841 1190 3014 1240; x_wconf 87' lang='lat' dir='ltr'><strong>coma,</strong></span> <span class='ocrx_word' id='word_1_378' title='bbox 3049 1174 3226 1229; x_wconf 89' lang='lat' dir='ltr'><strong>mollis</strong></span> <span class='ocrx_word' id='word_1_379' title='bbox 3255 1174 3438 1240; x_wconf 88' lang='lat' dir='ltr'><strong>vestis,</strong></span> <span class='ocrx_word' id='word_1_380' title='bbox 3491 1175 3687 1244; x_wconf 82' lang='lat' dir='ltr'><strong>illeque</strong></span> <span class='ocrx_word' id='word_1_381' title='bbox 3725 1181 3876 1229; x_wconf 81' lang='lat' dir='ltr'><strong>tatus</strong></span> 
     </span>
    </p>
   </div>
   <div class='ocr_carea' id='block_1_49' title="bbox 2296 1265 3878 1337">
    <p class='ocr_par' dir='ltr' id='par_1_49' title="bbox 2296 1265 3878 1337">
     <span class='ocr_line' id='line_1_49' title="bbox 2296 1265 3878 1337; baseline -0.001 -17"><span class='ocrx_word' id='word_1_382' title='bbox 2296 1266 2379 1320; x_wconf 90' lang='lat' dir='ltr'><strong>his</strong></span> <span class='ocrx_word' id='word_1_383' title='bbox 2407 1267 2562 1337; x_wconf 90' lang='lat' dir='ltr'><strong>longe</strong></span> <span class='ocrx_word' id='word_1_384' title='bbox 2599 1267 2826 1322; x_wconf 88' lang='lat' dir='ltr'><strong>mollior.</strong></span> <span class='ocrx_word' id='word_1_385' title='bbox 2858 1267 3008 1322; x_wconf 82' lang='lat' dir='ltr'><strong>Alius</strong></span> <span class='ocrx_word' id='word_1_386' title='bbox 3047 1282 3258 1321; x_wconf 90' lang='lat' dir='ltr'><strong>rursum</strong></span> <span class='ocrx_word' id='word_1_387' title='bbox 3297 1266 3562 1321; x_wconf 84' lang='lat' dir='ltr'><strong>flammam</strong></span> <span class='ocrx_word' id='word_1_388' title='bbox 3591 1265 3788 1320; x_wconf 79' lang='lat' dir='ltr'><strong>excitat</strong></span> <span class='ocrx_word' id='word_1_389' title='bbox 3815 1272 3878 1319; x_wconf 92' lang='lat' dir='ltr'><strong>et</strong></span> 
     </span>
    </p>
   </div>
   <div class='ocr_carea' id='block_1_50' title="bbox 2294 1355 3875 1424">
    <p class='ocr_par' dir='ltr' id='par_1_50' title="bbox 2294 1355 3875 1424">
     <span class='ocr_line' id='line_1_50' title="bbox 2294 1355 3875 1424; baseline -0.002 -12"><span class='ocrx_word' id='word_1_390' title='bbox 2294 1355 2473 1424; x_wconf 88' lang='lat' dir='ltr'><strong>fovet,</strong></span> <span class='ocrx_word' id='word_1_391' title='bbox 2503 1357 2631 1412; x_wconf 92' lang='lat' dir='ltr'><strong>dum</strong></span> <span class='ocrx_word' id='word_1_392' title='bbox 2663 1359 2998 1414; x_wconf 81' lang='lat' dir='ltr'><strong>meretricem</strong></span> <span class='ocrx_word' id='word_1_393' title='bbox 3027 1359 3078 1412; x_wconf 91' lang='lat' dir='ltr'><strong>in</strong></span> <span class='ocrx_word' id='word_1_394' title='bbox 3108 1357 3595 1412; x_wconf 87' lang='lat' dir='ltr'><strong>confabulationem</strong></span> <span class='ocrx_word' id='word_1_395' title='bbox 3628 1355 3830 1411; x_wconf 89' lang='lat' dir='ltr'><strong>inducit</strong></span> <span class='ocrx_word' id='word_1_396' title='bbox 3856 1396 3875 1422; x_wconf 87' lang='lat'><strong>,</strong></span> 
     </span>
    </p>
   </div>
   <div class='ocr_carea' id='block_1_51' title="bbox 2294 1446 3874 1517">
    <p class='ocr_par' dir='ltr' id='par_1_51' title="bbox 2294 1446 3874 1517">
     <span class='ocr_line' id='line_1_51' title="bbox 2294 1446 3874 1517; baseline -0.002 -17"><span class='ocrx_word' id='word_1_397' title='bbox 2294 1446 2515 1517; x_wconf 84' lang='lat' dir='ltr'><strong>ejusque</strong></span> <span class='ocrx_word' id='word_1_398' title='bbox 2572 1449 2755 1511; x_wconf 88' lang='lat' dir='ltr'><strong>verba,</strong></span> <span class='ocrx_word' id='word_1_399' title='bbox 2805 1448 3074 1513; x_wconf 86' lang='lat' dir='ltr'><strong>habitum,</strong></span> <span class='ocrx_word' id='word_1_400' title='bbox 3119 1447 3302 1502; x_wconf 89' lang='lat' dir='ltr'><strong>oculos</strong></span> <span class='ocrx_word' id='word_1_401' title='bbox 3355 1448 3613 1510; x_wconf 85' lang='lat' dir='ltr'><strong>lascivos,</strong></span> <span class='ocrx_word' id='word_1_402' title='bbox 3658 1446 3874 1500; x_wconf 89' lang='lat' dir='ltr'><strong>mollem</strong></span> 
     </span>
    </p>
   </div>
   <div class='ocr_carea' id='block_1_52' title="bbox 2296 1536 3877 1609">
    <p class='ocr_par' dir='ltr' id='par_1_52' title="bbox 2296 1536 3877 1609">
     <span class='ocr_line' id='line_1_52' title="bbox 2296 1536 3877 1609; baseline -0.002 -16"><span class='ocrx_word' id='word_1_403' title='bbox 2296 1547 2598 1608; x_wconf 88' lang='lat' dir='ltr'><strong>aspectum,</strong></span> <span class='ocrx_word' id='word_1_404' title='bbox 2647 1541 2938 1596; x_wconf 89' lang='lat' dir='ltr'><strong>conciunos</strong></span> <span class='ocrx_word' id='word_1_405' title='bbox 2973 1540 3305 1609; x_wconf 88' lang='lat' dir='ltr'><strong>capillorum,</strong></span> <span class='ocrx_word' id='word_1_406' title='bbox 3353 1537 3555 1593; x_wconf 88' lang='lat' dir='ltr'><strong>fucatas</strong></span> <span class='ocrx_word' id='word_1_407' title='bbox 3601 1536 3877 1607; x_wconf 85' lang='lat' dir='ltr'><strong>pictasque</strong></span> 
     </span>
    </p>
   </div>
   <div class='ocr_carea' id='block_1_53' title="bbox 2297 1624 3879 1701">
    <p class='ocr_par' dir='ltr' id='par_1_53' title="bbox 2297 1624 3879 1701">
     <span class='ocr_line' id='line_1_53' title="bbox 2297 1624 3879 1701; baseline -0.003 -18"><span class='ocrx_word' id='word_1_408' title='bbox 2297 1645 2479 1699; x_wconf 88' lang='lat' dir='ltr'><strong>genas.</strong></span> <span class='ocrx_word' id='word_1_409' title='bbox 2516 1632 2702 1685; x_wconf 85' lang='lat' dir='ltr'><strong>Annon</strong></span> <span class='ocrx_word' id='word_1_410' title='bbox 2749 1631 2874 1701; x_wconf 89' lang='lat' dir='ltr'><strong>quid</strong></span> <span class='ocrx_word' id='word_1_411' title='bbox 2920 1631 3209 1686; x_wconf 90' lang='lat' dir='ltr'><strong>humanum</strong></span> <span class='ocrx_word' id='word_1_412' title='bbox 3257 1630 3397 1698; x_wconf 79' lang='lat' dir='ltr'><strong>passi</strong></span> <span class='ocrx_word' id='word_1_413' title='bbox 3445 1630 3575 1684; x_wconf 90' lang='lat' dir='ltr'><strong>estis</strong></span> <span class='ocrx_word' id='word_1_414' title='bbox 3603 1628 3725 1682; x_wconf 91' lang='lat' dir='ltr'><strong>dum</strong></span> <span class='ocrx_word' id='word_1_415' title='bbox 3757 1624 3879 1680; x_wconf 68' lang='lat' dir='ltr'><strong>hmc</strong></span> 
     </span>
    </p>
   </div>
   <div class='ocr_carea' id='block_1_54' title="bbox 2295 1717 3876 1792">
    <p class='ocr_par' dir='ltr' id='par_1_54' title="bbox 2295 1717 3876 1792">
     <span class='ocr_line' id='line_1_54' title="bbox 2295 1717 3876 1792; baseline -0.003 -16"><span class='ocrx_word' id='word_1_416' title='bbox 2295 1721 2605 1777; x_wconf 80' lang='lat' dir='ltr'><strong>narrarem?</strong></span> <span class='ocrx_word' id='word_1_417' title='bbox 2645 1722 2750 1779; x_wconf 74' lang='lat' dir='ltr'><strong>Sed</strong></span> <span class='ocrx_word' id='word_1_418' title='bbox 2792 1739 2857 1778; x_wconf 87' lang='lat' dir='ltr'><strong>ne</strong></span> <span class='ocrx_word' id='word_1_419' title='bbox 2905 1721 3098 1792; x_wconf 89' lang='lat' dir='ltr'><strong>pudeat</strong></span> <span class='ocrx_word' id='word_1_420' title='bbox 3157 1721 3345 1786; x_wconf 87' lang='lat' dir='ltr'><strong>vobis,</strong></span> <span class='ocrx_word' id='word_1_421' title='bbox 3393 1735 3460 1775; x_wconf 88' lang='lat' dir='ltr'><strong>ne</strong></span> <span class='ocrx_word' id='word_1_422' title='bbox 3499 1717 3826 1775; x_wconf 84' lang='lat' dir='ltr'><strong>erubescatis</strong></span> <span class='ocrx_word' id='word_1_423' title='bbox 3860 1734 3876 1771; x_wconf 89' lang='lat'><strong>:</strong></span> 
     </span>
    </p>
   </div>
   <div class='ocr_carea' id='block_1_55' title="bbox 2297 1807 3879 1883">
    <p class='ocr_par' dir='ltr' id='par_1_55' title="bbox 2297 1807 3879 1883">
     <span class='ocr_line' id='line_1_55' title="bbox 2297 1807 3879 1883; baseline -0.004 -16"><span class='ocrx_word' id='word_1_424' title='bbox 2297 1825 2496 1868; x_wconf 78' lang='lat' dir='ltr'><strong>natura:</strong></span> <span class='ocrx_word' id='word_1_425' title='bbox 2523 1828 2751 1883; x_wconf 90' lang='lat' dir='ltr'><strong>namque</strong></span> <span class='ocrx_word' id='word_1_426' title='bbox 2781 1813 3072 1868; x_wconf 88' lang='lat' dir='ltr'><strong>necessitas</strong></span> <span class='ocrx_word' id='word_1_427' title='bbox 3095 1811 3144 1866; x_wconf 92' lang='lat' dir='ltr'><strong>id</strong></span> <span class='ocrx_word' id='word_1_428' title='bbox 3175 1812 3337 1882; x_wconf 82' lang='lat' dir='ltr'><strong>exigit</strong></span> <span class='ocrx_word' id='word_1_429' title='bbox 3357 1851 3372 1872; x_wconf 87' lang='lat'><strong>.</strong></span> <span class='ocrx_word' id='word_1_430' title='bbox 3403 1821 3458 1866; x_wconf 88' lang='lat' dir='ltr'><strong>et</strong></span> <span class='ocrx_word' id='word_1_431' title='bbox 3484 1810 3561 1864; x_wconf 89' lang='lat' dir='ltr'><strong>sic</strong></span> <span class='ocrx_word' id='word_1_432' title='bbox 3586 1809 3759 1863; x_wconf 85' lang='lat' dir='ltr'><strong>anima</strong></span> <span class='ocrx_word' id='word_1_433' title='bbox 3791 1807 3879 1861; x_wconf 50' lang='lat' dir='ltr'><strong>af.</strong></span> 
     </span>
    </p>
   </div>
   <div class='ocr_carea' id='block_1_56' title="bbox 2298 1899 3878 1974">
    <p class='ocr_par' dir='ltr' id='par_1_56' title="bbox 2298 1899 3878 1974">
     <span class='ocr_line' id='line_1_56' title="bbox 2298 1899 3878 1974; baseline -0.004 -16"><span class='ocrx_word' id='word_1_434' title='bbox 2298 1905 2473 1959; x_wconf 88' lang='lat' dir='ltr'><strong>ficitur</strong></span> <span class='ocrx_word' id='word_1_435' title='bbox 2494 1920 2590 1974; x_wconf 92' lang='lat' dir='ltr'><strong>pro</strong></span> <span class='ocrx_word' id='word_1_436' title='bbox 2614 1906 2821 1959; x_wconf 86' lang='lat' dir='ltr'><strong>ratione</strong></span> <span class='ocrx_word' id='word_1_437' title='bbox 2843 1919 3027 1958; x_wconf 89' lang='lat' dir='ltr'><strong>eorum</strong></span> <span class='ocrx_word' id='word_1_438' title='bbox 3058 1919 3175 1973; x_wconf 78' lang='lat' dir='ltr'><strong>qum</strong></span> <span class='ocrx_word' id='word_1_439' title='bbox 3204 1910 3506 1956; x_wconf 89' lang='lat' dir='ltr'><strong>narrantur.</strong></span> <span class='ocrx_word' id='word_1_440' title='bbox 3537 1899 3690 1967; x_wconf 90' lang='lat' dir='ltr'><strong>Quod</strong></span> <span class='ocrx_word' id='word_1_441' title='bbox 3719 1899 3763 1952; x_wconf 88' lang='lat' dir='ltr'><strong>si</strong></span> <span class='ocrx_word' id='word_1_442' title='bbox 3789 1914 3878 1952; x_wconf 88' lang='lat' dir='ltr'><strong>me</strong></span> 
     </span>
    </p>
   </div>
   <div class='ocr_carea' id='block_1_57' title="bbox 2297 1991 3879 2074">
    <p class='ocr_par' dir='ltr' id='par_1_57' title="bbox 2297 1991 3879 2074">
     <span class='ocr_line' id='line_1_57' title="bbox 2297 1991 3879 2074; baseline -0.006 -22"><span class='ocrx_word' id='word_1_443' title='bbox 2297 1998 2567 2068; x_wconf 84' lang='lat' dir='ltr'><strong>loquente,</strong></span> <span class='ocrx_word' id='word_1_444' title='bbox 2586 1998 2630 2053; x_wconf 91' lang='lat' dir='ltr'><strong>si</strong></span> <span class='ocrx_word' id='word_1_445' title='bbox 2653 1997 2703 2052; x_wconf 90' lang='lat' dir='ltr'><strong>in</strong></span> <span class='ocrx_word' id='word_1_446' title='bbox 2722 1997 2942 2054; x_wconf 86' lang='lat' dir='ltr'><strong>ecclesia</strong></span> <span class='ocrx_word' id='word_1_447' title='bbox 2965 2004 3190 2060; x_wconf 83' lang='lat' dir='ltr'><strong>stantes,</strong></span> <span class='ocrx_word' id='word_1_448' title='bbox 3208 1996 3251 2050; x_wconf 89' lang='lat' dir='ltr'><strong>si</strong></span> <span class='ocrx_word' id='word_1_449' title='bbox 3273 1995 3340 2048; x_wconf 90' lang='lat' dir='ltr'><strong>ab</strong></span> <span class='ocrx_word' id='word_1_450' title='bbox 3361 1994 3463 2049; x_wconf 90' lang='lat' dir='ltr'><strong>illis</strong></span> <span class='ocrx_word' id='word_1_451' title='bbox 3480 1993 3669 2074; x_wconf 73' lang='lat' dir='ltr'><strong>semoti</strong></span> <span class='ocrx_word' id='word_1_452' title='bbox 3691 1991 3879 2056; x_wconf 86' lang='lat' dir='ltr'><strong>rebus,</strong></span> 
     </span>
    </p>
   </div>
   <div class='ocr_carea' id='block_1_58' title="bbox 2299 2083 3879 2159">
    <p class='ocr_par' dir='ltr' id='par_1_58' title="bbox 2299 2083 3879 2159">
     <span class='ocr_line' id='line_1_58' title="bbox 2299 2083 3879 2159; baseline -0.003 -17"><span class='ocrx_word' id='word_1_453' title='bbox 2299 2088 2495 2157; x_wconf 84' lang='lat' dir='ltr'><strong>aliquid</strong></span> <span class='ocrx_word' id='word_1_454' title='bbox 2527 2089 2813 2142; x_wconf 86' lang='lat' dir='ltr'><strong>humanum</strong></span> <span class='ocrx_word' id='word_1_455' title='bbox 2842 2087 3119 2142; x_wconf 90' lang='lat' dir='ltr'><strong>audientes</strong></span> <span class='ocrx_word' id='word_1_456' title='bbox 3148 2086 3386 2159; x_wconf 89' lang='lat' dir='ltr'><strong>patimini</strong></span> <span class='ocrx_word' id='word_1_457' title='bbox 3413 2126 3428 2152; x_wconf 92' lang='lat'><strong>,</strong></span> <span class='ocrx_word' id='word_1_458' title='bbox 3458 2086 3628 2155; x_wconf 86' lang='lat' dir='ltr'><strong>cogita</strong></span> <span class='ocrx_word' id='word_1_459' title='bbox 3657 2098 3762 2154; x_wconf 90' lang='lat' dir='ltr'><strong>quo</strong></span> <span class='ocrx_word' id='word_1_460' title='bbox 3791 2083 3879 2138; x_wconf 91' lang='lat' dir='ltr'><strong>af-</strong></span> 
     </span>
    </p>
   </div>
   <div class='ocr_carea' id='block_1_59' title="bbox 2297 2175 3884 2248">
    <p class='ocr_par' dir='ltr' id='par_1_59' title="bbox 2297 2175 3884 2248">
     <span class='ocr_line' id='line_1_59' title="bbox 2297 2175 3884 2248; baseline -0.001 -17"><span class='ocrx_word' id='word_1_461' title='bbox 2297 2175 2438 2234; x_wconf 83' lang='lat' dir='ltr'><strong>fectu</strong></span> <span class='ocrx_word' id='word_1_462' title='bbox 2469 2179 2574 2233; x_wconf 88' lang='lat' dir='ltr'><strong>sint</strong></span> <span class='ocrx_word' id='word_1_463' title='bbox 2602 2178 2635 2231; x_wconf 92' lang='lat' dir='ltr'><strong>ii</strong></span> <span class='ocrx_word' id='word_1_464' title='bbox 2667 2178 2755 2248; x_wconf 91' lang='lat' dir='ltr'><strong>qui</strong></span> <span class='ocrx_word' id='word_1_465' title='bbox 2784 2178 2837 2231; x_wconf 92' lang='lat' dir='ltr'><strong>in</strong></span> <span class='ocrx_word' id='word_1_466' title='bbox 2871 2178 3079 2232; x_wconf 88' lang='lat' dir='ltr'><strong>theatro</strong></span> <span class='ocrx_word' id='word_1_467' title='bbox 3127 2177 3313 2231; x_wconf 90' lang='lat' dir='ltr'><strong>sedent</strong></span> <span class='ocrx_word' id='word_1_468' title='bbox 3336 2217 3350 2240; x_wconf 91' lang='lat'><strong>,</strong></span> <span class='ocrx_word' id='word_1_469' title='bbox 3385 2176 3597 2231; x_wconf 88' lang='lat' dir='ltr'><strong>licentia</strong></span> <span class='ocrx_word' id='word_1_470' title='bbox 3644 2176 3884 2229; x_wconf 81' lang='lat' dir='ltr'><strong>fruentes</strong></span> 
     </span>
    </p>
   </div>
   <div class='ocr_carea' id='block_1_60' title="bbox 2297 2267 3881 2336">
    <p class='ocr_par' dir='ltr' id='par_1_60' title="bbox 2297 2267 3881 2336">
     <span class='ocr_line' id='line_1_60' title="bbox 2297 2267 3881 2336; baseline -0.003 -12"><span class='ocrx_word' id='word_1_471' title='bbox 2297 2270 2482 2336; x_wconf 89' lang='lat' dir='ltr'><strong>multa,</strong></span> <span class='ocrx_word' id='word_1_472' title='bbox 2513 2278 2663 2325; x_wconf 77' lang='lat' dir='ltr'><strong>extra</strong></span> <span class='ocrx_word' id='word_1_473' title='bbox 2692 2270 2830 2323; x_wconf 92' lang='lat' dir='ltr'><strong>hunc</strong></span> <span class='ocrx_word' id='word_1_474' title='bbox 2854 2269 3134 2324; x_wconf 85' lang='lat' dir='ltr'><strong>honestum</strong></span> <span class='ocrx_word' id='word_1_475' title='bbox 3163 2267 3628 2336; x_wconf 87' lang='lat' dir='ltr'><strong>venerandumque</strong></span> <span class='ocrx_word' id='word_1_476' title='bbox 3654 2280 3881 2321; x_wconf 86' lang='lat' dir='ltr'><strong>conses-</strong></span> 
     </span>
    </p>
   </div>
   <div class='ocr_carea' id='block_1_61' title="bbox 2298 2356 3873 2430">
    <p class='ocr_par' dir='ltr' id='par_1_61' title="bbox 2298 2356 3873 2430">
     <span class='ocr_line' id='line_1_61' title="bbox 2298 2356 3873 2430; baseline -0.003 -15"><span class='ocrx_word' id='word_1_477' title='bbox 2298 2376 2438 2426; x_wconf 89' lang='lat' dir='ltr'><strong>sum,</strong></span> <span class='ocrx_word' id='word_1_478' title='bbox 2465 2375 2585 2414; x_wconf 92' lang='lat' dir='ltr'><strong>eum</strong></span> <span class='ocrx_word' id='word_1_479' title='bbox 2618 2359 2943 2430; x_wconf 90' lang='lat' dir='ltr'><strong>impudentia</strong></span> <span class='ocrx_word' id='word_1_480' title='bbox 2973 2374 3161 2430; x_wconf 90' lang='lat' dir='ltr'><strong>magna</strong></span> <span class='ocrx_word' id='word_1_481' title='bbox 3189 2359 3276 2412; x_wconf 90' lang='lat' dir='ltr'><strong>illa</strong></span> <span class='ocrx_word' id='word_1_482' title='bbox 3307 2357 3548 2413; x_wconf 78' lang='lat' dir='ltr'><strong>videntes</strong></span> <span class='ocrx_word' id='word_1_483' title='bbox 3569 2366 3625 2413; x_wconf 91' lang='lat' dir='ltr'><strong>et</strong></span> <span class='ocrx_word' id='word_1_484' title='bbox 3645 2356 3873 2410; x_wconf 67' lang='lat' dir='ltr'><strong>audieno</strong></span> 
     </span>
    </p>
   </div>
   <div class='ocr_carea' id='block_1_62' title="bbox 2301 2448 3876 2520">
    <p class='ocr_par' dir='ltr' id='par_1_62' title="bbox 2301 2448 3876 2520">
     <span class='ocr_line' id='line_1_62' title="bbox 2301 2448 3876 2520; baseline -0.002 -14"><span class='ocrx_word' id='word_1_485' title='bbox 2301 2461 2402 2506; x_wconf 87' lang='lat' dir='ltr'><strong>tes.</strong></span> <span class='ocrx_word' id='word_1_486' title='bbox 2437 2451 2501 2505; x_wconf 85' lang='lat' dir='ltr'><strong>Et</strong></span> <span class='ocrx_word' id='word_1_487' title='bbox 2542 2465 2637 2506; x_wconf 92' lang='lat' dir='ltr'><strong>cur</strong></span> <span class='ocrx_word' id='word_1_488' title='bbox 2659 2493 2674 2516; x_wconf 93' lang='lat'><strong>,</strong></span> <span class='ocrx_word' id='word_1_489' title='bbox 2721 2448 2862 2506; x_wconf 88' lang='lat' dir='ltr'><strong>dicet</strong></span> <span class='ocrx_word' id='word_1_490' title='bbox 2903 2449 3130 2505; x_wconf 89' lang='lat' dir='ltr'><strong>fortasse</strong></span> <span class='ocrx_word' id='word_1_491' title='bbox 3172 2450 3434 2520; x_wconf 88' lang='lat' dir='ltr'><strong>quispiam</strong></span> <span class='ocrx_word' id='word_1_492' title='bbox 3463 2464 3528 2504; x_wconf 80' lang='lat' dir='ltr'><strong>ex</strong></span> <span class='ocrx_word' id='word_1_493' title='bbox 3561 2448 3623 2503; x_wconf 88' lang='lat' dir='ltr'><strong>iis</strong></span> <span class='ocrx_word' id='word_1_494' title='bbox 3649 2448 3737 2519; x_wconf 88' lang='lat' dir='ltr'><strong>qui</strong></span> <span class='ocrx_word' id='word_1_495' title='bbox 3766 2463 3876 2503; x_wconf 87' lang='lat' dir='ltr'><strong>non</strong></span> 
     </span>
    </p>
   </div>
   <div class='ocr_carea' id='block_1_63' title="bbox 2300 2540 3882 2608">
    <p class='ocr_par' dir='ltr' id='par_1_63' title="bbox 2300 2540 3882 2608">
     <span class='ocr_line' id='line_1_63' title="bbox 2300 2540 3882 2608; baseline -0.003 -10"><span class='ocrx_word' id='word_1_496' title='bbox 2300 2543 2557 2604; x_wconf 77' lang='lat' dir='ltr'><strong>adhibent</strong></span> <span class='ocrx_word' id='word_1_497' title='bbox 2581 2544 2814 2597; x_wconf 90' lang='lat' dir='ltr'><strong>animum</strong></span> <span class='ocrx_word' id='word_1_498' title='bbox 2836 2583 2850 2608; x_wconf 92' lang='lat'><strong>,</strong></span> <span class='ocrx_word' id='word_1_499' title='bbox 2880 2544 2924 2597; x_wconf 89' lang='lat' dir='ltr'><strong>si</strong></span> <span class='ocrx_word' id='word_1_500' title='bbox 2971 2550 3173 2596; x_wconf 75' lang='lat' dir='ltr'><strong>natura:</strong></span> <span class='ocrx_word' id='word_1_501' title='bbox 3217 2541 3512 2596; x_wconf 87' lang='lat' dir='ltr'><strong>necessitas</strong></span> <span class='ocrx_word' id='word_1_502' title='bbox 3535 2541 3613 2596; x_wconf 87' lang='lat' dir='ltr'><strong>sic</strong></span> <span class='ocrx_word' id='word_1_503' title='bbox 3641 2540 3882 2595; x_wconf 88' lang='lat' dir='ltr'><strong>animam</strong></span> 
     </span>
    </p>
   </div>
   <div class='ocr_carea' id='block_1_64' title="bbox 2301 2629 3882 2700">
    <p class='ocr_par' dir='ltr' id='par_1_64' title="bbox 2301 2629 3882 2700">
     <span class='ocr_line' id='line_1_64' title="bbox 2301 2629 3882 2700; baseline 0 -14"><span class='ocrx_word' id='word_1_504' title='bbox 2301 2633 2487 2700; x_wconf 85' lang='lat' dir='ltr'><strong>allicit,</strong></span> <span class='ocrx_word' id='word_1_505' title='bbox 2515 2634 2597 2687; x_wconf 90' lang='lat' dir='ltr'><strong>illa</strong></span> <span class='ocrx_word' id='word_1_506' title='bbox 2629 2634 2811 2688; x_wconf 90' lang='lat' dir='ltr'><strong>relicta</strong></span> <span class='ocrx_word' id='word_1_507' title='bbox 2831 2672 2848 2699; x_wconf 92' lang='lat'><strong>,</strong></span> <span class='ocrx_word' id='word_1_508' title='bbox 2879 2647 2977 2687; x_wconf 90' lang='lat' dir='ltr'><strong>nos</strong></span> <span class='ocrx_word' id='word_1_509' title='bbox 3013 2631 3275 2688; x_wconf 88' lang='lat' dir='ltr'><strong>accusas?</strong></span> <span class='ocrx_word' id='word_1_510' title='bbox 3303 2631 3436 2699; x_wconf 90' lang='lat' dir='ltr'><strong>Quia</strong></span> <span class='ocrx_word' id='word_1_511' title='bbox 3466 2631 3582 2687; x_wconf 72' lang='lat' dir='ltr'><strong>lucc</strong></span> <span class='ocrx_word' id='word_1_512' title='bbox 3610 2629 3882 2686; x_wconf 87' lang='lat' dir='ltr'><strong>audiendo</strong></span> 
     </span>
    </p>
   </div>
   <div class='ocr_carea' id='block_1_65' title="bbox 2300 2721 3879 2792">
    <p class='ocr_par' dir='ltr' id='par_1_65' title="bbox 2300 2721 3879 2792">
     <span class='ocr_line' id='line_1_65' title="bbox 2300 2721 3879 2792; baseline -0.001 -15"><span class='ocrx_word' id='word_1_513' title='bbox 2300 2724 2556 2788; x_wconf 89' lang='lat' dir='ltr'><strong>emolliri,</strong></span> <span class='ocrx_word' id='word_1_514' title='bbox 2586 2723 2714 2777; x_wconf 87' lang='lat' dir='ltr'><strong>illttd</strong></span> <span class='ocrx_word' id='word_1_515' title='bbox 2742 2739 2874 2792; x_wconf 87' lang='lat' dir='ltr'><strong>opus</strong></span> <span class='ocrx_word' id='word_1_516' title='bbox 2901 2733 2983 2777; x_wconf 91' lang='lat' dir='ltr'><strong>est</strong></span> <span class='ocrx_word' id='word_1_517' title='bbox 3010 2732 3213 2777; x_wconf 73' lang='lat' dir='ltr'><strong>natum</strong></span> <span class='ocrx_word' id='word_1_518' title='bbox 3237 2739 3252 2776; x_wconf 90' lang='lat'><strong>:</strong></span> <span class='ocrx_word' id='word_1_519' title='bbox 3288 2722 3411 2776; x_wconf 88' lang='lat' dir='ltr'><strong>talia</strong></span> <span class='ocrx_word' id='word_1_520' title='bbox 3441 2730 3619 2777; x_wconf 84' lang='lat' dir='ltr'><strong>autem</strong></span> <span class='ocrx_word' id='word_1_521' title='bbox 3638 2721 3834 2776; x_wconf 79' lang='lat' dir='ltr'><strong>audire</strong></span> <span class='ocrx_word' id='word_1_522' title='bbox 3863 2761 3879 2786; x_wconf 86' lang='lat'><strong>,</strong></span> 
     </span>
    </p>
   </div>
   <div class='ocr_carea' id='block_1_66' title="bbox 2300 2811 3884 2883">
    <p class='ocr_par' dir='ltr' id='par_1_66' title="bbox 2300 2811 3884 2883">
     <span class='ocr_line' id='line_1_66' title="bbox 2300 2811 3884 2883; baseline -0.002 -15"><span class='ocrx_word' id='word_1_523' title='bbox 2300 2829 2407 2869; x_wconf 90' lang='lat' dir='ltr'><strong>non</strong></span> <span class='ocrx_word' id='word_1_524' title='bbox 2431 2825 2631 2868; x_wconf 75' lang='lat' dir='ltr'><strong>natura:</strong></span> <span class='ocrx_word' id='word_1_525' title='bbox 2652 2822 2754 2879; x_wconf 89' lang='lat' dir='ltr'><strong>est,</strong></span> <span class='ocrx_word' id='word_1_526' title='bbox 2778 2813 2872 2868; x_wconf 88' lang='lat' dir='ltr'><strong>sed</strong></span> <span class='ocrx_word' id='word_1_527' title='bbox 2893 2814 3095 2868; x_wconf 87' lang='lat' dir='ltr'><strong>arbitrii</strong></span> <span class='ocrx_word' id='word_1_528' title='bbox 3119 2822 3417 2883; x_wconf 87' lang='lat' dir='ltr'><strong>peccatum.</strong></span> <span class='ocrx_word' id='word_1_529' title='bbox 3439 2811 3884 2883; x_wconf 85' lang='lat' dir='ltr'><strong>Quandoquidem</strong></span> 
     </span>
    </p>
   </div>
   <div class='ocr_carea' id='block_1_67' title="bbox 2299 2903 3881 2976">
    <p class='ocr_par' dir='ltr' id='par_1_67' title="bbox 2299 2903 3881 2976">
     <span class='ocr_line' id='line_1_67' title="bbox 2299 2903 3881 2976; baseline -0.003 -16"><span class='ocrx_word' id='word_1_530' title='bbox 2299 2921 2419 2960; x_wconf 90' lang='lat' dir='ltr'><strong>cum</strong></span> <span class='ocrx_word' id='word_1_531' title='bbox 2443 2905 2609 2976; x_wconf 88' lang='lat' dir='ltr'><strong>quise</strong></span> <span class='ocrx_word' id='word_1_532' title='bbox 2636 2905 2739 2976; x_wconf 89' lang='lat' dir='ltr'><strong>igni</strong></span> <span class='ocrx_word' id='word_1_533' title='bbox 2766 2905 3071 2972; x_wconf 76' lang='lat' dir='ltr'><strong>admoveat,</strong></span> <span class='ocrx_word' id='word_1_534' title='bbox 3103 2905 3182 2959; x_wconf 92' lang='lat' dir='ltr'><strong>uri</strong></span> <span class='ocrx_word' id='word_1_535' title='bbox 3213 2919 3436 2960; x_wconf 88' lang='lat' dir='ltr'><strong>necesse</strong></span> <span class='ocrx_word' id='word_1_536' title='bbox 3461 2913 3576 2969; x_wconf 87' lang='lat' dir='ltr'><strong>est;</strong></span> <span class='ocrx_word' id='word_1_537' title='bbox 3604 2903 3653 2958; x_wconf 88' lang='lat' dir='ltr'><strong>id</strong></span> <span class='ocrx_word' id='word_1_538' title='bbox 3683 2917 3881 2971; x_wconf 85' lang='lat' dir='ltr'><strong>nempe</strong></span> 
     </span>
    </p>
   </div>
   <div class='ocr_carea' id='block_1_68' title="bbox 2304 2985 3888 3063">
    <p class='ocr_par' dir='ltr' id='par_1_68' title="bbox 2304 2985 3888 3063">
     <span class='ocr_line' id='line_1_68' title="bbox 2304 2985 3888 3063; baseline 0 -15"><span class='ocrx_word' id='word_1_539' title='bbox 2304 2996 2418 3050; x_wconf 86' lang='lat' dir='ltr'><strong>vult</strong></span> <span class='ocrx_word' id='word_1_540' title='bbox 2445 3005 2644 3050; x_wconf 69' lang='lat' dir='ltr'><strong>natura:</strong></span> <span class='ocrx_word' id='word_1_541' title='bbox 2664 2996 2945 3051; x_wconf 80' lang='lat' dir='ltr'><strong>inﬁrmitas</strong></span> <span class='ocrx_word' id='word_1_542' title='bbox 2971 3015 2984 3051; x_wconf 87' lang='lat'><strong>:</strong></span> <span class='ocrx_word' id='word_1_543' title='bbox 3014 3011 3196 3050; x_wconf 91' lang='lat' dir='ltr'><strong>verum</strong></span> <span class='ocrx_word' id='word_1_544' title='bbox 3218 3009 3323 3050; x_wconf 92' lang='lat' dir='ltr'><strong>non</strong></span> <span class='ocrx_word' id='word_1_545' title='bbox 3354 3004 3542 3049; x_wconf 89' lang='lat' dir='ltr'><strong>natura</strong></span> <span class='ocrx_word' id='word_1_546' title='bbox 3570 3010 3667 3048; x_wconf 88' lang='lat' dir='ltr'><strong>nos</strong></span> <span class='ocrx_word' id='word_1_547' title='bbox 3696 2985 3800 3063; x_wconf 83' lang='lat' dir='ltr'><strong>igni</strong></span> <span class='ocrx_word' id='word_1_548' title='bbox 3829 3001 3888 3048; x_wconf 91' lang='lat' dir='ltr'><strong>et</strong></span> 
     </span>
    </p>
   </div>
   <div class='ocr_carea' id='block_1_69' title="bbox 2304 3086 3889 3157">
    <p class='ocr_par' dir='ltr' id='par_1_69' title="bbox 2304 3086 3889 3157">
     <span class='ocr_line' id='line_1_69' title="bbox 2304 3086 3889 3157; baseline -0.002 -15"><span class='ocrx_word' id='word_1_549' title='bbox 2304 3088 2499 3143; x_wconf 91' lang='lat' dir='ltr'><strong>ustioni</strong></span> <span class='ocrx_word' id='word_1_550' title='bbox 2530 3087 2779 3143; x_wconf 85' lang='lat' dir='ltr'><strong>admovet</strong></span> <span class='ocrx_word' id='word_1_551' title='bbox 2807 3107 2820 3143; x_wconf 90' lang='lat'>:</span> <span class='ocrx_word' id='word_1_552' title='bbox 2854 3086 2906 3142; x_wconf 88' lang='lat' dir='ltr'><strong>id</strong></span> <span class='ocrx_word' id='word_1_553' title='bbox 2933 3089 3074 3143; x_wconf 91' lang='lat' dir='ltr'><strong>enim</strong></span> <span class='ocrx_word' id='word_1_554' title='bbox 3104 3103 3170 3142; x_wconf 73' lang='lat' dir='ltr'><strong>es</strong></span> <span class='ocrx_word' id='word_1_555' title='bbox 3205 3103 3455 3157; x_wconf 88' lang='lat' dir='ltr'><strong>perversa</strong></span> <span class='ocrx_word' id='word_1_556' title='bbox 3482 3087 3656 3142; x_wconf 90' lang='lat' dir='ltr'><strong>solum</strong></span> <span class='ocrx_word' id='word_1_557' title='bbox 3691 3087 3889 3140; x_wconf 80' lang='lat' dir='ltr'><strong>volun-</strong></span> 
     </span>
    </p>
   </div>
   <div class='ocr_carea' id='block_1_70' title="bbox 2304 3179 3890 3251">
    <p class='ocr_par' dir='ltr' id='par_1_70' title="bbox 2304 3179 3890 3251">
     <span class='ocr_line' id='line_1_70' title="bbox 2304 3179 3890 3251; baseline -0.001 -16"><span class='ocrx_word' id='word_1_558' title='bbox 2304 3190 2410 3236; x_wconf 86' lang='lat' dir='ltr'><strong>tate</strong></span> <span class='ocrx_word' id='word_1_559' title='bbox 2441 3181 2657 3250; x_wconf 89' lang='lat' dir='ltr'><strong>pendet.</strong></span> <span class='ocrx_word' id='word_1_560' title='bbox 2694 3181 2805 3235; x_wconf 93' lang='lat' dir='ltr'><strong>lloc</strong></span> <span class='ocrx_word' id='word_1_561' title='bbox 2836 3181 2994 3251; x_wconf 75' lang='lat' dir='ltr'><strong>igitur</strong></span> <span class='ocrx_word' id='word_1_562' title='bbox 3023 3181 3295 3236; x_wconf 83' lang='lat' dir='ltr'><strong>admoveri</strong></span> <span class='ocrx_word' id='word_1_563' title='bbox 3327 3180 3450 3235; x_wconf 89' lang='lat' dir='ltr'><strong>volo</strong></span> <span class='ocrx_word' id='word_1_564' title='bbox 3480 3189 3534 3235; x_wconf 91' lang='lat' dir='ltr'><strong>et</strong></span> <span class='ocrx_word' id='word_1_565' title='bbox 3563 3179 3794 3250; x_wconf 90' lang='lat' dir='ltr'><strong>corrigi,</strong></span> <span class='ocrx_word' id='word_1_566' title='bbox 3829 3190 3890 3234; x_wconf 93' lang='lat' dir='ltr'><strong>ut</strong></span> 
     </span>
    </p>
   </div>
   <div class='ocr_carea' id='block_1_71' title="bbox 2302 3271 3889 3343">
    <p class='ocr_par' dir='ltr' id='par_1_71' title="bbox 2302 3271 3889 3343">
     <span class='ocr_line' id='line_1_71' title="bbox 2302 3271 3889 3343; baseline -0.001 -15"><span class='ocrx_word' id='word_1_567' title='bbox 2302 3288 2370 3328; x_wconf 91' lang='lat' dir='ltr'><strong>ne</strong></span> <span class='ocrx_word' id='word_1_568' title='bbox 2394 3283 2584 3342; x_wconf 88' lang='lat' dir='ltr'><strong>sponte</strong></span> <span class='ocrx_word' id='word_1_569' title='bbox 2612 3287 2706 3327; x_wconf 91' lang='lat' dir='ltr'><strong>vos</strong></span> <span class='ocrx_word' id='word_1_570' title='bbox 2735 3273 3033 3343; x_wconf 70' lang='lat' dir='ltr'><strong>prtecipites</strong></span> <span class='ocrx_word' id='word_1_571' title='bbox 3061 3273 3200 3329; x_wconf 84' lang='lat' dir='ltr'><strong>dctis</strong></span> <span class='ocrx_word' id='word_1_572' title='bbox 3223 3315 3237 3339; x_wconf 93' lang='lat'><strong>,</strong></span> <span class='ocrx_word' id='word_1_573' title='bbox 3269 3287 3445 3342; x_wconf 86' lang='lat' dir='ltr'><strong>neque</strong></span> <span class='ocrx_word' id='word_1_574' title='bbox 3469 3272 3536 3327; x_wconf 91' lang='lat' dir='ltr'><strong>ad</strong></span> <span class='ocrx_word' id='word_1_575' title='bbox 3564 3271 3889 3341; x_wconf 82' lang='lat' dir='ltr'><strong>profundunt</strong></span> 
     </span>
    </p>
   </div>
   <div class='ocr_carea' id='block_1_72' title="bbox 2303 3363 3885 3435">
    <p class='ocr_par' dir='ltr' id='par_1_72' title="bbox 2303 3363 3885 3435">
     <span class='ocr_line' id='line_1_72' title="bbox 2303 3363 3885 3435; baseline -0.001 -16"><span class='ocrx_word' id='word_1_576' title='bbox 2303 3364 2552 3435; x_wconf 86' lang='lat' dir='ltr'><strong>nequitiae</strong></span> <span class='ocrx_word' id='word_1_577' title='bbox 2573 3378 2667 3419; x_wconf 85' lang='lat' dir='ltr'><strong>vos</strong></span> <span class='ocrx_word' id='word_1_578' title='bbox 2689 3364 2992 3433; x_wconf 84' lang='lat' dir='ltr'><strong>impellatis,</strong></span> <span class='ocrx_word' id='word_1_579' title='bbox 3013 3364 3094 3419; x_wconf 89' lang='lat' dir='ltr'><strong>vel</strong></span> <span class='ocrx_word' id='word_1_580' title='bbox 3119 3374 3308 3434; x_wconf 90' lang='lat' dir='ltr'><strong>sponte</strong></span> <span class='ocrx_word' id='word_1_581' title='bbox 3321 3364 3548 3418; x_wconf 85' lang='lat' dir='ltr'><strong>curratis</strong></span> <span class='ocrx_word' id='word_1_582' title='bbox 3567 3363 3633 3418; x_wconf 89' lang='lat' dir='ltr'><strong>ad</strong></span> <span class='ocrx_word' id='word_1_583' title='bbox 3659 3377 3885 3434; x_wconf 87' lang='lat' dir='ltr'><strong>rogum;</strong></span> 
     </span>
    </p>
   </div>
   <div class='ocr_carea' id='block_1_73' title="bbox 2303 3455 3884 3525">
    <p class='ocr_par' dir='ltr' id='par_1_73' title="bbox 2303 3455 3884 3525">
     <span class='ocr_line' id='line_1_73' title="bbox 2303 3455 3884 3525; baseline 0.001 -16"><span class='ocrx_word' id='word_1_584' title='bbox 2303 3472 2372 3509; x_wconf 87' lang='lat' dir='ltr'><strong>ne</strong></span> <span class='ocrx_word' id='word_1_585' title='bbox 2399 3457 2626 3509; x_wconf 67' lang='lat' dir='ltr'><strong>flammae</strong></span> <span class='ocrx_word' id='word_1_586' title='bbox 2666 3455 2878 3510; x_wconf 85' lang='lat' dir='ltr'><strong>diabolo</strong></span> <span class='ocrx_word' id='word_1_587' title='bbox 2909 3465 3107 3525; x_wconf 69' lang='lat' dir='ltr'><strong>parata:</strong></span> <span class='ocrx_word' id='word_1_588' title='bbox 3139 3470 3234 3509; x_wconf 88' lang='lat' dir='ltr'><strong>nos</strong></span> <span class='ocrx_word' id='word_1_589' title='bbox 3276 3456 3540 3511; x_wconf 81' lang='lat' dir='ltr'><strong>obnoxios</strong></span> <span class='ocrx_word' id='word_1_590' title='bbox 3571 3457 3884 3511; x_wconf 89' lang='lat' dir='ltr'><strong>reddamus.</strong></span> 
     </span>
    </p>
   </div>
   <div class='ocr_carea' id='block_1_74' title="bbox 2308 3534 3887 3615">
    <p class='ocr_par' dir='ltr' id='par_1_74' title="bbox 2308 3534 3887 3615">
     <span class='ocr_line' id='line_1_74' title="bbox 2308 3534 3887 3615; baseline -0.001 -13"><span class='ocrx_word' id='word_1_591' title='bbox 2308 3544 2517 3602; x_wconf 88' lang='lat' dir='ltr'><strong>Utinam</strong></span> <span class='ocrx_word' id='word_1_592' title='bbox 2544 3561 2670 3600; x_wconf 92' lang='lat' dir='ltr'><strong>vero</strong></span> <span class='ocrx_word' id='word_1_593' title='bbox 2697 3561 2792 3600; x_wconf 91' lang='lat' dir='ltr'><strong>nos</strong></span> <span class='ocrx_word' id='word_1_594' title='bbox 2824 3562 3012 3601; x_wconf 89' lang='lat' dir='ltr'><strong>omnes</strong></span> <span class='ocrx_word' id='word_1_595' title='bbox 3038 3547 3106 3601; x_wconf 90' lang='lat' dir='ltr'><strong>ab</strong></span> <span class='ocrx_word' id='word_1_596' title='bbox 3134 3548 3233 3602; x_wconf 89' lang='lat' dir='ltr'><strong>hac</strong></span> <span class='ocrx_word' id='word_1_597' title='bbox 3255 3534 3306 3602; x_wconf 84' lang='lat' dir='ltr'><strong>et</strong></span> <span class='ocrx_word' id='word_1_598' title='bbox 3339 3547 3426 3601; x_wconf 90' lang='lat' dir='ltr'><strong>illa</strong></span> <span class='ocrx_word' id='word_1_599' title='bbox 3455 3545 3667 3601; x_wconf 86' lang='lat' dir='ltr'><strong>flamma</strong></span> <span class='ocrx_word' id='word_1_600' title='bbox 3690 3547 3887 3615; x_wconf 86' lang='lat' dir='ltr'><strong>erepti,</strong></span> 
     </span>
    </p>
   </div>
   <div class='ocr_carea' id='block_1_75' title="bbox 2304 3638 3892 3711">
    <p class='ocr_par' dir='ltr' id='par_1_75' title="bbox 2304 3638 3892 3711">
     <span class='ocr_line' id='line_1_75' title="bbox 2304 3638 3892 3711; baseline 0.003 -19"><span class='ocrx_word' id='word_1_601' title='bbox 2304 3638 2356 3692; x_wconf 92' lang='lat' dir='ltr'><strong>in</strong></span> <span class='ocrx_word' id='word_1_602' title='bbox 2400 3639 2574 3693; x_wconf 90' lang='lat' dir='ltr'><strong>sinum</strong></span> <span class='ocrx_word' id='word_1_603' title='bbox 2608 3639 2839 3694; x_wconf 68' lang='lat' dir='ltr'><strong>Abrahm</strong></span> <span class='ocrx_word' id='word_1_604' title='bbox 2871 3640 3226 3708; x_wconf 87' lang='lat' dir='ltr'><strong>recipiamur,</strong></span> <span class='ocrx_word' id='word_1_605' title='bbox 3258 3640 3425 3709; x_wconf 89' lang='lat' dir='ltr'><strong>gratia</strong></span> <span class='ocrx_word' id='word_1_606' title='bbox 3456 3650 3512 3695; x_wconf 89' lang='lat' dir='ltr'><strong>et</strong></span> <span class='ocrx_word' id='word_1_607' title='bbox 3561 3641 3892 3711; x_wconf 87' lang='lat' dir='ltr'><strong>benignitate</strong></span> 
     </span>
    </p>
   </div>
   <div class='ocr_carea' id='block_1_76' title="bbox 2307 3728 3892 3802">
    <p class='ocr_par' dir='ltr' id='par_1_76' title="bbox 2307 3728 3892 3802">
     <span class='ocr_line' id='line_1_76' title="bbox 2307 3728 3892 3802; baseline 0.003 -21"><span class='ocrx_word' id='word_1_608' title='bbox 2307 3728 2514 3782; x_wconf 90' lang='lat' dir='ltr'><strong>Domini</strong></span> <span class='ocrx_word' id='word_1_609' title='bbox 2543 3729 2706 3782; x_wconf 88' lang='lat' dir='ltr'><strong>nostri</strong></span> <span class='ocrx_word' id='word_1_610' title='bbox 2746 3729 2872 3784; x_wconf 86' lang='lat' dir='ltr'><strong>Jesu</strong></span> <span class='ocrx_word' id='word_1_611' title='bbox 2901 3730 3123 3798; x_wconf 86' lang='lat' dir='ltr'><strong>Christi,</strong></span> <span class='ocrx_word' id='word_1_612' title='bbox 3152 3732 3366 3799; x_wconf 65' lang='lat' dir='ltr'><strong>quicum</strong></span> <span class='ocrx_word' id='word_1_613' title='bbox 3398 3731 3538 3786; x_wconf 80' lang='lat' dir='ltr'><strong>Patri</strong></span> <span class='ocrx_word' id='word_1_614' title='bbox 3567 3734 3737 3802; x_wconf 78' lang='lat' dir='ltr'><strong>gloria</strong></span> <span class='ocrx_word' id='word_1_615' title='bbox 3757 3775 3772 3799; x_wconf 91' lang='lat'><strong>,</strong></span> <span class='ocrx_word' id='word_1_616' title='bbox 3809 3734 3892 3786; x_wconf 87' lang='lat' dir='ltr'><strong>si—</strong></span> 
     </span>
    </p>
   </div>
   <div class='ocr_carea' id='block_1_77' title="bbox 2309 3819 3885 3889">
    <p class='ocr_par' dir='ltr' id='par_1_77' title="bbox 2309 3819 3885 3889">
     <span class='ocr_line' id='line_1_77' title="bbox 2309 3819 3885 3889; baseline 0.003 -17"><span class='ocrx_word' id='word_1_617' title='bbox 2309 3819 2526 3889; x_wconf 87' lang='lat' dir='ltr'><strong>mulque</strong></span> <span class='ocrx_word' id='word_1_618' title='bbox 2548 3827 2732 3873; x_wconf 87' lang='lat' dir='ltr'><strong>sancto</strong></span> <span class='ocrx_word' id='word_1_619' title='bbox 2753 3820 2992 3888; x_wconf 85' lang='lat' dir='ltr'><strong>Spiritui,</strong></span> <span class='ocrx_word' id='word_1_620' title='bbox 3019 3821 3070 3873; x_wconf 92' lang='lat' dir='ltr'><strong>in</strong></span> <span class='ocrx_word' id='word_1_621' title='bbox 3102 3826 3296 3875; x_wconf 64' lang='lat' dir='ltr'><strong>secula</strong></span> <span class='ocrx_word' id='word_1_622' title='bbox 3321 3821 3662 3875; x_wconf 57' lang='lat' dir='ltr'><strong>seculorum.</strong></span> <span class='ocrx_word' id='word_1_623' title='bbox 3688 3824 3885 3877; x_wconf 82' lang='lat' dir='ltr'><strong>Amen.</strong></span> 
     </span>
    </p>
   </div>
   <div class='ocr_carea' id='block_1_78' title="bbox 1977 4022 2548 4086">
    <p class='ocr_par' dir='ltr' id='par_1_78' title="bbox 1977 4022 2548 4086">
     <span class='ocr_line' id='line_1_78' title="bbox 1977 4022 2548 4086; baseline 0.004 -2"><span class='ocrx_word' id='word_1_624' title='bbox 1977 4022 2324 4086; x_wconf 76' lang='lat' dir='ltr'><strong>HOMILIA</strong></span> <span class='ocrx_word' id='word_1_625' title='bbox 2366 4025 2548 4086; x_wconf 77' lang='lat' dir='ltr'><strong>XIX.</strong></span> 
     </span>
    </p>
   </div>
   <div class='ocr_carea' id='block_1_79' title="bbox 621 4163 2189 4238">
    <p class='ocr_par' dir='ltr' id='par_1_79' title="bbox 621 4163 2189 4238">
     <span class='ocr_line' id='line_1_79' title="bbox 621 4163 2189 4238; baseline 0.002 -17"><span class='ocrx_word' id='word_1_626' title='bbox 621 4168 710 4221; x_wconf 65' lang='grc'><strong>41.</strong></span> <span class='ocrx_word' id='word_1_627' title='bbox 759 4163 954 4219; x_wconf 76' lang='lat' dir='ltr'><strong>Invenit</strong></span> <span class='ocrx_word' id='word_1_628' title='bbox 1000 4166 1079 4219; x_wconf 83' lang='lat' dir='ltr'><strong>hic</strong></span> <span class='ocrx_word' id='word_1_629' title='bbox 1116 4165 1309 4235; x_wconf 82' lang='lat' dir='ltr'><strong>primus</strong></span> <span class='ocrx_word' id='word_1_630' title='bbox 1356 4168 1560 4238; x_wconf 76' lang='lat' dir='ltr'><strong>[mtrem</strong></span> <span class='ocrx_word' id='word_1_631' title='bbox 1605 4185 1750 4221; x_wconf 84' lang='lat' dir='ltr'><strong>suum</strong></span> <span class='ocrx_word' id='word_1_632' title='bbox 1799 4169 2089 4234; x_wconf 79' lang='lat' dir='ltr'><strong>Simonem,</strong></span> <span class='ocrx_word' id='word_1_633' title='bbox 2142 4182 2189 4224; x_wconf 86' lang='lat' dir='ltr'><strong>et</strong></span> 
     </span>
    </p>
   </div>
   <div class='ocr_carea' id='block_1_80' title="bbox 693 4255 2188 4328">
    <p class='ocr_par' dir='ltr' id='par_1_80' title="bbox 693 4255 2188 4328">
     <span class='ocr_line' id='line_1_80' title="bbox 693 4255 2188 4328; baseline 0.002 -19"><span class='ocrx_word' id='word_1_634' title='bbox 693 4258 813 4310; x_wconf 65' lang='lat' dir='ltr'><strong>divit</strong></span> <span class='ocrx_word' id='word_1_635' title='bbox 839 4259 884 4310; x_wconf 84' lang='lat' dir='ltr'><strong>ei</strong></span> <span class='ocrx_word' id='word_1_636' title='bbox 911 4274 930 4312; x_wconf 89' lang='lat'><strong><em>:</em></strong></span> <span class='ocrx_word' id='word_1_637' title='bbox 956 4257 1244 4311; x_wconf 83' lang='lat' dir='ltr'><strong>Invenimus</strong></span> <span class='ocrx_word' id='word_1_638' title='bbox 1274 4255 1531 4316; x_wconf 78' lang='lat' dir='ltr'><strong>Messium,</strong></span> <span class='ocrx_word' id='word_1_639' title='bbox 1560 4259 1691 4324; x_wconf 78' lang='lat' dir='ltr'><strong>quod</strong></span> <span class='ocrx_word' id='word_1_640' title='bbox 1708 4267 1779 4310; x_wconf 83' lang='lat' dir='ltr'><strong>est</strong></span> <span class='ocrx_word' id='word_1_641' title='bbox 1805 4262 2188 4328; x_wconf 83' lang='lat' dir='ltr'><strong>interpretatum</strong></span> 
     </span>
    </p>
   </div>
   <div class='ocr_carea' id='block_1_81' title="bbox 694 4345 1877 4402">
    <p class='ocr_par' dir='ltr' id='par_1_81' title="bbox 694 4345 1877 4402">
     <span class='ocr_line' id='line_1_81' title="bbox 694 4345 1877 4402; baseline 0.001 -1"><span class='ocrx_word' id='word_1_642' title='bbox 694 4346 922 4401; x_wconf 76' lang='lat' dir='ltr'><strong>Christus</strong></span> <span class='ocrx_word' id='word_1_643' title='bbox 944 4363 963 4402; x_wconf 91' lang='lat'><strong><em>:</em></strong></span> <span class='ocrx_word' id='word_1_644' title='bbox 993 4347 1078 4402; x_wconf 62' lang='lat'><strong>4‘2.</strong></span> <span class='ocrx_word' id='word_1_645' title='bbox 1107 4357 1152 4400; x_wconf 84' lang='lat' dir='ltr'><strong>et</strong></span> <span class='ocrx_word' id='word_1_646' title='bbox 1179 4347 1390 4400; x_wconf 74' lang='lat' dir='ltr'><strong>adduxit</strong></span> <span class='ocrx_word' id='word_1_647' title='bbox 1415 4345 1563 4399; x_wconf 82' lang='lat' dir='ltr'><strong>illum</strong></span> <span class='ocrx_word' id='word_1_648' title='bbox 1588 4346 1655 4400; x_wconf 83' lang='lat' dir='ltr'><strong>ad</strong></span> <span class='ocrx_word' id='word_1_649' title='bbox 1678 4346 1877 4402; x_wconf 76' lang='lat' dir='ltr'><strong>Iesum.</strong></span> 
     </span>
    </p>
   </div>
   <div class='ocr_carea' id='block_1_82' title="bbox 694 4521 2190 4594">
    <p class='ocr_par' dir='ltr' id='par_1_82' title="bbox 694 4521 2190 4594">
     <span class='ocr_line' id='line_1_82' title="bbox 694 4521 2190 4594; baseline 0.003 -17"><span class='ocrx_word' id='word_1_650' title='bbox 694 4525 746 4578; x_wconf 79' lang='lat' dir='ltr'><strong>i.</strong></span> <span class='ocrx_word' id='word_1_651' title='bbox 783 4523 994 4577; x_wconf 85' lang='lat' dir='ltr'><strong>Unionis</strong></span> <span class='ocrx_word' id='word_1_652' title='bbox 1020 4522 1168 4576; x_wconf 69' lang='lat' dir='ltr'><strong>bona.</strong></span> <span class='ocrx_word' id='word_1_653' title='bbox 1190 4550 1263 4563; x_wconf 93' lang='lat'>—</span> <span class='ocrx_word' id='word_1_654' title='bbox 1286 4522 1422 4576; x_wconf 89' lang='lat' dir='ltr'><strong>Deus</strong></span> <span class='ocrx_word' id='word_1_655' title='bbox 1452 4521 1598 4577; x_wconf 88' lang='lat' dir='ltr'><strong>initio</strong></span> <span class='ocrx_word' id='word_1_656' title='bbox 1615 4537 1733 4577; x_wconf 92' lang='lat' dir='ltr'><strong>cum</strong></span> <span class='ocrx_word' id='word_1_657' title='bbox 1752 4522 1874 4580; x_wconf 90' lang='lat' dir='ltr'><strong>fecit</strong></span> <span class='ocrx_word' id='word_1_658' title='bbox 1897 4524 2190 4594; x_wconf 80' lang='lat' dir='ltr'><strong>hominem,</strong></span> 
     </span>
    </p>
   </div>
   <div class='ocr_carea' id='block_1_83' title="bbox 626 4615 2188 4688">
    <p class='ocr_par' dir='ltr' id='par_1_83' title="bbox 626 4615 2188 4688">
     <span class='ocr_line' id='line_1_83' title="bbox 626 4615 2188 4688; baseline 0.005 -20"><span class='ocrx_word' id='word_1_659' title='bbox 626 4632 728 4669; x_wconf 87' lang='lat' dir='ltr'><strong>non</strong></span> <span class='ocrx_word' id='word_1_660' title='bbox 771 4617 984 4686; x_wconf 90' lang='lat' dir='ltr'><strong>reliquit</strong></span> <span class='ocrx_word' id='word_1_661' title='bbox 1028 4616 1177 4670; x_wconf 91' lang='lat' dir='ltr'><strong>illum</strong></span> <span class='ocrx_word' id='word_1_662' title='bbox 1219 4615 1389 4670; x_wconf 87' lang='lat' dir='ltr'><strong>solum</strong></span> <span class='ocrx_word' id='word_1_663' title='bbox 1417 4655 1434 4683; x_wconf 87' lang='lat'><strong>,</strong></span> <span class='ocrx_word' id='word_1_664' title='bbox 1463 4617 1557 4672; x_wconf 86' lang='lat' dir='ltr'><strong>sed</strong></span> <span class='ocrx_word' id='word_1_665' title='bbox 1596 4617 1742 4673; x_wconf 89' lang='lat' dir='ltr'><strong>dedit</strong></span> <span class='ocrx_word' id='word_1_666' title='bbox 1783 4618 1833 4674; x_wconf 89' lang='lat' dir='ltr'><strong>ei</strong></span> <span class='ocrx_word' id='word_1_667' title='bbox 1873 4618 2188 4688; x_wconf 71' lang='lat' dir='ltr'><strong>adiutricem</strong></span> 
     </span>
    </p>
   </div>
   <div class='ocr_carea' id='block_1_84' title="bbox 627 4704 2191 4768">
    <p class='ocr_par' dir='ltr' id='par_1_84' title="bbox 627 4704 2191 4768">
     <span class='ocr_line' id='line_1_84' title="bbox 627 4704 2191 4768; baseline 0.005 -10"><span class='ocrx_word' id='word_1_668' title='bbox 627 4704 900 4759; x_wconf 89' lang='lat' dir='ltr'><strong>mulierem</strong></span> <span class='ocrx_word' id='word_1_669' title='bbox 926 4745 940 4768; x_wconf 88' lang='lat'><strong>,</strong></span> <span class='ocrx_word' id='word_1_670' title='bbox 973 4715 1027 4760; x_wconf 91' lang='lat' dir='ltr'><strong>ut</strong></span> <span class='ocrx_word' id='word_1_671' title='bbox 1055 4704 1316 4761; x_wconf 88' lang='lat' dir='ltr'><strong>habitaret</strong></span> <span class='ocrx_word' id='word_1_672' title='bbox 1353 4722 1473 4761; x_wconf 90' lang='lat' dir='ltr'><strong>cum</strong></span> <span class='ocrx_word' id='word_1_673' title='bbox 1503 4723 1568 4762; x_wconf 92' lang='lat' dir='ltr'><strong>co</strong></span> <span class='ocrx_word' id='word_1_674' title='bbox 1592 4726 1605 4762; x_wconf 90' lang='lat'><strong>:</strong></span> <span class='ocrx_word' id='word_1_675' title='bbox 1629 4725 1746 4763; x_wconf 92' lang='lat' dir='ltr'><strong>cum</strong></span> <span class='ocrx_word' id='word_1_676' title='bbox 1774 4725 1837 4764; x_wconf 80' lang='lat' dir='ltr'><strong>ex</strong></span> <span class='ocrx_word' id='word_1_677' title='bbox 1867 4709 1967 4764; x_wconf 88' lang='lat' dir='ltr'><strong>hoc</strong></span> <span class='ocrx_word' id='word_1_678' title='bbox 1997 4721 2191 4766; x_wconf 81' lang='lat' dir='ltr'><strong>contu-</strong></span> 
     </span>
    </p>
   </div>
   <div class='ocr_carea' id='block_1_85' title="bbox 625 4796 2192 4866">
    <p class='ocr_par' dir='ltr' id='par_1_85' title="bbox 625 4796 2192 4866">
     <span class='ocr_line' id='line_1_85' title="bbox 625 4796 2192 4866; baseline 0.005 -18"><span class='ocrx_word' id='word_1_679' title='bbox 625 4796 810 4849; x_wconf 78' lang='lat' dir='ltr'><strong>beruio</strong></span> <span class='ocrx_word' id='word_1_680' title='bbox 840 4796 1061 4849; x_wconf 90' lang='lat' dir='ltr'><strong>multum</strong></span> <span class='ocrx_word' id='word_1_681' title='bbox 1106 4796 1238 4850; x_wconf 90' lang='lat' dir='ltr'><strong>lucri</strong></span> <span class='ocrx_word' id='word_1_682' title='bbox 1281 4811 1616 4852; x_wconf 88' lang='lat' dir='ltr'><strong>accessurum</strong></span> <span class='ocrx_word' id='word_1_683' title='bbox 1655 4809 1855 4854; x_wconf 87' lang='lat' dir='ltr'><strong>nosset.</strong></span> <span class='ocrx_word' id='word_1_684' title='bbox 1885 4800 2020 4866; x_wconf 88' lang='lat' dir='ltr'><strong>Quid</strong></span> <span class='ocrx_word' id='word_1_685' title='bbox 2049 4804 2192 4857; x_wconf 92' lang='lat' dir='ltr'><strong>enim</strong></span> 
     </span>
    </p>
   </div>
   <div class='ocr_carea' id='block_1_86' title="bbox 625 4887 2193 4958">
    <p class='ocr_par' dir='ltr' id='par_1_86' title="bbox 625 4887 2193 4958">
     <span class='ocr_line' id='line_1_86' title="bbox 625 4887 2193 4958; baseline 0.007 -18"><span class='ocrx_word' id='word_1_686' title='bbox 625 4889 667 4940; x_wconf 88' lang='lat' dir='ltr'><strong>si</strong></span> <span class='ocrx_word' id='word_1_687' title='bbox 699 4901 824 4955; x_wconf 91' lang='lat' dir='ltr'><strong>non,</strong></span> <span class='ocrx_word' id='word_1_688' title='bbox 859 4887 930 4942; x_wconf 90' lang='lat' dir='ltr'><strong>uti</strong></span> <span class='ocrx_word' id='word_1_689' title='bbox 962 4903 1055 4958; x_wconf 88' lang='lat' dir='ltr'><strong>par</strong></span> <span class='ocrx_word' id='word_1_690' title='bbox 1072 4897 1206 4953; x_wconf 85' lang='lat' dir='ltr'><strong>erat,</strong></span> <span class='ocrx_word' id='word_1_691' title='bbox 1236 4890 1336 4944; x_wconf 89' lang='lat' dir='ltr'><strong>hoc</strong></span> <span class='ocrx_word' id='word_1_692' title='bbox 1362 4889 1618 4946; x_wconf 78' lang='lat' dir='ltr'><strong>beneficio</strong></span> <span class='ocrx_word' id='word_1_693' title='bbox 1640 4906 1733 4945; x_wconf 88' lang='lat' dir='ltr'><strong>usa</strong></span> <span class='ocrx_word' id='word_1_694' title='bbox 1755 4893 1824 4947; x_wconf 89' lang='lat' dir='ltr'><strong>sit</strong></span> <span class='ocrx_word' id='word_1_695' title='bbox 1844 4895 2070 4950; x_wconf 88' lang='lat' dir='ltr'><strong>mulier?</strong></span> <span class='ocrx_word' id='word_1_696' title='bbox 2098 4899 2193 4951; x_wconf 82' lang='lat' dir='ltr'><strong>At-</strong></span> 
     </span>
    </p>
   </div>
   <div class='ocr_carea' id='block_1_87' title="bbox 629 4979 2191 5056">
    <p class='ocr_par' dir='ltr' id='par_1_87' title="bbox 629 4979 2191 5056">
     <span class='ocr_line' id='line_1_87' title="bbox 629 4979 2191 5056; baseline 0.006 -24"><span class='ocrx_word' id='word_1_697' title='bbox 629 4987 800 5033; x_wconf 76' lang='lat' dir='ltr'><strong>tamen</strong></span> <span class='ocrx_word' id='word_1_698' title='bbox 855 4979 900 5033; x_wconf 87' lang='lat' dir='ltr'><strong>si</strong></span> <span class='ocrx_word' id='word_1_699' title='bbox 939 4979 1016 5034; x_wconf 91' lang='lat' dir='ltr'><strong>rei</strong></span> <span class='ocrx_word' id='word_1_700' title='bbox 1063 4991 1301 5035; x_wconf 89' lang='lat' dir='ltr'><strong>naturam</strong></span> <span class='ocrx_word' id='word_1_701' title='bbox 1352 4983 1474 5052; x_wconf 87' lang='lat' dir='ltr'><strong>quis</strong></span> <span class='ocrx_word' id='word_1_702' title='bbox 1524 4984 1911 5050; x_wconf 80' lang='lat' dir='ltr'><strong>exploraverit,</strong></span> <span class='ocrx_word' id='word_1_703' title='bbox 1946 5001 2191 5056; x_wconf 90' lang='lat' dir='ltr'><strong>magnam</strong></span> 
     </span>
    </p>
   </div>
   <div class='ocr_carea' id='block_1_88' title="bbox 626 5071 2194 5147">
    <p class='ocr_par' dir='ltr' id='par_1_88' title="bbox 626 5071 2194 5147">
     <span class='ocr_line' id='line_1_88' title="bbox 626 5071 2194 5147; baseline 0.005 -23"><span class='ocrx_word' id='word_1_704' title='bbox 626 5072 917 5140; x_wconf 88' lang='lat' dir='ltr'><strong>comperiet</strong></span> <span class='ocrx_word' id='word_1_705' title='bbox 945 5087 1008 5127; x_wconf 76' lang='lat' dir='ltr'><strong>ex</strong></span> <span class='ocrx_word' id='word_1_706' title='bbox 1050 5071 1150 5127; x_wconf 90' lang='lat' dir='ltr'><strong>hoc</strong></span> <span class='ocrx_word' id='word_1_707' title='bbox 1175 5073 1526 5127; x_wconf 89' lang='lat' dir='ltr'><strong>contubernio</strong></span> <span class='ocrx_word' id='word_1_708' title='bbox 1564 5074 1844 5130; x_wconf 87' lang='lat' dir='ltr'><strong>utilitatem</strong></span> <span class='ocrx_word' id='word_1_709' title='bbox 1887 5077 1938 5130; x_wconf 91' lang='lat' dir='ltr'><strong>in</strong></span> <span class='ocrx_word' id='word_1_710' title='bbox 1970 5091 2065 5133; x_wconf 91' lang='lat' dir='ltr'><strong>eos</strong></span> <span class='ocrx_word' id='word_1_711' title='bbox 2104 5079 2194 5147; x_wconf 92' lang='lat' dir='ltr'><strong>qui</strong></span> 
     </span>
    </p>
   </div>
   <div class='ocr_carea' id='block_1_89' title="bbox 628 5161 2197 5233">
    <p class='ocr_par' dir='ltr' id='par_1_89' title="bbox 628 5161 2197 5233">
     <span class='ocr_line' id='line_1_89' title="bbox 628 5161 2197 5233; baseline 0.006 -19"><span class='ocrx_word' id='word_1_712' title='bbox 628 5171 803 5216; x_wconf 88' lang='lat' dir='ltr'><strong>mente</strong></span> <span class='ocrx_word' id='word_1_713' title='bbox 827 5161 1002 5218; x_wconf 89' lang='lat' dir='ltr'><strong>valent</strong></span> <span class='ocrx_word' id='word_1_714' title='bbox 1022 5162 1335 5218; x_wconf 86' lang='lat' dir='ltr'><strong>derivatant.</strong></span> <span class='ocrx_word' id='word_1_715' title='bbox 1363 5162 1543 5233; x_wconf 85' lang='lat' dir='ltr'><strong>Neque</strong></span> <span class='ocrx_word' id='word_1_716' title='bbox 1581 5164 1632 5218; x_wconf 92' lang='lat' dir='ltr'><strong>id</strong></span> <span class='ocrx_word' id='word_1_717' title='bbox 1659 5164 1724 5220; x_wconf 92' lang='lat' dir='ltr'><strong>de</strong></span> <span class='ocrx_word' id='word_1_718' title='bbox 1751 5169 1863 5221; x_wconf 86' lang='lat' dir='ltr'><strong>viro</strong></span> <span class='ocrx_word' id='word_1_719' title='bbox 1909 5177 2106 5222; x_wconf 89' lang='lat' dir='ltr'><strong>tantum</strong></span> <span class='ocrx_word' id='word_1_720' title='bbox 2143 5178 2197 5224; x_wconf 93' lang='lat' dir='ltr'><strong>et</strong></span> 
     </span>
    </p>
   </div>
   <div class='ocr_carea' id='block_1_90' title="bbox 628 5255 2195 5329">
    <p class='ocr_par' dir='ltr' id='par_1_90' title="bbox 628 5255 2195 5329">
     <span class='ocr_line' id='line_1_90' title="bbox 628 5255 2195 5329; baseline 0.005 -21"><span class='ocrx_word' id='word_1_721' title='bbox 628 5270 792 5308; x_wconf 84' lang='lat' dir='ltr'><strong>uxore</strong></span> <span class='ocrx_word' id='word_1_722' title='bbox 817 5255 1032 5319; x_wconf 87' lang='lat' dir='ltr'><strong>dicitur;</strong></span> <span class='ocrx_word' id='word_1_723' title='bbox 1061 5256 1152 5312; x_wconf 86' lang='lat' dir='ltr'><strong>scd</strong></span> <span class='ocrx_word' id='word_1_724' title='bbox 1181 5257 1339 5311; x_wconf 91' lang='lat' dir='ltr'><strong>etiam</strong></span> <span class='ocrx_word' id='word_1_725' title='bbox 1367 5255 1411 5310; x_wconf 88' lang='lat' dir='ltr'><strong>si</strong></span> <span class='ocrx_word' id='word_1_726' title='bbox 1445 5256 1634 5311; x_wconf 86' lang='lat' dir='ltr'><strong>fratres</strong></span> <span class='ocrx_word' id='word_1_727' title='bbox 1664 5273 1763 5311; x_wconf 90' lang='lat' dir='ltr'><strong>una</strong></span> <span class='ocrx_word' id='word_1_728' title='bbox 1792 5259 2055 5324; x_wconf 80' lang='lat' dir='ltr'><strong>vixerint,</strong></span> <span class='ocrx_word' id='word_1_729' title='bbox 2081 5263 2195 5329; x_wconf 89' lang='lat' dir='ltr'><strong>pari</strong></span> 
     </span>
    </p>
   </div>
   <div class='ocr_carea' id='block_1_91' title="bbox 627 5329 2191 5419">
    <p class='ocr_par' dir='ltr' id='par_1_91' title="bbox 627 5329 2191 5419">
     <span class='ocr_line' id='line_1_91' title="bbox 627 5329 2191 5419; baseline 0.006 -21"><span class='ocrx_word' id='word_1_730' title='bbox 627 5329 889 5400; x_wconf 75' lang='lat' dir='ltr'><strong>beneﬂcio</strong></span> <span class='ocrx_word' id='word_1_731' title='bbox 924 5347 1180 5402; x_wconf 89' lang='lat' dir='ltr'><strong>fruentur.</strong></span> <span class='ocrx_word' id='word_1_732' title='bbox 1231 5349 1586 5416; x_wconf 90' lang='lat' dir='ltr'><strong>Quamobrem</strong></span> <span class='ocrx_word' id='word_1_733' title='bbox 1629 5351 1879 5419; x_wconf 81' lang='lat' dir='ltr'><strong>propheta</strong></span> <span class='ocrx_word' id='word_1_734' title='bbox 1921 5352 2132 5407; x_wconf 88' lang='lat' dir='ltr'><strong>dicebat</strong></span> <span class='ocrx_word' id='word_1_735' title='bbox 2179 5371 2191 5406; x_wconf 90' lang='lat'><strong>:</strong></span> 
     </span>
    </p>
   </div>
   <div class='ocr_carea' id='block_1_92' title="bbox 631 5437 2196 5513">
    <p class='ocr_par' dir='ltr' id='par_1_92' title="bbox 631 5437 2196 5513">
     <span class='ocr_line' id='line_1_92' title="bbox 631 5437 2196 5513; baseline 0.006 -24"><span class='ocrx_word' id='word_1_736' title='bbox 631 5437 796 5504; x_wconf 82' lang='lat' dir='ltr'><strong>Quam</strong></span> <span class='ocrx_word' id='word_1_737' title='bbox 823 5437 1004 5490; x_wconf 78' lang='lat' dir='ltr'><strong>bonum</strong></span> <span class='ocrx_word' id='word_1_738' title='bbox 1043 5448 1086 5491; x_wconf 88' lang='lat' dir='ltr'><strong>et</strong></span> <span class='ocrx_word' id='word_1_739' title='bbox 1127 5456 1275 5509; x_wconf 70' lang='lat' dir='ltr'><strong>quam</strong></span> <span class='ocrx_word' id='word_1_740' title='bbox 1311 5439 1592 5510; x_wconf 82' lang='lat' dir='ltr'><strong>iucundum</strong></span> <span class='ocrx_word' id='word_1_741' title='bbox 1615 5481 1630 5503; x_wconf 89' lang='lat'><strong>,</strong></span> <span class='ocrx_word' id='word_1_742' title='bbox 1668 5441 1891 5496; x_wconf 76' lang='lat' dir='ltr'><strong>habitare</strong></span> <span class='ocrx_word' id='word_1_743' title='bbox 1924 5447 2104 5513; x_wconf 75' lang='lat' dir='ltr'><strong>fratres</strong></span> <span class='ocrx_word' id='word_1_744' title='bbox 2143 5444 2196 5498; x_wconf 88' lang='lat' dir='ltr'><strong>in</strong></span> 
     </span>
    </p>
   </div>
   <div class='ocr_carea' id='block_1_93' title="bbox 625 5529 2195 5609">
    <p class='ocr_par' dir='ltr' id='par_1_93' title="bbox 625 5529 2195 5609">
     <span class='ocr_line' id='line_1_93' title="bbox 625 5529 2195 5609; baseline 0.006 -26"><span class='ocrx_word' id='word_1_745' title='bbox 625 5546 778 5584; x_wconf 72' lang='lat' dir='ltr'><strong>suum</strong></span> <span class='ocrx_word' id='word_1_746' title='bbox 804 5529 972 5601; x_wconf 81' lang='lat' dir='ltr'><strong>(Psal.</strong></span> <span class='ocrx_word' id='word_1_747' title='bbox 1003 5533 1122 5588; x_wconf 72' lang='grc'><strong>152.</strong></span> <span class='ocrx_word' id='word_1_748' title='bbox 1156 5532 1247 5603; x_wconf 82' lang='lat' dir='ltr'><strong>l)?</strong></span> <span class='ocrx_word' id='word_1_749' title='bbox 1275 5534 1574 5605; x_wconf 83' lang='lat' dir='ltr'><strong>Paulusque</strong></span> <span class='ocrx_word' id='word_1_750' title='bbox 1623 5531 1808 5607; x_wconf 76' lang='lat' dir='ltr'><strong>(Hebr.</strong></span> <span class='ocrx_word' id='word_1_751' title='bbox 1836 5535 1922 5591; x_wconf 79' lang='lat' dir='ltr'><strong>lo.</strong></span> <span class='ocrx_word' id='word_1_752' title='bbox 1952 5533 2047 5609; x_wconf 70' lang='lat'><strong>25)</strong></span> <span class='ocrx_word' id='word_1_753' title='bbox 2079 5551 2195 5592; x_wconf 79' lang='lat' dir='ltr'><strong>mo-</strong></span> 
     </span>
    </p>
   </div>
   <div class='ocr_carea' id='block_1_94' title="bbox 628 5626 2195 5697">
    <p class='ocr_par' dir='ltr' id='par_1_94' title="bbox 628 5626 2195 5697">
     <span class='ocr_line' id='line_1_94' title="bbox 628 5626 2195 5697; baseline 0.006 -22"><span class='ocrx_word' id='word_1_754' title='bbox 628 5631 719 5677; x_wconf 86' lang='lat' dir='ltr'><strong>net</strong></span> <span class='ocrx_word' id='word_1_755' title='bbox 745 5638 810 5676; x_wconf 90' lang='lat' dir='ltr'><strong>ne</strong></span> <span class='ocrx_word' id='word_1_756' title='bbox 836 5635 1071 5677; x_wconf 89' lang='lat' dir='ltr'><strong>nostrum</strong></span> <span class='ocrx_word' id='word_1_757' title='bbox 1101 5636 1295 5680; x_wconf 72' lang='lat' dir='ltr'><strong>emtum</strong></span> <span class='ocrx_word' id='word_1_758' title='bbox 1327 5626 1655 5682; x_wconf 85' lang='lat' dir='ltr'><strong>deseramus.</strong></span> <span class='ocrx_word' id='word_1_759' title='bbox 1686 5626 1798 5682; x_wconf 83' lang='lat' dir='ltr'><strong>Hoc</strong></span> <span class='ocrx_word' id='word_1_760' title='bbox 1824 5629 2018 5697; x_wconf 86' lang='lat' dir='ltr'><strong>quippe</strong></span> <span class='ocrx_word' id='word_1_761' title='bbox 2039 5629 2195 5685; x_wconf 90' lang='lat' dir='ltr'><strong>estin</strong></span> 
     </span>
    </p>
   </div>
   <div class='ocr_carea' id='block_1_95' title="bbox 628 5713 2191 5789">
    <p class='ocr_par' dir='ltr' id='par_1_95' title="bbox 628 5713 2191 5789">
     <span class='ocr_line' id='line_1_95' title="bbox 628 5713 2191 5789; baseline 0.008 -25"><span class='ocrx_word' id='word_1_762' title='bbox 628 5726 732 5782; x_wconf 85' lang='lat' dir='ltr'><strong>quo</strong></span> <span class='ocrx_word' id='word_1_763' title='bbox 751 5728 781 5767; x_wconf 83' lang='lat' dir='ltr'><strong>a</strong></span> <span class='ocrx_word' id='word_1_764' title='bbox 812 5713 940 5770; x_wconf 85' lang='lat' dir='ltr'><strong>feris</strong></span> <span class='ocrx_word' id='word_1_765' title='bbox 965 5714 1274 5770; x_wconf 69' lang='lat' dir='ltr'><strong>differimus.</strong></span> <span class='ocrx_word' id='word_1_766' title='bbox 1304 5717 1426 5772; x_wconf 84' lang='lat' dir='ltr'><strong>Ideo</strong></span> <span class='ocrx_word' id='word_1_767' title='bbox 1449 5717 1610 5774; x_wconf 85' lang='lat' dir='ltr'><strong>urbes</strong></span> <span class='ocrx_word' id='word_1_768' title='bbox 1638 5721 1998 5775; x_wconf 81' lang='lat' dir='ltr'><strong>construimus</strong></span> <span class='ocrx_word' id='word_1_769' title='bbox 2018 5763 2033 5786; x_wconf 97' lang='lat'><strong>,</strong></span> <span class='ocrx_word' id='word_1_770' title='bbox 2060 5720 2191 5789; x_wconf 88' lang='lat' dir='ltr'><strong>fora,</strong></span> 
     </span>
    </p>
   </div>
   <div class='ocr_carea' id='block_1_96' title="bbox 629 5804 2184 5882">
    <p class='ocr_par' dir='ltr' id='par_1_96' title="bbox 629 5804 2184 5882">
     <span class='ocr_line' id='line_1_96' title="bbox 629 5804 2184 5882; baseline 0.007 -24"><span class='ocrx_word' id='word_1_771' title='bbox 629 5804 836 5875; x_wconf 87' lang='lat' dir='ltr'><strong>domos,</strong></span> <span class='ocrx_word' id='word_1_772' title='bbox 860 5816 920 5864; x_wconf 88' lang='lat' dir='ltr'><strong>ut</strong></span> <span class='ocrx_word' id='word_1_773' title='bbox 947 5825 1050 5866; x_wconf 88' lang='lat' dir='ltr'><strong>una</strong></span> <span class='ocrx_word' id='word_1_774' title='bbox 1072 5809 1275 5866; x_wconf 87' lang='lat' dir='ltr'><strong>collecti</strong></span> <span class='ocrx_word' id='word_1_775' title='bbox 1297 5811 1484 5876; x_wconf 86' lang='lat' dir='ltr'><strong>simus,</strong></span> <span class='ocrx_word' id='word_1_776' title='bbox 1514 5826 1619 5866; x_wconf 89' lang='lat' dir='ltr'><strong>non</strong></span> <span class='ocrx_word' id='word_1_777' title='bbox 1642 5811 1942 5868; x_wconf 79' lang='lat' dir='ltr'><strong>habitacula</strong></span> <span class='ocrx_word' id='word_1_778' title='bbox 1964 5823 2184 5882; x_wconf 83' lang='lat' dir='ltr'><strong>tantum,</strong></span> 
     </span>
    </p>
   </div>
   <div class='ocr_carea' id='block_1_97' title="bbox 2306 4173 3893 4235">
    <p class='ocr_par' dir='ltr' id='par_1_97' title="bbox 2306 4173 3893 4235">
     <span class='ocr_line' id='line_1_97' title="bbox 2306 4173 3893 4235; baseline 0.005 -9"><span class='ocrx_word' id='word_1_779' title='bbox 2306 4173 2399 4227; x_wconf 89' lang='lat' dir='ltr'><strong>sed</strong></span> <span class='ocrx_word' id='word_1_780' title='bbox 2432 4182 2485 4226; x_wconf 91' lang='lat' dir='ltr'><strong>ct</strong></span> <span class='ocrx_word' id='word_1_781' title='bbox 2509 4174 2750 4228; x_wconf 85' lang='lat' dir='ltr'><strong>caritatis</strong></span> <span class='ocrx_word' id='word_1_782' title='bbox 2789 4175 3022 4228; x_wconf 84' lang='lat' dir='ltr'><strong>vinculo.</strong></span> <span class='ocrx_word' id='word_1_783' title='bbox 3055 4176 3188 4228; x_wconf 86' lang='lat' dir='ltr'><strong>Cum</strong></span> <span class='ocrx_word' id='word_1_784' title='bbox 3234 4178 3376 4230; x_wconf 90' lang='lat' dir='ltr'><strong>enim</strong></span> <span class='ocrx_word' id='word_1_785' title='bbox 3409 4186 3596 4231; x_wconf 90' lang='lat' dir='ltr'><strong>natura</strong></span> <span class='ocrx_word' id='word_1_786' title='bbox 3637 4187 3816 4232; x_wconf 85' lang='lat' dir='ltr'><strong>nostra</strong></span> <span class='ocrx_word' id='word_1_787' title='bbox 3859 4195 3893 4235; x_wconf 85' lang='lat' dir='ltr'><strong>a</strong></span> 
     </span>
    </p>
   </div>
   <div class='ocr_carea' id='block_1_98' title="bbox 2302 4261 3890 4340">
    <p class='ocr_par' dir='ltr' id='par_1_98' title="bbox 2302 4261 3890 4340">
     <span class='ocr_line' id='line_1_98' title="bbox 2302 4261 3890 4340; baseline 0.006 -24"><span class='ocrx_word' id='word_1_788' title='bbox 2302 4261 2593 4318; x_wconf 90' lang='lat' dir='ltr'><strong>Conditore</strong></span> <span class='ocrx_word' id='word_1_789' title='bbox 2619 4264 2687 4317; x_wconf 89' lang='lat' dir='ltr'><strong>ita</strong></span> <span class='ocrx_word' id='word_1_790' title='bbox 2716 4265 2962 4330; x_wconf 66' lang='lat' dir='ltr'><strong>facta‘sit,</strong></span> <span class='ocrx_word' id='word_1_791' title='bbox 2991 4275 3047 4320; x_wconf 82' lang='grc' dir='ltr'><strong>ιιι</strong></span> <span class='ocrx_word' id='word_1_792' title='bbox 3067 4267 3185 4322; x_wconf 89' lang='lat' dir='ltr'><strong>aliis</strong></span> <span class='ocrx_word' id='word_1_793' title='bbox 3215 4275 3390 4336; x_wconf 85' lang='lat' dir='ltr'><strong>egeat,</strong></span> <span class='ocrx_word' id='word_1_794' title='bbox 3423 4284 3522 4324; x_wconf 89' lang='lat' dir='ltr'><strong>nec</strong></span> <span class='ocrx_word' id='word_1_795' title='bbox 3550 4270 3649 4323; x_wconf 79' lang='lat' dir='ltr'><strong>sibi</strong></span> <span class='ocrx_word' id='word_1_796' title='bbox 3681 4270 3777 4340; x_wconf 91' lang='lat' dir='ltr'><strong>ipsi</strong></span> <span class='ocrx_word' id='word_1_797' title='bbox 3803 4288 3890 4326; x_wconf 85' lang='lat' dir='ltr'><strong>sa-</strong></span> 
     </span>
    </p>
   </div>
   <div class='ocr_carea' id='block_1_99' title="bbox 2305 4354 3887 4432">
    <p class='ocr_par' dir='ltr' id='par_1_99' title="bbox 2305 4354 3887 4432">
     <span class='ocr_line' id='line_1_99' title="bbox 2305 4354 3887 4432; baseline 0.005 -24"><span class='ocrx_word' id='word_1_798' title='bbox 2305 4356 2372 4408; x_wconf 81' lang='lat' dir='ltr'><strong>tis</strong></span> <span class='ocrx_word' id='word_1_799' title='bbox 2396 4354 2465 4408; x_wconf 92' lang='lat' dir='ltr'><strong>sit</strong></span> <span class='ocrx_word' id='word_1_800' title='bbox 2491 4370 2503 4407; x_wconf 90' lang='lat'><strong>:</strong></span> <span class='ocrx_word' id='word_1_801' title='bbox 2533 4370 2644 4409; x_wconf 91' lang='lat' dir='ltr'><strong>rem</strong></span> <span class='ocrx_word' id='word_1_802' title='bbox 2672 4356 2750 4410; x_wconf 88' lang='lat' dir='ltr'><strong>sic</strong></span> <span class='ocrx_word' id='word_1_803' title='bbox 2786 4365 2908 4426; x_wconf 90' lang='lat' dir='ltr'><strong>apte</strong></span> <span class='ocrx_word' id='word_1_804' title='bbox 2932 4356 3266 4426; x_wconf 84' lang='lat' dir='ltr'><strong>dispensavit</strong></span> <span class='ocrx_word' id='word_1_805' title='bbox 3306 4359 3444 4414; x_wconf 84' lang='lat' dir='ltr'><strong>Deus</strong></span> <span class='ocrx_word' id='word_1_806' title='bbox 3463 4401 3477 4423; x_wconf 93' lang='lat'><strong>,</strong></span> <span class='ocrx_word' id='word_1_807' title='bbox 3509 4369 3566 4415; x_wconf 88' lang='lat' dir='ltr'><strong>ut</strong></span> <span class='ocrx_word' id='word_1_808' title='bbox 3596 4361 3887 4432; x_wconf 84' lang='lat' dir='ltr'><strong>indigentia</strong></span> 
     </span>
    </p>
   </div>
   <div class='ocr_carea' id='block_1_100' title="bbox 2303 4443 3883 4525">
    <p class='ocr_par' dir='ltr' id='par_1_100' title="bbox 2303 4443 3883 4525">
     <span class='ocr_line' id='line_1_100' title="bbox 2303 4443 3883 4525; baseline 0.009 -30"><span class='ocrx_word' id='word_1_809' title='bbox 2303 4443 2603 4514; x_wconf 86' lang='lat' dir='ltr'><strong>hujusmodi</strong></span> <span class='ocrx_word' id='word_1_810' title='bbox 2633 4461 2663 4499; x_wconf 90' lang='lat' dir='ltr'><strong>a</strong></span> <span class='ocrx_word' id='word_1_811' title='bbox 2693 4457 2877 4501; x_wconf 87' lang='lat' dir='ltr'><strong>tnutuo</strong></span> <span class='ocrx_word' id='word_1_812' title='bbox 2905 4449 3173 4503; x_wconf 79' lang='lat' dir='ltr'><strong>consortio</strong></span> <span class='ocrx_word' id='word_1_813' title='bbox 3203 4457 3259 4505; x_wconf 92' lang='lat' dir='ltr'><strong>et</strong></span> <span class='ocrx_word' id='word_1_814' title='bbox 3285 4465 3313 4503; x_wconf 91' lang='lat' dir='ltr'><strong>a</strong></span> <span class='ocrx_word' id='word_1_815' title='bbox 3351 4454 3704 4509; x_wconf 87' lang='lat' dir='ltr'><strong>conventibus</strong></span> <span class='ocrx_word' id='word_1_816' title='bbox 3729 4453 3883 4525; x_wconf 89' lang='lat' dir='ltr'><strong>juve-</strong></span> 
     </span>
    </p>
   </div>
   <div class='ocr_carea' id='block_1_101' title="bbox 2303 4538 3890 4615">
    <p class='ocr_par' dir='ltr' id='par_1_101' title="bbox 2303 4538 3890 4615">
     <span class='ocr_line' id='line_1_101' title="bbox 2303 4538 3890 4615; baseline 0.007 -23"><span class='ocrx_word' id='word_1_817' title='bbox 2303 4547 2404 4593; x_wconf 90' lang='lat' dir='ltr'><strong>tur.</strong></span> <span class='ocrx_word' id='word_1_818' title='bbox 2433 4538 2660 4610; x_wconf 86' lang='lat' dir='ltr'><strong>ldeoque</strong></span> <span class='ocrx_word' id='word_1_819' title='bbox 2688 4540 2883 4610; x_wconf 70' lang='lat' dir='ltr'><strong>nuptiae</strong></span> <span class='ocrx_word' id='word_1_820' title='bbox 2908 4541 3208 4596; x_wconf 65' lang='lat' dir='ltr'><strong>constituta:</strong></span> <span class='ocrx_word' id='word_1_821' title='bbox 3236 4552 3361 4597; x_wconf 87' lang='lat' dir='ltr'><strong>sunt</strong></span> <span class='ocrx_word' id='word_1_822' title='bbox 3393 4544 3434 4608; x_wconf 77' lang='grc'><strong>⁸,</strong></span> <span class='ocrx_word' id='word_1_823' title='bbox 3479 4553 3536 4598; x_wconf 92' lang='lat' dir='ltr'><strong>ut</strong></span> <span class='ocrx_word' id='word_1_824' title='bbox 3562 4545 3702 4615; x_wconf 88' lang='lat' dir='ltr'><strong>quod</strong></span> <span class='ocrx_word' id='word_1_825' title='bbox 3730 4546 3890 4603; x_wconf 85' lang='lat' dir='ltr'><strong>alteri</strong></span> 
     </span>
    </p>
   </div>
   <div class='ocr_carea' id='block_1_102' title="bbox 2301 4631 3890 4709">
    <p class='ocr_par' dir='ltr' id='par_1_102' title="bbox 2301 4631 3890 4709">
     <span class='ocr_line' id='line_1_102' title="bbox 2301 4631 3890 4709; baseline 0.005 -22"><span class='ocrx_word' id='word_1_826' title='bbox 2301 4631 2473 4697; x_wconf 88' lang='lat' dir='ltr'><strong>deest,</strong></span> <span class='ocrx_word' id='word_1_827' title='bbox 2493 4632 2562 4686; x_wconf 88' lang='lat' dir='ltr'><strong>ab</strong></span> <span class='ocrx_word' id='word_1_828' title='bbox 2585 4633 2753 4688; x_wconf 90' lang='lat' dir='ltr'><strong>altero</strong></span> <span class='ocrx_word' id='word_1_829' title='bbox 2774 4634 3104 4703; x_wconf 86' lang='lat' dir='ltr'><strong>suppleatur,</strong></span> <span class='ocrx_word' id='word_1_830' title='bbox 3129 4634 3313 4704; x_wconf 86' lang='lat' dir='ltr'><strong>sicque</strong></span> <span class='ocrx_word' id='word_1_831' title='bbox 3333 4645 3542 4702; x_wconf 88' lang='lat' dir='ltr'><strong>natura,</strong></span> <span class='ocrx_word' id='word_1_832' title='bbox 3571 4654 3690 4708; x_wconf 78' lang='lat' dir='ltr'><strong>quae</strong></span> <span class='ocrx_word' id='word_1_833' title='bbox 3717 4654 3890 4709; x_wconf 78' lang='lat' dir='ltr'><strong>egena</strong></span> 
     </span>
    </p>
   </div>
   <div class='ocr_carea' id='block_1_103' title="bbox 2300 4723 3890 4789">
    <p class='ocr_par' dir='ltr' id='par_1_103' title="bbox 2300 4723 3890 4789">
     <span class='ocr_line' id='line_1_103' title="bbox 2300 4723 3890 4789; baseline 0.006 -12"><span class='ocrx_word' id='word_1_834' title='bbox 2300 4732 2450 4789; x_wconf 75' lang='lat' dir='ltr'><strong>erat,</strong></span> <span class='ocrx_word' id='word_1_835' title='bbox 2478 4723 2579 4777; x_wconf 85' lang='lat' dir='ltr'><strong>sibi</strong></span> <span class='ocrx_word' id='word_1_836' title='bbox 2620 4724 2832 4779; x_wconf 89' lang='lat' dir='ltr'><strong>tandem</strong></span> <span class='ocrx_word' id='word_1_837' title='bbox 2871 4724 3097 4788; x_wconf 72' lang='lat' dir='ltr'><strong>sufficit;</strong></span> <span class='ocrx_word' id='word_1_838' title='bbox 3127 4726 3196 4779; x_wconf 88' lang='lat' dir='ltr'><strong>ita</strong></span> <span class='ocrx_word' id='word_1_839' title='bbox 3235 4737 3291 4781; x_wconf 93' lang='lat' dir='ltr'><strong>ut</strong></span> <span class='ocrx_word' id='word_1_840' title='bbox 3317 4727 3441 4782; x_wconf 89' lang='lat' dir='ltr'><strong>licet</strong></span> <span class='ocrx_word' id='word_1_841' title='bbox 3476 4730 3721 4784; x_wconf 88' lang='lat' dir='ltr'><strong>mortalis</strong></span> <span class='ocrx_word' id='word_1_842' title='bbox 3747 4730 3890 4786; x_wconf 68' lang='lat' dir='ltr'><strong>facta</strong></span> 
     </span>
    </p>
   </div>
   <div class='ocr_carea' id='block_1_104' title="bbox 2301 4814 3888 4880">
    <p class='ocr_par' dir='ltr' id='par_1_104' title="bbox 2301 4814 3888 4880">
     <span class='ocr_line' id='line_1_104' title="bbox 2301 4814 3888 4880; baseline 0.008 -14"><span class='ocrx_word' id='word_1_843' title='bbox 2301 4814 2396 4880; x_wconf 86' lang='lat' dir='ltr'><strong>sit,</strong></span> <span class='ocrx_word' id='word_1_844' title='bbox 2425 4817 2761 4870; x_wconf 89' lang='lat' dir='ltr'><strong>successione</strong></span> <span class='ocrx_word' id='word_1_845' title='bbox 2787 4833 2882 4872; x_wconf 90' lang='lat' dir='ltr'><strong>ceu</strong></span> <span class='ocrx_word' id='word_1_846' title='bbox 2911 4818 3212 4872; x_wconf 89' lang='lat' dir='ltr'><strong>diuturnam</strong></span> <span class='ocrx_word' id='word_1_847' title='bbox 3257 4818 3708 4876; x_wconf 87' lang='lat' dir='ltr'><strong>immortalitatem</strong></span> <span class='ocrx_word' id='word_1_848' title='bbox 3767 4837 3888 4878; x_wconf 86' lang='lat' dir='ltr'><strong>ser-</strong></span> 
     </span>
    </p>
   </div>
   <div class='ocr_carea' id='block_1_105' title="bbox 2302 4906 3886 4983">
    <p class='ocr_par' dir='ltr' id='par_1_105' title="bbox 2302 4906 3886 4983">
     <span class='ocr_line' id='line_1_105' title="bbox 2302 4906 3886 4983; baseline 0.008 -25"><span class='ocrx_word' id='word_1_849' title='bbox 2302 4916 2407 4961; x_wconf 88' lang='lat' dir='ltr'><strong>vet.</strong></span> <span class='ocrx_word' id='word_1_850' title='bbox 2429 4906 2673 4963; x_wconf 85' lang='lat' dir='ltr'><strong>Poteram</strong></span> <span class='ocrx_word' id='word_1_851' title='bbox 2698 4909 2810 4964; x_wconf 76' lang='lat' dir='ltr'><strong>hzee</strong></span> <span class='ocrx_word' id='word_1_852' title='bbox 2827 4910 2990 4964; x_wconf 87' lang='lat' dir='ltr'><strong>fusius</strong></span> <span class='ocrx_word' id='word_1_853' title='bbox 3016 4911 3286 4980; x_wconf 88' lang='lat' dir='ltr'><strong>prosequi,</strong></span> <span class='ocrx_word' id='word_1_854' title='bbox 3305 4912 3698 4982; x_wconf 87' lang='lat' dir='ltr'><strong>ostendereque</strong></span> <span class='ocrx_word' id='word_1_855' title='bbox 3718 4928 3886 4983; x_wconf 77' lang='lat' dir='ltr'><strong>qunti-</strong></span> 
     </span>
    </p>
   </div>
   <div class='ocr_carea' id='block_1_106' title="bbox 2303 4997 3884 5071">
    <p class='ocr_par' dir='ltr' id='par_1_106' title="bbox 2303 4997 3884 5071">
     <span class='ocr_line' id='line_1_106' title="bbox 2303 4997 3884 5071; baseline 0.008 -20"><span class='ocrx_word' id='word_1_856' title='bbox 2303 5006 2410 5051; x_wconf 92' lang='lat' dir='ltr'><strong>tum</strong></span> <span class='ocrx_word' id='word_1_857' title='bbox 2440 5011 2504 5051; x_wconf 79' lang='lat' dir='ltr'><strong>ex</strong></span> <span class='ocrx_word' id='word_1_858' title='bbox 2533 4997 2719 5053; x_wconf 88' lang='lat' dir='ltr'><strong>intima</strong></span> <span class='ocrx_word' id='word_1_859' title='bbox 2748 5007 2802 5053; x_wconf 92' lang='lat' dir='ltr'><strong>et</strong></span> <span class='ocrx_word' id='word_1_860' title='bbox 2837 4999 3043 5054; x_wconf 86' lang='lat' dir='ltr'><strong>sincera</strong></span> <span class='ocrx_word' id='word_1_861' title='bbox 3069 4999 3447 5071; x_wconf 88' lang='lat' dir='ltr'><strong>conjunctione</strong></span> <span class='ocrx_word' id='word_1_862' title='bbox 3477 5003 3610 5059; x_wconf 90' lang='lat' dir='ltr'><strong>lucri</strong></span> <span class='ocrx_word' id='word_1_863' title='bbox 3638 5007 3884 5063; x_wconf 79' lang='lat' dir='ltr'><strong>accedat.</strong></span> 
     </span>
    </p>
   </div>
   <div class='ocr_carea' id='block_1_107' title="bbox 2302 5088 3886 5164">
    <p class='ocr_par' dir='ltr' id='par_1_107' title="bbox 2302 5088 3886 5164">
     <span class='ocr_line' id='line_1_107' title="bbox 2302 5088 3886 5164; baseline 0.007 -19"><span class='ocrx_word' id='word_1_864' title='bbox 2302 5088 2407 5145; x_wconf 91' lang='lat' dir='ltr'><strong>Sed</strong></span> <span class='ocrx_word' id='word_1_865' title='bbox 2434 5089 2572 5144; x_wconf 91' lang='lat' dir='ltr'><strong>aliud</strong></span> <span class='ocrx_word' id='word_1_866' title='bbox 2602 5090 2763 5144; x_wconf 90' lang='lat' dir='ltr'><strong>instat</strong></span> <span class='ocrx_word' id='word_1_867' title='bbox 2789 5092 3142 5158; x_wconf 87' lang='lat' dir='ltr'><strong>tractandum,</strong></span> <span class='ocrx_word' id='word_1_868' title='bbox 3165 5092 3318 5162; x_wconf 89' lang='lat' dir='ltr'><strong>cujus</strong></span> <span class='ocrx_word' id='word_1_869' title='bbox 3346 5097 3510 5164; x_wconf 76' lang='lat' dir='ltr'><strong>gratia</strong></span> <span class='ocrx_word' id='word_1_870' title='bbox 3535 5095 3650 5152; x_wconf 79' lang='lat' dir='ltr'><strong>hzec</strong></span> <span class='ocrx_word' id='word_1_871' title='bbox 3671 5112 3698 5149; x_wconf 90' lang='lat' dir='ltr'><strong>a</strong></span> <span class='ocrx_word' id='word_1_872' title='bbox 3725 5098 3886 5156; x_wconf 84' lang='lat' dir='ltr'><strong>nobis</strong></span> 
     </span>
    </p>
   </div>
   <div class='ocr_carea' id='block_1_108' title="bbox 2301 5182 3890 5256">
    <p class='ocr_par' dir='ltr' id='par_1_108' title="bbox 2301 5182 3890 5256">
     <span class='ocr_line' id='line_1_108' title="bbox 2301 5182 3890 5256; baseline 0.006 -19"><span class='ocrx_word' id='word_1_873' title='bbox 2301 5182 2436 5237; x_wconf 83' lang='lat' dir='ltr'><strong>dicta</strong></span> <span class='ocrx_word' id='word_1_874' title='bbox 2463 5194 2605 5240; x_wconf 89' lang='lat' dir='ltr'><strong>sunt.</strong></span> <span class='ocrx_word' id='word_1_875' title='bbox 2633 5183 2875 5239; x_wconf 78' lang='lat' dir='ltr'><strong>Andreas</strong></span> <span class='ocrx_word' id='word_1_876' title='bbox 2901 5199 3020 5240; x_wconf 84' lang='lat' dir='ltr'><strong>cum</strong></span> <span class='ocrx_word' id='word_1_877' title='bbox 3044 5185 3183 5254; x_wconf 85' lang='lat' dir='ltr'><strong>apud</strong></span> <span class='ocrx_word' id='word_1_878' title='bbox 3209 5186 3392 5242; x_wconf 73' lang='lat' dir='ltr'><strong>Iesum</strong></span> <span class='ocrx_word' id='word_1_879' title='bbox 3413 5190 3721 5256; x_wconf 88' lang='lat' dir='ltr'><strong>mansisset,</strong></span> <span class='ocrx_word' id='word_1_880' title='bbox 3751 5193 3890 5246; x_wconf 62' lang='lat' dir='ltr'><strong>mni.</strong></span> 
     </span>
    </p>
   </div>
   <div class='ocr_carea' id='block_1_109' title="bbox 2302 5274 3886 5347">
    <p class='ocr_par' dir='ltr' id='par_1_109' title="bbox 2302 5274 3886 5347">
     <span class='ocr_line' id='line_1_109' title="bbox 2302 5274 3886 5347; baseline 0.007 -18"><span class='ocrx_word' id='word_1_881' title='bbox 2302 5283 2459 5344; x_wconf 81' lang='lat' dir='ltr'><strong>taque</strong></span> <span class='ocrx_word' id='word_1_882' title='bbox 2491 5274 2782 5341; x_wconf 88' lang='lat' dir='ltr'><strong>didicisset,</strong></span> <span class='ocrx_word' id='word_1_883' title='bbox 2822 5293 2925 5332; x_wconf 92' lang='lat' dir='ltr'><strong>non</strong></span> <span class='ocrx_word' id='word_1_884' title='bbox 2955 5277 3265 5334; x_wconf 89' lang='lat' dir='ltr'><strong>thesaurum</strong></span> <span class='ocrx_word' id='word_1_885' title='bbox 3293 5280 3344 5334; x_wconf 91' lang='lat' dir='ltr'><strong>in</strong></span> <span class='ocrx_word' id='word_1_886' title='bbox 3374 5296 3434 5337; x_wconf 88' lang='lat' dir='ltr'><strong>se</strong></span> <span class='ocrx_word' id='word_1_887' title='bbox 3457 5281 3765 5347; x_wconf 84' lang='lat' dir='ltr'><strong>abscondit,</strong></span> <span class='ocrx_word' id='word_1_888' title='bbox 3789 5286 3886 5340; x_wconf 88' lang='lat' dir='ltr'><strong>sed</strong></span> 
     </span>
    </p>
   </div>
   <div class='ocr_carea' id='block_1_110' title="bbox 2302 5367 3886 5439">
    <p class='ocr_par' dir='ltr' id='par_1_110' title="bbox 2302 5367 3886 5439">
     <span class='ocr_line' id='line_1_110' title="bbox 2302 5367 3886 5439; baseline 0.006 -18"><span class='ocrx_word' id='word_1_889' title='bbox 2302 5367 2513 5421; x_wconf 76' lang='lat' dir='ltr'><strong>festinat</strong></span> <span class='ocrx_word' id='word_1_890' title='bbox 2549 5380 2603 5423; x_wconf 84' lang='lat' dir='ltr'><strong>et</strong></span> <span class='ocrx_word' id='word_1_891' title='bbox 2628 5367 2796 5422; x_wconf 90' lang='lat' dir='ltr'><strong>currit</strong></span> <span class='ocrx_word' id='word_1_892' title='bbox 2830 5369 2895 5422; x_wconf 90' lang='lat' dir='ltr'><strong>ad</strong></span> <span class='ocrx_word' id='word_1_893' title='bbox 2930 5367 3144 5422; x_wconf 88' lang='lat' dir='ltr'><strong>fratrem</strong></span> <span class='ocrx_word' id='word_1_894' title='bbox 3166 5411 3181 5436; x_wconf 93' lang='lat'><strong>,</strong></span> <span class='ocrx_word' id='word_1_895' title='bbox 3210 5372 3327 5438; x_wconf 81' lang='lat' dir='ltr'><strong>ejus</strong></span> <span class='ocrx_word' id='word_1_896' title='bbox 3365 5372 3536 5439; x_wconf 88' lang='lat' dir='ltr'><strong>ipsum</strong></span> <span class='ocrx_word' id='word_1_897' title='bbox 3577 5381 3886 5432; x_wconf 88' lang='lat' dir='ltr'><strong>consortem</strong></span> 
     </span>
    </p>
   </div>
   <div class='ocr_carea' id='block_1_111' title="bbox 2299 5456 3886 5534">
    <p class='ocr_par' dir='ltr' id='par_1_111' title="bbox 2299 5456 3886 5534">
     <span class='ocr_line' id='line_1_111' title="bbox 2299 5456 3886 5534; baseline 0.006 -23"><span class='ocrx_word' id='word_1_898' title='bbox 2299 5457 2624 5512; x_wconf 88' lang='lat' dir='ltr'><strong>redditurus.</strong></span> <span class='ocrx_word' id='word_1_899' title='bbox 2665 5456 2773 5512; x_wconf 89' lang='lat' dir='ltr'><strong>Cur</strong></span> <span class='ocrx_word' id='word_1_900' title='bbox 2807 5474 2932 5514; x_wconf 88' lang='lat' dir='ltr'><strong>vero</strong></span> <span class='ocrx_word' id='word_1_901' title='bbox 2963 5475 3068 5513; x_wconf 89' lang='lat' dir='ltr'><strong>non</strong></span> <span class='ocrx_word' id='word_1_902' title='bbox 3101 5461 3335 5516; x_wconf 86' lang='lat' dir='ltr'><strong>narravit</strong></span> <span class='ocrx_word' id='word_1_903' title='bbox 3374 5461 3617 5521; x_wconf 63' lang='lat' dir='ltr'><strong>Joannes.</strong></span> <span class='ocrx_word' id='word_1_904' title='bbox 3642 5463 3770 5534; x_wconf 90' lang='lat' dir='ltr'><strong>quid</strong></span> <span class='ocrx_word' id='word_1_905' title='bbox 3797 5465 3886 5520; x_wconf 83' lang='lat' dir='ltr'><strong>di-</strong></span> 
     </span>
    </p>
   </div>
   <div class='ocr_carea' id='block_1_112' title="bbox 2299 5548 3889 5625">
    <p class='ocr_par' dir='ltr' id='par_1_112' title="bbox 2299 5548 3889 5625">
     <span class='ocr_line' id='line_1_112' title="bbox 2299 5548 3889 5625; baseline 0.005 -23"><span class='ocrx_word' id='word_1_906' title='bbox 2299 5548 2436 5603; x_wconf 81' lang='lat' dir='ltr'><strong>xerit</strong></span> <span class='ocrx_word' id='word_1_907' title='bbox 2476 5549 2554 5604; x_wconf 86' lang='lat' dir='ltr'><strong>eis</strong></span> <span class='ocrx_word' id='word_1_908' title='bbox 2590 5548 2872 5603; x_wconf 84' lang='lat' dir='ltr'><strong>Christus?</strong></span> <span class='ocrx_word' id='word_1_909' title='bbox 2917 5557 2971 5605; x_wconf 91' lang='lat' dir='ltr'><strong>et</strong></span> <span class='ocrx_word' id='word_1_910' title='bbox 3007 5549 3272 5605; x_wconf 88' lang='lat' dir='ltr'><strong>undeuam</strong></span> <span class='ocrx_word' id='word_1_911' title='bbox 3325 5553 3698 5622; x_wconf 84' lang='lat' dir='ltr'><strong>cognoscimus</strong></span> <span class='ocrx_word' id='word_1_912' title='bbox 3739 5553 3889 5625; x_wconf 81' lang='lat' dir='ltr'><strong>ipsos</strong></span> 
     </span>
    </p>
   </div>
   <div class='ocr_carea' id='block_1_113' title="bbox 2365 5699 3886 5768">
    <p class='ocr_par' dir='ltr' id='par_1_113' title="bbox 2365 5699 3886 5768">
     <span class='ocr_line' id='line_1_113' title="bbox 2365 5699 3886 5768; baseline 0.002 -18"><span class='ocrx_word' id='word_1_913' title='bbox 2365 5703 2379 5733; x_wconf 78' lang='grc'>⁸</span> <span class='ocrx_word' id='word_1_914' title='bbox 2413 5699 2546 5757; x_wconf 65' lang='lat' dir='ltr'><strong>Haec,</strong></span> <span class='ocrx_word' id='word_1_915' title='bbox 2574 5699 2774 5768; x_wconf 62' lang='lat' dir='ltr'><strong>ideoque</strong></span> <span class='ocrx_word' id='word_1_916' title='bbox 2796 5701 2977 5765; x_wconf 62' lang='lat' dir='ltr'><strong>nuptiis</strong></span> <span class='ocrx_word' id='word_1_917' title='bbox 3001 5701 3267 5768; x_wconf 69' lang='lat' dir='ltr'><strong>constituit:</strong></span> <span class='ocrx_word' id='word_1_918' title='bbox 3293 5708 3429 5768; x_wconf 70' lang='lat' dir='ltr'><strong>sunt,</strong></span> <span class='ocrx_word' id='word_1_919' title='bbox 3462 5702 3643 5768; x_wconf 73' lang='lat' dir='ltr'><strong>desum</strong></span> <span class='ocrx_word' id='word_1_920' title='bbox 3667 5703 3886 5768; x_wconf 20' lang='lat' dir='ltr'><strong>iuASsvil.</strong></span> 
     </span>
    </p>
   </div>
   <div class='ocr_carea' id='block_1_114' title="bbox 2300 5763 3890 5832">
    <p class='ocr_par' dir='ltr' id='par_1_114' title="bbox 2300 5763 3890 5832">
     <span class='ocr_line' id='line_1_114' title="bbox 2300 5763 3890 5832; baseline 0.004 -22"><span class='ocrx_word' id='word_1_921' title='bbox 2300 5769 2510 5832; x_wconf 13' lang='lat' dir='ltr'><strong>tentaret</strong></span> <span class='ocrx_word' id='word_1_922' title='bbox 2529 5763 2813 5832; x_wconf 71' lang='lat' dir='ltr'><strong>quibusdam</strong></span> <span class='ocrx_word' id='word_1_923' title='bbox 2836 5763 3199 5827; x_wconf 77' lang='lat' dir='ltr'><strong>manuscriptis;</strong></span> <span class='ocrx_word' id='word_1_924' title='bbox 3217 5763 3304 5814; x_wconf 88' lang='lat' dir='ltr'><strong>sed</strong></span> <span class='ocrx_word' id='word_1_925' title='bbox 3323 5763 3565 5814; x_wconf 82' lang='lat' dir='ltr'><strong>habentur</strong></span> <span class='ocrx_word' id='word_1_926' title='bbox 3583 5766 3631 5815; x_wconf 90' lang='lat' dir='ltr'><strong>iu</strong></span> <span class='ocrx_word' id='word_1_927' title='bbox 3654 5764 3779 5827; x_wconf 71' lang='lat' dir='ltr'><strong>aliis,</strong></span> <span class='ocrx_word' id='word_1_928' title='bbox 3795 5779 3890 5818; x_wconf 84' lang='lat' dir='ltr'><strong>nec</strong></span> 
     </span>
    </p>
   </div>
   <div class='ocr_carea' id='block_1_115' title="bbox 2298 5823 2920 5887">
    <p class='ocr_par' dir='ltr' id='par_1_115' title="bbox 2298 5823 2920 5887">
     <span class='ocr_line' id='line_1_115' title="bbox 2298 5823 2920 5887; baseline 0.002 -13"><span class='ocrx_word' id='word_1_929' title='bbox 2298 5823 2920 5887; x_wconf 69' lang='lat' dir='ltr'><strong>vldentur‘Supervacauea.</strong></span> 
     </span>
    </p>
   </div>
  </div>
