4078 6492
229 405 312 462 lii
1226 393 1293 452 ΙΝ
1328 390 1640 452 JOANNEI
1680 388 1913 447 HOMIL.
1954 390 2096 449 XIX.
2137 392 2208 450 al.
2252 392 2440 452 XVIII.

224 517 332 575 ideo
346 513 484 588 apud
500 512 660 569 illum
683 509 954 570 mansisse
969 510 1015 565 ‘l
1035 507 1092 565 Id
1115 521 1286 578 nuper
1311 523 1340 561 a
1356 505 1512 561 nobis
1531 511 1809 560 ostensum

221 621 332 666 est:
360 609 592 677 licetque
622 605 799 662 etiam
834 617 903 659 ex
942 602 1006 657 iis
1041 614 1161 671 qua!
1204 597 1364 654 hodie
1406 597 1544 652 lecta
1591 603 1718 651 sunt
1757 594 1812 650 id

3429 397 3532 458 19³

1926 503 2098 570 buisti,
2130 503 2324 574 inquit,
2353 514 2403 559 et
2434 503 2480 560 is
2512 519 2661 575 quem
2689 520 2824 560 nunc
2862 506 3036 573 habes,
3064 522 3167 562 non
3194 507 3271 563 sir
3307 515 3426 563 tuus
3453 518 3531 564 est

1925 593 2106 666 (Joan.
2144 595 2200 650 4.
2231 596 2345 666 18).
2373 594 2465 652 Sic
2489 605 2541 652 ct
2575 597 2734 652 Pater
2775 596 2893 668 ejus
2940 599 3106 678 multa
3133 599 3201 656 de
3243 599 3528 672 prophetia

222 699 468 756 ediscere.
492 695 893 752 Animadverte
924 692 1069 748 enim
1096 690 1224 761 quid
1269 689 1356 745 hic
1379 686 1529 743 fratri
1554 700 1655 742 suo
1669 685 1815 741 dixe-
1925 686 2085 742 verba
2113 685 2241 741 facit
2269 695 2459 743 contra
2499 686 2769 744 idolorum
2800 689 3028 745 cultum.
3059 691 3378 746 Annuntient
3412 707 3528 762 qua

220 795 314 848 rit:
347 788 645 845 (uenimus
672 787 938 850 Hessians,
965 783 1102 856 quod
1130 784 1512 854 interpretatum
1565 788 1639 834 est
1664 777 1813 834 Chri-

219 893 331 940 stus.
362 880 550 936 Viden‘
576 895 695 952 quo
721 888 876 952 pacto
897 892 1016 949 quas
1049 875 1199 932 brevi
1242 883 1486 943 tempore
1510 869 1809 937 didicerat,

217 973 330 1028 hinc
343 973 634 1029 ostendat?
664 971 802 1028 Nam
825 978 878 1025 et
897 967 1135 1040 Magistri
1163 966 1412 1021 virtutem
1430 963 1690 1028 declarat,
1718 960 1810 1032 qui

217 1065 308 1120 hoc
323 1065 449 1134 ipsis
471 1064 741 1129 suaserit,
765 1071 820 1118 et
839 1061 1076 1132 ipsorum
1092 1057 1328 1116 studium
1345 1057 1807 1128 diligentiamque,

213 1159 293 1231 qui
315 1156 425 1212 bare
438 1156 554 1228 jam
578 1172 608 1210 a
641 1154 911 1225 principio
932 1160 1204 1208 curarent.
1231 1150 1344 1205 Hoc
1364 1149 1563 1220 quippe
1585 1145 1806 1203 verbum

211 1260 286 1307 est
311 1251 504 1305 anima:
543 1247 845 1303 adventum
879 1246 999 1317 ejus
1039 1259 1248 1300 summe
1283 1242 1638 1298 desiderantis
1663 1248 1717 1296 et
1741 1239 1810 1295 de

211 1341 333 1398 calo
355 1350 653 1398 venturum
679 1339 1041 1410 exspectantis
1066 1379 1082 1406 ,
1113 1337 1415 1409 gaudioquc
1442 1335 1764 1392 exsultantis
1789 1376 1805 1401 ,

212 1442 479 1503 postquam
527 1431 827 1502 apparuit,
871 1437 1032 1499 atque
1075 1426 1382 1484 festinantis
1433 1433 1638 1480 tantam
1689 1440 1804 1480 rem

211 1524 405 1581 caeteris
441 1524 730 1580 nuntiare.
762 1522 875 1577 Iloc
923 1521 1175 1576 fraternae
1214 1528 1336 1575 erat
1377 1518 1764 1576 benevolentiae
1787 1559 1803 1586 ,

209 1619 380 1674 amice
406 1615 759 1688 cognationis
777 1654 793 1680 ,
823 1613 1020 1669 sinceri
1049 1611 1273 1668 ali‘ectus
1293 1651 1308 1676 ,
1342 1611 1394 1665 in
1440 1610 1806 1679 spiritualibus

209 1721 411 1766 manum
437 1717 636 1762 mutuo
666 1705 962 1778 porrigere.
1005 1703 1144 1773 Audi
1172 1712 1352 1758 autem
1397 1702 1546 1756 illum
1571 1716 1693 1756 cum
1721 1714 1808 1754 ar-

210 1800 341 1857 tiatii
365 1799 658 1855 additione
691 1798 1021 1868 loquentem.
1051 1794 1167 1850 Non
1197 1794 1342 1851 enim
1367 1793 1684 1864 simpliciter
1715 1793 1803 1848 di-

208 1891 274 1947 xit
299 1930 314 1953 .
351 1889 608 1946 Iessiam
637 1931 654 1957 ,
694 1888 790 1944 sed
817 1928 830 1952 .
869 1886 1116 1942 Messium
1165 1885 1335 1940 illum.
1379 1883 1471 1940 Sic
1518 1883 1806 1954 quemdam

208 1981 469 2038 Christum
495 1979 912 2052 exspectabant,
939 1978 1029 2049 qui
1058 1977 1191 2032 nihil
1221 1990 1511 2032 commune
1531 1989 1653 2030 cum
1685 1974 1806 2029 aliis

210 2071 439 2128 haberet.
467 2070 863 2128 Animadverte
885 2079 1062 2126 autem
1089 2110 1104 2134 ,
1133 2068 1219 2125 vcl
1244 2083 1272 2123 a
1302 2068 1568 2140 principio
1586 2109 1602 2134 ,
1633 2070 1801 2123 mori-

209 2179 378 2236 gerum
406 2162 742 2235 facilemque
760 2161 908 2218 Petri
928 2159 1189 2216 animum.
1216 2159 1410 2218 Statim
1432 2159 1670 2228 nihilque
1695 2173 1807 2213 mo-

209 2267 344 2312 ratos
370 2257 637 2313 accurrit.
683 2255 913 2310 Adduxit
959 2271 1104 2323 eum,
1134 2255 1340 2326 inquit,
1366 2253 1435 2309 ad
1464 2252 1663 2309 Iesum.
1695 2253 1802 2310 Sed

211 2363 358 2405 nemo
384 2347 707 2405 facilitatem
737 2347 856 2418 ejus
879 2347 1093 2403 damnet
1112 2387 1130 2411 ,
1158 2345 1298 2418 quod
1329 2347 1446 2402 sine
1473 2345 1644 2400 multo
1671 2359 1802 2402 exa-

208 2440 340 2496 mine
376 2441 608 2498 verbum
637 2439 928 2510 acceperit.
957 2438 1260 2495 Verisimile
1295 2438 1437 2493 enim
1463 2446 1548 2493 est
1577 2436 1799 2493 fratrem

211 2527 316 2586 hac
350 2530 450 2602 ipsi
476 2539 739 2587 accurate
757 2538 812 2586 et
837 2529 1076 2600 pluribus
1100 2542 1384 2594 narrasse;
1412 2543 1599 2584 verum
1629 2543 1800 2584 evan-

209 2622 399 2695 gelista:
436 2624 648 2696 ubique
690 2624 859 2679 multa
897 2621 1220 2693 compendio
1257 2631 1516 2687 narrant,
1549 2619 1800 2677 brevitati

209 2714 492 2772 studentes.
525 2712 781 2784 Alioquin
811 2722 1011 2778 autem,
1043 2726 1149 2767 non
1180 2711 1452 2766 dicitcum
1476 2710 1658 2766 statim
1683 2724 1801 2765 cre-

210 2805 425 2874 didisse;
455 2808 555 2865 sed
580 2849 599 2875 ,
631 2805 862 2862 Adduxit
882 2822 995 2861 eum
1023 2805 1094 2860 ad
1119 2804 1301 2860 Iesum
1322 2846 1337 2872 ,
1370 2805 1470 2876 ipsi
1502 2803 1798 2860 traditurus

210 2912 319 2954 eum
341 2939 356 2963 ,
385 2906 445 2954 ut
474 2900 665 2956 omnia
689 2898 760 2956 ab
805 2898 900 2953 illo
926 2896 1193 2954 edisceret
1223 2915 1238 2952 :
1270 2911 1392 2952 nam
1422 2896 1561 2951 alius
1581 2909 1797 2968 quoque

211 2986 488 3059 discipulus
516 2989 744 3058 aderat,
775 2999 831 3045 et
871 2989 937 3044 ad
968 2989 1084 3044 haec
1119 2987 1496 3044 concurrebat.
1545 2986 1700 3056 Quod
1749 2989 1795 3043 si

211 3077 424 3138 Joannes
452 3082 699 3153 Baptista
727 3094 849 3137 cum
878 3081 1028 3144 dixit,
1066 3081 1250 3153 Agnus
1274 3089 1382 3148 est,
1424 3088 1480 3136 et
1507 3082 1560 3135 in
1585 3079 1792 3151 Spiritu

215 3171 463 3243 lnptizat,
494 3173 790 3233 clariorem
821 3172 922 3229 hac
961 3171 1031 3229 de
1072 3187 1132 3229 re
1172 3172 1472 3228 doctrinam
1511 3187 1541 3226 a
1574 3171 1796 3228 Christo

209 3265 568 3337 excipiendam
590 3265 807 3337 reliquit
833 3281 850 3320 :
881 3265 1049 3321 multo
1065 3265 1236 3336 magis
1261 3264 1504 3321 Andreas
1519 3263 1572 3319 id
1594 3263 1792 3334 etfacit,

213 3354 291 3425 qui
316 3371 417 3412 non
443 3356 511 3413 ad
544 3365 716 3413 totum
751 3355 1126 3426 explicandum
1155 3354 1404 3412 suflicere
1433 3355 1755 3412 ceiisehatur
1773 3397 1793 3425 ,

212 3447 295 3503 sed
318 3447 381 3504 sd
407 3449 590 3520 ipsum
616 3449 752 3505 lucis
776 3447 979 3505 fontem
1007 3448 1228 3507 deduxit
1268 3449 1509 3518 fratrem,
1539 3447 1609 3505 ita
1638 3449 1793 3506 festi-

214 3552 325 3596 sum
348 3553 401 3598 et
422 3541 777 3614 gaudentem,
795 3549 866 3599 ‘ut
894 3556 962 3599 ne
986 3543 1249 3598 tantillum
1271 3542 1486 3614 quidem
1509 3551 1793 3598 cunctare-

214 3636 306 3686 tur.
333 3631 419 3689 45.
446 3632 680 3688 [attritus
707 3644 877 3688 autem
903 3650 1018 3688 eum
1042 3632 1198 3689 Iesus
1223 3635 1352 3690 dixit
1379 3650 1399 3690 :
1427 3633 1504 3688 Tu
1529 3650 1583 3690 es
1611 3633 1794 3690 Simon

214 3723 336 3791 ﬁlios
357 3721 546 3793 lana,
580 3733 636 3781 tn
670 3725 929 3782 vocaberis
972 3725 1171 3797 Cephas
1195 3768 1210 3793 ,
1246 3725 1384 3797 quod
1414 3727 1794 3796 interpretatur

217 3811 396 3874 Petrus.
427 3818 530 3877 llic
548 3819 659 3891 iam
701 3819 891 3890 incipit
914 3818 1248 3876 divinitatem
1290 3835 1443 3876 suam
1465 3819 1666 3876 sensim
1698 3833 1791 3875 re-

214 3906 373 3966 velare
394 3925 460 3968 ex
489 3909 950 3983 praedictionibus.
979 3909 1070 3967 Sic
1097 3910 1260 3966 etiam
1302 3925 1427 3968 cum
1460 3909 1792 3968 Nathanaelo

214 3996 341 4069 fecit,
365 4011 417 4059 et
435 4018 565 4061 cum
591 4001 928 4060 Samaritana
968 4002 1212 4060 muliere.

269 4089 322 4149 ί.
359 4091 666 4167 Prophetim
693 4094 892 4166 quippe
931 4108 1038 4152 non
1084 4095 1262 4150 minus
1287 4108 1449 4166 quam
1479 4093 1631 4166 signa
1663 4107 1787 4150 mo-

214 4191 356 4250 vent,
384 4199 487 4243 nec
531 4182 730 4243 fastum
777 4200 890 4258 pre
933 4200 995 4243 se
1035 4187 1231 4242 ferunt.
1261 4185 1395 4242 Nam
1438 4187 1695 4243 miracula
1721 4187 1792 4245 ab

214 4271 574 4348 insipientibus
619 4276 811 4336 saltem
855 4277 1210 4335 traducuntur
1248 4276 1350 4352 (In
1380 4277 1675 4345 Beelsebub,
1702 4279 1788 4336 di-

211 4365 410 4439 cebant,
465 4369 606 4441 ejicit
653 4368 910 4426 demonia
947 4367 1171 4444 [lattln
1202 4370 1292 4426 12.
1342 4368 1517 4444 in):
1547 4369 1618 4426 de
1662 4385 1790 4442 pro-

214 4455 368 4528 phetia
389 4461 530 4518 nihil
547 4475 798 4533 umquam
825 4462 933 4520 tale
949 4461 1152 4519 dictum
1179 4471 1283 4520 est.
1313 4461 1368 4518 In
1390 4462 1610 4520 Simone
1631 4464 1792 4534 igitur

213 4551 326 4609 stin
365 4553 702 4611 Natbanacle
746 4553 850 4611 hoc
873 4553 1137 4611 doctrinm
1163 4569 1294 4610 usus
1340 4565 1424 4612 est
1467 4556 1674 4612 modo:
1731 4557 1786 4615 is

213 4641 400 4703 Andros
430 4655 612 4702 autem
633 4644 962 4718 etPhilippo
989 4661 1098 4702 non
1140 4645 1372 4718 idipsum
1398 4646 1544 4704 fecit.
1573 4647 1790 4717 Quare?

461 4735 833 4794 testimonium
878 4736 1106 4794 Joannis
1152 4737 1582 4795 habuerantnou
1609 4738 1788 4796 modi-

214 4839 312 4884 cam
341 4831 828 4902 praparationem:
861 4829 1139 4903 Philippus
1181 4846 1315 4888 vero
1344 4847 1466 4888 cum
1510 4832 1788 4890 adstantes

216 4919 421 4991 rideres,
445 4923 552 4980 lidc
577 4922 797 4996 dignum
822 4924 1032 4995 accepit
1056 4923 1125 4980 ad
1157 4924 1318 4982 fidem
1356 4926 1786 4997 atnplectandam

217 5008 470 5071 iudicium.
502 5011 586 5069 Tn
611 5030 665 5070 es
695 5014 877 5071 Simon
921 5016 1061 5085 [ilius
1105 5015 1275 5084 lente,
1304 5027 1360 5072 tu
1393 5017 1648 5074 vocaberis
1688 5018 1788 5075 Ce-

216 5102 342 5170 phei,
368 5105 511 5177 quod
539 5106 903 5176 interpretatur
944 5105 1154 5164 Petrus.
1183 5110 1229 5165 A
1257 5111 1506 5179 przescnti
1548 5109 1785 5167 futurum

217 5193 455 5254 credibile
497 5195 696 5252 reddit.
735 5196 870 5254 Nam
912 5199 1002 5270 qui
1047 5207 1254 5271 patrem
1283 5199 1402 5271 ejus
1443 5204 1783 5271 memoravit,

220 5283 314 5342 sine
329 5288 497 5346 dubio
519 5289 750 5345 futurum
775 5291 1138 5361 previdebat:
1162 5292 1438 5363 praedictio
1460 5305 1640 5352 autem
1660 5310 1784 5354 cum

221 5373 351 5440 laude
374 5382 661 5455 conjuncta
690 5393 793 5440 est.
825 5384 939 5442 Hoc
993 5399 1156 5456 porro
1202 5400 1309 5442 non
1351 5386 1617 5445 adulantis
1642 5396 1782 5456 erat,

220 5473 296 5530 sed
338 5478 574 5534 futurum
623 5476 999 5550 prmdicentis;
1065 5477 1401 5550 idqueinde
1448 5480 1625 5552 palam
1676 5489 1781 5538 est.

219 5567 568 5628 Animadverte
590 5581 774 5627 autem
803 5584 963 5642 quam
989 5569 1340 5628 vehementer
1365 5570 1782 5641 Samaritanam,

217 5663 457 5730 praterita
505 5663 776 5730 rcvelans,
817 5661 1198 5733 reprehendat.
1244 5662 1479 5737 annique
1515 5665 1649 5721 uiros
1689 5665 1785 5721 Ita-

272 5793 360 5871 ‘In
389 5801 545 5852 uoret.
572 5801 866 5871 legitur”...
891 5797 1008 5871 quid
1032 5798 1221 5871 dixerit
1243 5799 1312 5856 eis
1335 5800 1574 5866 chrtstus,
1597 5811 1650 5859 ut
1671 5817 1783 5860 eum

217 5867 380 5924 tcpettte
400 5859 714 5930 scqucreniur
928 5860 1168 5916 timerent
1185 5862 1214 5916 .7

1924 777 2058 831 vobis
2079 787 2291 833 ventura
2337 788 2497 844 sunt;
2539 787 2594 834 et
2634 778 2874 848 rursum,
2907 781 3222 837 Annuntiavi
3259 793 3308 837 et
3358 785 3530 840 solum

1919 869 2038 940 feci,
2067 880 2116 924 et
2159 886 2263 924 non
2291 878 2401 925 erat
2428 871 2480 926 in
2507 871 2644 928 vobis
2671 869 2871 927 alienus
2900 871 2922 944 (
2954 870 3085 930 Isai.
3115 873 3208 930 ΓΙ.
3243 875 3328 930 I3.
3357 883 3403 928 et
3433 876 3524 932 45.

1924 961 2045 1034 12);
2073 971 2129 1018 et
2154 962 2206 1018 in
2239 973 2350 1018 tota
2373 964 2657 1035 prophetia
2688 966 2791 1021 hoc
2812 967 2984 1036 ipsum
3013 975 3227 1025 tractat.
3247 961 3524 1025 Hoc’enim

1919 1050 2153 1110 maxime
2170 1069 2306 1124 opus
2325 1055 2418 1111 Dei
2441 1053 2704 1127 est,quod
2734 1070 2840 1112 non
2875 1059 3084 1128 possint
3105 1059 3379 1114 daemones
3408 1059 3530 1114 imi-

1920 1147 2042 1213 tari,
2062 1147 2274 1202 etiamsi
2303 1147 2594 1204 admodum
2625 1147 2976 1206 contendant.
3006 1149 3140 1205 Nam
3170 1151 3223 1205 in
3252 1151 3528 1206 miraculis

1917 1247 2098 1310 potest
2119 1239 2366 1310 qtitedam
2411 1241 2624 1310 species
2653 1242 2945 1313 decipere:
2980 1243 3158 1298 futura
3201 1259 3330 1298 vero
3360 1260 3524 1299 accu-

1916 1339 2034 1388 rate
2061 1318 2378 1402 przedicere,
2432 1335 2592 1389 unius
2621 1333 2950 1391 immortalis
3001 1347 3208 1392 natura:
3237 1345 3341 1392 est.
3371 1337 3524 1404 Quod

1914 1424 1960 1478 si
1991 1423 2042 1480 id
2071 1424 2347 1480 dmmones
2374 1425 2666 1496 aliquando
2693 1427 2934 1494 fecerint,
2955 1428 3269 1498 inSipientes
3291 1429 3526 1484 fallendo

1915 1513 2161 1570 fecerunt
2189 1536 2202 1571 :
2233 1515 2376 1572 unde
2407 1526 2463 1571 et
2509 1518 2757 1572 vaticinia
2789 1533 2978 1574 eorum
3009 1533 3224 1589 semper
3263 1518 3396 1574 falsa
3427 1519 3525 1576 de-

1915 1606 2348 1676 prehenduntur.
2379 1608 2570 1662 Petrus
2599 1624 2729 1664 vero
2769 1609 2901 1664 nihil
2942 1609 3010 1664 ad
3041 1608 3159 1664 bazc
3195 1611 3522 1681 respondet'

1915 1695 2153 1752 nondum
2196 1696 2339 1752 enim
2372 1698 2645 1768 quidpiam
2689 1699 2834 1754 clare
2881 1709 3135 1762 noverat,
3167 1700 3259 1755 sed
3307 1702 3522 1758 interim

1913 1785 2231 1842 ediscebat:
2264 1803 2441 1857 neque
2488 1789 2896 1857 prmdictionem
2932 1789 3078 1845 illam
3110 1791 3257 1872 clpre
3287 1792 3521 1848 videbat.

1911 1876 2096 1947 Neque
2139 1878 2285 1934 enim
2336 1879 2493 1944 dixit,
2524 1881 2636 1951 Ego
2667 1889 2720 1936 te
2765 1883 3160 1952 cognominabo
3204 1883 3440 1952 Petrum,
3467 1893 3526 1942 et

1911 1983 2078 2039 super
2107 1969 2248 2026 hanc
2273 1981 2480 2041 petram
2508 1972 2791 2028 mditicabo
2829 1974 3130 2031 Ecclesiam
3159 1992 3371 2033 meam:
3400 1979 3520 2046 sed.

1915 2058 1992 2114 Tu
2019 2063 2275 2117 vocaberis
2299 2061 2518 2134 Cepltas.
2549 2064 2684 2119 illud
2712 2065 2858 2121 enim
2893 2069 3232 2124 auctoritatis
3259 2080 3316 2127 et
3363 2081 3514 2140 pote-

1909 2152 2069 2207 statis
2098 2154 2322 2224 majoris
2350 2163 2488 2210 erat.
2515 2154 2767 2212 Christus
2795 2172 2930 2214 vero
2977 2173 3085 2214 non
3127 2161 3311 2216 statim
3351 2170 3408 2218 et
3451 2163 3522 2220 ab

1910 2246 2064 2302 initio
2096 2256 2263 2303 totam
2313 2256 2635 2319 potestatem
2685 2250 2907 2307 exhibet
2947 2267 3127 2321 suam,
3158 2253 3254 2308 sed
3301 2255 3518 2312 interim

1911 2337 2166 2395 humilius
2188 2341 2446 2412 loquitur.
2472 2342 2764 2414 Postquam
2795 2356 2974 2400 autem
3003 2345 3335 2404 divinitatem
3361 2363 3517 2405 suam

1907 2430 2323 2500 demonstravit,
2353 2449 2478 2491 cum
2527 2434 2735 2506 majore
2774 2438 2884 2509 agit
2929 2441 3252 2498 auctoritate
3294 2441 3516 2499 dicens:

1905 2519 2098 2579 Beatus
2123 2541 2179 2580 es
2219 2523 2424 2593 Simon,
2455 2527 2576 2598 quia
2623 2528 2786 2585 Pater
2838 2546 2980 2586 meus
3008 2532 3245 2588 reuelauit
3289 2533 3416 2600 tibi;
3462 2545 3520 2592 et

1905 2631 2119 2672 rursum
2143 2636 2157 2674 :
2194 2617 2262 2673 Et
2289 2634 2381 2690 ego
2411 2619 2528 2675 diro
2556 2621 2665 2689 tibi,
2698 2617 2781 2676 Tu
2809 2639 2862 2678 es
2892 2621 3098 2691 Petrus,
3129 2634 3179 2680 et
3205 2641 3360 2696 super
3383 2626 3518 2682 hanc

1907 2718 2102 2780 petram
2122 2711 2390 2782 adiﬁcabo
2411 2711 2701 2769 Ecclesium
2723 2731 2888 2770 meam
2903 2717 2920 2749 ¹
2949 2715 3164 2789 (lfattlt.
3180 2718 3269 2775 I6.
3287 2721 3376 2776 17.
3396 2719 3510 2792 18).

1905 2800 2060 2857 iiunc
2098 2817 2228 2874 ergo
2257 2803 2337 2859 sic
2364 2806 2598 2873 vocavit,
2630 2806 2892 2863 Iacobum
2936 2818 3118 2865 autem
3164 2818 3221 2866 et
3269 2809 3513 2879 fratrem,

1903 2891 2044 2949 ﬁlios
2073 2896 2314 2951 tonitrui.
2347 2895 2570 2967 Quare?
2617 2906 2678 2954 ut
2707 2900 2955 2956 ostendat
2976 2916 3037 2958 se
3057 2898 3307 2960 eumdem
3337 2903 3512 2973 ipsum

1903 2996 2026 3039 esse
2067 2984 2159 3054 qui
2204 2984 2455 3043 ethtus
2512 2986 2920 3046 Testamentum
2975 2991 3147 3060 dedit,
3182 3001 3238 3049 et
3293 2995 3513 3050 nomina

1903 3077 2152 3142 mutavit,
2179 3079 2272 3148 qui
2323 3078 2524 3135 Abram
2573 3079 2851 3137 Abraham
2901 3086 3133 3150 vocavit,
3163 3083 3351 3141 Saram
3382 3085 3512 3143 Sar-

1902 3181 2040 3235 ram,
2072 3167 2241 3226 Jacob
2265 3168 2544 3228 Israeiem.
2593 3172 2774 3230 Multis
2798 3174 2960 3231 etiam
3011 3175 3082 3232 ab
3127 3184 3249 3232 ortu
3289 3179 3510 3234 nomina

1905 3261 2181 3332 imposuit,
2203 3271 2266 3318 ut
2286 3263 2490 3330 isaaco,
2513 3261 2787 3333 Samsoni,
2811 3275 2866 3322 et
2891 3267 3012 3323 aliis
3039 3268 3111 3324 ab
3129 3267 3264 3325 [sala
3293 3278 3351 3326 et
3369 3271 3510 3328 Osee

1901 3355 2250 3422 memoratis;
2274 3354 2597 3426 quibusdam
2619 3357 2784 3414 etiam
2812 3373 2932 3413 eam
2961 3374 3122 3431 quam
3143 3375 3173 3415 a
3199 3361 3512 3432 parentibus

1902 3454 2226 3515 acceperant
2250 3446 2669 3518 appellationem
2701 3451 2951 3516 mutavit,
2985 3459 3044 3507 ut
3072 3465 3236 3524 supra
3265 3452 3426 3509 dictis
3452 3463 3510 3511 et

1900 3533 2030 3591 Jesu
2063 3534 2173 3592 lilio
2197 3535 2369 3595 Nave.
2411 3538 2544 3595 Nam
2577 3539 2630 3596 id
2672 3540 2726 3596 in
2777 3555 2929 3599 more
2956 3551 3075 3598 erat
3102 3543 3243 3615 apud
3265 3553 3505 3612 veteres,

1900 3637 1961 3684 ut
1984 3644 2051 3686 ex
2081 3629 2246 3688 rebus
2275 3633 2493 3688 nomina
2526 3634 2891 3706 imponerent,
2919 3635 3064 3708 quod
3092 3644 3150 3692 et
3179 3636 3326 3694 Elias
3352 3639 3502 3695 fecit.

1899 3717 1957 3776 Id
1987 3737 2118 3778 vero
2141 3737 2249 3778 non
2276 3722 2394 3780 sine
2421 3738 2604 3793 causa,
2627 3725 2724 3782 sed
2748 3735 2806 3781 ut
2834 3726 3008 3797 ipsum
3035 3741 3230 3784 nomen
3257 3728 3507 3787 beneficii

1898 3812 2067 3871 divini
2097 3816 2492 3872 monimentum
2524 3826 2692 3886 esset,
2727 3829 2784 3874 et
2823 3804 3085 3877 memoria
3122 3831 3378 3893 perpetua
3412 3837 3509 3894 per

1897 3919 2210 3976 expressam
2241 3907 2551 3963 nominibus
2582 3909 2922 3979 prophetiam
2953 3911 3263 3969 auditorum
3308 3915 3506 3972 animis

1892 3996 2159 4072 insideret
2184 4016 2200 4055 :
2226 3999 2307 4055 sic
2330 3999 2593 4058 Joannem
2622 4017 2652 4057 a
2682 4003 2948 4076 principio
2988 4008 3218 4063 vocavit.
3245 4007 3380 4065 Nam
3411 4013 3502 4083 qui

1895 4104 1927 4146 a
1955 4105 2126 4162 puero
2153 4092 2351 4150 virtute
2385 4093 2515 4150 clari
2545 4095 2706 4150 futuri
2736 4105 2912 4161 erant,
2941 4097 3066 4155 inde
3087 4101 3304 4157 nomina
3324 4118 3506 4161 sume.

1896 4182 2068 4240 baut:
2100 4183 2166 4240 iis
2187 4199 2316 4241 vero
2355 4187 2447 4257 qui
2487 4198 2674 4259 postea
2704 4189 2837 4246 clari
2890 4191 3051 4248 futuri
3095 4203 3271 4263 erant,
3317 4206 3503 4267 postea

1896 4288 2094 4331 nomen
2122 4275 2503 4350 imponebatur

1965 4369 2024 4428 5.
2064 4369 2341 4427 Christiani
2361 4388 2545 4429 nomen
2563 4389 2717 4448 quam
2753 4377 3115 4434 venerandum.
3144 4379 3344 4452 Agendi
3368 4385 3502 4438 ratio

1894 4470 2038 4517 tanto
2061 4463 2266 4520 nomine
2301 4463 2459 4537 digna
2485 4468 2890 4523 commendatur.
2928 4468 3184 4528 Pecunias
3225 4484 3376 4548 auget
3414 4477 3504 4546 qui

1895 4553 2206 4624 pauperibus
2234 4554 2514 4611 distribuit.
2544 4585 2620 4598 -
2651 4556 2757 4615 Sed
2783 4567 2907 4616 tunc
2939 4559 3151 4618 diversa
3181 4563 3377 4635 singuli
3404 4582 3503 4621 no-

1896 4639 2040 4694 mina
2067 4640 2443 4712 accipiebant;
2487 4657 2630 4699 nunc
2669 4655 2852 4701 autem
2895 4662 3060 4704 unum
3103 4665 3294 4707 omnes
3334 4652 3500 4728 babe-

1896 4746 2037 4799 mus,
2067 4732 2174 4789 illis
2198 4734 2449 4791 omnibus
2477 4737 2673 4808 majus,
2703 4739 2918 4809 quando
2937 4740 3230 4801 Christiani
3259 4750 3502 4820 appella-

1896 4841 2018 4881 mur
2044 4835 2099 4882 et
2129 4824 2224 4883 filii
2250 4826 2369 4895 Dei,
2397 4837 2453 4884 et
2476 4830 2636 4886 amici
2664 4840 2719 4886 et
2744 4846 2942 4905 corpus
2967 4849 3154 4891 unum.
3179 4837 3275 4893 illa
3303 4840 3500 4912 quippe

1894 4917 2185 4986 appellatio
2207 4918 2326 4990 plus
2355 4933 2515 4990 quam
2541 4920 2662 4977 alia:
2687 4936 2878 4980 omnes
2902 4939 3004 4982 nos
3029 4928 3250 4997 excitat,
3274 4930 3502 5005 diligen-

1899 5011 2170 5082 tiorcsque
2199 5011 2267 5067 ad
2301 5014 2555 5083 virtutem
2608 5015 2974 5073 exercendam
3030 5021 3216 5079 efficit.
3261 5023 3342 5081 Ne
3371 5042 3501 5099 ergo

1894 5102 2112 5176 indigna
2163 5103 2424 5161 faciamus
2469 5107 2603 5163 tanti
2653 5110 2886 5167 nominis
2930 5109 3158 5181 honore,
3201 5118 3500 5188 cogitantes

1893 5195 2170 5267 dignitatis
2191 5197 2589 5265 excellentiam,
2610 5215 2714 5272 qua
2735 5201 2937 5260 Christi
2968 5207 3187 5263 nomine
3217 5224 3493 5268 vocamur.

1892 5285 1982 5343 Sic
2011 5288 2156 5344 euim
2198 5303 2299 5344 nos
2325 5288 2526 5346 Paulus
2556 5291 2867 5362 appellavit.
2897 5293 3207 5368 Cogitemus
3248 5315 3503 5359 reverea-

1893 5397 2122 5455 murque
2150 5384 2386 5440 nominis
2412 5385 2858 5457 magnitudinem.
2916 5388 2973 5446 Si
3012 5391 3180 5458 enim,
3209 5393 3302 5466 qui
3345 5396 3500 5454 ducis

1891 5479 2193 5551 cujuspiam
2229 5479 2455 5551 insignis
2479 5521 2494 5548 ,
2526 5482 2613 5536 vel
2650 5482 2931 5554 conspicui
2976 5485 3078 5542 viri
3117 5500 3241 5543 esse
3280 5487 3494 5556 dicitur,

1892 5571 2060 5626 altum
2089 5571 2230 5642 sapit
2258 5587 2380 5628 cum
2411 5588 2470 5628 se
2497 5573 2645 5630 illius
2687 5575 2774 5630 vel
2818 5575 2962 5633 illius
2989 5591 3110 5635 esse
3149 5578 3368 5650 dicitur,
3396 5598 3494 5636 no-

1893 5679 2126 5736 menque
2151 5664 2281 5722 illud
2310 5681 2507 5737 magno
2531 5667 2634 5723 sibi
2663 5666 2813 5725 ducit
2841 5683 2963 5727 esse
3005 5670 3220 5740 honori,
3266 5674 3498 5745 totisque

1956 5804 1973 5837 ι
2009 5801 2107 5874 Alii
2138 5801 2419 5874 habeon...
2451 5819 2476 5849 s
2498 5810 2563 5854 nt
2594 5815 2648 5854 cs
2683 5805 2862 5871 Simon,
2903 5812 2956 5859 tu
2988 5805 3230 5860 vocaberis
3274 5809 3495 5873 Cephea,

1892 5867 2019 5932 quod
2039 5871 2108 5918 est
2130 5867 2497 5932 interpretatum
2522 5873 2692 5919 Petrus
2707 5883 2755 5918 ι.
