4078 6466
558 381 658 440 123

555 493 754 550 viribus
799 493 1008 558 nititur,
1039 503 1106 544 ne
1135 501 1230 557 per
1275 485 1537 556 ignaviam
1567 498 1716 538 suam
1746 490 1895 536 tanto
1925 479 2125 535 nomini

557 596 736 640 nolam
770 582 1000 637 infamia:
1029 584 1202 634 inurat
1227 593 1242 642 ;
1294 591 1391 632 nos
1411 575 1501 647 qui
1529 590 1634 629 non
1661 589 1690 627 a
1713 574 1847 627 duce
1876 571 1958 625 vel
1986 570 2132 640 prin-

556 681 674 747 cipe
707 687 938 737 terreno,
975 687 1078 725 non
1105 670 1172 724 ab
1199 668 1411 739 angelo,
1439 666 1522 722 vel
1553 659 1894 734 archangelo,
1931 662 2013 716 vel
2037 662 2136 716 Se-

557 766 798 836 raphino,
827 763 921 818 sed
952 762 1018 816 ab
1047 775 1235 815 eorum
1281 758 1425 828 Rege
1472 772 1664 811 nomen
1713 753 1883 809 sortiti
1927 765 2127 815 sumus,

556 872 732 911 annon
763 854 999 909 animam
1042 866 1252 921 quoque
1296 858 1531 902 nostram
1581 845 1754 915 potius
1779 854 2128 912 exponemus,

556 958 614 1001 ut
644 963 710 1002 ne
737 947 783 1001 is
807 946 896 1015 qui
929 959 1027 998 nos
1053 943 1153 997 hoc
1183 941 1386 994 honore
1425 936 1622 1002 alfeeit,
1652 933 1972 990 contumelia
2019 929 2130 984 τιΠί-

557 1038 765 1095 ciatur?
794 1039 988 1091 Annon
1019 1033 1392 1101 imperatorios
1435 1029 1652 1082 ordines
1682 1025 1871 1086 nostis,
1899 1028 2136 1076 scutato-

558 1146 698 1196 rum,
732 1129 1090 1191 hastatorum,
1119 1125 1208 1194 qui
1255 1123 1636 1191 Imperatorem
1685 1118 1904 1186 stipant,
1936 1122 2134 1182 quanto

557 1237 746 1290 nempe
786 1220 1028 1276 fruantur
1054 1214 1302 1271 honore?
1332 1214 1402 1268 Ita
1442 1221 1496 1267 et
1527 1227 1643 1272 nos,
1684 1210 1773 1278 qui
1819 1209 1972 1277 longe
2013 1220 2135 1275 pro-

557 1312 861 1382 pinquiores
890 1309 1017 1377 Regi
1062 1317 1245 1362 nostro
1280 1319 1490 1368 sumus,
1521 1310 1578 1357 et
1617 1310 1763 1354 tanto
1791 1296 2136 1368 pr0piuquio-

556 1417 664 1467 res,
691 1410 890 1470 quanto
929 1398 1273 1468 propinquius
1299 1405 1380 1450 est
1429 1407 1626 1461 corpus
1665 1390 1844 1458 capiti,
1871 1387 1999 1440 nihil
2029 1401 2133 1439 non

558 1493 724 1547 acturi
772 1507 976 1549 sutnus.
1006 1500 1062 1543 ut
1090 1488 1358 1544 Christum
1407 1487 1694 1538 imitemur.
1726 1480 1862 1548 Quid
1907 1493 2034 1548 ergo
2063 1478 2136 1530 ait

557 1581 842 1636 Christus?
899 1578 1086 1646 Vulpes
1130 1581 1299 1646 foveas
1329 1575 1533 1638 habent,
1566 1581 1612 1626 et
1650 1572 1874 1624 volucres
1912 1568 2021 1621 creti
2051 1566 2133 1618 ni-

560 1672 671 1734 dos,
703 1669 868 1724 Filius
904 1679 1068 1720 autem
1106 1667 1322 1719 honnnis
1373 1681 1474 1716 non
1504 1663 1650 1714 habet
1681 1661 1764 1712 ubi
1809 1667 1958 1726 caput
1987 1671 2136 1710 suum

559 1763 761 1814 reclinet
799 1758 947 1827 (Luc.
980 1759 1032 1815 9.
1066 1759 1176 1825 58).
1205 1757 1315 1810 lloc
1345 1756 1387 1808 si
1419 1770 1448 1807 a
1491 1754 1641 1807 vobis
1671 1753 1962 1820 exigamus,
2000 1748 2136 1802 forte

556 1869 714 1922 grave
740 1863 794 1908 et
819 1867 1103 1906 onerosum
1133 1848 1309 1902 multis
1337 1847 1602 1901 videbitur
1627 1862 1639 1898 :
1673 1850 1999 1913 quapropter
2027 1850 2132 1893 tam

556 1955 854 1999 accuratam
897 1943 1246 1996 imitationem
1279 1954 1380 1993 non
1413 1951 1720 2006 esposeam,
1755 1943 1813 1987 ut
1841 1930 2136 1986 infirmitati

560 2045 751 2089 vestra:
794 2049 1028 2104 parcam.
1075 2033 1222 2100 Rogo
1266 2041 1440 2084 autem
1473 2044 1540 2083 ne
1571 2027 1807 2097 pecuniis
1838 2026 1998 2078 nimis
2027 2025 2138 2078 ha:-

556 2125 753 2188 reatis;
784 2123 876 2178 sed
921 2135 975 2176 ut
1004 2138 1101 2192 ego
1127 2123 1195 2176 ob
1221 2120 1577 2174 inﬁrmitatem
1619 2127 1846 2171 vestram
1889 2127 2084 2169 tantam
2107 2130 2135 2168 a

559 2216 709 2270 vobis
737 2217 982 2270 virtutem
1018 2231 1119 2266 non
1146 2213 1302 2282 exigo
1331 2229 1342 2264 :
1376 2212 1452 2264 sic
1491 2219 1546 2264 et
1573 2224 1668 2262 vos
1702 2207 1870 2261 nmlto
1898 2207 2065 2276 magis
2105 2219 2136 2258 a

558 2305 786 2374 nequitia
815 2303 1093 2358 recedatis.
1118 2301 1233 2356 Non
1261 2315 1453 2356 accuso
1471 2315 1564 2355 eos
1588 2299 1676 2367 qui
1701 2298 1889 2352 domos
1913 2296 2132 2361 habent,

557 2411 740 2466 agros,
771 2395 1039 2464 pecunias,
1075 2409 1294 2458 servos;
1345 2392 1438 2446 sed
1484 2392 1605 2446 volo
1640 2399 1696 2444 ut
1740 2391 1882 2444 licite
1911 2399 1963 2443 et
2011 2403 2134 2441 cum

558 2487 752 2541 decore
795 2487 880 2540 illa
912 2485 1284 2556 possideatis‘.
1325 2482 1461 2552 Quid
1509 2492 1610 2545 est,
1637 2495 1760 2536 cum
1807 2478 2041 2534 decore?
2069 2477 2138 2534 Ut

555 2577 778 2641 domini,
808 2592 911 2630 non
964 2577 1102 2630 servi
1151 2576 1362 2629 illorum
1412 2574 1549 2637 sitis,
1583 2584 1638 2627 ut
1690 2587 1752 2627 ea
1800 2571 2135 2642 possideatis,

560 2683 665 2722 non
697 2667 783 2721 illa
813 2683 909 2724 vos
939 2653 1281 2737 possideant;
1312 2668 1375 2720 iis
1399 2665 1643 2730 utamini,
1675 2680 1780 2718 non
1813 2664 2130 2719 abutamini.

558 2756 698 2826 Opes
724 2757 843 2810 ideo
867 2758 944 2812 sic
974 2767 1250 2820 vocantur,
1277 2765 1336 2810 ut
1389 2757 1453 2810 iis
1512 2755 1564 2809 in
1613 2769 1778 2821 Opera
1833 2754 2135 2809 necessaria

560 2855 770 2900 utamur
823 2862 926 2900 non
970 2855 1024 2901 ut
1057 2847 1174 2900 illas
1203 2845 1585 2900 custodiamus.
1615 2845 1728 2899 Hoc
1769 2845 1968 2914 quippe
1996 2845 2135 2898 servi

558 2948 660 3001 est,
708 2939 832 2993 illud
858 2939 990 2993 heri.
1022 2938 1319 3002 Custodire,
1341 2939 1479 2992 servi
1508 2948 1624 3000 est;
1658 2937 1988 3005 impendere,
2020 2934 2133 2990 beri

557 3037 607 3082 et
633 3036 946 3100 potestatem
981 3027 1244 3082 habentis.
1279 3030 1391 3082 Non
1420 3027 1538 3082 ideo
1563 3027 1838 3096 accepisti,
1867 3035 1922 3080 ut
1951 3027 2004 3080 in
2031 3034 2138 3081 ter-

622 3163 636 3192 ¹
675 3161 767 3211 Alii
791 3161 978 3225 legunt,
1003 3160 1100 3212 illis
1123 3159 1341 3220 mansuri,
1369 3173 1474 3224 pro,
1498 3157 1586 3209 illa
1607 3157 1910 3223 possidentis.

1292 371 1350 428 s.
1387 369 1663 428 JOANNIS
1700 364 2167 423 ottnvsosrout
2205 364 2523 423 ARClllEP.
2563 370 3094 431 CONS’I‘ANTINOP.

3713 377 3822 434 128

2238 496 2350 536 ram
2399 482 2670 548 defodias.
2703 491 2800 546 sed
2845 498 2904 544 ut
2943 490 3252 547 distribuas.
3283 491 3340 548 Si
3391 491 3553 547 vellet
3598 491 3736 549 Deus
3764 505 3826 552 ut

2239 573 2345 628 illa-
2400 586 2765 643 servarentur,
2797 596 2902 634 non
2948 580 3254 637 hominibus
3299 581 3566 650 dedisset,
3619 585 3713 641 sed
3768 587 3824 643 in

2243 675 2382 720 terra
2412 669 2617 723 occulta
2648 668 2962 728 dimisisset.
2995 673 3128 741 Quia
3177 684 3356 731 autem
3406 677 3518 730 vult
3559 678 3676 733 illas
3717 681 3823 734 im-

2241 756 2422 825 pendi,
2457 757 2575 812 ideo
2603 759 2845 830 permisit
2875 772 2930 816 ttt
2961 764 3081 818 illas
3109 764 3450 830 haberemus,
3475 777 3531 820 ut
3558 768 3676 823 illas
3701 786 3824 824 mu-

2240 855 2329 900 tuo
2353 849 2885 905 communicaremus.
2913 851 3006 908 Sin
3044 853 3183 920 apud
3215 870 3315 909 nos
3342 857 3685 923 retineamus,
3715 873 3824 913 non

2239 936 2376 992 ultra
2418 938 2619 993 domini
2669 940 2880 996 illarum
2929 958 3136 998 sumus.
3167 945 3221 1000 Si
3251 956 3429 1000 autem
3464 947 3582 1002 illas
3626 959 3827 1019 augere

2237 1030 2404 1094 velis,
2461 1031 2688 1102 ideoque
2747 1048 2985 1089 servas:
3033 1037 3120 1090 illa
3181 1037 3420 1106 profecto
3464 1039 3664 1107 optima
3719 1042 3827 1095 erit

2239 1122 2429 1191 agendi
2460 1125 2616 1188 ratio,
2639 1125 2682 1179 si
2712 1126 2989 1198 dispergas
3015 1137 3072 1185 et
3095 1131 3330 1198 undique
3351 1131 3664 1188 distributis.
3689 1133 3825 1189 Nul-

2240 1213 2323 1266 lus
2347 1214 2489 1268 enim
2537 1225 2826 1284 proventus
2855 1234 2971 1274 sme
2996 1232 3210 1290 sumptu
3229 1262 3245 1286 ,
3278 1222 3436 1276 nulla:
3468 1221 3668 1276 divitiae
3709 1224 3830 1289 sine

2237 1317 2471 1372 expensa
2505 1323 2519 1358 :
2553 1305 2604 1360 id
2635 1307 2775 1376 quod
2825 1309 2878 1363 in
2929 1312 3090 1365 rebus
3134 1313 3482 1366 smcularibus
3516 1312 3694 1368 videre
3719 1325 3824 1368 est.

2239 1392 2328 1449 Sic
2356 1406 2640 1459 mercator,
2666 1398 2743 1453 sic
2769 1400 2999 1469 agricola
3031 1401 3191 1465 facit;
3227 1403 3312 1456 hic
3336 1404 3561 1466 sumina.
3597 1405 3686 1460 ille
3727 1421 3827 1473 pe-

2239 1488 2425 1543 cunias
2471 1493 2713 1560 spargit:
2745 1492 2842 1546 ille.
2884 1493 3096 1563 navigat
3140 1502 3194 1549 et
3244 1495 3500 1564 pecunias
3543 1496 3825 1564 impendit,

2239 1577 2326 1632 hic
2357 1595 2452 1648 per
2480 1590 2645 1635 totum
2679 1582 2887 1637 laborat
2911 1599 3132 1650 annum,
3162 1588 3314 1648 serit,
3345 1587 3561 1640 excolit.
3607 1588 3704 1642 llic
3731 1603 3828 1642 au-

2240 1678 2345 1721 tem
2377 1669 2521 1722 tmllo
2547 1685 2731 1725 eorum
2763 1682 2848 1727 est
2875 1689 3042 1742 opus;
3078 1690 3180 1728 non
3208 1676 3512 1746 apparanda
3541 1678 3691 1731 navis
3720 1686 3826 1743 est,

2241 1774 2344 1811 non
2369 1759 2626 1829 jungendi
2658 1763 2820 1818 boves
2841 1774 2986 1829 sunt,
3015 1780 3120 1818 non
3141 1767 3338 1820 aranda
3369 1778 3530 1834 terra,
3558 1784 3664 1823 non
3685 1770 3830 1824 aeris

2242 1851 2586 1917 Intemperies
2617 1852 2974 1920 observanda,
3010 1870 3112 1910 non
3161 1857 3364 1927 grando
3412 1858 3666 1913 timenda.
3709 1859 3828 1914 Non

2242 1939 2329 1995 hic
2375 1940 2567 1997 ﬂuetus
2608 1953 2752 2008 sunt,
2790 1961 2893 2000 non
2926 1949 3149 2016 scopuli.
3207 1949 3330 2004 Ilaec
3376 1952 3662 2020 navigatio,
3713 1951 3831 2008 hasc

2242 2035 2518 2094 sementis.
2551 2034 2654 2090 hoc
2685 2052 2791 2090 uno
2819 2053 2955 2108 opus
2984 2039 3164 2105 habet,
3197 2051 3253 2095 ut
3300 2041 3576 2098 facultates
3623 2045 3832 2113 disper-

2242 2133 2470 2191 gantur;
2503 2136 2700 2181 cmtcra
2747 2143 2873 2182 vero
2898 2131 3076 2183 omnia
3115 2133 3346 2201 agricola
3382 2133 3471 2188 ille
3495 2135 3731 2199 curabit,
3760 2136 3830 2192 de

2241 2229 2346 2283 quo
2373 2215 2447 2266 ait
2475 2215 2716 2271 Christus
2745 2235 2758 2272 :
2806 2218 2963 2273 Pater
2992 2237 3130 2276 meus
3154 2222 3385 2292 agricola
3425 2234 3516 2276 est.
3548 2224 3831 2292 Quomodo

2240 2306 2526 2361 absurdum
2563 2323 2668 2363 n0n
2701 2310 2880 2375 fuerit,
2917 2311 3003 2366 ubi
3044 2313 3160 2368 sine
3205 2314 3390 2368 labore
3411 2315 3588 2369 omnia
3617 2332 3832 2373 sumere

2241 2411 2546 2465 possumus,
2591 2401 2811 2468 supinos
2831 2410 2884 2454 et
2920 2402 3212 2457 oscitantes
3257 2420 3516 2469 manere;
3566 2406 3655 2460 ubi
3701 2421 3832 2462 vero

2243 2488 2394 2542 multi
2416 2490 2663 2554 sudores,
2695 2492 2927 2552 labores.
2959 2494 3371 2556 sollicitudines.
3395 2506 3449 2550 et
3496 2509 3677 2566 postea
3706 2513 3832 2569 spes

2243 2579 2466 2642 incerta.
2503 2581 2571 2635 ibi
2598 2597 2811 2638 onmem
2834 2584 3162 2653 diligentiam
3193 2585 3487 2643 adhibere?
3515 2587 3593 2644 Ne
3621 2607 3829 2660 qumso,

2243 2684 2309 2725 ne
2353 2685 2472 2724 cum
2515 2671 2583 2724 de
2612 2671 2786 2727 salute
2813 2683 2996 2728 nostra
3030 2676 3225 2742 agitur,
3274 2686 3556 2748 tantopere
3599 2682 3832 2749 desipia-

2243 2776 2402 2824 mus;
2449 2760 2544 2815 sed
2573 2763 2885 2830 onerosior;
2936 2764 3024 2819 illa
3073 2768 3370 2833 mittentes,
3395 2770 3463 2823 ad
3512 2771 3751 2826 faciliora
3777 2780 3835 2827 et

2241 2853 2452 2906 utiliora
2482 2869 2782 2918 curramus,
2817 2864 2873 2909 ut
2912 2866 2967 2910 et
3008 2854 3184 2912 l'utura
3242 2873 3637 2927 consequamur
3666 2862 3829 2928 bona,

2239 2947 2409 3015 gratia
2433 2955 2487 2998 et
2513 2946 2874 3002 misericordia
2930 2947 3138 3002 Domini
3164 2952 3327 3004 nOstri
3349 2950 3473 3005 Jesu
3495 2951 3719 3018 Christi,
3739 2953 3831 3023 qui

2245 3052 2366 3091 cum
2406 3036 2548 3091 Patri
2590 3038 2784 3106 gloria,
2816 3053 2918 3091 una
2949 3053 3072 3093 cum
3121 3038 3320 3107 Spiritu
3352 3051 3559 3108 sancto,
3592 3058 3734 3098 nunc
3777 3051 3834 3099 et

2251 3141 2485 3198 semper,
2517 3137 2572 3182 et
2597 3127 2653 3182 in
2685 3128 2878 3181 szecula
2905 3129 3248 3185 saeculorum.
3279 3133 3474 3186 Amen.

559 3283 3823 3308 Μ

1931 3364 2275 3426 HOMILIA
2319 3365 2464 3427 XX.

560 3507 643 3560 ιδ.
689 3504 752 3560 In
792 3507 1062 3563 crastinum
1098 3506 1253 3560 voluit
1281 3506 1416 3561 exire
1457 3507 1509 3560 in
1548 3503 1833 3570 Catilinam,
1863 3515 1908 3560 et
1933 3507 2121 3560 invenit

631 3595 944 3666 Philippum,
974 3609 1020 3651 et
1050 3599 1168 3650 dicit
1194 3598 1273 3650 ei:
1296 3599 1515 3666 Sequere
1552 3614 1651 3652 me.
1677 3599 1766 3653 44.
1815 3597 1940 3651 Erat
1967 3609 2135 3652 autem

628 3688 900 3758 Philippus
926 3706 956 3741 α
978 3688 1248 3742 Bethsaida
1273 3691 1468 3744 civitate
1491 3688 1708 3744 Andreae
1722 3700 1767 3744 et
1796 3688 1958 3744 Petri.

637 3823 687 3876 Ι.
723 3820 961 3876 Sollicite
979 3821 1447 3889 qnterentivaliquid
1466 3833 1706 3890 superest
1726 3822 1824 3895 (a),
1856 3831 1912 3877 ut
1940 3823 1988 3877 in
2020 3837 2140 3892 pro-

561 3912 743 3966 verbio
789 3911 954 3965 fertur
983 3910 1160 3980 (Prov.
1210 3911 1295 3963 14.
1339 3908 1451 3979 23).
1484 3911 1729 3966 Christus
1765 3928 1893 3966 vero
1935 3912 2135 3980 aliquid

559 4004 725 4073 magis
766 4003 1115 4056 subindicavit
1142 4001 1343 4065 dicens,
1378 4002 1478 4067 Qui
1506 4004 1684 4072 quaerit
1712 4005 1893 4057 invenit
1923 4003 2134 4075 (Matth.

561 4095 614 4149 7.
644 4095 720 4165 8).
750 4093 899 4149 Unde
926 4096 1106 4147 mirari
1137 4094 1276 4147 subit
1315 4108 1408 4146 cur
1439 4094 1711 4163 Philippus
1755 4095 2018 4148 Christum
2045 4109 2135 4148 se-

561 4197 751 4256 quutus
767 4186 852 4240 sit.
878 4185 1115 4239 Andreas
1132 4187 1324 4254 quippe
1345 4187 1508 4250 venit,
1535 4201 1654 4240 cum
1673 4186 1909 4241 audisset
1929 4203 1956 4241 a
1979 4187 2139 4242 Joan-

563 4290 649 4338 ne,
685 4274 871 4329 Petrus
896 4290 1042 4337 vero,
1069 4290 1187 4327 cum
1219 4275 1452 4328 audisset
1483 4275 1550 4327 ab
1581 4275 1825 4328 Andrea:
1858 4276 1942 4329 hic
1963 4285 2138 4329 autem

563 4385 681 4422 cum
713 4368 842 4421 nihil
870 4369 935 4420 ab
963 4369 1067 4418 alio
1108 4366 1399 4430 didicisset,
1434 4376 1636 4420 tantum
1663 4367 1873 4421 dicente
1903 4367 2136 4432 Christo,

569 4457 788 4524 Sequere
811 4473 904 4520 me,
938 4456 1320 4532 obtemperavit
1342 4457 1536 4516 statim,
1570 4472 1667 4511 nec
1693 4458 1938 4520 recessit,
1969 4457 2060 4511 sed
2089 4467 2142 4511 et

568 4547 1012 4616 prmdicatoraliis
1037 4547 1150 4600 fuit.
1174 4550 1469 4600 Aceurrcns
1486 4549 1624 4602 enim
1649 4549 1711 4602 ad
1736 4547 2135 4614 Nuthanaelem,

565 4640 671 4692 ait:
704 4639 860 4704 Quem
887 4638 1084 4706 scripsit
1129 4639 1324 4708 Moyses
1348 4639 1399 4691 in
1431 4640 1537 4709 lege
1574 4649 1619 4692 et
1646 4641 1921 4710 prophetia,
1945 4643 2138 4694 inveni-

565 4748 674 4786 mus
701 4731 876 4799 (Joan.
898 4731 947 4783 1.
977 4731 1089 4798 45).
1114 4729 1296 4784 Viden‘
1314 4747 1469 4800 quam
1495 4732 1753 4800 vigilaret,
1781 4743 1833 4787 et
1851 4749 2007 4802 quam
2033 4733 2138 4788 fre-

570 4832 792 4890 quenter
818 4820 1009 4890 Moysis
1035 4822 1226 4888 scripta
1249 4822 1607 4882 meditaretur.
1632 4831 1788 4892 atque
1813 4833 2141 4892 exspectaret

567 4911 762 4966 Christi
786 4910 1105 4964 adventum?
1130 4908 1260 4962 Nam
1285 4910 1430 4976 illud,
1466 4909 1777 4976 Invenimus,
1805 4911 1922 4980 ejus
1944 4923 2025 4966 est
2051 4914 2138 4979 qui

565 5017 778 5071 semper
803 5003 1010 5072 quaerit.
1040 4999 1104 5054 In
1126 5010 1396 5056 crastinum
1422 5002 1570 5056 exivit
1594 5002 1744 5056 Jesus
1773 5004 1824 5056 in
1854 5002 2136 5059 Galiltzant.

628 5157 700 5218 (α)
732 5159 1042 5222 Proverbngp
1067 5155 1184 5222 illud
1212 5157 1284 5222 sic
1305 5156 1472 5207 Graec
1500 5157 1699 5222 legitur,
1729 5172 1836 5208 ..ττι
1864 5177 1915 5222 τε.
1937 5175 2143 5222 mum

569 5229 748 5283 laniat
777 5231 950 5283 περιττήν.
985 5218 1120 5283 Haec,
1143 5219 1183 5267 si
1227 5219 1285 5266 ad
1326 5224 1527 5267 verbum
1558 5218 1808 5283 explices,
1854 5218 2141 5283 signiiieant,

567 5281 702 5328 Oumi
738 5278 938 5344 curanti,
973 5278 1070 5337 vel,
1095 5287 1318 5344 accurate
1360 5282 1597 5342 quaerenti
1635 5278 1813 5344 Aliquid
1845 5278 2144 5344 superﬂuum

570 5348 662 5390 ωε..
689 5339 778 5389 Sed
804 5341 893 5389 hoc
914 5354 1060 5390 sensu
1087 5354 1178 5389 non
1201 5343 1267 5394 ita
1290 5339 1518 5393 consonat
1540 5355 1648 5391 cum
1671 5339 2006 5394 sequentibus.
2032 5351 2143 5392 Nam

569 5402 728 5466 inquit
738 5399 1108 5466 ,Chrysostomus
1128 5417 1154 5466 _:
1184 5401 1406 5466 Christus
1427 5401 1611 5464 aliquid
1640 5399 1844 5466 amplius
1875 5405 2145 5454 subindiu'tt

570 5461 676 5510 eum
700 5461 948 5527 (Ιίείι,ξριιί
983 5463 1153 5527 qiuari!
1176 5461 1366 5511 invenit.
1393 5461 1689 5527 Quapropter
1715 5461 1887 5516 melius
1911 5466 2145 5527 intelligi-

570 5530 646 5570 tur
671 5524 995 5586 proverbium,
1022 5524 1109 5589 boc
1133 5532 1291 5589 tracto,
1311 5527 1452 5589 omni,
1469 5525 1674 5589 sollicite
1705 5528 1944 5589 quaerenti
1966 5524 2143 5589 aliquid

571 5585 794 5646 superest
806 5585 1137 5648 quaerendum.
1148 5585 1223 5634 vel
1235 5585 1411 5648 aliquid
1427 5588 1582 5635 deest.
1599 5585 1834 5636 (kete'rum
1849 5591 1892 5635 iu
1906 5585 2144 5637 ilebraico

563 5672 715 5725 ‘d'ﬁn
745 5646 854 5718 nillil
882 5646 1134 5726 23⁵37⁸⁵533
1176 5669 1223 5719 in
1252 5646 1382 5720 omni
1411 5671 1579 5722 labore
1605 5673 1691 5721 erit
1722 5671 2144 5734 emolmuentnm;

585 5739 658 5784 vel
710 5747 760 5785 ut
783 5740 828 5785 in
853 5738 877 5785 Χ
897 5739 1054 5799 ulgata
1081 5737 1275 5798 legitur,
1302 5736 1349 5784 in
1372 5740 1496 5789 omm'
1519 5752 1658 5795 arere
1681 5740 1770 5790 erit
1793 5742 2100 5790 almndanlia.

2243 3535 2540 3605 Antequam
2575 3535 2719 3591 enim
2751 3536 2847 3606 ipsi
2884 3536 3020 3591 ullus
3059 3536 3310 3602 hmreret,
3343 3535 3613 3591 neminem
3655 3542 3830 3592 vorat.

2243 3626 2297 3680 Id
2327 3642 2454 3681 vero
2482 3643 2586 3681 non
2619 3627 2736 3682 sine
2777 3643 2935 3682 causa
2990 3627 3132 3691 fecit,
3181 3626 3278 3682 sed
3321 3641 3527 3681 summa
3575 3627 3830 3694 sapientia

2242 3726 2402 3785 atque
2451 3716 2747 3785 prudentia.
2795 3716 2928 3769 Nam
2969 3716 3013 3769 si
3064 3718 3276 3772 nemine
3321 3727 3513 3786 sponte
3542 3716 3836 3772 accedente

2246 3810 2390 3878 ipsos
2419 3811 2504 3863 ille
2531 3811 2858 3874 attraxisset,
2893 3809 3118 3864 fortasse
3148 3818 3329 3879 postea
3358 3808 3710 3863 resiliissent:
3743 3810 3829 3864 uhi

2244 3909 2420 3953 autem
2455 3899 2581 3954 illud
2614 3901 2752 3954 ultro
2799 3900 3128 3969 delegerunt,
3164 3901 3300 3953 lirmi
3331 3910 3511 3969 postea
3558 3916 3828 3955 mansere.

2245 3991 2544 4059 Philipputu
2576 4001 2754 4046 autem
2784 4002 2938 4046 vocat
2967 3993 3066 4046 sibi
3093 3998 3259 4062 magis
3289 4002 3495 4058 notum,
3526 4003 3707 4062 utpote
3737 3994 3826 4060 qui

2243 4082 2298 4136 in
2346 4082 2564 4136 Calilma
2611 4094 2765 4138 natus
2805 4093 2858 4138 et
2897 4083 3152 4137 eduratus
3179 4093 3337 4138 esset.
3370 4084 3674 4152 Assumptis
3704 4099 3835 4153 ergo

2243 4173 2539 4241 discipulis,
2587 4172 2653 4226 ad
2684 4175 3009 4242 reliquorum
3055 4185 3303 4228 venatum
3357 4173 3731 4242 proﬁciscitur,
3765 4187 3834 4229 ac

2247 4263 2548 4330 Philippum
2577 4273 2632 4316 et
2659 4262 3036 4317 Nathauaelem
3082 4262 3322 4317 attrahit.
3372 4264 3445 4318 De
3495 4265 3599 4317 hoc
3627 4248 3828 4317 autem

2249 4368 2355 4406 non
2384 4365 2487 4405 tam
2513 4352 2757 4407 mirabile
2783 4353 2899 4416 fuit,
2923 4355 3044 4423 quia
3069 4354 3192 4409 Jesu
3225 4355 3362 4409 fama
3392 4371 3485 4424 pcr
3514 4364 3676 4409 totam
3725 4355 3837 4427 Sy-

2248 4445 2379 4498 riam
2412 4445 2796 4513 pervolaverat;
2818 4446 2909 4498 sed
2935 4447 3127 4499 mirum
3146 4456 3260 4500 erat
3280 4446 3420 4515 quod
3448 4447 3638 4501 Petrus
3659 4455 3712 4501 et
3737 4445 3834 4501 Ja-

2245 4535 2411 4587 cobus
2440 4544 2493 4587 et
2523 4534 2798 4603 Philippus
2828 4537 3036 4603 sequuti
3068 4539 3196 4600 sint,
3228 4553 3331 4589 non
3362 4537 3523 4590 modo
3551 4537 3689 4606 quod
3707 4545 3835 4593 ante

2247 4625 2394 4694 signa
2424 4625 2768 4690 crediderint,
2791 4627 2884 4679 sed
2925 4627 3082 4680 etiam
3122 4627 3264 4696 quod
3295 4643 3355 4681 ex
3385 4628 3600 4683 Gaiilma
3628 4640 3832 4694 essent,

2246 4715 2388 4769 unde
2414 4731 2512 4769 nec
2541 4715 2794 4784 prOpbeta
2824 4716 3090 4786 prodibat,
3121 4734 3293 4788 neque
3318 4719 3514 4789 aliquid
3554 4719 3679 4774 boni
3717 4722 3836 4776 exi-

2249 4807 2370 4861 bat:
2397 4808 2590 4861 rustica
2616 4807 2808 4878 quippe
2826 4823 2956 4877 gens
2975 4818 3108 4874 erat,
3130 4811 3372 4878 agrestis,
3395 4825 3606 4879 aspera.
3634 4810 3832 4866 Verum

2248 4898 2374 4952 inde
2395 4896 2640 4953 Christus
2663 4900 2954 4968 potentiam
2981 4901 3215 4955 ostendit
3237 4917 3412 4968 suam,
3440 4903 3568 4957 dum
3595 4919 3660 4958 ex
3688 4914 3834 4958 terra

2249 4991 2456 5045 nullum
2487 4992 2690 5047 ferente
2719 4991 2970 5058 fructum,
3000 4994 3251 5049 selectam
3292 4995 3676 5063 discipulorum
3704 5009 3830 5065 par-

2250 5094 2356 5139 tem
2387 5083 2586 5140 eduxit.
2621 5084 2920 5140 Verisimile
2945 5085 3104 5156 igitur
3127 5098 3210 5142 est
3226 5087 3548 5158 Philippum,
3573 5089 3715 5159 quod
3734 5089 3837 5144 Po:-

2250 5187 2388 5232 trum
2420 5177 2638 5233 vidisset
2675 5187 2729 5234 et
2755 5177 3014 5233 Joannem
3055 5178 3309 5244 audisset,
3353 5192 3633 5247 sequutum
3675 5196 3833 5247 esse;

2247 5269 2505 5325 credibile
2524 5284 2736 5341 quoque
2757 5281 2836 5326 est
2857 5267 3052 5325 Christi
3075 5286 3256 5324 vocem
3282 5271 3477 5340 aliquid
3509 5274 3561 5326 in
3589 5272 3677 5326 dlo
3699 5285 3838 5342 ope-

2248 5372 2416 5417 ratam
2442 5376 2596 5416 esse:
2625 5371 2846 5416 noverat
2873 5361 3014 5415 enim
3045 5360 3290 5416 Christus
3315 5365 3529 5432 quinam
3559 5363 3729 5418 idonei
3753 5362 3839 5426 fu-

2250 5455 2352 5508 turi
2398 5461 2596 5507 essent.
2645 5451 2980 5522 Evangelista
3026 5462 3200 5507 autem
3248 5454 3360 5508 luce
3403 5455 3577 5509 omnia
3608 5456 3832 5526 carptim

2251 5554 2484 5599 enarrat.
2513 5542 2663 5609 Quod
2689 5539 2932 5598 Chrisms
2968 5554 3222 5597 venturus
3251 5555 3413 5609 esset,
3446 5545 3547 5600 hoc
3574 5547 3658 5600 ille
3689 5548 3837 5601 scie-

2253 5637 2377 5690 bat:
2409 5635 2548 5694 quod
2581 5649 2707 5688 vero
2739 5633 2821 5688 hic
2848 5643 2988 5688 esset
3016 5633 3256 5688 Christus
3283 5634 3576 5704 ignorabat.
3609 5637 3658 5689 id
3690 5637 3833 5706 quod

2254 5731 2422 5799 ipsum
2450 5729 2578 5782 vela
2612 5730 2766 5781 Petro
2795 5727 2875 5778 vel
2903 5743 2928 5777 a
2958 5725 3163 5780 Joanne
3201 5729 3467 5781 audivisse
3498 5739 3640 5797 puto.
3672 5729 3840 5782 Joan-
