  <div class='ocr_page' id='page_1' title='image "/cluster/home/n/w/nwhite01/storage/ocr_20150623/59/uva.x004914832/126.png"; bbox 0 0 4120 6536; ppageno 0'>
   <div class='ocr_carea' id='block_1_1' title="bbox 242 463 1840 556">
    <p class='ocr_par' dir='ltr' id='par_1_1' title="bbox 242 463 1840 556">
     <span class='ocr_line' id='line_1_1' title="bbox 242 463 1840 556; baseline -0.014 0"><span class='ocrx_word' id='word_1_1' title='bbox 242 501 328 556; x_wconf 56' lang='grc' dir='ltr'><strong>ιε)</strong></span> <span class='ocrx_word' id='word_1_2' title='bbox 991 463 1001 468; x_wconf 75' lang='grc'>’</span> <span class='ocrx_word' id='word_1_3' title='bbox 1281 481 1347 540; x_wconf 79' lang='lat' dir='ltr'><strong>lN</strong></span> <span class='ocrx_word' id='word_1_4' title='bbox 1386 479 1699 540; x_wconf 80' lang='lat' dir='ltr'><strong>JOANNEM</strong></span> <span class='ocrx_word' id='word_1_5' title='bbox 1744 477 1840 535; x_wconf 82' lang='lat' dir='ltr'><strong>uo.</strong></span> 
     </span>
    </p>
   </div>
   <div class='ocr_carea' id='block_1_2' title="bbox 1950 463 2440 556">
    <p class='ocr_par' dir='ltr' id='par_1_2' title="bbox 1950 480 2440 552">
     <span class='ocr_line' id='line_1_2' title="bbox 1950 480 2440 552; baseline 0.006 -23"><span class='ocrx_word' id='word_1_6' title='bbox 1950 515 1972 532; x_wconf 32' lang='grc' dir='ltr'><strong>γ.</strong></span> <span class='ocrx_word' id='word_1_7' title='bbox 2017 480 2136 537; x_wconf 84' lang='lat' dir='ltr'><strong>xx.</strong></span> <span class='ocrx_word' id='word_1_8' title='bbox 2180 481 2250 535; x_wconf 87' lang='lat' dir='ltr'><strong>al.</strong></span> <span class='ocrx_word' id='word_1_9' title='bbox 2285 480 2440 552; x_wconf 64' lang='grc' dir='ltr'>χιχ.</span> 
     </span>
    </p>
   </div>
   <div class='ocr_carea' id='block_1_3' title="bbox 243 599 1819 686">
    <p class='ocr_par' dir='ltr' id='par_1_3' title="bbox 243 599 1819 686">
     <span class='ocr_line' id='line_1_3' title="bbox 243 599 1819 686; baseline -0.014 -14"><span class='ocrx_word' id='word_1_10' title='bbox 243 632 324 672; x_wconf 84' lang='lat' dir='ltr'><strong>nes</strong></span> <span class='ocrx_word' id='word_1_11' title='bbox 349 627 503 686; x_wconf 90' lang='lat' dir='ltr'><strong>porro</strong></span> <span class='ocrx_word' id='word_1_12' title='bbox 530 615 714 668; x_wconf 83' lang='lat' dir='ltr'><strong>vicum</strong></span> <span class='ocrx_word' id='word_1_13' title='bbox 766 609 904 664; x_wconf 90' lang='lat' dir='ltr'><strong>illius</strong></span> <span class='ocrx_word' id='word_1_14' title='bbox 957 606 1224 671; x_wconf 87' lang='lat' dir='ltr'><strong>nominat;</strong></span> <span class='ocrx_word' id='word_1_15' title='bbox 1265 613 1320 658; x_wconf 91' lang='lat' dir='ltr'><strong>ut</strong></span> <span class='ocrx_word' id='word_1_16' title='bbox 1362 614 1624 676; x_wconf 85' lang='lat' dir='ltr'><strong>agnoscas</strong></span> <span class='ocrx_word' id='word_1_17' title='bbox 1656 599 1819 653; x_wconf 85' lang='lat' dir='ltr'><strong>Deum</strong></span> 
     </span>
    </p>
   </div>
   <div class='ocr_carea' id='block_1_4' title="bbox 241 688 1825 772">
    <p class='ocr_par' dir='ltr' id='par_1_4' title="bbox 241 688 1825 772">
     <span class='ocr_line' id='line_1_4' title="bbox 241 688 1825 772; baseline -0.015 -9"><span class='ocrx_word' id='word_1_18' title='bbox 241 712 429 763; x_wconf 85' lang='lat' dir='ltr'><strong>inﬁrma</strong></span> <span class='ocrx_word' id='word_1_19' title='bbox 471 703 654 759; x_wconf 89' lang='lat' dir='ltr'><strong>mundi</strong></span> <span class='ocrx_word' id='word_1_20' title='bbox 685 703 929 772; x_wconf 80' lang='lat' dir='ltr'><strong>elegisse.</strong></span> <span class='ocrx_word' id='word_1_21' title='bbox 955 699 1045 754; x_wconf 70' lang='grc'><strong>45.</strong></span> <span class='ocrx_word' id='word_1_22' title='bbox 1079 697 1276 751; x_wconf 82' lang='lat' dir='ltr'><strong>Invenit</strong></span> <span class='ocrx_word' id='word_1_23' title='bbox 1315 693 1590 763; x_wconf 85' lang='lat' dir='ltr'><strong>Philippus</strong></span> <span class='ocrx_word' id='word_1_24' title='bbox 1624 688 1825 743; x_wconf 86' lang='lat' dir='ltr'><strong>Na:ha-</strong></span> 
     </span>
    </p>
   </div>
   <div class='ocr_carea' id='block_1_5' title="bbox 240 785 1826 861">
    <p class='ocr_par' dir='ltr' id='par_1_5' title="bbox 240 785 1826 861">
     <span class='ocr_line' id='line_1_5' title="bbox 240 785 1826 861; baseline -0.013 -7"><span class='ocrx_word' id='word_1_25' title='bbox 240 799 359 860; x_wconf 70' lang='lat' dir='ltr'><strong>and,</strong></span> <span class='ocrx_word' id='word_1_26' title='bbox 385 808 427 850; x_wconf 83' lang='lat' dir='ltr'><strong>et</strong></span> <span class='ocrx_word' id='word_1_27' title='bbox 457 798 579 850; x_wconf 86' lang='lat' dir='ltr'><strong>dicit</strong></span> <span class='ocrx_word' id='word_1_28' title='bbox 604 796 725 849; x_wconf 86' lang='lat' dir='ltr'><strong>illi:</strong></span> <span class='ocrx_word' id='word_1_29' title='bbox 758 793 916 861; x_wconf 82' lang='lat' dir='ltr'><strong>Quem</strong></span> <span class='ocrx_word' id='word_1_30' title='bbox 945 790 1150 860; x_wconf 84' lang='lat' dir='ltr'><strong>scripsit</strong></span> <span class='ocrx_word' id='word_1_31' title='bbox 1174 787 1377 858; x_wconf 72' lang='lat' dir='ltr'><strong>Moyses</strong></span> <span class='ocrx_word' id='word_1_32' title='bbox 1405 790 1456 839; x_wconf 87' lang='lat' dir='ltr'><strong>in</strong></span> <span class='ocrx_word' id='word_1_33' title='bbox 1490 785 1597 855; x_wconf 88' lang='lat' dir='ltr'><strong>lege</strong></span> <span class='ocrx_word' id='word_1_34' title='bbox 1627 793 1670 836; x_wconf 83' lang='lat' dir='ltr'><strong>et</strong></span> <span class='ocrx_word' id='word_1_35' title='bbox 1704 797 1826 851; x_wconf 88' lang='lat' dir='ltr'><strong>pro-</strong></span> 
     </span>
    </p>
   </div>
   <div class='ocr_carea' id='block_1_6' title="bbox 240 873 1826 960">
    <p class='ocr_par' dir='ltr' id='par_1_6' title="bbox 240 873 1826 960">
     <span class='ocr_line' id='line_1_6' title="bbox 240 873 1826 960; baseline -0.008 -20"><span class='ocrx_word' id='word_1_36' title='bbox 240 895 406 960; x_wconf 68' lang='lat' dir='ltr'><strong>phetat,</strong></span> <span class='ocrx_word' id='word_1_37' title='bbox 438 890 743 949; x_wconf 69' lang='lat' dir='ltr'><strong>invenimus,</strong></span> <span class='ocrx_word' id='word_1_38' title='bbox 766 885 942 939; x_wconf 74' lang='lat' dir='ltr'><strong>Iesum</strong></span> <span class='ocrx_word' id='word_1_39' title='bbox 964 883 1127 952; x_wconf 77' lang='lat' dir='ltr'><strong>ﬁlium</strong></span> <span class='ocrx_word' id='word_1_40' title='bbox 1148 879 1337 949; x_wconf 68' lang='lat' dir='ltr'><strong>Ioseph</strong></span> <span class='ocrx_word' id='word_1_41' title='bbox 1366 896 1397 932; x_wconf 92' lang='lat' dir='ltr'><strong>a</strong></span> <span class='ocrx_word' id='word_1_42' title='bbox 1428 877 1670 930; x_wconf 81' lang='lat' dir='ltr'><strong>Nazaret.</strong></span> <span class='ocrx_word' id='word_1_43' title='bbox 1697 873 1826 928; x_wconf 72' lang='lat' dir='ltr'><strong>&quot;:ch</strong></span> 
     </span>
    </p>
   </div>
   <div class='ocr_carea' id='block_1_7' title="bbox 239 967 1825 1050">
    <p class='ocr_par' dir='ltr' id='par_1_7' title="bbox 239 967 1825 1050">
     <span class='ocr_line' id='line_1_7' title="bbox 239 967 1825 1050; baseline -0.013 -13"><span class='ocrx_word' id='word_1_44' title='bbox 239 974 354 1037; x_wconf 83' lang='lat' dir='ltr'><strong>dicit</strong></span> <span class='ocrx_word' id='word_1_45' title='bbox 380 992 433 1034; x_wconf 90' lang='lat' dir='ltr'><strong>ut</strong></span> <span class='ocrx_word' id='word_1_46' title='bbox 458 981 614 1035; x_wconf 87' lang='lat' dir='ltr'><strong>ﬁdem</strong></span> <span class='ocrx_word' id='word_1_47' title='bbox 641 975 1002 1050; x_wconf 71' lang='lat' dir='ltr'><strong>prmtlicationi</strong></span> <span class='ocrx_word' id='word_1_48' title='bbox 1026 973 1356 1031; x_wconf 85' lang='lat' dir='ltr'><strong>conciliaret,</strong></span> <span class='ocrx_word' id='word_1_49' title='bbox 1381 984 1444 1024; x_wconf 85' lang='lat' dir='ltr'><strong>ex</strong></span> <span class='ocrx_word' id='word_1_50' title='bbox 1465 967 1648 1039; x_wconf 77' lang='lat' dir='ltr'><strong>Moyse</strong></span> <span class='ocrx_word' id='word_1_51' title='bbox 1671 980 1825 1018; x_wconf 87' lang='lat' dir='ltr'><strong>nem-</strong></span> 
     </span>
    </p>
   </div>
   <div class='ocr_carea' id='block_1_8' title="bbox 240 1058 1825 1148">
    <p class='ocr_par' dir='ltr' id='par_1_8' title="bbox 240 1058 1825 1148">
     <span class='ocr_line' id='line_1_8' title="bbox 240 1058 1825 1148; baseline -0.013 -16"><span class='ocrx_word' id='word_1_52' title='bbox 240 1094 297 1148; x_wconf 91' lang='lat' dir='ltr'><strong>pe</strong></span> <span class='ocrx_word' id='word_1_53' title='bbox 323 1085 370 1132; x_wconf 89' lang='lat' dir='ltr'><strong>ct</strong></span> <span class='ocrx_word' id='word_1_54' title='bbox 395 1075 693 1146; x_wconf 83' lang='lat' dir='ltr'><strong>prephetis,</strong></span> <span class='ocrx_word' id='word_1_55' title='bbox 725 1082 886 1140; x_wconf 81' lang='lat' dir='ltr'><strong>utque</strong></span> <span class='ocrx_word' id='word_1_56' title='bbox 907 1069 1204 1122; x_wconf 85' lang='lat' dir='ltr'><strong>auditorem</strong></span> <span class='ocrx_word' id='word_1_57' title='bbox 1235 1064 1360 1118; x_wconf 88' lang='lat' dir='ltr'><strong>inde</strong></span> <span class='ocrx_word' id='word_1_58' title='bbox 1387 1058 1825 1117; x_wconf 89' lang='lat' dir='ltr'><strong>venerabundum</strong></span> 
     </span>
    </p>
   </div>
   <div class='ocr_carea' id='block_1_9' title="bbox 239 1151 1829 1234">
    <p class='ocr_par' dir='ltr' id='par_1_9' title="bbox 239 1151 1829 1234">
     <span class='ocr_line' id='line_1_9' title="bbox 239 1151 1829 1234; baseline -0.011 -12"><span class='ocrx_word' id='word_1_59' title='bbox 239 1169 490 1223; x_wconf 82' lang='lat' dir='ltr'><strong>redderet.</strong></span> <span class='ocrx_word' id='word_1_60' title='bbox 524 1166 658 1234; x_wconf 88' lang='lat' dir='ltr'><strong>Quia</strong></span> <span class='ocrx_word' id='word_1_61' title='bbox 687 1164 830 1219; x_wconf 88' lang='lat' dir='ltr'><strong>enim</strong></span> <span class='ocrx_word' id='word_1_62' title='bbox 861 1159 1157 1216; x_wconf 79' lang='lat' dir='ltr'><strong>Nathanacl</strong></span> <span class='ocrx_word' id='word_1_63' title='bbox 1193 1157 1398 1228; x_wconf 89' lang='lat' dir='ltr'><strong>peritus</strong></span> <span class='ocrx_word' id='word_1_64' title='bbox 1428 1163 1563 1216; x_wconf 87' lang='lat' dir='ltr'><strong>erat.</strong></span> <span class='ocrx_word' id='word_1_65' title='bbox 1604 1161 1658 1206; x_wconf 90' lang='lat' dir='ltr'><strong>et</strong></span> <span class='ocrx_word' id='word_1_66' title='bbox 1688 1151 1829 1205; x_wconf 86' lang='lat' dir='ltr'><strong>veri-</strong></span> 
     </span>
    </p>
   </div>
   <div class='ocr_carea' id='block_1_10' title="bbox 238 1242 1828 1318">
    <p class='ocr_par' dir='ltr' id='par_1_10' title="bbox 238 1242 1828 1318">
     <span class='ocr_line' id='line_1_10' title="bbox 238 1242 1828 1318; baseline -0.009 -5"><span class='ocrx_word' id='word_1_67' title='bbox 238 1260 349 1313; x_wconf 89' lang='lat' dir='ltr'><strong>tatis</strong></span> <span class='ocrx_word' id='word_1_68' title='bbox 375 1258 652 1312; x_wconf 75' lang='lat' dir='ltr'><strong>studiosus</strong></span> <span class='ocrx_word' id='word_1_69' title='bbox 683 1262 938 1318; x_wconf 88' lang='lat' dir='ltr'><strong>sectator,</strong></span> <span class='ocrx_word' id='word_1_70' title='bbox 974 1261 1027 1305; x_wconf 90' lang='lat' dir='ltr'><strong>ut</strong></span> <span class='ocrx_word' id='word_1_71' title='bbox 1053 1250 1212 1305; x_wconf 88' lang='lat' dir='ltr'><strong>etiam</strong></span> <span class='ocrx_word' id='word_1_72' title='bbox 1240 1247 1487 1304; x_wconf 79' lang='lat' dir='ltr'><strong>Christus</strong></span> <span class='ocrx_word' id='word_1_73' title='bbox 1513 1242 1828 1300; x_wconf 86' lang='lat' dir='ltr'><strong>testiﬁcatus</strong></span> 
     </span>
    </p>
   </div>
   <div class='ocr_carea' id='block_1_11' title="bbox 239 1337 1830 1420">
    <p class='ocr_par' dir='ltr' id='par_1_11' title="bbox 239 1337 1830 1420">
     <span class='ocr_line' id='line_1_11' title="bbox 239 1337 1830 1420; baseline -0.011 -14"><span class='ocrx_word' id='word_1_74' title='bbox 239 1359 330 1414; x_wconf 81' lang='lat' dir='ltr'><strong>est,</strong></span> <span class='ocrx_word' id='word_1_75' title='bbox 359 1352 577 1420; x_wconf 85' lang='lat' dir='ltr'><strong>ipsaque</strong></span> <span class='ocrx_word' id='word_1_76' title='bbox 601 1363 686 1403; x_wconf 85' lang='lat' dir='ltr'><strong>res</strong></span> <span class='ocrx_word' id='word_1_77' title='bbox 707 1345 1095 1415; x_wconf 89' lang='lat' dir='ltr'><strong>comprobavit.</strong></span> <span class='ocrx_word' id='word_1_78' title='bbox 1121 1343 1241 1412; x_wconf 91' lang='lat' dir='ltr'><strong>jure</strong></span> <span class='ocrx_word' id='word_1_79' title='bbox 1273 1341 1418 1395; x_wconf 90' lang='lat' dir='ltr'><strong>illum</strong></span> <span class='ocrx_word' id='word_1_80' title='bbox 1443 1338 1508 1392; x_wconf 91' lang='lat' dir='ltr'><strong>ad</strong></span> <span class='ocrx_word' id='word_1_81' title='bbox 1541 1337 1757 1409; x_wconf 75' lang='lat' dir='ltr'><strong>Moysen</strong></span> <span class='ocrx_word' id='word_1_82' title='bbox 1775 1343 1830 1390; x_wconf 90' lang='lat' dir='ltr'><strong>ct</strong></span> 
     </span>
    </p>
   </div>
   <div class='ocr_carea' id='block_1_12' title="bbox 237 1431 1825 1511">
    <p class='ocr_par' dir='ltr' id='par_1_12' title="bbox 237 1431 1825 1511">
     <span class='ocr_line' id='line_1_12' title="bbox 237 1431 1825 1511; baseline -0.009 -15"><span class='ocrx_word' id='word_1_83' title='bbox 237 1441 515 1511; x_wconf 59' lang='lat' dir='ltr'><strong>proiihetas</strong></span> <span class='ocrx_word' id='word_1_84' title='bbox 542 1440 709 1505; x_wconf 84' lang='lat' dir='ltr'><strong>misit,</strong></span> <span class='ocrx_word' id='word_1_85' title='bbox 739 1449 791 1492; x_wconf 92' lang='lat' dir='ltr'><strong>ut</strong></span> <span class='ocrx_word' id='word_1_86' title='bbox 820 1438 896 1492; x_wconf 89' lang='lat' dir='ltr'><strong>sic</strong></span> <span class='ocrx_word' id='word_1_87' title='bbox 922 1435 1269 1506; x_wconf 71' lang='lat' dir='ltr'><strong>praedicatum</strong></span> <span class='ocrx_word' id='word_1_88' title='bbox 1313 1433 1464 1486; x_wconf 90' lang='lat' dir='ltr'><strong>illum</strong></span> <span class='ocrx_word' id='word_1_89' title='bbox 1508 1431 1825 1500; x_wconf 84' lang='lat' dir='ltr'><strong>susciperet.</strong></span> 
     </span>
    </p>
   </div>
   <div class='ocr_carea' id='block_1_13' title="bbox 238 1519 1825 1598">
    <p class='ocr_par' dir='ltr' id='par_1_13' title="bbox 238 1519 1825 1598">
     <span class='ocr_line' id='line_1_13' title="bbox 238 1519 1825 1598; baseline -0.009 -9"><span class='ocrx_word' id='word_1_90' title='bbox 238 1535 285 1589; x_wconf 89' lang='lat' dir='ltr'><strong>Si</strong></span> <span class='ocrx_word' id='word_1_91' title='bbox 329 1543 506 1588; x_wconf 83' lang='lat' dir='ltr'><strong>autem</strong></span> <span class='ocrx_word' id='word_1_92' title='bbox 537 1533 690 1586; x_wconf 90' lang='lat' dir='ltr'><strong>illum</strong></span> <span class='ocrx_word' id='word_1_93' title='bbox 723 1531 888 1586; x_wconf 84' lang='lat' dir='ltr'><strong>lilium</strong></span> <span class='ocrx_word' id='word_1_94' title='bbox 917 1527 1115 1598; x_wconf 90' lang='lat' dir='ltr'><strong>Joseph</strong></span> <span class='ocrx_word' id='word_1_95' title='bbox 1145 1525 1399 1596; x_wconf 86' lang='lat' dir='ltr'><strong>appellat,</strong></span> <span class='ocrx_word' id='word_1_96' title='bbox 1443 1537 1512 1578; x_wconf 89' lang='lat' dir='ltr'><strong>ne</strong></span> <span class='ocrx_word' id='word_1_97' title='bbox 1549 1519 1783 1576; x_wconf 89' lang='lat' dir='ltr'><strong>turberis</strong></span> <span class='ocrx_word' id='word_1_98' title='bbox 1813 1538 1825 1575; x_wconf 94' lang='lat'>:</span> 
     </span>
    </p>
   </div>
   <div class='ocr_carea' id='block_1_14' title="bbox 237 1612 1832 1695">
    <p class='ocr_par' dir='ltr' id='par_1_14' title="bbox 237 1612 1832 1695">
     <span class='ocr_line' id='line_1_14' title="bbox 237 1612 1832 1695; baseline -0.009 -13"><span class='ocrx_word' id='word_1_99' title='bbox 237 1626 399 1682; x_wconf 89' lang='lat' dir='ltr'><strong>adhuc</strong></span> <span class='ocrx_word' id='word_1_100' title='bbox 427 1628 573 1682; x_wconf 88' lang='lat' dir='ltr'><strong>enim</strong></span> <span class='ocrx_word' id='word_1_101' title='bbox 604 1622 824 1695; x_wconf 80' lang='lat' dir='ltr'><strong>Josephi</strong></span> <span class='ocrx_word' id='word_1_102' title='bbox 855 1622 996 1677; x_wconf 88' lang='lat' dir='ltr'><strong>ﬁlius</strong></span> <span class='ocrx_word' id='word_1_103' title='bbox 1013 1635 1135 1676; x_wconf 87' lang='lat' dir='ltr'><strong>esse</strong></span> <span class='ocrx_word' id='word_1_104' title='bbox 1153 1616 1585 1674; x_wconf 78' lang='lat' dir='ltr'><strong>existimabatur.</strong></span> <span class='ocrx_word' id='word_1_105' title='bbox 1607 1615 1671 1668; x_wconf 85' lang='lat' dir='ltr'><strong>Et</strong></span> <span class='ocrx_word' id='word_1_106' title='bbox 1691 1612 1832 1668; x_wconf 89' lang='lat' dir='ltr'><strong>unde</strong></span> 
     </span>
    </p>
   </div>
   <div class='ocr_carea' id='block_1_15' title="bbox 237 1707 1829 1786">
    <p class='ocr_par' dir='ltr' id='par_1_15' title="bbox 237 1707 1829 1786">
     <span class='ocr_line' id='line_1_15' title="bbox 237 1707 1829 1786; baseline -0.008 -15"><span class='ocrx_word' id='word_1_107' title='bbox 237 1728 454 1782; x_wconf 76' lang='lat' dir='ltr'><strong>constat,</strong></span> <span class='ocrx_word' id='word_1_108' title='bbox 478 1716 745 1786; x_wconf 83' lang='lat' dir='ltr'><strong>Philippe,</strong></span> <span class='ocrx_word' id='word_1_109' title='bbox 769 1714 912 1768; x_wconf 90' lang='lat' dir='ltr'><strong>hunc</strong></span> <span class='ocrx_word' id='word_1_110' title='bbox 929 1727 1050 1768; x_wconf 88' lang='lat' dir='ltr'><strong>esse</strong></span> <span class='ocrx_word' id='word_1_111' title='bbox 1073 1726 1232 1782; x_wconf 90' lang='lat' dir='ltr'><strong>quem</strong></span> <span class='ocrx_word' id='word_1_112' title='bbox 1257 1708 1428 1764; x_wconf 84' lang='lat' dir='ltr'><strong>dicis?</strong></span> <span class='ocrx_word' id='word_1_113' title='bbox 1449 1707 1591 1779; x_wconf 89' lang='lat' dir='ltr'><strong>quod</strong></span> <span class='ocrx_word' id='word_1_114' title='bbox 1619 1707 1829 1776; x_wconf 90' lang='lat' dir='ltr'><strong>signum</strong></span> 
     </span>
    </p>
   </div>
   <div class='ocr_carea' id='block_1_16' title="bbox 237 1796 1832 1870">
    <p class='ocr_par' dir='ltr' id='par_1_16' title="bbox 237 1796 1832 1870">
     <span class='ocr_line' id='line_1_16' title="bbox 237 1796 1832 1870; baseline -0.008 -7"><span class='ocrx_word' id='word_1_115' title='bbox 237 1808 325 1863; x_wconf 88' lang='lat' dir='ltr'><strong>das</strong></span> <span class='ocrx_word' id='word_1_116' title='bbox 355 1807 548 1861; x_wconf 90' lang='lat' dir='ltr'><strong>nobis?</strong></span> <span class='ocrx_word' id='word_1_117' title='bbox 577 1806 694 1860; x_wconf 85' lang='lat' dir='ltr'><strong>Non</strong></span> <span class='ocrx_word' id='word_1_118' title='bbox 736 1803 936 1860; x_wconf 81' lang='lat' dir='ltr'><strong>sufﬁcit</strong></span> <span class='ocrx_word' id='word_1_119' title='bbox 983 1806 1126 1858; x_wconf 89' lang='lat' dir='ltr'><strong>enim</strong></span> <span class='ocrx_word' id='word_1_120' title='bbox 1175 1802 1243 1854; x_wconf 91' lang='lat' dir='ltr'><strong>ita</strong></span> <span class='ocrx_word' id='word_1_121' title='bbox 1279 1799 1646 1870; x_wconf 73' lang='lat' dir='ltr'><strong>pronuntiare.</strong></span> <span class='ocrx_word' id='word_1_122' title='bbox 1676 1796 1832 1864; x_wconf 85' lang='lat' dir='ltr'><strong>Quod</strong></span> 
     </span>
    </p>
   </div>
   <div class='ocr_carea' id='block_1_17' title="bbox 236 1889 1833 1971">
    <p class='ocr_par' dir='ltr' id='par_1_17' title="bbox 236 1889 1833 1971">
     <span class='ocr_line' id='line_1_17' title="bbox 236 1889 1833 1971; baseline -0.007 -17"><span class='ocrx_word' id='word_1_123' title='bbox 236 1901 436 1971; x_wconf 78' lang='lat' dir='ltr'><strong>signum</strong></span> <span class='ocrx_word' id='word_1_124' title='bbox 480 1898 700 1954; x_wconf 84' lang='lat' dir='ltr'><strong>vidisti?</strong></span> <span class='ocrx_word' id='word_1_125' title='bbox 748 1897 889 1968; x_wconf 91' lang='lat' dir='ltr'><strong>quod</strong></span> <span class='ocrx_word' id='word_1_126' title='bbox 923 1893 1274 1949; x_wconf 82' lang='lat' dir='ltr'><strong>miraculum?</strong></span> <span class='ocrx_word' id='word_1_127' title='bbox 1302 1891 1418 1947; x_wconf 82' lang='lat' dir='ltr'><strong>Non</strong></span> <span class='ocrx_word' id='word_1_128' title='bbox 1447 1891 1563 1945; x_wconf 86' lang='lat' dir='ltr'><strong>sine</strong></span> <span class='ocrx_word' id='word_1_129' title='bbox 1595 1889 1833 1959; x_wconf 88' lang='lat' dir='ltr'><strong>periculo</strong></span> 
     </span>
    </p>
   </div>
   <div class='ocr_carea' id='block_1_18' title="bbox 237 1982 1833 2056">
    <p class='ocr_par' dir='ltr' id='par_1_18' title="bbox 237 1982 1833 2056">
     <span class='ocr_line' id='line_1_18' title="bbox 237 1982 1833 2056; baseline -0.005 -10"><span class='ocrx_word' id='word_1_130' title='bbox 237 1994 388 2047; x_wconf 89' lang='lat' dir='ltr'><strong>tantis</strong></span> <span class='ocrx_word' id='word_1_131' title='bbox 417 1992 580 2049; x_wconf 83' lang='lat' dir='ltr'><strong>rebus</strong></span> <span class='ocrx_word' id='word_1_132' title='bbox 612 2001 815 2046; x_wconf 86' lang='lat' dir='ltr'><strong>temere</strong></span> <span class='ocrx_word' id='word_1_133' title='bbox 863 1989 996 2042; x_wconf 88' lang='lat' dir='ltr'><strong>ﬁdes</strong></span> <span class='ocrx_word' id='word_1_134' title='bbox 1041 1986 1290 2042; x_wconf 88' lang='lat' dir='ltr'><strong>habetur.</strong></span> <span class='ocrx_word' id='word_1_135' title='bbox 1320 1983 1474 2052; x_wconf 83' lang='lat' dir='ltr'><strong>Quod</strong></span> <span class='ocrx_word' id='word_1_136' title='bbox 1506 1997 1635 2056; x_wconf 85' lang='lat' dir='ltr'><strong>ergo</strong></span> <span class='ocrx_word' id='word_1_137' title='bbox 1668 1982 1833 2038; x_wconf 66' lang='lat' dir='ltr'><strong>nm</strong></span> 
     </span>
    </p>
   </div>
   <div class='ocr_carea' id='block_1_19' title="bbox 235 2075 1830 2161">
    <p class='ocr_par' dir='ltr' id='par_1_19' title="bbox 235 2075 1830 2161">
     <span class='ocr_line' id='line_1_19' title="bbox 235 2075 1830 2161; baseline -0.009 -18"><span class='ocrx_word' id='word_1_138' title='bbox 235 2088 641 2161; x_wconf 78' lang='lat' dir='ltr'><strong>argumentum?</strong></span> <span class='ocrx_word' id='word_1_139' title='bbox 698 2085 842 2140; x_wconf 90' lang='lat' dir='ltr'><strong>ldcm</strong></span> <span class='ocrx_word' id='word_1_140' title='bbox 889 2085 1088 2154; x_wconf 90' lang='lat' dir='ltr'><strong>ipsum,</strong></span> <span class='ocrx_word' id='word_1_141' title='bbox 1137 2081 1326 2152; x_wconf 86' lang='lat' dir='ltr'><strong>inquit,</strong></span> <span class='ocrx_word' id='word_1_142' title='bbox 1373 2078 1518 2150; x_wconf 89' lang='lat' dir='ltr'><strong>quod</strong></span> <span class='ocrx_word' id='word_1_143' title='bbox 1565 2075 1830 2131; x_wconf 79' lang='lat' dir='ltr'><strong>Andreas.</strong></span> 
     </span>
    </p>
   </div>
   <div class='ocr_carea' id='block_1_20' title="bbox 233 2180 1831 2248">
    <p class='ocr_par' dir='ltr' id='par_1_20' title="bbox 233 2180 1831 2248">
     <span class='ocr_line' id='line_1_20' title="bbox 233 2180 1831 2248; baseline -0.008 -12"><span class='ocrx_word' id='word_1_144' title='bbox 233 2180 358 2236; x_wconf 71' lang='lat' dir='ltr'><strong>Nam</strong></span> <span class='ocrx_word' id='word_1_145' title='bbox 399 2181 488 2236; x_wconf 82' lang='lat' dir='ltr'><strong>ille</strong></span> <span class='ocrx_word' id='word_1_146' title='bbox 536 2194 660 2234; x_wconf 89' lang='lat' dir='ltr'><strong>cum</strong></span> <span class='ocrx_word' id='word_1_147' title='bbox 709 2180 1018 2233; x_wconf 76' lang='lat' dir='ltr'><strong>thesnurum</strong></span> <span class='ocrx_word' id='word_1_148' title='bbox 1049 2189 1208 2248; x_wconf 90' lang='lat' dir='ltr'><strong>quem</strong></span> <span class='ocrx_word' id='word_1_149' title='bbox 1243 2180 1518 2243; x_wconf 87' lang='lat' dir='ltr'><strong>repererat</strong></span> <span class='ocrx_word' id='word_1_150' title='bbox 1544 2180 1831 2225; x_wconf 85' lang='lat' dir='ltr'><strong>enuntiare</strong></span> 
     </span>
    </p>
   </div>
   <div class='ocr_carea' id='block_1_21' title="bbox 237 2264 1833 2342">
    <p class='ocr_par' dir='ltr' id='par_1_21' title="bbox 237 2264 1833 2342">
     <span class='ocr_line' id='line_1_21' title="bbox 237 2264 1833 2342; baseline -0.007 -14"><span class='ocrx_word' id='word_1_151' title='bbox 237 2291 333 2329; x_wconf 84' lang='lat' dir='ltr'><strong>non</strong></span> <span class='ocrx_word' id='word_1_152' title='bbox 365 2275 591 2336; x_wconf 88' lang='lat' dir='ltr'><strong>valeret,</strong></span> <span class='ocrx_word' id='word_1_153' title='bbox 639 2286 816 2342; x_wconf 86' lang='lat' dir='ltr'><strong>neque</strong></span> <span class='ocrx_word' id='word_1_154' title='bbox 857 2270 1036 2325; x_wconf 89' lang='lat' dir='ltr'><strong>verbis</strong></span> <span class='ocrx_word' id='word_1_155' title='bbox 1067 2269 1366 2331; x_wconf 82' lang='lat' dir='ltr'><strong>declarare,</strong></span> <span class='ocrx_word' id='word_1_156' title='bbox 1400 2264 1620 2319; x_wconf 78' lang='lat' dir='ltr'><strong>fratrem</strong></span> <span class='ocrx_word' id='word_1_157' title='bbox 1671 2278 1833 2334; x_wconf 87' lang='lat' dir='ltr'><strong>quem</strong></span> 
     </span>
    </p>
   </div>
   <div class='ocr_carea' id='block_1_22' title="bbox 235 2353 1838 2436">
    <p class='ocr_par' dir='ltr' id='par_1_22' title="bbox 235 2353 1838 2436">
     <span class='ocr_line' id='line_1_22' title="bbox 235 2353 1838 2436; baseline -0.008 -17"><span class='ocrx_word' id='word_1_158' title='bbox 235 2365 422 2436; x_wconf 88' lang='lat' dir='ltr'><strong>reperit</strong></span> <span class='ocrx_word' id='word_1_159' title='bbox 453 2365 554 2418; x_wconf 93' lang='lat' dir='ltr'><strong>illo</strong></span> <span class='ocrx_word' id='word_1_160' title='bbox 585 2362 820 2418; x_wconf 84' lang='lat' dir='ltr'><strong>adducit.</strong></span> <span class='ocrx_word' id='word_1_161' title='bbox 853 2360 942 2417; x_wconf 90' lang='lat' dir='ltr'><strong>Sic</strong></span> <span class='ocrx_word' id='word_1_162' title='bbox 972 2371 1024 2415; x_wconf 91' lang='lat' dir='ltr'><strong>et</strong></span> <span class='ocrx_word' id='word_1_163' title='bbox 1051 2361 1173 2425; x_wconf 87' lang='lat' dir='ltr'><strong>iste,</strong></span> <span class='ocrx_word' id='word_1_164' title='bbox 1196 2355 1468 2428; x_wconf 88' lang='lat' dir='ltr'><strong>quomodo</strong></span> <span class='ocrx_word' id='word_1_165' title='bbox 1487 2355 1574 2410; x_wconf 87' lang='lat' dir='ltr'><strong>ille</strong></span> <span class='ocrx_word' id='word_1_166' title='bbox 1598 2353 1838 2409; x_wconf 84' lang='lat' dir='ltr'><strong>sitChri-</strong></span> 
     </span>
    </p>
   </div>
   <div class='ocr_carea' id='block_1_23' title="bbox 234 2451 1836 2530">
    <p class='ocr_par' dir='ltr' id='par_1_23' title="bbox 234 2451 1836 2530">
     <span class='ocr_line' id='line_1_23' title="bbox 234 2451 1836 2530; baseline -0.006 -16"><span class='ocrx_word' id='word_1_167' title='bbox 234 2472 360 2524; x_wconf 87' lang='lat' dir='ltr'><strong>stus,</strong></span> <span class='ocrx_word' id='word_1_168' title='bbox 393 2470 449 2515; x_wconf 89' lang='lat' dir='ltr'><strong>et</strong></span> <span class='ocrx_word' id='word_1_169' title='bbox 478 2459 755 2530; x_wconf 83' lang='lat' dir='ltr'><strong>quomodo</strong></span> <span class='ocrx_word' id='word_1_170' title='bbox 791 2457 936 2512; x_wconf 90' lang='lat' dir='ltr'><strong>illum</strong></span> <span class='ocrx_word' id='word_1_171' title='bbox 977 2456 1252 2526; x_wconf 65' lang='lat' dir='ltr'><strong>prophetae</strong></span> <span class='ocrx_word' id='word_1_172' title='bbox 1277 2451 1707 2525; x_wconf 70' lang='lat' dir='ltr'><strong>prtenuntiarint,</strong></span> <span class='ocrx_word' id='word_1_173' title='bbox 1729 2465 1836 2506; x_wconf 91' lang='lat' dir='ltr'><strong>non</strong></span> 
     </span>
    </p>
   </div>
   <div class='ocr_carea' id='block_1_24' title="bbox 234 2548 1837 2618">
    <p class='ocr_par' dir='ltr' id='par_1_24' title="bbox 234 2548 1837 2618">
     <span class='ocr_line' id='line_1_24' title="bbox 234 2548 1837 2618; baseline -0.004 -11"><span class='ocrx_word' id='word_1_174' title='bbox 234 2552 381 2618; x_wconf 87' lang='lat' dir='ltr'><strong>dicit;</strong></span> <span class='ocrx_word' id='word_1_175' title='bbox 406 2554 500 2608; x_wconf 88' lang='lat' dir='ltr'><strong>sed</strong></span> <span class='ocrx_word' id='word_1_176' title='bbox 521 2553 672 2608; x_wconf 90' lang='lat' dir='ltr'><strong>ducit</strong></span> <span class='ocrx_word' id='word_1_177' title='bbox 700 2553 846 2606; x_wconf 91' lang='lat' dir='ltr'><strong>illum</strong></span> <span class='ocrx_word' id='word_1_178' title='bbox 875 2552 941 2606; x_wconf 90' lang='lat' dir='ltr'><strong>ad</strong></span> <span class='ocrx_word' id='word_1_179' title='bbox 971 2551 1177 2616; x_wconf 77' lang='lat' dir='ltr'><strong>Jesnm,</strong></span> <span class='ocrx_word' id='word_1_180' title='bbox 1196 2549 1373 2604; x_wconf 87' lang='lat' dir='ltr'><strong>sciens</strong></span> <span class='ocrx_word' id='word_1_181' title='bbox 1402 2548 1550 2602; x_wconf 90' lang='lat' dir='ltr'><strong>illum</strong></span> <span class='ocrx_word' id='word_1_182' title='bbox 1569 2563 1674 2602; x_wconf 91' lang='lat' dir='ltr'><strong>non</strong></span> <span class='ocrx_word' id='word_1_183' title='bbox 1698 2548 1837 2601; x_wconf 85' lang='lat' dir='ltr'><strong>ultra</strong></span> 
     </span>
    </p>
   </div>
   <div class='ocr_carea' id='block_1_25' title="bbox 235 2642 1836 2710">
    <p class='ocr_par' dir='ltr' id='par_1_25' title="bbox 235 2642 1836 2710">
     <span class='ocr_line' id='line_1_25' title="bbox 235 2642 1836 2710; baseline -0.003 -12"><span class='ocrx_word' id='word_1_184' title='bbox 235 2646 596 2701; x_wconf 87' lang='lat' dir='ltr'><strong>discessurum</strong></span> <span class='ocrx_word' id='word_1_185' title='bbox 621 2661 761 2709; x_wconf 88' lang='lat' dir='ltr'><strong>esse,</strong></span> <span class='ocrx_word' id='word_1_186' title='bbox 791 2645 832 2698; x_wconf 85' lang='lat' dir='ltr'><strong>si</strong></span> <span class='ocrx_word' id='word_1_187' title='bbox 864 2645 1004 2698; x_wconf 92' lang='lat' dir='ltr'><strong>illius</strong></span> <span class='ocrx_word' id='word_1_188' title='bbox 1030 2645 1189 2698; x_wconf 86' lang='lat' dir='ltr'><strong>verba</strong></span> <span class='ocrx_word' id='word_1_189' title='bbox 1213 2642 1626 2710; x_wconf 81' lang='lat' dir='ltr'><strong>doctrinamque</strong></span> <span class='ocrx_word' id='word_1_190' title='bbox 1650 2649 1836 2710; x_wconf 86' lang='lat' dir='ltr'><strong>gusta-</strong></span> 
     </span>
    </p>
   </div>
   <div class='ocr_carea' id='block_1_26' title="bbox 236 2732 1839 2802">
    <p class='ocr_par' dir='ltr' id='par_1_26' title="bbox 236 2732 1839 2802">
     <span class='ocr_line' id='line_1_26' title="bbox 236 2732 1839 2802; baseline -0.004 -9"><span class='ocrx_word' id='word_1_191' title='bbox 236 2749 330 2793; x_wconf 87' lang='lat' dir='ltr'><strong>ret.</strong></span> <span class='ocrx_word' id='word_1_192' title='bbox 358 2739 446 2794; x_wconf 69' lang='grc'><strong>46.</strong></span> <span class='ocrx_word' id='word_1_193' title='bbox 487 2737 558 2791; x_wconf 84' lang='lat' dir='ltr'><strong>Et</strong></span> <span class='ocrx_word' id='word_1_194' title='bbox 589 2739 719 2792; x_wconf 75' lang='lat' dir='ltr'><strong>dixit</strong></span> <span class='ocrx_word' id='word_1_195' title='bbox 750 2739 795 2792; x_wconf 83' lang='lat' dir='ltr'><strong>ei</strong></span> <span class='ocrx_word' id='word_1_196' title='bbox 837 2736 1138 2790; x_wconf 84' lang='lat' dir='ltr'><strong>Nathanael</strong></span> <span class='ocrx_word' id='word_1_197' title='bbox 1161 2752 1180 2789; x_wconf 90' lang='lat'><strong><em>:</em></strong></span> <span class='ocrx_word' id='word_1_198' title='bbox 1209 2736 1250 2788; x_wconf 83' lang='grc' dir='ltr'><em>Α</em></span> <span class='ocrx_word' id='word_1_199' title='bbox 1284 2733 1510 2787; x_wconf 79' lang='lat' dir='ltr'><strong>Nazaret</strong></span> <span class='ocrx_word' id='word_1_200' title='bbox 1542 2742 1706 2802; x_wconf 78' lang='lat' dir='ltr'><strong>potest</strong></span> <span class='ocrx_word' id='word_1_201' title='bbox 1734 2732 1839 2786; x_wconf 90' lang='lat' dir='ltr'><strong>ali-</strong></span> 
     </span>
    </p>
   </div>
   <div class='ocr_carea' id='block_1_27' title="bbox 233 2826 1837 2903">
    <p class='ocr_par' dir='ltr' id='par_1_27' title="bbox 233 2826 1837 2903">
     <span class='ocr_line' id='line_1_27' title="bbox 233 2826 1837 2903; baseline -0.002 -18"><span class='ocrx_word' id='word_1_202' title='bbox 233 2834 349 2903; x_wconf 82' lang='lat' dir='ltr'><strong>quid</strong></span> <span class='ocrx_word' id='word_1_203' title='bbox 375 2833 495 2887; x_wconf 84' lang='lat' dir='ltr'><strong>boni</strong></span> <span class='ocrx_word' id='word_1_204' title='bbox 521 2833 700 2888; x_wconf 73' lang='lat' dir='ltr'><strong>exire?</strong></span> <span class='ocrx_word' id='word_1_205' title='bbox 726 2831 860 2886; x_wconf 81' lang='lat' dir='ltr'><strong>Dicit</strong></span> <span class='ocrx_word' id='word_1_206' title='bbox 886 2832 933 2885; x_wconf 85' lang='lat' dir='ltr'><strong>ei</strong></span> <span class='ocrx_word' id='word_1_207' title='bbox 967 2831 1278 2902; x_wconf 71' lang='lat' dir='ltr'><strong>Philippus:</strong></span> <span class='ocrx_word' id='word_1_208' title='bbox 1314 2827 1458 2891; x_wconf 70' lang='lat' dir='ltr'><strong>Veni,</strong></span> <span class='ocrx_word' id='word_1_209' title='bbox 1501 2837 1546 2882; x_wconf 86' lang='lat' dir='ltr'><strong>et</strong></span> <span class='ocrx_word' id='word_1_210' title='bbox 1585 2828 1714 2881; x_wconf 85' lang='lat' dir='ltr'><strong>vide.</strong></span> <span class='ocrx_word' id='word_1_211' title='bbox 1745 2826 1837 2881; x_wconf 70' lang='grc'><strong>47.</strong></span> 
     </span>
    </p>
   </div>
   <div class='ocr_carea' id='block_1_28' title="bbox 246 2922 1840 2989">
    <p class='ocr_par' dir='ltr' id='par_1_28' title="bbox 246 2922 1840 2989">
     <span class='ocr_line' id='line_1_28' title="bbox 246 2922 1840 2989; baseline -0.003 -9"><span class='ocrx_word' id='word_1_212' title='bbox 246 2925 375 2981; x_wconf 74' lang='lat' dir='ltr'><strong>Vidit</strong></span> <span class='ocrx_word' id='word_1_213' title='bbox 401 2925 565 2982; x_wconf 75' lang='lat' dir='ltr'><strong>Jesus</strong></span> <span class='ocrx_word' id='word_1_214' title='bbox 592 2925 888 2980; x_wconf 85' lang='lat' dir='ltr'><strong>Nathanael</strong></span> <span class='ocrx_word' id='word_1_215' title='bbox 910 2927 1186 2981; x_wconf 78' lang='lat' dir='ltr'><strong>venientem</strong></span> <span class='ocrx_word' id='word_1_216' title='bbox 1213 2925 1279 2978; x_wconf 88' lang='lat' dir='ltr'><strong>ad</strong></span> <span class='ocrx_word' id='word_1_217' title='bbox 1305 2940 1377 2989; x_wconf 87' lang='lat' dir='ltr'><strong>se,</strong></span> <span class='ocrx_word' id='word_1_218' title='bbox 1422 2931 1469 2976; x_wconf 85' lang='lat' dir='ltr'><strong>et</strong></span> <span class='ocrx_word' id='word_1_219' title='bbox 1503 2923 1625 2976; x_wconf 84' lang='lat' dir='ltr'><strong>dicit</strong></span> <span class='ocrx_word' id='word_1_220' title='bbox 1650 2922 1716 2976; x_wconf 86' lang='lat' dir='ltr'><strong>de</strong></span> <span class='ocrx_word' id='word_1_221' title='bbox 1735 2938 1793 2976; x_wconf 88' lang='lat' dir='ltr'><strong>eo</strong></span> <span class='ocrx_word' id='word_1_222' title='bbox 1820 2937 1840 2975; x_wconf 90' lang='lat'><strong><em>:</em></strong></span> 
     </span>
    </p>
   </div>
   <div class='ocr_carea' id='block_1_29' title="bbox 237 3013 1841 3088">
    <p class='ocr_par' dir='ltr' id='par_1_29' title="bbox 237 3013 1841 3088">
     <span class='ocr_line' id='line_1_29' title="bbox 237 3013 1841 3088; baseline -0.002 -16"><span class='ocrx_word' id='word_1_223' title='bbox 237 3018 363 3074; x_wconf 78' lang='lat' dir='ltr'><strong>Ecce</strong></span> <span class='ocrx_word' id='word_1_224' title='bbox 388 3036 504 3074; x_wconf 77' lang='lat' dir='ltr'><strong>vere</strong></span> <span class='ocrx_word' id='word_1_225' title='bbox 532 3017 796 3085; x_wconf 76' lang='lat' dir='ltr'><strong>Israelita,</strong></span> <span class='ocrx_word' id='word_1_226' title='bbox 830 3020 880 3071; x_wconf 88' lang='lat' dir='ltr'><strong>in</strong></span> <span class='ocrx_word' id='word_1_227' title='bbox 910 3035 1011 3088; x_wconf 85' lang='lat' dir='ltr'><strong>quo</strong></span> <span class='ocrx_word' id='word_1_228' title='bbox 1060 3016 1210 3072; x_wconf 81' lang='lat' dir='ltr'><strong>dolus</strong></span> <span class='ocrx_word' id='word_1_229' title='bbox 1235 3034 1337 3070; x_wconf 86' lang='lat' dir='ltr'><strong>non</strong></span> <span class='ocrx_word' id='word_1_230' title='bbox 1363 3025 1457 3070; x_wconf 79' lang='lat' dir='ltr'><strong>est.</strong></span> <span class='ocrx_word' id='word_1_231' title='bbox 1488 3014 1643 3082; x_wconf 85' lang='lat' dir='ltr'><strong>Quod</strong></span> <span class='ocrx_word' id='word_1_232' title='bbox 1666 3013 1841 3068; x_wconf 85' lang='lat' dir='ltr'><strong>dixis-</strong></span> 
     </span>
    </p>
   </div>
   <div class='ocr_carea' id='block_1_30' title="bbox 236 3109 1838 3184">
    <p class='ocr_par' dir='ltr' id='par_1_30' title="bbox 236 3109 1838 3184">
     <span class='ocr_line' id='line_1_30' title="bbox 236 3109 1838 3184; baseline -0.004 -14"><span class='ocrx_word' id='word_1_233' title='bbox 236 3124 330 3177; x_wconf 87' lang='lat' dir='ltr'><strong>set,</strong></span> <span class='ocrx_word' id='word_1_234' title='bbox 359 3116 402 3168; x_wconf 79' lang='grc' dir='ltr'><em>Α</em></span> <span class='ocrx_word' id='word_1_235' title='bbox 427 3113 664 3168; x_wconf 75' lang='lat' dir='ltr'><strong>Nazaret</strong></span> <span class='ocrx_word' id='word_1_236' title='bbox 684 3122 848 3184; x_wconf 85' lang='lat' dir='ltr'><strong>potest</strong></span> <span class='ocrx_word' id='word_1_237' title='bbox 872 3111 1069 3184; x_wconf 82' lang='lat' dir='ltr'><strong>aliquid</strong></span> <span class='ocrx_word' id='word_1_238' title='bbox 1088 3112 1204 3165; x_wconf 83' lang='lat' dir='ltr'><strong>boni</strong></span> <span class='ocrx_word' id='word_1_239' title='bbox 1224 3111 1402 3166; x_wconf 74' lang='lat' dir='ltr'><strong>exire?</strong></span> <span class='ocrx_word' id='word_1_240' title='bbox 1423 3110 1544 3165; x_wconf 84' lang='lat' dir='ltr'><strong>ideo</strong></span> <span class='ocrx_word' id='word_1_241' title='bbox 1568 3109 1838 3164; x_wconf 88' lang='lat' dir='ltr'><strong>hominem</strong></span> 
     </span>
    </p>
   </div>
   <div class='ocr_carea' id='block_1_31' title="bbox 237 3204 1841 3277">
    <p class='ocr_par' dir='ltr' id='par_1_31' title="bbox 237 3204 1841 3277">
     <span class='ocr_line' id='line_1_31' title="bbox 237 3204 1841 3277; baseline -0.002 -16"><span class='ocrx_word' id='word_1_242' title='bbox 237 3208 409 3262; x_wconf 88' lang='lat' dir='ltr'><strong>laudat</strong></span> <span class='ocrx_word' id='word_1_243' title='bbox 436 3217 494 3263; x_wconf 88' lang='lat' dir='ltr'><strong>et</strong></span> <span class='ocrx_word' id='word_1_244' title='bbox 523 3207 770 3262; x_wconf 87' lang='lat' dir='ltr'><strong>miratur.</strong></span> <span class='ocrx_word' id='word_1_245' title='bbox 803 3207 964 3277; x_wconf 84' lang='lat' dir='ltr'><strong>Atqui</strong></span> <span class='ocrx_word' id='word_1_246' title='bbox 998 3205 1324 3261; x_wconf 88' lang='lat' dir='ltr'><strong>incusandus</strong></span> <span class='ocrx_word' id='word_1_247' title='bbox 1368 3205 1546 3276; x_wconf 89' lang='lat' dir='ltr'><strong>potius</strong></span> <span class='ocrx_word' id='word_1_248' title='bbox 1574 3215 1710 3261; x_wconf 89' lang='lat' dir='ltr'><strong>erat.</strong></span> <span class='ocrx_word' id='word_1_249' title='bbox 1741 3204 1841 3259; x_wconf 75' lang='lat' dir='ltr'><strong>lili-</strong></span> 
     </span>
    </p>
   </div>
   <div class='ocr_carea' id='block_1_32' title="bbox 240 3299 1843 3372">
    <p class='ocr_par' dir='ltr' id='par_1_32' title="bbox 240 3299 1843 3372">
     <span class='ocr_line' id='line_1_32' title="bbox 240 3299 1843 3372; baseline 0 -18"><span class='ocrx_word' id='word_1_250' title='bbox 240 3303 394 3358; x_wconf 90' lang='lat' dir='ltr'><strong>nime.</strong></span> <span class='ocrx_word' id='word_1_251' title='bbox 424 3301 617 3372; x_wconf 84' lang='lat' dir='ltr'><strong>Neque</strong></span> <span class='ocrx_word' id='word_1_252' title='bbox 647 3301 794 3356; x_wconf 91' lang='lat' dir='ltr'><strong>enim</strong></span> <span class='ocrx_word' id='word_1_253' title='bbox 819 3300 982 3356; x_wconf 87' lang='lat' dir='ltr'><strong>verba</strong></span> <span class='ocrx_word' id='word_1_254' title='bbox 1022 3315 1132 3354; x_wconf 84' lang='lat' dir='ltr'><strong>non</strong></span> <span class='ocrx_word' id='word_1_255' title='bbox 1159 3299 1432 3355; x_wconf 84' lang='lat' dir='ltr'><strong>credentis</strong></span> <span class='ocrx_word' id='word_1_256' title='bbox 1460 3309 1634 3364; x_wconf 88' lang='lat' dir='ltr'><strong>erant,</strong></span> <span class='ocrx_word' id='word_1_257' title='bbox 1668 3313 1843 3370; x_wconf 91' lang='lat' dir='ltr'><strong>neque</strong></span> 
     </span>
    </p>
   </div>
   <div class='ocr_carea' id='block_1_33' title="bbox 238 3390 1845 3464">
    <p class='ocr_par' dir='ltr' id='par_1_33' title="bbox 238 3390 1845 3464">
     <span class='ocr_line' id='line_1_33' title="bbox 238 3390 1845 3464; baseline 0.001 -18"><span class='ocrx_word' id='word_1_258' title='bbox 238 3395 616 3449; x_wconf 80' lang='lat' dir='ltr'><strong>criminatione</strong></span> <span class='ocrx_word' id='word_1_259' title='bbox 640 3392 818 3464; x_wconf 85' lang='lat' dir='ltr'><strong>digna,</strong></span> <span class='ocrx_word' id='word_1_260' title='bbox 853 3391 950 3447; x_wconf 89' lang='lat' dir='ltr'><strong>sed</strong></span> <span class='ocrx_word' id='word_1_261' title='bbox 989 3390 1168 3448; x_wconf 85' lang='lat' dir='ltr'><strong>laude.</strong></span> <span class='ocrx_word' id='word_1_262' title='bbox 1203 3392 1485 3460; x_wconf 90' lang='lat' dir='ltr'><strong>Quomodo</strong></span> <span class='ocrx_word' id='word_1_263' title='bbox 1526 3402 1582 3448; x_wconf 87' lang='lat' dir='ltr'><strong>et</strong></span> <span class='ocrx_word' id='word_1_264' title='bbox 1625 3409 1728 3464; x_wconf 91' lang='lat' dir='ltr'><strong>qua</strong></span> <span class='ocrx_word' id='word_1_265' title='bbox 1758 3408 1845 3448; x_wconf 89' lang='lat' dir='ltr'><strong>ra-</strong></span> 
     </span>
    </p>
   </div>
   <div class='ocr_carea' id='block_1_34' title="bbox 242 3486 1844 3558">
    <p class='ocr_par' dir='ltr' id='par_1_34' title="bbox 242 3486 1844 3558">
     <span class='ocr_line' id='line_1_34' title="bbox 242 3486 1844 3558; baseline 0.001 -19"><span class='ocrx_word' id='word_1_266' title='bbox 242 3489 412 3545; x_wconf 84' lang='lat' dir='ltr'><strong>tione?</strong></span> <span class='ocrx_word' id='word_1_267' title='bbox 440 3487 581 3558; x_wconf 87' lang='lat' dir='ltr'><strong>Quia</strong></span> <span class='ocrx_word' id='word_1_268' title='bbox 623 3486 712 3542; x_wconf 90' lang='lat' dir='ltr'><strong>hic</strong></span> <span class='ocrx_word' id='word_1_269' title='bbox 739 3487 910 3558; x_wconf 80' lang='lat' dir='ltr'><strong>magis</strong></span> <span class='ocrx_word' id='word_1_270' title='bbox 936 3501 1096 3557; x_wconf 91' lang='lat' dir='ltr'><strong>quam</strong></span> <span class='ocrx_word' id='word_1_271' title='bbox 1125 3486 1405 3556; x_wconf 88' lang='lat' dir='ltr'><strong>Philipptts</strong></span> <span class='ocrx_word' id='word_1_272' title='bbox 1435 3487 1487 3540; x_wconf 93' lang='lat' dir='ltr'><strong>in</strong></span> <span class='ocrx_word' id='word_1_273' title='bbox 1517 3486 1844 3556; x_wconf 79' lang='lat' dir='ltr'><strong>prapheticis</strong></span> 
     </span>
    </p>
   </div>
   <div class='ocr_carea' id='block_1_35' title="bbox 239 3578 1842 3648">
    <p class='ocr_par' dir='ltr' id='par_1_35' title="bbox 239 3578 1842 3648">
     <span class='ocr_line' id='line_1_35' title="bbox 239 3578 1842 3648; baseline -0.001 -13"><span class='ocrx_word' id='word_1_274' title='bbox 239 3590 477 3636; x_wconf 84' lang='lat' dir='ltr'><strong>versatus</strong></span> <span class='ocrx_word' id='word_1_275' title='bbox 503 3588 646 3636; x_wconf 87' lang='lat' dir='ltr'><strong>erat.</strong></span> <span class='ocrx_word' id='word_1_276' title='bbox 680 3578 940 3634; x_wconf 83' lang='lat' dir='ltr'><strong>Audierat</strong></span> <span class='ocrx_word' id='word_1_277' title='bbox 964 3578 1108 3634; x_wconf 91' lang='lat' dir='ltr'><strong>enim</strong></span> <span class='ocrx_word' id='word_1_278' title='bbox 1152 3594 1216 3633; x_wconf 85' lang='lat' dir='ltr'><strong>ex</strong></span> <span class='ocrx_word' id='word_1_279' title='bbox 1246 3579 1538 3648; x_wconf 89' lang='lat' dir='ltr'><strong>Scripturis</strong></span> <span class='ocrx_word' id='word_1_280' title='bbox 1569 3579 1842 3635; x_wconf 88' lang='lat' dir='ltr'><strong>Christum</strong></span> 
     </span>
    </p>
   </div>
   <div class='ocr_carea' id='block_1_36' title="bbox 240 3671 1845 3743">
    <p class='ocr_par' dir='ltr' id='par_1_36' title="bbox 240 3671 1845 3743">
     <span class='ocr_line' id='line_1_36' title="bbox 240 3671 1845 3743; baseline 0.002 -17"><span class='ocrx_word' id='word_1_281' title='bbox 240 3687 297 3726; x_wconf 76' lang='lat' dir='ltr'><strong>ex</strong></span> <span class='ocrx_word' id='word_1_282' title='bbox 329 3671 654 3728; x_wconf 87' lang='lat' dir='ltr'><strong>Bethlehem</strong></span> <span class='ocrx_word' id='word_1_283' title='bbox 682 3671 942 3726; x_wconf 80' lang='lat' dir='ltr'><strong>oriturum</strong></span> <span class='ocrx_word' id='word_1_284' title='bbox 977 3686 1118 3735; x_wconf 87' lang='lat' dir='ltr'><strong>esse,</strong></span> <span class='ocrx_word' id='word_1_285' title='bbox 1149 3680 1204 3726; x_wconf 77' lang='lat' dir='ltr'><strong>et</strong></span> <span class='ocrx_word' id='word_1_286' title='bbox 1229 3687 1291 3727; x_wconf 81' lang='lat' dir='ltr'><strong>ex</strong></span> <span class='ocrx_word' id='word_1_287' title='bbox 1321 3673 1438 3727; x_wconf 88' lang='lat' dir='ltr'><strong>vico</strong></span> <span class='ocrx_word' id='word_1_288' title='bbox 1462 3673 1512 3726; x_wconf 92' lang='lat' dir='ltr'><strong>in</strong></span> <span class='ocrx_word' id='word_1_289' title='bbox 1539 3688 1646 3743; x_wconf 93' lang='lat' dir='ltr'><strong>quo</strong></span> <span class='ocrx_word' id='word_1_290' title='bbox 1674 3673 1845 3729; x_wconf 81' lang='lat' dir='ltr'><strong>fuerat</strong></span> 
     </span>
    </p>
   </div>
   <div class='ocr_carea' id='block_1_37' title="bbox 243 3763 1845 3835">
    <p class='ocr_par' dir='ltr' id='par_1_37' title="bbox 243 3763 1845 3835">
     <span class='ocr_line' id='line_1_37' title="bbox 243 3763 1845 3835; baseline 0.002 -19"><span class='ocrx_word' id='word_1_291' title='bbox 243 3764 420 3820; x_wconf 82' lang='lat' dir='ltr'><strong>David.</strong></span> <span class='ocrx_word' id='word_1_292' title='bbox 443 3765 522 3820; x_wconf 85' lang='lat' dir='ltr'><strong>Ea</strong></span> <span class='ocrx_word' id='word_1_293' title='bbox 553 3765 734 3835; x_wconf 88' lang='lat' dir='ltr'><strong>itaque</strong></span> <span class='ocrx_word' id='word_1_294' title='bbox 751 3765 889 3818; x_wconf 79' lang='lat' dir='ltr'><strong>fama</strong></span> <span class='ocrx_word' id='word_1_295' title='bbox 915 3763 1052 3832; x_wconf 89' lang='lat' dir='ltr'><strong>apud</strong></span> <span class='ocrx_word' id='word_1_296' title='bbox 1080 3764 1294 3818; x_wconf 64' lang='lat' dir='ltr'><strong>Judacos</strong></span> <span class='ocrx_word' id='word_1_297' title='bbox 1322 3765 1618 3829; x_wconf 87' lang='lat' dir='ltr'><strong>obtinebat,</strong></span> <span class='ocrx_word' id='word_1_298' title='bbox 1639 3777 1691 3819; x_wconf 90' lang='lat' dir='ltr'><strong>et</strong></span> <span class='ocrx_word' id='word_1_299' title='bbox 1718 3781 1845 3835; x_wconf 91' lang='lat' dir='ltr'><strong>pro-</strong></span> 
     </span>
    </p>
   </div>
   <div class='ocr_carea' id='block_1_38' title="bbox 243 3854 1846 3924">
    <p class='ocr_par' dir='ltr' id='par_1_38' title="bbox 243 3854 1846 3924">
     <span class='ocr_line' id='line_1_38' title="bbox 243 3854 1846 3924; baseline 0.002 -16"><span class='ocrx_word' id='word_1_300' title='bbox 243 3854 393 3922; x_wconf 81' lang='lat' dir='ltr'><strong>pheta</strong></span> <span class='ocrx_word' id='word_1_301' title='bbox 419 3857 558 3910; x_wconf 89' lang='lat' dir='ltr'><strong>olim</strong></span> <span class='ocrx_word' id='word_1_302' title='bbox 593 3855 983 3924; x_wconf 76' lang='lat' dir='ltr'><strong>przrdicaverat</strong></span> <span class='ocrx_word' id='word_1_303' title='bbox 1011 3855 1092 3910; x_wconf 91' lang='lat' dir='ltr'><strong>his</strong></span> <span class='ocrx_word' id='word_1_304' title='bbox 1126 3856 1336 3910; x_wconf 92' lang='lat' dir='ltr'><strong>verbis:</strong></span> <span class='ocrx_word' id='word_1_305' title='bbox 1363 3856 1428 3908; x_wconf 87' lang='lat' dir='ltr'><strong>Et</strong></span> <span class='ocrx_word' id='word_1_306' title='bbox 1464 3867 1518 3910; x_wconf 85' lang='lat' dir='ltr'><strong>tu</strong></span> <span class='ocrx_word' id='word_1_307' title='bbox 1549 3855 1846 3914; x_wconf 87' lang='lat' dir='ltr'><strong>Bethlehem</strong></span> 
     </span>
    </p>
   </div>
   <div class='ocr_carea' id='block_1_39' title="bbox 241 3946 1847 4019">
    <p class='ocr_par' dir='ltr' id='par_1_39' title="bbox 241 3946 1847 4019">
     <span class='ocr_line' id='line_1_39' title="bbox 241 3946 1847 4019; baseline 0.002 -20"><span class='ocrx_word' id='word_1_308' title='bbox 241 3964 565 4019; x_wconf 82' lang='lat' dir='ltr'><strong>nequaquam</strong></span> <span class='ocrx_word' id='word_1_309' title='bbox 602 3947 813 4000; x_wconf 86' lang='lat' dir='ltr'><strong>minima</strong></span> <span class='ocrx_word' id='word_1_310' title='bbox 841 3963 892 4000; x_wconf 85' lang='lat' dir='ltr'><strong>es</strong></span> <span class='ocrx_word' id='word_1_311' title='bbox 919 3947 970 3999; x_wconf 89' lang='lat' dir='ltr'><strong>in</strong></span> <span class='ocrx_word' id='word_1_312' title='bbox 999 3947 1312 4016; x_wconf 81' lang='lat' dir='ltr'><strong>principibus</strong></span> <span class='ocrx_word' id='word_1_313' title='bbox 1338 3946 1370 4000; x_wconf 87' lang='lat' dir='ltr'><em>J</em></span> <span class='ocrx_word' id='word_1_314' title='bbox 1379 3948 1516 4001; x_wconf 86' lang='lat' dir='ltr'><strong>uda:</strong></span> <span class='ocrx_word' id='word_1_315' title='bbox 1540 3966 1602 4002; x_wconf 81' lang='lat' dir='ltr'><strong>ea:</strong></span> <span class='ocrx_word' id='word_1_316' title='bbox 1639 3959 1685 4004; x_wconf 86' lang='lat' dir='ltr'><strong>te</strong></span> <span class='ocrx_word' id='word_1_317' title='bbox 1713 3952 1847 4005; x_wconf 88' lang='lat' dir='ltr'><strong>enim</strong></span> 
     </span>
    </p>
   </div>
   <div class='ocr_carea' id='block_1_40' title="bbox 241 4040 1849 4112">
    <p class='ocr_par' dir='ltr' id='par_1_40' title="bbox 241 4040 1849 4112">
     <span class='ocr_line' id='line_1_40' title="bbox 241 4040 1849 4112; baseline 0.003 -19"><span class='ocrx_word' id='word_1_318' title='bbox 241 4043 360 4095; x_wconf 64' lang='lat' dir='ltr'><strong>(siet</strong></span> <span class='ocrx_word' id='word_1_319' title='bbox 387 4043 498 4096; x_wconf 73' lang='lat' dir='ltr'><strong>dna:</strong></span> <span class='ocrx_word' id='word_1_320' title='bbox 527 4042 617 4111; x_wconf 82' lang='lat' dir='ltr'><strong>qui</strong></span> <span class='ocrx_word' id='word_1_321' title='bbox 642 4049 782 4112; x_wconf 84' lang='lat' dir='ltr'><strong>regat</strong></span> <span class='ocrx_word' id='word_1_322' title='bbox 814 4041 1060 4110; x_wconf 83' lang='lat' dir='ltr'><strong>populum</strong></span> <span class='ocrx_word' id='word_1_323' title='bbox 1090 4059 1253 4094; x_wconf 86' lang='lat' dir='ltr'><strong>meum</strong></span> <span class='ocrx_word' id='word_1_324' title='bbox 1280 4040 1447 4096; x_wconf 87' lang='lat' dir='ltr'><strong>Israel</strong></span> <span class='ocrx_word' id='word_1_325' title='bbox 1475 4041 1673 4111; x_wconf 78' lang='lat' dir='ltr'><strong>(Mich.</strong></span> <span class='ocrx_word' id='word_1_326' title='bbox 1704 4045 1756 4100; x_wconf 84' lang='lat'><strong>5.</strong></span> <span class='ocrx_word' id='word_1_327' title='bbox 1789 4045 1849 4103; x_wconf 72' lang='lat'><strong>2.</strong></span> 
     </span>
    </p>
   </div>
   <div class='ocr_carea' id='block_1_41' title="bbox 243 4131 1848 4206">
    <p class='ocr_par' dir='ltr' id='par_1_41' title="bbox 243 4131 1848 4206">
     <span class='ocr_line' id='line_1_41' title="bbox 243 4131 1848 4206; baseline 0.005 -20"><span class='ocrx_word' id='word_1_328' title='bbox 243 4133 427 4189; x_wconf 75' lang='lat' dir='ltr'><strong>Matth.</strong></span> <span class='ocrx_word' id='word_1_329' title='bbox 463 4135 521 4188; x_wconf 73' lang='lat'><strong>2.</strong></span> <span class='ocrx_word' id='word_1_330' title='bbox 546 4133 602 4190; x_wconf 89' lang='lat'><strong>6.</strong></span> <span class='ocrx_word' id='word_1_331' title='bbox 636 4131 796 4188; x_wconf 83' lang='lat' dir='ltr'><strong>Joan.</strong></span> <span class='ocrx_word' id='word_1_332' title='bbox 821 4135 874 4188; x_wconf 87' lang='lat'><strong>&#39;7.</strong></span> <span class='ocrx_word' id='word_1_333' title='bbox 905 4133 1024 4206; x_wconf 70' lang='lat'><strong>42).</strong></span> <span class='ocrx_word' id='word_1_334' title='bbox 1047 4133 1180 4191; x_wconf 88' lang='lat' dir='ltr'><strong>Cum</strong></span> <span class='ocrx_word' id='word_1_335' title='bbox 1210 4135 1451 4190; x_wconf 88' lang='lat' dir='ltr'><strong>audisset</strong></span> <span class='ocrx_word' id='word_1_336' title='bbox 1470 4151 1598 4206; x_wconf 85' lang='lat' dir='ltr'><strong>ergo</strong></span> <span class='ocrx_word' id='word_1_337' title='bbox 1617 4153 1648 4192; x_wconf 90' lang='lat' dir='ltr'><strong>a</strong></span> <span class='ocrx_word' id='word_1_338' title='bbox 1678 4137 1848 4194; x_wconf 81' lang='lat' dir='ltr'><strong>Naza-</strong></span> 
     </span>
    </p>
   </div>
   <div class='ocr_carea' id='block_1_42' title="bbox 241 4231 1850 4304">
    <p class='ocr_par' dir='ltr' id='par_1_42' title="bbox 241 4231 1850 4304">
     <span class='ocr_line' id='line_1_42' title="bbox 241 4231 1850 4304; baseline 0.006 -23"><span class='ocrx_word' id='word_1_339' title='bbox 241 4239 319 4284; x_wconf 83' lang='lat' dir='ltr'><strong>rct</strong></span> <span class='ocrx_word' id='word_1_340' title='bbox 348 4245 494 4296; x_wconf 83' lang='lat' dir='ltr'><strong>esse,</strong></span> <span class='ocrx_word' id='word_1_341' title='bbox 528 4232 775 4285; x_wconf 90' lang='lat' dir='ltr'><strong>turbatus</strong></span> <span class='ocrx_word' id='word_1_342' title='bbox 799 4236 882 4285; x_wconf 86' lang='lat' dir='ltr'><strong>est</strong></span> <span class='ocrx_word' id='word_1_343' title='bbox 907 4241 962 4285; x_wconf 90' lang='lat' dir='ltr'><strong>et</strong></span> <span class='ocrx_word' id='word_1_344' title='bbox 986 4231 1264 4297; x_wconf 84' lang='lat' dir='ltr'><strong>dubitavit,</strong></span> <span class='ocrx_word' id='word_1_345' title='bbox 1297 4232 1437 4302; x_wconf 88' lang='lat' dir='ltr'><strong>quod</strong></span> <span class='ocrx_word' id='word_1_346' title='bbox 1469 4233 1701 4304; x_wconf 82' lang='lat' dir='ltr'><strong>Philippi</strong></span> <span class='ocrx_word' id='word_1_347' title='bbox 1731 4251 1850 4291; x_wconf 88' lang='lat' dir='ltr'><strong>ver-</strong></span> 
     </span>
    </p>
   </div>
   <div class='ocr_carea' id='block_1_43' title="bbox 243 4322 1850 4393">
    <p class='ocr_par' dir='ltr' id='par_1_43' title="bbox 243 4322 1850 4393">
     <span class='ocr_line' id='line_1_43' title="bbox 243 4322 1850 4393; baseline 0.007 -19"><span class='ocrx_word' id='word_1_348' title='bbox 243 4323 299 4374; x_wconf 71' lang='grc' dir='ltr'>ιη</span> <span class='ocrx_word' id='word_1_349' title='bbox 327 4339 450 4378; x_wconf 88' lang='lat' dir='ltr'><strong>cum</strong></span> <span class='ocrx_word' id='word_1_350' title='bbox 487 4322 804 4393; x_wconf 90' lang='lat' dir='ltr'><strong>prophetica</strong></span> <span class='ocrx_word' id='word_1_351' title='bbox 836 4322 1184 4391; x_wconf 84' lang='lat' dir='ltr'><strong>praedictione</strong></span> <span class='ocrx_word' id='word_1_352' title='bbox 1226 4340 1331 4379; x_wconf 90' lang='lat' dir='ltr'><strong>non</strong></span> <span class='ocrx_word' id='word_1_353' title='bbox 1373 4340 1675 4384; x_wconf 84' lang='lat' dir='ltr'><strong>consonare</strong></span> <span class='ocrx_word' id='word_1_354' title='bbox 1701 4329 1850 4385; x_wconf 88' lang='lat' dir='ltr'><strong>vide-</strong></span> 
     </span>
    </p>
   </div>
   <div class='ocr_carea' id='block_1_44' title="bbox 244 4416 1851 4491">
    <p class='ocr_par' dir='ltr' id='par_1_44' title="bbox 244 4416 1851 4491">
     <span class='ocr_line' id='line_1_44' title="bbox 244 4416 1851 4491; baseline 0.007 -26"><span class='ocrx_word' id='word_1_355' title='bbox 244 4427 335 4469; x_wconf 81' lang='lat' dir='ltr'><strong>ict.</strong></span> <span class='ocrx_word' id='word_1_356' title='bbox 369 4416 762 4471; x_wconf 82' lang='lat' dir='ltr'><strong>Animadverte</strong></span> <span class='ocrx_word' id='word_1_357' title='bbox 790 4425 968 4470; x_wconf 90' lang='lat' dir='ltr'><strong>autem</strong></span> <span class='ocrx_word' id='word_1_358' title='bbox 1001 4416 1118 4485; x_wconf 88' lang='lat' dir='ltr'><strong>ejus</strong></span> <span class='ocrx_word' id='word_1_359' title='bbox 1142 4417 1193 4471; x_wconf 91' lang='lat' dir='ltr'><strong>in</strong></span> <span class='ocrx_word' id='word_1_360' title='bbox 1225 4418 1335 4487; x_wconf 90' lang='lat' dir='ltr'><strong>ipsa</strong></span> <span class='ocrx_word' id='word_1_361' title='bbox 1359 4418 1693 4476; x_wconf 78' lang='lat' dir='ltr'><strong>dubitatione</strong></span> <span class='ocrx_word' id='word_1_362' title='bbox 1725 4437 1851 4491; x_wconf 81' lang='lat' dir='ltr'><strong>pru-</strong></span> 
     </span>
    </p>
   </div>
   <div class='ocr_carea' id='block_1_45' title="bbox 240 4508 1849 4580">
    <p class='ocr_par' dir='ltr' id='par_1_45' title="bbox 240 4508 1849 4580">
     <span class='ocr_line' id='line_1_45' title="bbox 240 4508 1849 4580; baseline 0.004 -17"><span class='ocrx_word' id='word_1_363' title='bbox 240 4510 478 4564; x_wconf 84' lang='lat' dir='ltr'><strong>dentiam</strong></span> <span class='ocrx_word' id='word_1_364' title='bbox 513 4508 965 4580; x_wconf 87' lang='lat' dir='ltr'><strong>modestiamque.</strong></span> <span class='ocrx_word' id='word_1_365' title='bbox 1006 4509 1123 4566; x_wconf 85' lang='lat' dir='ltr'><strong>Non</strong></span> <span class='ocrx_word' id='word_1_366' title='bbox 1167 4511 1310 4565; x_wconf 86' lang='lat' dir='ltr'><strong>enim</strong></span> <span class='ocrx_word' id='word_1_367' title='bbox 1351 4512 1530 4567; x_wconf 84' lang='lat' dir='ltr'><strong>statim</strong></span> <span class='ocrx_word' id='word_1_368' title='bbox 1582 4513 1739 4579; x_wconf 85' lang='lat' dir='ltr'><strong>dixit,</strong></span> <span class='ocrx_word' id='word_1_369' title='bbox 1769 4515 1849 4571; x_wconf 83' lang='lat' dir='ltr'><strong>Me</strong></span> 
     </span>
    </p>
   </div>
   <div class='ocr_carea' id='block_1_46' title="bbox 244 4603 1846 4672">
    <p class='ocr_par' dir='ltr' id='par_1_46' title="bbox 244 4603 1846 4672">
     <span class='ocr_line' id='line_1_46' title="bbox 244 4603 1846 4672; baseline 0.006 -16"><span class='ocrx_word' id='word_1_370' title='bbox 244 4604 399 4670; x_wconf 77' lang='lat' dir='ltr'><strong>fallis,</strong></span> <span class='ocrx_word' id='word_1_371' title='bbox 425 4619 462 4659; x_wconf 95' lang='lat' dir='ltr'><strong>o</strong></span> <span class='ocrx_word' id='word_1_372' title='bbox 497 4603 765 4672; x_wconf 85' lang='lat' dir='ltr'><strong>Philippe,</strong></span> <span class='ocrx_word' id='word_1_373' title='bbox 796 4613 852 4658; x_wconf 85' lang='lat' dir='ltr'><strong>et</strong></span> <span class='ocrx_word' id='word_1_374' title='bbox 882 4603 1159 4659; x_wconf 89' lang='lat' dir='ltr'><strong>mentiris:</strong></span> <span class='ocrx_word' id='word_1_375' title='bbox 1186 4621 1293 4660; x_wconf 92' lang='lat' dir='ltr'><strong>non</strong></span> <span class='ocrx_word' id='word_1_376' title='bbox 1315 4605 1500 4671; x_wconf 90' lang='lat' dir='ltr'><strong>credo,</strong></span> <span class='ocrx_word' id='word_1_377' title='bbox 1530 4623 1637 4662; x_wconf 87' lang='lat' dir='ltr'><strong>non</strong></span> <span class='ocrx_word' id='word_1_378' title='bbox 1656 4608 1846 4665; x_wconf 90' lang='lat' dir='ltr'><strong>adibo:</strong></span> 
     </span>
    </p>
   </div>
   <div class='ocr_carea' id='block_1_47' title="bbox 241 4695 1849 4768">
    <p class='ocr_par' dir='ltr' id='par_1_47' title="bbox 241 4695 1849 4768">
     <span class='ocr_line' id='line_1_47' title="bbox 241 4695 1849 4768; baseline 0.004 -18"><span class='ocrx_word' id='word_1_379' title='bbox 241 4712 266 4750; x_wconf 83' lang='lat' dir='ltr'><strong>a</strong></span> <span class='ocrx_word' id='word_1_380' title='bbox 301 4697 590 4768; x_wconf 86' lang='lat' dir='ltr'><strong>prophetis</strong></span> <span class='ocrx_word' id='word_1_381' title='bbox 620 4696 780 4750; x_wconf 84' lang='lat' dir='ltr'><strong>didici</strong></span> <span class='ocrx_word' id='word_1_382' title='bbox 811 4695 1082 4751; x_wconf 86' lang='lat' dir='ltr'><strong>Christum</strong></span> <span class='ocrx_word' id='word_1_383' title='bbox 1127 4713 1157 4751; x_wconf 88' lang='lat' dir='ltr'><strong>a</strong></span> <span class='ocrx_word' id='word_1_384' title='bbox 1207 4698 1516 4754; x_wconf 86' lang='lat' dir='ltr'><strong>Bethlehem</strong></span> <span class='ocrx_word' id='word_1_385' title='bbox 1564 4709 1849 4756; x_wconf 89' lang='lat' dir='ltr'><strong>venturum</strong></span> 
     </span>
    </p>
   </div>
   <div class='ocr_carea' id='block_1_48' title="bbox 242 4788 1854 4863">
    <p class='ocr_par' dir='ltr' id='par_1_48' title="bbox 242 4788 1854 4863">
     <span class='ocr_line' id='line_1_48' title="bbox 242 4788 1854 4863; baseline 0.002 -17"><span class='ocrx_word' id='word_1_386' title='bbox 242 4807 383 4855; x_wconf 85' lang='lat' dir='ltr'><strong>esse,</strong></span> <span class='ocrx_word' id='word_1_387' title='bbox 410 4801 472 4846; x_wconf 88' lang='lat' dir='ltr'><strong>et</strong></span> <span class='ocrx_word' id='word_1_388' title='bbox 495 4800 549 4844; x_wconf 91' lang='lat' dir='ltr'><strong>tu</strong></span> <span class='ocrx_word' id='word_1_389' title='bbox 581 4790 736 4850; x_wconf 85' lang='lat' dir='ltr'><strong>dicis.</strong></span> <span class='ocrx_word' id='word_1_390' title='bbox 769 4805 797 4842; x_wconf 91' lang='lat' dir='ltr'><strong>a</strong></span> <span class='ocrx_word' id='word_1_391' title='bbox 828 4788 1088 4845; x_wconf 75' lang='lat' dir='ltr'><strong>Nazaret:</strong></span> <span class='ocrx_word' id='word_1_392' title='bbox 1115 4807 1246 4861; x_wconf 89' lang='lat' dir='ltr'><strong>ergo</strong></span> <span class='ocrx_word' id='word_1_393' title='bbox 1267 4809 1373 4847; x_wconf 86' lang='lat' dir='ltr'><strong>non</strong></span> <span class='ocrx_word' id='word_1_394' title='bbox 1404 4793 1446 4847; x_wconf 93' lang='lat' dir='ltr'><strong>is</strong></span> <span class='ocrx_word' id='word_1_395' title='bbox 1475 4795 1590 4863; x_wconf 57' lang='lat' dir='ltr'><strong>ipse</strong></span> <span class='ocrx_word' id='word_1_396' title='bbox 1621 4803 1723 4849; x_wconf 90' lang='lat' dir='ltr'><strong>est.</strong></span> <span class='ocrx_word' id='word_1_397' title='bbox 1751 4793 1854 4849; x_wconf 80' lang='lat' dir='ltr'><strong>Ve-</strong></span> 
     </span>
    </p>
   </div>
   <div class='ocr_carea' id='block_1_49' title="bbox 245 4881 1849 4956">
    <p class='ocr_par' dir='ltr' id='par_1_49' title="bbox 245 4881 1849 4956">
     <span class='ocr_line' id='line_1_49' title="bbox 245 4881 1849 4956; baseline 0.002 -19"><span class='ocrx_word' id='word_1_398' title='bbox 245 4899 360 4937; x_wconf 83' lang='lat' dir='ltr'><strong>rum</strong></span> <span class='ocrx_word' id='word_1_399' title='bbox 393 4882 532 4938; x_wconf 86' lang='lat' dir='ltr'><strong>nihil</strong></span> <span class='ocrx_word' id='word_1_400' title='bbox 560 4882 734 4936; x_wconf 90' lang='lat' dir='ltr'><strong>simile</strong></span> <span class='ocrx_word' id='word_1_401' title='bbox 760 4881 922 4947; x_wconf 74' lang='lat' dir='ltr'><strong>dixit;</strong></span> <span class='ocrx_word' id='word_1_402' title='bbox 958 4882 1051 4937; x_wconf 87' lang='lat' dir='ltr'><strong>sed</strong></span> <span class='ocrx_word' id='word_1_403' title='bbox 1081 4883 1246 4952; x_wconf 87' lang='lat' dir='ltr'><strong>quid?</strong></span> <span class='ocrx_word' id='word_1_404' title='bbox 1289 4884 1413 4938; x_wconf 85' lang='lat' dir='ltr'><strong>Adit</strong></span> <span class='ocrx_word' id='word_1_405' title='bbox 1440 4885 1594 4939; x_wconf 87' lang='lat' dir='ltr'><strong>illum</strong></span> <span class='ocrx_word' id='word_1_406' title='bbox 1618 4896 1672 4940; x_wconf 89' lang='lat' dir='ltr'><strong>ct</strong></span> <span class='ocrx_word' id='word_1_407' title='bbox 1702 4888 1849 4956; x_wconf 87' lang='lat' dir='ltr'><strong>ipse;</strong></span> 
     </span>
    </p>
   </div>
   <div class='ocr_carea' id='block_1_50' title="bbox 245 4973 1848 5042">
    <p class='ocr_par' dir='ltr' id='par_1_50' title="bbox 245 4973 1848 5042">
     <span class='ocr_line' id='line_1_50' title="bbox 245 4973 1848 5042; baseline 0.004 -15"><span class='ocrx_word' id='word_1_408' title='bbox 245 4991 305 5031; x_wconf 85' lang='lat' dir='ltr'><strong>ac</strong></span> <span class='ocrx_word' id='word_1_409' title='bbox 335 4976 472 5030; x_wconf 87' lang='lat' dir='ltr'><strong>dum</strong></span> <span class='ocrx_word' id='word_1_410' title='bbox 507 4989 613 5028; x_wconf 87' lang='lat' dir='ltr'><strong>non</strong></span> <span class='ocrx_word' id='word_1_411' title='bbox 642 4973 878 5029; x_wconf 87' lang='lat' dir='ltr'><strong>admittit</strong></span> <span class='ocrx_word' id='word_1_412' title='bbox 903 4990 1026 5029; x_wconf 91' lang='lat' dir='ltr'><strong>eum</strong></span> <span class='ocrx_word' id='word_1_413' title='bbox 1057 4990 1087 5030; x_wconf 92' lang='lat' dir='ltr'><strong>a</strong></span> <span class='ocrx_word' id='word_1_414' title='bbox 1110 4975 1337 5030; x_wconf 85' lang='lat' dir='ltr'><strong>Nazaret</strong></span> <span class='ocrx_word' id='word_1_415' title='bbox 1367 4993 1509 5042; x_wconf 88' lang='lat' dir='ltr'><strong>esse,</strong></span> <span class='ocrx_word' id='word_1_416' title='bbox 1541 4991 1848 5034; x_wconf 86' lang='lat' dir='ltr'><strong>accuratum</strong></span> 
     </span>
    </p>
   </div>
   <div class='ocr_carea' id='block_1_51' title="bbox 245 5066 1853 5138">
    <p class='ocr_par' dir='ltr' id='par_1_51' title="bbox 245 5066 1853 5138">
     <span class='ocr_line' id='line_1_51' title="bbox 245 5066 1853 5138; baseline 0.001 -15"><span class='ocrx_word' id='word_1_417' title='bbox 245 5067 656 5138; x_wconf 85' lang='lat' dir='ltr'><strong>Seripturarum</strong></span> <span class='ocrx_word' id='word_1_418' title='bbox 688 5066 923 5121; x_wconf 91' lang='lat' dir='ltr'><strong>studium</strong></span> <span class='ocrx_word' id='word_1_419' title='bbox 951 5068 1206 5133; x_wconf 86' lang='lat' dir='ltr'><strong>ostendit,</strong></span> <span class='ocrx_word' id='word_1_420' title='bbox 1238 5076 1293 5122; x_wconf 91' lang='lat' dir='ltr'><strong>et</strong></span> <span class='ocrx_word' id='word_1_421' title='bbox 1323 5083 1501 5123; x_wconf 86' lang='lat' dir='ltr'><strong>mores</strong></span> <span class='ocrx_word' id='word_1_422' title='bbox 1529 5083 1656 5124; x_wconf 87' lang='lat' dir='ltr'><strong>suos</strong></span> <span class='ocrx_word' id='word_1_423' title='bbox 1697 5070 1853 5125; x_wconf 87' lang='lat' dir='ltr'><strong>l‘alla-</strong></span> 
     </span>
    </p>
   </div>
   <div class='ocr_carea' id='block_1_52' title="bbox 245 5159 1851 5230">
    <p class='ocr_par' dir='ltr' id='par_1_52' title="bbox 245 5159 1851 5230">
     <span class='ocr_line' id='line_1_52' title="bbox 245 5159 1851 5230; baseline 0.002 -13"><span class='ocrx_word' id='word_1_424' title='bbox 245 5163 343 5217; x_wconf 73' lang='lat' dir='ltr'><strong>cia:</strong></span> <span class='ocrx_word' id='word_1_425' title='bbox 375 5177 489 5216; x_wconf 87' lang='lat' dir='ltr'><strong>non</strong></span> <span class='ocrx_word' id='word_1_426' title='bbox 521 5159 819 5226; x_wconf 78' lang='lat' dir='ltr'><strong>obnoxios;</strong></span> <span class='ocrx_word' id='word_1_427' title='bbox 853 5161 992 5230; x_wconf 92' lang='lat' dir='ltr'><strong>quod</strong></span> <span class='ocrx_word' id='word_1_428' title='bbox 1021 5171 1199 5216; x_wconf 87' lang='lat' dir='ltr'><strong>autem</strong></span> <span class='ocrx_word' id='word_1_429' title='bbox 1229 5162 1345 5217; x_wconf 76' lang='lat' dir='ltr'><strong>hznc</strong></span> <span class='ocrx_word' id='word_1_430' title='bbox 1373 5164 1709 5218; x_wconf 83' lang='lat' dir='ltr'><strong>nuntiantem</strong></span> <span class='ocrx_word' id='word_1_431' title='bbox 1747 5181 1851 5221; x_wconf 88' lang='lat' dir='ltr'><strong>non</strong></span> 
     </span>
    </p>
   </div>
   <div class='ocr_carea' id='block_1_53' title="bbox 248 5252 1853 5324">
    <p class='ocr_par' dir='ltr' id='par_1_53' title="bbox 248 5252 1853 5324">
     <span class='ocr_line' id='line_1_53' title="bbox 248 5252 1853 5324; baseline 0.002 -16"><span class='ocrx_word' id='word_1_432' title='bbox 248 5263 492 5324; x_wconf 79' lang='lat' dir='ltr'><strong>respuat,</strong></span> <span class='ocrx_word' id='word_1_433' title='bbox 523 5267 774 5324; x_wconf 84' lang='lat' dir='ltr'><strong>magnum</strong></span> <span class='ocrx_word' id='word_1_434' title='bbox 804 5252 1002 5308; x_wconf 79' lang='lat' dir='ltr'><strong>Christi</strong></span> <span class='ocrx_word' id='word_1_435' title='bbox 1049 5255 1308 5308; x_wconf 85' lang='lat' dir='ltr'><strong>adventus</strong></span> <span class='ocrx_word' id='word_1_436' title='bbox 1339 5255 1664 5309; x_wconf 87' lang='lat' dir='ltr'><strong>desiderium</strong></span> <span class='ocrx_word' id='word_1_437' title='bbox 1697 5256 1853 5311; x_wconf 76' lang='lat' dir='ltr'><strong>exhi-</strong></span> 
     </span>
    </p>
   </div>
   <div class='ocr_carea' id='block_1_54' title="bbox 246 5344 1852 5417">
    <p class='ocr_par' dir='ltr' id='par_1_54' title="bbox 246 5344 1852 5417">
     <span class='ocr_line' id='line_1_54' title="bbox 246 5344 1852 5417; baseline 0.001 -15"><span class='ocrx_word' id='word_1_438' title='bbox 246 5347 355 5402; x_wconf 84' lang='lat' dir='ltr'><strong>bet.</strong></span> <span class='ocrx_word' id='word_1_439' title='bbox 387 5345 681 5417; x_wconf 78' lang='lat' dir='ltr'><strong>Cogitabat</strong></span> <span class='ocrx_word' id='word_1_440' title='bbox 721 5344 863 5399; x_wconf 87' lang='lat' dir='ltr'><strong>enim</strong></span> <span class='ocrx_word' id='word_1_441' title='bbox 893 5345 1132 5416; x_wconf 81' lang='lat' dir='ltr'><strong>potuisse</strong></span> <span class='ocrx_word' id='word_1_442' title='bbox 1165 5345 1467 5417; x_wconf 81' lang='lat' dir='ltr'><strong>Philippum</strong></span> <span class='ocrx_word' id='word_1_443' title='bbox 1496 5348 1644 5401; x_wconf 85' lang='lat' dir='ltr'><strong>circa</strong></span> <span class='ocrx_word' id='word_1_444' title='bbox 1677 5346 1852 5403; x_wconf 87' lang='lat' dir='ltr'><strong>locum</strong></span> 
     </span>
    </p>
   </div>
   <div class='ocr_carea' id='block_1_55' title="bbox 247 5455 457 5495">
    <p class='ocr_par' dir='ltr' id='par_1_55' title="bbox 247 5455 457 5495">
     <span class='ocr_line' id='line_1_55' title="bbox 247 5455 457 5495; baseline 0.005 -4"><span class='ocrx_word' id='word_1_445' title='bbox 247 5458 292 5492; x_wconf 70' lang='lat' dir='ltr'><strong>Cl</strong></span> <span class='ocrx_word' id='word_1_446' title='bbox 309 5455 457 5495; x_wconf 86' lang='lat' dir='ltr'><strong>rare.</strong></span> 
     </span>
    </p>
   </div>
   <div class='ocr_carea' id='block_1_56' title="bbox 317 5528 1852 5602">
    <p class='ocr_par' dir='ltr' id='par_1_56' title="bbox 317 5528 1852 5602">
     <span class='ocr_line' id='line_1_56' title="bbox 317 5528 1852 5602; baseline -0.001 -16"><span class='ocrx_word' id='word_1_447' title='bbox 317 5531 376 5586; x_wconf 68' lang='grc' dir='ltr'><strong>Ξ.</strong></span> <span class='ocrx_word' id='word_1_448' title='bbox 422 5528 808 5586; x_wconf 83' lang='lat' dir='ltr'><strong>Animadverte</strong></span> <span class='ocrx_word' id='word_1_449' title='bbox 853 5529 1004 5594; x_wconf 85' lang='lat' dir='ltr'><strong>item,</strong></span> <span class='ocrx_word' id='word_1_450' title='bbox 1046 5544 1206 5600; x_wconf 89' lang='lat' dir='ltr'><strong>quam</strong></span> <span class='ocrx_word' id='word_1_451' title='bbox 1250 5529 1524 5585; x_wconf 84' lang='lat' dir='ltr'><strong>moderate</strong></span> <span class='ocrx_word' id='word_1_452' title='bbox 1567 5529 1724 5585; x_wconf 84' lang='lat' dir='ltr'><strong>ﬁdem</strong></span> <span class='ocrx_word' id='word_1_453' title='bbox 1755 5531 1852 5602; x_wconf 88' lang='lat' dir='ltr'><strong>ipsi</strong></span> 
     </span>
    </p>
   </div>
   <div class='ocr_carea' id='block_1_57' title="bbox 253 5621 1853 5696">
    <p class='ocr_par' dir='ltr' id='par_1_57' title="bbox 253 5621 1853 5696">
     <span class='ocr_line' id='line_1_57' title="bbox 253 5621 1853 5696; baseline 0.001 -21"><span class='ocrx_word' id='word_1_454' title='bbox 253 5632 434 5696; x_wconf 80' lang='lat' dir='ltr'><strong>neget,</strong></span> <span class='ocrx_word' id='word_1_455' title='bbox 467 5635 521 5678; x_wconf 81' lang='lat' dir='ltr'><strong>et</strong></span> <span class='ocrx_word' id='word_1_456' title='bbox 569 5624 884 5694; x_wconf 74' lang='lat' dir='ltr'><strong>interroget.</strong></span> <span class='ocrx_word' id='word_1_457' title='bbox 915 5621 1100 5694; x_wconf 80' lang='lat' dir='ltr'><strong>Neque</strong></span> <span class='ocrx_word' id='word_1_458' title='bbox 1143 5623 1286 5677; x_wconf 89' lang='lat' dir='ltr'><strong>cnim</strong></span> <span class='ocrx_word' id='word_1_459' title='bbox 1334 5623 1488 5684; x_wconf 82' lang='lat' dir='ltr'><strong>dixit,</strong></span> <span class='ocrx_word' id='word_1_460' title='bbox 1535 5622 1680 5677; x_wconf 86' lang='lat' dir='ltr'><strong>Nihil</strong></span> <span class='ocrx_word' id='word_1_461' title='bbox 1727 5623 1853 5678; x_wconf 85' lang='lat' dir='ltr'><strong>boui</strong></span> 
     </span>
    </p>
   </div>
   <div class='ocr_carea' id='block_1_58' title="bbox 255 5714 1856 5786">
    <p class='ocr_par' dir='ltr' id='par_1_58' title="bbox 255 5714 1856 5786">
     <span class='ocr_line' id='line_1_58' title="bbox 255 5714 1856 5786; baseline -0.002 -17"><span class='ocrx_word' id='word_1_462' title='bbox 255 5719 354 5771; x_wconf 77' lang='lat' dir='ltr'><strong>lcrt</strong></span> <span class='ocrx_word' id='word_1_463' title='bbox 385 5716 642 5779; x_wconf 64' lang='lat' dir='ltr'><strong>Galilea;</strong></span> <span class='ocrx_word' id='word_1_464' title='bbox 673 5715 769 5771; x_wconf 85' lang='lat' dir='ltr'><strong>sed</strong></span> <span class='ocrx_word' id='word_1_465' title='bbox 797 5715 1104 5786; x_wconf 86' lang='lat' dir='ltr'><strong>quomodo?</strong></span> <span class='ocrx_word' id='word_1_466' title='bbox 1139 5715 1180 5769; x_wconf 84' lang='grc' dir='ltr'><em>Α</em></span> <span class='ocrx_word' id='word_1_467' title='bbox 1208 5714 1624 5785; x_wconf 65' lang='grc' dir='ltr'><strong>Ναπανειφοιρεε</strong></span> <span class='ocrx_word' id='word_1_468' title='bbox 1659 5715 1856 5784; x_wconf 83' lang='lat' dir='ltr'><strong>aliquid</strong></span> 
     </span>
    </p>
   </div>
   <div class='ocr_carea' id='block_1_59' title="bbox 256 5806 1853 5879">
    <p class='ocr_par' dir='ltr' id='par_1_59' title="bbox 256 5806 1853 5879">
     <span class='ocr_line' id='line_1_59' title="bbox 256 5806 1853 5879; baseline -0.001 -19"><span class='ocrx_word' id='word_1_469' title='bbox 256 5807 370 5861; x_wconf 81' lang='lat' dir='ltr'><strong>boni</strong></span> <span class='ocrx_word' id='word_1_470' title='bbox 398 5807 547 5862; x_wconf 75' lang='lat' dir='ltr'><strong>esse?</strong></span> <span class='ocrx_word' id='word_1_471' title='bbox 574 5807 852 5879; x_wconf 86' lang='lat' dir='ltr'><strong>Philippus</strong></span> <span class='ocrx_word' id='word_1_472' title='bbox 879 5823 1092 5879; x_wconf 86' lang='lat' dir='ltr'><strong>quoque</strong></span> <span class='ocrx_word' id='word_1_473' title='bbox 1118 5807 1407 5863; x_wconf 86' lang='lat' dir='ltr'><strong>admodum</strong></span> <span class='ocrx_word' id='word_1_474' title='bbox 1451 5806 1688 5876; x_wconf 82' lang='lat' dir='ltr'><strong>prudens</strong></span> <span class='ocrx_word' id='word_1_475' title='bbox 1716 5817 1853 5859; x_wconf 87' lang='lat' dir='ltr'><strong>erat.</strong></span> 
     </span>
    </p>
   </div>
   <div class='ocr_carea' id='block_1_60' title="bbox 257 5901 1857 5974">
    <p class='ocr_par' dir='ltr' id='par_1_60' title="bbox 257 5901 1857 5974">
     <span class='ocr_line' id='line_1_60' title="bbox 257 5901 1857 5974; baseline -0.004 -16"><span class='ocrx_word' id='word_1_476' title='bbox 257 5901 439 5973; x_wconf 77' lang='lat' dir='ltr'><strong>Neque</strong></span> <span class='ocrx_word' id='word_1_477' title='bbox 469 5903 610 5957; x_wconf 84' lang='lat' dir='ltr'><strong>enim</strong></span> <span class='ocrx_word' id='word_1_478' title='bbox 638 5901 1043 5958; x_wconf 86' lang='lat' dir='ltr'><strong>contradicente</strong></span> <span class='ocrx_word' id='word_1_479' title='bbox 1073 5902 1184 5968; x_wconf 91' lang='lat' dir='ltr'><strong>illo,</strong></span> <span class='ocrx_word' id='word_1_480' title='bbox 1234 5903 1539 5974; x_wconf 76' lang='lat' dir='ltr'><strong>indignatur</strong></span> <span class='ocrx_word' id='word_1_481' title='bbox 1591 5901 1673 5956; x_wconf 90' lang='lat' dir='ltr'><strong>vel</strong></span> <span class='ocrx_word' id='word_1_482' title='bbox 1713 5914 1857 5969; x_wconf 73' lang='lat' dir='ltr'><strong>mgre</strong></span> 
     </span>
    </p>
   </div>
   <div class='ocr_carea' id='block_1_61' title="bbox 262 5996 1856 6068">
    <p class='ocr_par' dir='ltr' id='par_1_61' title="bbox 262 5996 1856 6068">
     <span class='ocr_line' id='line_1_61' title="bbox 262 5996 1856 6068; baseline -0.001 -14"><span class='ocrx_word' id='word_1_483' title='bbox 262 5996 398 6068; x_wconf 66' lang='lat' dir='ltr'><strong>fort;</strong></span> <span class='ocrx_word' id='word_1_484' title='bbox 426 5997 518 6054; x_wconf 86' lang='lat' dir='ltr'><strong>sed</strong></span> <span class='ocrx_word' id='word_1_485' title='bbox 550 6006 753 6066; x_wconf 85' lang='lat' dir='ltr'><strong>perstat</strong></span> <span class='ocrx_word' id='word_1_486' title='bbox 784 6007 982 6060; x_wconf 85' lang='lat' dir='ltr'><strong>tamen,</strong></span> <span class='ocrx_word' id='word_1_487' title='bbox 1013 6008 1068 6052; x_wconf 91' lang='lat' dir='ltr'><strong>ut</strong></span> <span class='ocrx_word' id='word_1_488' title='bbox 1090 6001 1263 6054; x_wconf 88' lang='lat' dir='ltr'><strong>virmn</strong></span> <span class='ocrx_word' id='word_1_489' title='bbox 1295 6001 1360 6056; x_wconf 91' lang='lat' dir='ltr'><strong>ad</strong></span> <span class='ocrx_word' id='word_1_490' title='bbox 1394 5999 1664 6056; x_wconf 80' lang='lat' dir='ltr'><strong>Christum</strong></span> <span class='ocrx_word' id='word_1_491' title='bbox 1689 5997 1856 6053; x_wconf 87' lang='lat' dir='ltr'><strong>addu-</strong></span> 
     </span>
    </p>
   </div>
   <div class='ocr_carea' id='block_1_62' title="bbox 592 6085 1237 6149">
    <p class='ocr_par' dir='ltr' id='par_1_62' title="bbox 592 6085 1237 6149">
     <span class='ocr_line' id='line_1_62' title="bbox 592 6085 1237 6149; baseline 0.006 -4"><span class='ocrx_word' id='word_1_492' title='bbox 592 6097 863 6146; x_wconf 68' lang='lat' dir='ltr'><strong>t&#39;arnoL.</strong></span> <span class='ocrx_word' id='word_1_493' title='bbox 911 6087 1025 6145; x_wconf 74' lang='lat' dir='ltr'><strong>Gn.</strong></span> <span class='ocrx_word' id='word_1_494' title='bbox 1081 6085 1237 6149; x_wconf 81' lang='lat' dir='ltr'><strong>LIX.</strong></span> 
     </span>
    </p>
   </div>
   <div class='ocr_carea' id='block_1_63' title="bbox 3437 474 3536 531">
    <p class='ocr_par' dir='ltr' id='par_1_63' title="bbox 3437 474 3536 531">
     <span class='ocr_line' id='line_1_63' title="bbox 3437 474 3536 531; baseline -0.02 -1"><span class='ocrx_word' id='word_1_495' title='bbox 3437 474 3536 531; x_wconf 60' lang='lat'><strong>{‘23</strong></span> 
     </span>
    </p>
   </div>
   <div class='ocr_carea' id='block_1_64' title="bbox 1934 595 3532 670">
    <p class='ocr_par' dir='ltr' id='par_1_64' title="bbox 1934 595 3532 670">
     <span class='ocr_line' id='line_1_64' title="bbox 1934 595 3532 670; baseline 0.001 -20"><span class='ocrx_word' id='word_1_496' title='bbox 1934 608 2042 663; x_wconf 87' lang='lat' dir='ltr'><strong>cat,</strong></span> <span class='ocrx_word' id='word_1_497' title='bbox 2076 609 2130 654; x_wconf 87' lang='lat' dir='ltr'><strong>et</strong></span> <span class='ocrx_word' id='word_1_498' title='bbox 2161 615 2189 651; x_wconf 86' lang='lat' dir='ltr'><strong>a</strong></span> <span class='ocrx_word' id='word_1_499' title='bbox 2218 599 2482 669; x_wconf 86' lang='lat' dir='ltr'><strong>principio</strong></span> <span class='ocrx_word' id='word_1_500' title='bbox 2513 598 2869 670; x_wconf 74' lang='lat' dir='ltr'><strong>apostolicam</strong></span> <span class='ocrx_word' id='word_1_501' title='bbox 2902 597 3261 652; x_wconf 89' lang='lat' dir='ltr'><strong>constantiam</strong></span> <span class='ocrx_word' id='word_1_502' title='bbox 3295 595 3532 651; x_wconf 75' lang='lat' dir='ltr'><strong>exhibet.</strong></span> 
     </span>
    </p>
   </div>
   <div class='ocr_carea' id='block_1_65' title="bbox 1934 687 3543 765">
    <p class='ocr_par' dir='ltr' id='par_1_65' title="bbox 1934 687 3543 765">
     <span class='ocr_line' id='line_1_65' title="bbox 1934 687 3543 765; baseline 0.004 -26"><span class='ocrx_word' id='word_1_503' title='bbox 1934 687 2167 759; x_wconf 83' lang='lat' dir='ltr'><strong>ideoque</strong></span> <span class='ocrx_word' id='word_1_504' title='bbox 2189 691 2262 744; x_wconf 91' lang='lat' dir='ltr'><strong>ait</strong></span> <span class='ocrx_word' id='word_1_505' title='bbox 2293 690 2576 748; x_wconf 83' lang='lat' dir='ltr'><strong>Christus:</strong></span> <span class='ocrx_word' id='word_1_506' title='bbox 2606 690 2735 745; x_wconf 83' lang='lat' dir='ltr'><strong>Ecce</strong></span> <span class='ocrx_word' id='word_1_507' title='bbox 2755 706 2868 745; x_wconf 79' lang='lat' dir='ltr'><strong>vere</strong></span> <span class='ocrx_word' id='word_1_508' title='bbox 2895 689 3157 757; x_wconf 79' lang='lat' dir='ltr'><strong>Israelita,</strong></span> <span class='ocrx_word' id='word_1_509' title='bbox 3180 693 3233 746; x_wconf 84' lang='lat' dir='ltr'><strong>in</strong></span> <span class='ocrx_word' id='word_1_510' title='bbox 3259 709 3361 765; x_wconf 82' lang='lat' dir='ltr'><strong>quo</strong></span> <span class='ocrx_word' id='word_1_511' title='bbox 3394 693 3543 746; x_wconf 82' lang='lat' dir='ltr'><strong>dolus</strong></span> 
     </span>
    </p>
   </div>
   <div class='ocr_carea' id='block_1_66' title="bbox 1933 781 3542 852">
    <p class='ocr_par' dir='ltr' id='par_1_66' title="bbox 1933 781 3542 852">
     <span class='ocr_line' id='line_1_66' title="bbox 1933 781 3542 852; baseline 0.004 -18"><span class='ocrx_word' id='word_1_512' title='bbox 1933 795 2034 834; x_wconf 84' lang='lat' dir='ltr'><strong>non</strong></span> <span class='ocrx_word' id='word_1_513' title='bbox 2062 790 2156 837; x_wconf 90' lang='lat' dir='ltr'><strong>est.</strong></span> <span class='ocrx_word' id='word_1_514' title='bbox 2187 781 2370 851; x_wconf 87' lang='lat' dir='ltr'><strong>Itaque</strong></span> <span class='ocrx_word' id='word_1_515' title='bbox 2393 791 2570 852; x_wconf 88' lang='lat' dir='ltr'><strong>potest</strong></span> <span class='ocrx_word' id='word_1_516' title='bbox 2600 783 2837 838; x_wconf 90' lang='lat' dir='ltr'><strong>Israelita</strong></span> <span class='ocrx_word' id='word_1_517' title='bbox 2867 783 3097 838; x_wconf 76' lang='lat' dir='ltr'><strong>mendax</strong></span> <span class='ocrx_word' id='word_1_518' title='bbox 3127 799 3286 841; x_wconf 87' lang='lat' dir='ltr'><strong>esse:</strong></span> <span class='ocrx_word' id='word_1_519' title='bbox 3315 785 3411 842; x_wconf 83' lang='lat' dir='ltr'><strong>sed</strong></span> <span class='ocrx_word' id='word_1_520' title='bbox 3435 803 3542 840; x_wconf 73' lang='lat' dir='ltr'><strong>non</strong></span> 
     </span>
    </p>
   </div>
   <div class='ocr_carea' id='block_1_67' title="bbox 1935 872 3542 949">
    <p class='ocr_par' dir='ltr' id='par_1_67' title="bbox 1935 872 3542 949">
     <span class='ocr_line' id='line_1_67' title="bbox 1935 872 3542 949; baseline 0.006 -23"><span class='ocrx_word' id='word_1_521' title='bbox 1935 872 2024 928; x_wconf 87' lang='lat' dir='ltr'><strong>hic</strong></span> <span class='ocrx_word' id='word_1_522' title='bbox 2051 874 2131 927; x_wconf 90' lang='lat' dir='ltr'><strong>vir</strong></span> <span class='ocrx_word' id='word_1_523' title='bbox 2163 874 2312 938; x_wconf 87' lang='lat' dir='ltr'><strong>talis;</strong></span> <span class='ocrx_word' id='word_1_524' title='bbox 2347 876 2465 944; x_wconf 86' lang='lat' dir='ltr'><strong>ejus</strong></span> <span class='ocrx_word' id='word_1_525' title='bbox 2489 876 2687 946; x_wconf 85' lang='lat' dir='ltr'><strong>quippe</strong></span> <span class='ocrx_word' id='word_1_526' title='bbox 2711 875 2973 945; x_wconf 88' lang='lat' dir='ltr'><strong>judicium</strong></span> <span class='ocrx_word' id='word_1_527' title='bbox 3001 878 3204 932; x_wconf 88' lang='lat' dir='ltr'><strong>nullam</strong></span> <span class='ocrx_word' id='word_1_528' title='bbox 3228 877 3390 933; x_wconf 88' lang='lat' dir='ltr'><strong>habet</strong></span> <span class='ocrx_word' id='word_1_529' title='bbox 3418 894 3542 949; x_wconf 84' lang='lat' dir='ltr'><strong>per-</strong></span> 
     </span>
    </p>
   </div>
   <div class='ocr_carea' id='block_1_68' title="bbox 1933 967 3542 1039">
    <p class='ocr_par' dir='ltr' id='par_1_68' title="bbox 1933 967 3542 1039">
     <span class='ocr_line' id='line_1_68' title="bbox 1933 967 3542 1039; baseline 0.004 -22"><span class='ocrx_word' id='word_1_530' title='bbox 1933 978 2185 1019; x_wconf 89' lang='lat' dir='ltr'><strong>sonarum</strong></span> <span class='ocrx_word' id='word_1_531' title='bbox 2205 968 2571 1037; x_wconf 87' lang='lat' dir='ltr'><strong>acceptioncm</strong></span> <span class='ocrx_word' id='word_1_532' title='bbox 2589 985 2602 1033; x_wconf 90' lang='lat'><strong>;</strong></span> <span class='ocrx_word' id='word_1_533' title='bbox 2623 967 2752 1023; x_wconf 90' lang='lat' dir='ltr'><strong>nihil</strong></span> <span class='ocrx_word' id='word_1_534' title='bbox 2771 968 2836 1023; x_wconf 90' lang='lat' dir='ltr'><strong>ad</strong></span> <span class='ocrx_word' id='word_1_535' title='bbox 2855 969 3102 1039; x_wconf 81' lang='lat' dir='ltr'><strong>gratiam,</strong></span> <span class='ocrx_word' id='word_1_536' title='bbox 3125 969 3253 1025; x_wconf 92' lang='lat' dir='ltr'><strong>nihil</strong></span> <span class='ocrx_word' id='word_1_537' title='bbox 3273 973 3338 1025; x_wconf 90' lang='lat' dir='ltr'><strong>ad</strong></span> <span class='ocrx_word' id='word_1_538' title='bbox 3362 973 3542 1027; x_wconf 89' lang='lat' dir='ltr'><strong>odium</strong></span> 
     </span>
    </p>
   </div>
   <div class='ocr_carea' id='block_1_69' title="bbox 1936 1055 3548 1133">
    <p class='ocr_par' dir='ltr' id='par_1_69' title="bbox 1936 1055 3548 1133">
     <span class='ocr_line' id='line_1_69' title="bbox 1936 1055 3548 1133; baseline 0.006 -24"><span class='ocrx_word' id='word_1_539' title='bbox 1936 1055 2191 1126; x_wconf 86' lang='lat' dir='ltr'><strong>loquitur.</strong></span> <span class='ocrx_word' id='word_1_540' title='bbox 2216 1059 2377 1129; x_wconf 80' lang='lat' dir='ltr'><strong>Atqui</strong></span> <span class='ocrx_word' id='word_1_541' title='bbox 2403 1059 2573 1114; x_wconf 54' lang='lat' dir='ltr'><strong>Juda‘i</strong></span> <span class='ocrx_word' id='word_1_542' title='bbox 2600 1075 2816 1131; x_wconf 87' lang='lat' dir='ltr'><strong>quoque</strong></span> <span class='ocrx_word' id='word_1_543' title='bbox 2841 1061 3154 1133; x_wconf 79' lang='lat' dir='ltr'><strong>interrogati</strong></span> <span class='ocrx_word' id='word_1_544' title='bbox 3184 1063 3272 1118; x_wconf 87' lang='lat' dir='ltr'><strong>ubi</strong></span> <span class='ocrx_word' id='word_1_545' title='bbox 3298 1063 3548 1119; x_wconf 80' lang='lat' dir='ltr'><strong>Christus</strong></span> 
     </span>
    </p>
   </div>
   <div class='ocr_carea' id='block_1_70' title="bbox 1933 1152 3546 1221">
    <p class='ocr_par' dir='ltr' id='par_1_70' title="bbox 1933 1152 3546 1221">
     <span class='ocr_line' id='line_1_70' title="bbox 1933 1152 3546 1221; baseline 0.003 -19"><span class='ocrx_word' id='word_1_546' title='bbox 1933 1161 2268 1216; x_wconf 88' lang='lat' dir='ltr'><strong>nasceretur,</strong></span> <span class='ocrx_word' id='word_1_547' title='bbox 2298 1152 2573 1221; x_wconf 81' lang='lat' dir='ltr'><strong>dixerunt,</strong></span> <span class='ocrx_word' id='word_1_548' title='bbox 2609 1152 2666 1208; x_wconf 91' lang='lat' dir='ltr'><strong>lu</strong></span> <span class='ocrx_word' id='word_1_549' title='bbox 2698 1154 3038 1218; x_wconf 87' lang='lat' dir='ltr'><strong>Bcthlehem,</strong></span> <span class='ocrx_word' id='word_1_550' title='bbox 3069 1165 3125 1211; x_wconf 89' lang='lat' dir='ltr'><strong>et</strong></span> <span class='ocrx_word' id='word_1_551' title='bbox 3151 1155 3253 1212; x_wconf 91' lang='lat' dir='ltr'><strong>hoc</strong></span> <span class='ocrx_word' id='word_1_552' title='bbox 3299 1159 3546 1212; x_wconf 76' lang='lat' dir='ltr'><strong>testimo-</strong></span> 
     </span>
    </p>
   </div>
   <div class='ocr_carea' id='block_1_71' title="bbox 1936 1242 3551 1320">
    <p class='ocr_par' dir='ltr' id='par_1_71' title="bbox 1936 1242 3551 1320">
     <span class='ocr_line' id='line_1_71' title="bbox 1936 1242 3551 1320; baseline 0.006 -26"><span class='ocrx_word' id='word_1_553' title='bbox 1936 1242 2084 1296; x_wconf 86' lang='lat' dir='ltr'><strong>nium</strong></span> <span class='ocrx_word' id='word_1_554' title='bbox 2121 1243 2489 1313; x_wconf 80' lang='lat' dir='ltr'><strong>protulerunt:</strong></span> <span class='ocrx_word' id='word_1_555' title='bbox 2519 1246 2584 1299; x_wconf 83' lang='lat' dir='ltr'><strong>Et</strong></span> <span class='ocrx_word' id='word_1_556' title='bbox 2616 1257 2671 1299; x_wconf 87' lang='lat' dir='ltr'><strong>tu</strong></span> <span class='ocrx_word' id='word_1_557' title='bbox 2700 1245 3020 1313; x_wconf 80' lang='lat' dir='ltr'><strong>Bcthlehem,</strong></span> <span class='ocrx_word' id='word_1_558' title='bbox 3051 1265 3372 1320; x_wconf 84' lang='lat' dir='ltr'><strong>nequaquam</strong></span> <span class='ocrx_word' id='word_1_559' title='bbox 3399 1251 3551 1304; x_wconf 30' lang='lat' dir='ltr'><strong>minis</strong></span> 
     </span>
    </p>
   </div>
   <div class='ocr_carea' id='block_1_72' title="bbox 1935 1334 3546 1412">
    <p class='ocr_par' dir='ltr' id='par_1_72' title="bbox 1935 1334 3546 1412">
     <span class='ocr_line' id='line_1_72' title="bbox 1935 1334 3546 1412; baseline 0.006 -27"><span class='ocrx_word' id='word_1_560' title='bbox 1935 1349 2020 1385; x_wconf 90' lang='lat' dir='ltr'><strong>ma</strong></span> <span class='ocrx_word' id='word_1_561' title='bbox 2043 1350 2094 1388; x_wconf 87' lang='lat' dir='ltr'><strong>es</strong></span> <span class='ocrx_word' id='word_1_562' title='bbox 2119 1334 2172 1389; x_wconf 86' lang='lat' dir='ltr'><strong>in</strong></span> <span class='ocrx_word' id='word_1_563' title='bbox 2199 1335 2514 1406; x_wconf 85' lang='lat' dir='ltr'><strong>principibus</strong></span> <span class='ocrx_word' id='word_1_564' title='bbox 2529 1336 2692 1390; x_wconf 87' lang='lat' dir='ltr'><strong>Juda.</strong></span> <span class='ocrx_word' id='word_1_565' title='bbox 2716 1338 2912 1392; x_wconf 82' lang='lat' dir='ltr'><strong>Verum</strong></span> <span class='ocrx_word' id='word_1_566' title='bbox 2938 1339 3012 1394; x_wconf 92' lang='lat' dir='ltr'><strong>illi</strong></span> <span class='ocrx_word' id='word_1_567' title='bbox 3041 1341 3352 1412; x_wconf 87' lang='lat' dir='ltr'><strong>priusquam</strong></span> <span class='ocrx_word' id='word_1_568' title='bbox 3374 1344 3546 1412; x_wconf 83' lang='lat' dir='ltr'><strong>ipsum</strong></span> 
     </span>
    </p>
   </div>
   <div class='ocr_carea' id='block_1_73' title="bbox 1937 1425 3546 1494">
    <p class='ocr_par' dir='ltr' id='par_1_73' title="bbox 1937 1425 3546 1494">
     <span class='ocr_line' id='line_1_73' title="bbox 1937 1425 3546 1494; baseline 0.008 -18"><span class='ocrx_word' id='word_1_569' title='bbox 1937 1425 2205 1491; x_wconf 88' lang='lat' dir='ltr'><strong>viderent,</strong></span> <span class='ocrx_word' id='word_1_570' title='bbox 2241 1427 2356 1482; x_wconf 67' lang='lat' dir='ltr'><strong>hinc</strong></span> <span class='ocrx_word' id='word_1_571' title='bbox 2385 1428 2820 1484; x_wconf 89' lang='lat' dir='ltr'><strong>tcstiﬁcabantur</strong></span> <span class='ocrx_word' id='word_1_572' title='bbox 2856 1447 2869 1484; x_wconf 93' lang='lat'>:</span> <span class='ocrx_word' id='word_1_573' title='bbox 2920 1431 3010 1486; x_wconf 88' lang='lat' dir='ltr'><strong>ubi</strong></span> <span class='ocrx_word' id='word_1_574' title='bbox 3060 1441 3241 1488; x_wconf 85' lang='lat' dir='ltr'><strong>autem</strong></span> <span class='ocrx_word' id='word_1_575' title='bbox 3275 1434 3546 1494; x_wconf 73' lang='lat' dir='ltr'><strong>viderunt.</strong></span> 
     </span>
    </p>
   </div>
   <div class='ocr_carea' id='block_1_74' title="bbox 1940 1518 3552 1588">
    <p class='ocr_par' dir='ltr' id='par_1_74' title="bbox 1940 1518 3552 1588">
     <span class='ocr_line' id='line_1_74' title="bbox 1940 1518 3552 1588; baseline 0.006 -17"><span class='ocrx_word' id='word_1_576' title='bbox 1940 1532 2049 1588; x_wconf 79' lang='lat' dir='ltr'><strong>pra:</strong></span> <span class='ocrx_word' id='word_1_577' title='bbox 2078 1518 2281 1573; x_wconf 89' lang='lat' dir='ltr'><strong>invidia</strong></span> <span class='ocrx_word' id='word_1_578' title='bbox 2309 1521 2684 1577; x_wconf 87' lang='lat' dir='ltr'><strong>testimonium</strong></span> <span class='ocrx_word' id='word_1_579' title='bbox 2713 1522 3056 1578; x_wconf 86' lang='lat' dir='ltr'><strong>occultarunt</strong></span> <span class='ocrx_word' id='word_1_580' title='bbox 3092 1524 3369 1581; x_wconf 86' lang='lat' dir='ltr'><strong>dicentes:</strong></span> <span class='ocrx_word' id='word_1_581' title='bbox 3399 1527 3552 1580; x_wconf 77' lang='lat' dir='ltr'><strong>Ilum:</strong></span> 
     </span>
    </p>
   </div>
   <div class='ocr_carea' id='block_1_75' title="bbox 1937 1612 3552 1688">
    <p class='ocr_par' dir='ltr' id='par_1_75' title="bbox 1937 1612 3552 1688">
     <span class='ocr_line' id='line_1_75' title="bbox 1937 1612 3552 1688; baseline 0.006 -25"><span class='ocrx_word' id='word_1_582' title='bbox 1937 1619 2107 1664; x_wconf 85' lang='lat' dir='ltr'><strong>autem</strong></span> <span class='ocrx_word' id='word_1_583' title='bbox 2137 1612 2387 1667; x_wconf 66' lang='lat' dir='ltr'><strong>ncsdms</strong></span> <span class='ocrx_word' id='word_1_584' title='bbox 2413 1615 2550 1668; x_wconf 85' lang='lat' dir='ltr'><strong>unde</strong></span> <span class='ocrx_word' id='word_1_585' title='bbox 2572 1616 2638 1671; x_wconf 80' lang='lat' dir='ltr'><strong>sit</strong></span> <span class='ocrx_word' id='word_1_586' title='bbox 2665 1614 2846 1686; x_wconf 85' lang='lat' dir='ltr'><strong>(Joan.</strong></span> <span class='ocrx_word' id='word_1_587' title='bbox 2872 1615 2925 1671; x_wconf 91' lang='lat'><strong>9.</strong></span> <span class='ocrx_word' id='word_1_588' title='bbox 2957 1615 3071 1688; x_wconf 70' lang='grc'><strong>29).</strong></span> <span class='ocrx_word' id='word_1_589' title='bbox 3098 1616 3399 1675; x_wconf 86' lang='lat' dir='ltr'><strong>Nathanael</strong></span> <span class='ocrx_word' id='word_1_590' title='bbox 3421 1635 3552 1675; x_wconf 85' lang='lat' dir='ltr'><strong>vero</strong></span> 
     </span>
    </p>
   </div>
   <div class='ocr_carea' id='block_1_76' title="bbox 1941 1707 3551 1782">
    <p class='ocr_par' dir='ltr' id='par_1_76' title="bbox 1941 1707 3551 1782">
     <span class='ocr_line' id='line_1_76' title="bbox 1941 1707 3551 1782; baseline 0.006 -23"><span class='ocrx_word' id='word_1_591' title='bbox 1941 1721 2047 1760; x_wconf 89' lang='lat' dir='ltr'><strong>non</strong></span> <span class='ocrx_word' id='word_1_592' title='bbox 2076 1707 2183 1770; x_wconf 91' lang='lat' dir='ltr'><strong>sic;</strong></span> <span class='ocrx_word' id='word_1_593' title='bbox 2217 1707 2311 1761; x_wconf 84' lang='lat' dir='ltr'><strong>sed</strong></span> <span class='ocrx_word' id='word_1_594' title='bbox 2341 1722 2500 1778; x_wconf 89' lang='lat' dir='ltr'><strong>quam</strong></span> <span class='ocrx_word' id='word_1_595' title='bbox 2530 1723 2559 1762; x_wconf 91' lang='lat' dir='ltr'><strong>a</strong></span> <span class='ocrx_word' id='word_1_596' title='bbox 2592 1709 2857 1780; x_wconf 90' lang='lat' dir='ltr'><strong>principio</strong></span> <span class='ocrx_word' id='word_1_597' title='bbox 2893 1709 2961 1766; x_wconf 89' lang='lat' dir='ltr'><strong>de</strong></span> <span class='ocrx_word' id='word_1_598' title='bbox 2988 1711 3080 1765; x_wconf 88' lang='lat' dir='ltr'><strong>illo</strong></span> <span class='ocrx_word' id='word_1_599' title='bbox 3108 1713 3417 1782; x_wconf 90' lang='lat' dir='ltr'><strong>opinionem</strong></span> <span class='ocrx_word' id='word_1_600' title='bbox 3453 1713 3551 1769; x_wconf 87' lang='lat' dir='ltr'><strong>ha-</strong></span> 
     </span>
    </p>
   </div>
   <div class='ocr_carea' id='block_1_77' title="bbox 1941 1799 3552 1873">
    <p class='ocr_par' dir='ltr' id='par_1_77' title="bbox 1941 1799 3552 1873">
     <span class='ocr_line' id='line_1_77' title="bbox 1941 1799 3552 1873; baseline 0.006 -19"><span class='ocrx_word' id='word_1_601' title='bbox 1941 1799 2077 1865; x_wconf 89' lang='lat' dir='ltr'><strong>buit,</strong></span> <span class='ocrx_word' id='word_1_602' title='bbox 2106 1799 2248 1856; x_wconf 86' lang='lat' dir='ltr'><strong>hanc</strong></span> <span class='ocrx_word' id='word_1_603' title='bbox 2271 1802 2525 1866; x_wconf 83' lang='lat' dir='ltr'><strong>servavit,</strong></span> <span class='ocrx_word' id='word_1_604' title='bbox 2555 1817 2752 1873; x_wconf 87' lang='lat' dir='ltr'><strong>nempe</strong></span> <span class='ocrx_word' id='word_1_605' title='bbox 2778 1803 2926 1858; x_wconf 91' lang='lat' dir='ltr'><strong>illum</strong></span> <span class='ocrx_word' id='word_1_606' title='bbox 2958 1818 2986 1856; x_wconf 91' lang='lat' dir='ltr'><strong>a</strong></span> <span class='ocrx_word' id='word_1_607' title='bbox 3011 1803 3245 1861; x_wconf 82' lang='lat' dir='ltr'><strong>Nazaret</strong></span> <span class='ocrx_word' id='word_1_608' title='bbox 3269 1822 3375 1861; x_wconf 93' lang='lat' dir='ltr'><strong>non</strong></span> <span class='ocrx_word' id='word_1_609' title='bbox 3397 1823 3552 1864; x_wconf 86' lang='lat' dir='ltr'><strong>esse.</strong></span> 
     </span>
    </p>
   </div>
   <div class='ocr_carea' id='block_1_78' title="bbox 1938 1892 3552 1970">
    <p class='ocr_par' dir='ltr' id='par_1_78' title="bbox 1938 1892 3552 1970">
     <span class='ocr_line' id='line_1_78' title="bbox 1938 1892 3552 1970; baseline 0.005 -23"><span class='ocrx_word' id='word_1_610' title='bbox 1938 1892 2048 1947; x_wconf 91' lang='lat' dir='ltr'><strong>Cur</strong></span> <span class='ocrx_word' id='word_1_611' title='bbox 2072 1907 2203 1963; x_wconf 88' lang='lat' dir='ltr'><strong>ergo</strong></span> <span class='ocrx_word' id='word_1_612' title='bbox 2236 1893 2387 1948; x_wconf 91' lang='lat' dir='ltr'><strong>illum</strong></span> <span class='ocrx_word' id='word_1_613' title='bbox 2430 1894 2767 1951; x_wconf 80' lang='lat' dir='ltr'><strong>Nazarenam</strong></span> <span class='ocrx_word' id='word_1_614' title='bbox 2824 1896 3104 1967; x_wconf 65' lang='lat' dir='ltr'><strong>propheta:</strong></span> <span class='ocrx_word' id='word_1_615' title='bbox 3134 1900 3369 1954; x_wconf 86' lang='lat' dir='ltr'><strong>vocant?</strong></span> <span class='ocrx_word' id='word_1_616' title='bbox 3398 1900 3552 1970; x_wconf 87' lang='lat' dir='ltr'><strong>Quod</strong></span> 
     </span>
    </p>
   </div>
   <div class='ocr_carea' id='block_1_79' title="bbox 1940 1987 3552 2052">
    <p class='ocr_par' dir='ltr' id='par_1_79' title="bbox 1940 1987 3552 2052">
     <span class='ocr_line' id='line_1_79' title="bbox 1940 1987 3552 2052; baseline 0.006 -11"><span class='ocrx_word' id='word_1_617' title='bbox 1940 1988 2012 2042; x_wconf 91' lang='lat' dir='ltr'><strong>ibi</strong></span> <span class='ocrx_word' id='word_1_618' title='bbox 2057 1987 2316 2044; x_wconf 89' lang='lat' dir='ltr'><strong>educatus</strong></span> <span class='ocrx_word' id='word_1_619' title='bbox 2360 1988 2568 2051; x_wconf 82' lang='lat' dir='ltr'><strong>fuisset.</strong></span> <span class='ocrx_word' id='word_1_620' title='bbox 2605 1999 2660 2045; x_wconf 90' lang='lat' dir='ltr'><strong>ct</strong></span> <span class='ocrx_word' id='word_1_621' title='bbox 2705 1991 3015 2048; x_wconf 87' lang='lat' dir='ltr'><strong>mansisset.</strong></span> <span class='ocrx_word' id='word_1_622' title='bbox 3063 1993 3180 2048; x_wconf 80' lang='lat' dir='ltr'><strong>Non</strong></span> <span class='ocrx_word' id='word_1_623' title='bbox 3210 1994 3342 2051; x_wconf 90' lang='lat' dir='ltr'><strong>dicit</strong></span> <span class='ocrx_word' id='word_1_624' title='bbox 3372 2006 3552 2052; x_wconf 79' lang='lat' dir='ltr'><strong>autem</strong></span> 
     </span>
    </p>
   </div>
   <div class='ocr_carea' id='block_1_80' title="bbox 1939 2079 3552 2159">
    <p class='ocr_par' dir='ltr' id='par_1_80' title="bbox 1939 2079 3552 2159">
     <span class='ocr_line' id='line_1_80' title="bbox 1939 2079 3552 2159; baseline 0.007 -26"><span class='ocrx_word' id='word_1_625' title='bbox 1939 2079 2210 2148; x_wconf 82' lang='lat' dir='ltr'><strong>Christus,</strong></span> <span class='ocrx_word' id='word_1_626' title='bbox 2244 2081 2357 2136; x_wconf 83' lang='lat' dir='ltr'><strong>Non</strong></span> <span class='ocrx_word' id='word_1_627' title='bbox 2387 2097 2504 2136; x_wconf 87' lang='lat' dir='ltr'><strong>sum</strong></span> <span class='ocrx_word' id='word_1_628' title='bbox 2529 2099 2591 2138; x_wconf 83' lang='lat' dir='ltr'><strong>ex</strong></span> <span class='ocrx_word' id='word_1_629' title='bbox 2619 2082 2866 2148; x_wconf 86' lang='lat' dir='ltr'><strong>Nazarct,</strong></span> <span class='ocrx_word' id='word_1_630' title='bbox 2905 2094 2962 2139; x_wconf 90' lang='lat' dir='ltr'><strong>ut</strong></span> <span class='ocrx_word' id='word_1_631' title='bbox 2993 2085 3086 2140; x_wconf 90' lang='lat' dir='ltr'><strong>tibi</strong></span> <span class='ocrx_word' id='word_1_632' title='bbox 3113 2086 3392 2159; x_wconf 89' lang='lat' dir='ltr'><strong>Philippus</strong></span> <span class='ocrx_word' id='word_1_633' title='bbox 3414 2106 3552 2144; x_wconf 78' lang='lat' dir='ltr'><strong>nun~</strong></span> 
     </span>
    </p>
   </div>
   <div class='ocr_carea' id='block_1_81' title="bbox 1943 2172 3558 2245">
    <p class='ocr_par' dir='ltr' id='par_1_81' title="bbox 1943 2172 3558 2245">
     <span class='ocr_line' id='line_1_81' title="bbox 1943 2172 3558 2245; baseline 0.007 -18"><span class='ocrx_word' id='word_1_634' title='bbox 1943 2172 2113 2239; x_wconf 85' lang='lat' dir='ltr'><strong>tiavit,</strong></span> <span class='ocrx_word' id='word_1_635' title='bbox 2146 2173 2241 2229; x_wconf 88' lang='lat' dir='ltr'><strong>sed</strong></span> <span class='ocrx_word' id='word_1_636' title='bbox 2274 2190 2338 2230; x_wconf 83' lang='lat' dir='ltr'><strong>ex</strong></span> <span class='ocrx_word' id='word_1_637' title='bbox 2371 2175 2715 2245; x_wconf 89' lang='lat' dir='ltr'><strong>Bcthlehem,</strong></span> <span class='ocrx_word' id='word_1_638' title='bbox 2743 2192 2811 2233; x_wconf 90' lang='lat' dir='ltr'><strong>ne</strong></span> <span class='ocrx_word' id='word_1_639' title='bbox 2845 2179 3023 2233; x_wconf 89' lang='lat' dir='ltr'><strong>statim</strong></span> <span class='ocrx_word' id='word_1_640' title='bbox 3052 2179 3445 2240; x_wconf 89' lang='lat' dir='ltr'><strong>dubitationem</strong></span> <span class='ocrx_word' id='word_1_641' title='bbox 3471 2184 3558 2239; x_wconf 86' lang='lat' dir='ltr'><strong>in-</strong></span> 
     </span>
    </p>
   </div>
   <div class='ocr_carea' id='block_1_82' title="bbox 1910 2267 3557 2346">
    <p class='ocr_par' dir='ltr' id='par_1_82' title="bbox 1910 2267 3557 2346">
     <span class='ocr_line' id='line_1_82' title="bbox 1910 2267 3557 2346; baseline 0.008 -25"><span class='ocrx_word' id='word_1_642' title='bbox 1910 2267 2150 2346; x_wconf 81' lang='lat' dir='ltr'><strong>jiceret.</strong></span> <span class='ocrx_word' id='word_1_643' title='bbox 2185 2268 2267 2324; x_wconf 77' lang='lat' dir='ltr'><strong>Ad</strong></span> <span class='ocrx_word' id='word_1_644' title='bbox 2299 2268 2436 2333; x_wconf 69' lang='lat' dir='ltr'><strong>haec,</strong></span> <span class='ocrx_word' id='word_1_645' title='bbox 2490 2272 2704 2327; x_wconf 86' lang='lat' dir='ltr'><strong>etiamsi</strong></span> <span class='ocrx_word' id='word_1_646' title='bbox 2750 2272 2800 2327; x_wconf 93' lang='lat' dir='ltr'><strong>id</strong></span> <span class='ocrx_word' id='word_1_647' title='bbox 2835 2274 3219 2342; x_wconf 87' lang='lat' dir='ltr'><strong>persuasisset,</strong></span> <span class='ocrx_word' id='word_1_648' title='bbox 3277 2291 3386 2333; x_wconf 91' lang='lat' dir='ltr'><strong>non</strong></span> <span class='ocrx_word' id='word_1_649' title='bbox 3435 2278 3557 2334; x_wconf 89' lang='lat' dir='ltr'><strong>ido-</strong></span> 
     </span>
    </p>
   </div>
   <div class='ocr_carea' id='block_1_83' title="bbox 1945 2362 3558 2437">
    <p class='ocr_par' dir='ltr' id='par_1_83' title="bbox 1945 2362 3558 2437">
     <span class='ocr_line' id='line_1_83' title="bbox 1945 2362 3558 2437; baseline 0.009 -24"><span class='ocrx_word' id='word_1_650' title='bbox 1945 2374 2102 2414; x_wconf 87' lang='lat' dir='ltr'><strong>neum</strong></span> <span class='ocrx_word' id='word_1_651' title='bbox 2141 2368 2320 2416; x_wconf 89' lang='lat' dir='ltr'><strong>tamen</strong></span> <span class='ocrx_word' id='word_1_652' title='bbox 2353 2362 2486 2417; x_wconf 89' lang='lat' dir='ltr'><strong>illud</strong></span> <span class='ocrx_word' id='word_1_653' title='bbox 2535 2363 2790 2419; x_wconf 89' lang='lat' dir='ltr'><strong>indicium</strong></span> <span class='ocrx_word' id='word_1_654' title='bbox 2821 2374 2958 2428; x_wconf 86' lang='lat' dir='ltr'><strong>erat.</strong></span> <span class='ocrx_word' id='word_1_655' title='bbox 2991 2366 3134 2436; x_wconf 90' lang='lat' dir='ltr'><strong>quod</strong></span> <span class='ocrx_word' id='word_1_656' title='bbox 3165 2367 3280 2437; x_wconf 89' lang='lat' dir='ltr'><strong>ipse</strong></span> <span class='ocrx_word' id='word_1_657' title='bbox 3309 2369 3558 2426; x_wconf 88' lang='lat' dir='ltr'><strong>Christus</strong></span> 
     </span>
    </p>
   </div>
   <div class='ocr_carea' id='block_1_84' title="bbox 1944 2452 3557 2529">
    <p class='ocr_par' dir='ltr' id='par_1_84' title="bbox 1944 2452 3557 2529">
     <span class='ocr_line' id='line_1_84' title="bbox 1944 2452 3557 2529; baseline 0.007 -21"><span class='ocrx_word' id='word_1_658' title='bbox 1944 2462 2108 2508; x_wconf 90' lang='lat' dir='ltr'><strong>esset.</strong></span> <span class='ocrx_word' id='word_1_659' title='bbox 2144 2452 2282 2522; x_wconf 91' lang='lat' dir='ltr'><strong>Quid</strong></span> <span class='ocrx_word' id='word_1_660' title='bbox 2311 2456 2450 2510; x_wconf 92' lang='lat' dir='ltr'><strong>enim</strong></span> <span class='ocrx_word' id='word_1_661' title='bbox 2487 2458 2724 2524; x_wconf 87' lang='lat' dir='ltr'><strong>vetabat,</strong></span> <span class='ocrx_word' id='word_1_662' title='bbox 2756 2473 2879 2514; x_wconf 89' lang='lat' dir='ltr'><strong>eum</strong></span> <span class='ocrx_word' id='word_1_663' title='bbox 2910 2461 2999 2529; x_wconf 93' lang='lat' dir='ltr'><strong>qui</strong></span> <span class='ocrx_word' id='word_1_664' title='bbox 3024 2461 3077 2515; x_wconf 91' lang='lat' dir='ltr'><strong>in</strong></span> <span class='ocrx_word' id='word_1_665' title='bbox 3111 2461 3426 2519; x_wconf 80' lang='lat' dir='ltr'><strong>Bethlehem</strong></span> <span class='ocrx_word' id='word_1_666' title='bbox 3456 2480 3557 2518; x_wconf 88' lang='lat' dir='ltr'><strong>na-</strong></span> 
     </span>
    </p>
   </div>
   <div class='ocr_carea' id='block_1_85' title="bbox 1947 2551 3561 2617">
    <p class='ocr_par' dir='ltr' id='par_1_85' title="bbox 1947 2551 3561 2617">
     <span class='ocr_line' id='line_1_85' title="bbox 1947 2551 3561 2617; baseline 0.006 -16"><span class='ocrx_word' id='word_1_667' title='bbox 1947 2554 2034 2601; x_wconf 88' lang='lat' dir='ltr'><strong>tus</strong></span> <span class='ocrx_word' id='word_1_668' title='bbox 2054 2558 2198 2602; x_wconf 87' lang='lat' dir='ltr'><strong>esset</strong></span> <span class='ocrx_word' id='word_1_669' title='bbox 2227 2564 2331 2603; x_wconf 91' lang='lat' dir='ltr'><strong>non</strong></span> <span class='ocrx_word' id='word_1_670' title='bbox 2361 2565 2480 2605; x_wconf 87' lang='lat' dir='ltr'><strong>esse</strong></span> <span class='ocrx_word' id='word_1_671' title='bbox 2509 2551 2804 2617; x_wconf 90' lang='lat' dir='ltr'><strong>Christum,</strong></span> <span class='ocrx_word' id='word_1_672' title='bbox 2840 2562 2896 2607; x_wconf 91' lang='lat' dir='ltr'><strong>ut</strong></span> <span class='ocrx_word' id='word_1_673' title='bbox 2928 2562 3036 2607; x_wconf 88' lang='lat' dir='ltr'><strong>tam</strong></span> <span class='ocrx_word' id='word_1_674' title='bbox 3090 2555 3241 2610; x_wconf 88' lang='lat' dir='ltr'><strong>multi</strong></span> <span class='ocrx_word' id='word_1_675' title='bbox 3277 2556 3382 2612; x_wconf 88' lang='lat' dir='ltr'><strong>illic</strong></span> <span class='ocrx_word' id='word_1_676' title='bbox 3409 2559 3561 2613; x_wconf 86' lang='lat' dir='ltr'><strong>nati?</strong></span> 
     </span>
    </p>
   </div>
   <div class='ocr_carea' id='block_1_86' title="bbox 1947 2638 3561 2716">
    <p class='ocr_par' dir='ltr' id='par_1_86' title="bbox 1947 2638 3561 2716">
     <span class='ocr_line' id='line_1_86' title="bbox 1947 2638 3561 2716; baseline 0.007 -24"><span class='ocrx_word' id='word_1_677' title='bbox 1947 2638 2061 2694; x_wconf 84' lang='lat' dir='ltr'><strong>Hoc</strong></span> <span class='ocrx_word' id='word_1_678' title='bbox 2080 2655 2210 2710; x_wconf 80' lang='lat' dir='ltr'><strong>ergo</strong></span> <span class='ocrx_word' id='word_1_679' title='bbox 2235 2642 2417 2708; x_wconf 90' lang='lat' dir='ltr'><strong>mittit,</strong></span> <span class='ocrx_word' id='word_1_680' title='bbox 2459 2643 2710 2713; x_wconf 85' lang='lat' dir='ltr'><strong>quodque</strong></span> <span class='ocrx_word' id='word_1_681' title='bbox 2757 2645 2906 2698; x_wconf 89' lang='lat' dir='ltr'><strong>illum</strong></span> <span class='ocrx_word' id='word_1_682' title='bbox 2939 2646 3108 2716; x_wconf 78' lang='lat' dir='ltr'><strong>magis</strong></span> <span class='ocrx_word' id='word_1_683' title='bbox 3139 2646 3204 2701; x_wconf 91' lang='lat' dir='ltr'><strong>ad</strong></span> <span class='ocrx_word' id='word_1_684' title='bbox 3229 2648 3561 2704; x_wconf 88' lang='lat' dir='ltr'><strong>credendum</strong></span> 
     </span>
    </p>
   </div>
   <div class='ocr_carea' id='block_1_87' title="bbox 1948 2731 3563 2805">
    <p class='ocr_par' dir='ltr' id='par_1_87' title="bbox 1948 2731 3563 2805">
     <span class='ocr_line' id='line_1_87' title="bbox 1948 2731 3563 2805; baseline 0.007 -21"><span class='ocrx_word' id='word_1_685' title='bbox 1948 2731 2165 2787; x_wconf 89' lang='lat' dir='ltr'><strong>trahere</strong></span> <span class='ocrx_word' id='word_1_686' title='bbox 2195 2742 2422 2802; x_wconf 89' lang='lat' dir='ltr'><strong>poterat,</strong></span> <span class='ocrx_word' id='word_1_687' title='bbox 2457 2734 2507 2788; x_wconf 93' lang='lat' dir='ltr'><strong>id</strong></span> <span class='ocrx_word' id='word_1_688' title='bbox 2539 2739 2668 2805; x_wconf 79' lang='lat' dir='ltr'><strong>agit,</strong></span> <span class='ocrx_word' id='word_1_689' title='bbox 2700 2737 2824 2790; x_wconf 93' lang='lat' dir='ltr'><strong>dum</strong></span> <span class='ocrx_word' id='word_1_690' title='bbox 2857 2737 3098 2794; x_wconf 78' lang='lat' dir='ltr'><strong>declarat</strong></span> <span class='ocrx_word' id='word_1_691' title='bbox 3119 2754 3178 2794; x_wconf 88' lang='lat' dir='ltr'><strong>se</strong></span> <span class='ocrx_word' id='word_1_692' title='bbox 3213 2741 3422 2796; x_wconf 87' lang='lat' dir='ltr'><strong>illorum</strong></span> <span class='ocrx_word' id='word_1_693' title='bbox 3451 2744 3563 2798; x_wconf 84' lang='lat' dir='ltr'><strong>col-</strong></span> 
     </span>
    </p>
   </div>
   <div class='ocr_carea' id='block_1_88' title="bbox 1949 2824 3558 2904">
    <p class='ocr_par' dir='ltr' id='par_1_88' title="bbox 1949 2824 3558 2904">
     <span class='ocr_line' id='line_1_88' title="bbox 1949 2824 3558 2904; baseline 0.008 -27"><span class='ocrx_word' id='word_1_694' title='bbox 1949 2824 2131 2894; x_wconf 88' lang='lat' dir='ltr'><strong>loquio</strong></span> <span class='ocrx_word' id='word_1_695' title='bbox 2160 2837 2482 2896; x_wconf 69' lang='lat' dir='ltr'><strong>praesentem</strong></span> <span class='ocrx_word' id='word_1_696' title='bbox 2510 2828 2690 2884; x_wconf 79' lang='lat' dir='ltr'><strong>fuisse.</strong></span> <span class='ocrx_word' id='word_1_697' title='bbox 2726 2830 2860 2885; x_wconf 88' lang='lat' dir='ltr'><strong>Cum</strong></span> <span class='ocrx_word' id='word_1_698' title='bbox 2893 2831 3118 2886; x_wconf 76' lang='lat' dir='ltr'><strong>dixisset</strong></span> <span class='ocrx_word' id='word_1_699' title='bbox 3160 2849 3291 2904; x_wconf 90' lang='lat' dir='ltr'><strong>ergo</strong></span> <span class='ocrx_word' id='word_1_700' title='bbox 3319 2834 3443 2890; x_wconf 88' lang='lat' dir='ltr'><strong>ille:</strong></span> <span class='ocrx_word' id='word_1_701' title='bbox 3469 2835 3558 2890; x_wconf 68' lang='grc'><strong>48.</strong></span> 
     </span>
    </p>
   </div>
   <div class='ocr_carea' id='block_1_89' title="bbox 1952 2916 3563 2998">
    <p class='ocr_par' dir='ltr' id='par_1_89' title="bbox 1952 2916 3563 2998">
     <span class='ocr_line' id='line_1_89' title="bbox 1952 2916 3563 2998; baseline 0.008 -28"><span class='ocrx_word' id='word_1_702' title='bbox 1952 2916 2102 2972; x_wconf 82' lang='lat' dir='ltr'><strong>Unde</strong></span> <span class='ocrx_word' id='word_1_703' title='bbox 2132 2935 2209 2972; x_wconf 83' lang='lat' dir='ltr'><strong>me</strong></span> <span class='ocrx_word' id='word_1_704' title='bbox 2236 2921 2408 2975; x_wconf 82' lang='lat' dir='ltr'><strong>nosti?</strong></span> <span class='ocrx_word' id='word_1_705' title='bbox 2440 2922 2703 2992; x_wconf 83' lang='lat' dir='ltr'><strong>respondit</strong></span> <span class='ocrx_word' id='word_1_706' title='bbox 2723 2939 2740 2976; x_wconf 90' lang='lat'><em>:</em></span> <span class='ocrx_word' id='word_1_707' title='bbox 2761 2922 3074 2996; x_wconf 82' lang='lat' dir='ltr'><strong>Priusquam</strong></span> <span class='ocrx_word' id='word_1_708' title='bbox 3092 2936 3148 2980; x_wconf 77' lang='lat' dir='ltr'><strong>te</strong></span> <span class='ocrx_word' id='word_1_709' title='bbox 3176 2925 3454 2998; x_wconf 82' lang='lat' dir='ltr'><strong>Philippus</strong></span> <span class='ocrx_word' id='word_1_710' title='bbox 3477 2946 3563 2983; x_wconf 83' lang='lat' dir='ltr'><strong>vo-</strong></span> 
     </span>
    </p>
   </div>
   <div class='ocr_carea' id='block_1_90' title="bbox 1946 3014 3562 3082">
    <p class='ocr_par' dir='ltr' id='par_1_90' title="bbox 1946 3014 3562 3082">
     <span class='ocr_line' id='line_1_90' title="bbox 1946 3014 3562 3082; baseline 0.007 -18"><span class='ocrx_word' id='word_1_711' title='bbox 1946 3019 2104 3077; x_wconf 84' lang='lat' dir='ltr'><strong>caret,</strong></span> <span class='ocrx_word' id='word_1_712' title='bbox 2135 3027 2250 3065; x_wconf 86' lang='lat' dir='ltr'><strong>cum</strong></span> <span class='ocrx_word' id='word_1_713' title='bbox 2279 3028 2410 3066; x_wconf 85' lang='lat' dir='ltr'><strong>esses</strong></span> <span class='ocrx_word' id='word_1_714' title='bbox 2433 3014 2524 3067; x_wconf 82' lang='lat' dir='ltr'><strong>sub</strong></span> <span class='ocrx_word' id='word_1_715' title='bbox 2550 3014 2674 3082; x_wconf 84' lang='lat' dir='ltr'><strong>ﬁcu,</strong></span> <span class='ocrx_word' id='word_1_716' title='bbox 2709 3015 2813 3068; x_wconf 82' lang='lat' dir='ltr'><strong>vidi</strong></span> <span class='ocrx_word' id='word_1_717' title='bbox 2836 3025 2903 3068; x_wconf 89' lang='lat' dir='ltr'><strong>te.</strong></span> <span class='ocrx_word' id='word_1_718' title='bbox 2952 3015 3085 3072; x_wconf 78' lang='lat' dir='ltr'><strong>Vide</strong></span> <span class='ocrx_word' id='word_1_719' title='bbox 3112 3017 3243 3072; x_wconf 90' lang='lat' dir='ltr'><strong>mihi</strong></span> <span class='ocrx_word' id='word_1_720' title='bbox 3286 3018 3562 3075; x_wconf 86' lang='lat' dir='ltr'><strong>hominem</strong></span> 
     </span>
    </p>
   </div>
   <div class='ocr_carea' id='block_1_91' title="bbox 1948 3105 3563 3176">
    <p class='ocr_par' dir='ltr' id='par_1_91' title="bbox 1948 3105 3563 3176">
     <span class='ocr_line' id='line_1_91' title="bbox 1948 3105 3563 3176; baseline 0.006 -18"><span class='ocrx_word' id='word_1_721' title='bbox 1948 3114 2285 3160; x_wconf 90' lang='lat' dir='ltr'><strong>constantem</strong></span> <span class='ocrx_word' id='word_1_722' title='bbox 2319 3115 2374 3159; x_wconf 90' lang='lat' dir='ltr'><strong>et</strong></span> <span class='ocrx_word' id='word_1_723' title='bbox 2419 3105 2650 3160; x_wconf 87' lang='lat' dir='ltr'><strong>lirmum.</strong></span> <span class='ocrx_word' id='word_1_724' title='bbox 2680 3105 2816 3160; x_wconf 91' lang='lat' dir='ltr'><strong>Cum</strong></span> <span class='ocrx_word' id='word_1_725' title='bbox 2846 3107 3075 3163; x_wconf 77' lang='lat' dir='ltr'><strong>dixisset</strong></span> <span class='ocrx_word' id='word_1_726' title='bbox 3108 3110 3252 3164; x_wconf 90' lang='lat' dir='ltr'><strong>enim</strong></span> <span class='ocrx_word' id='word_1_727' title='bbox 3292 3110 3563 3176; x_wconf 78' lang='lat' dir='ltr'><strong>Christus,</strong></span> 
     </span>
    </p>
   </div>
   <div class='ocr_carea' id='block_1_92' title="bbox 1951 3192 3564 3271">
    <p class='ocr_par' dir='ltr' id='par_1_92' title="bbox 1951 3192 3564 3271">
     <span class='ocr_line' id='line_1_92' title="bbox 1951 3192 3564 3271; baseline 0.008 -23"><span class='ocrx_word' id='word_1_728' title='bbox 1951 3192 2086 3249; x_wconf 86' lang='lat' dir='ltr'><strong>Ecce</strong></span> <span class='ocrx_word' id='word_1_729' title='bbox 2122 3211 2235 3248; x_wconf 84' lang='lat' dir='ltr'><strong>vere</strong></span> <span class='ocrx_word' id='word_1_730' title='bbox 2262 3194 2520 3261; x_wconf 86' lang='lat' dir='ltr'><strong>Israelita,</strong></span> <span class='ocrx_word' id='word_1_731' title='bbox 2573 3212 2678 3252; x_wconf 90' lang='lat' dir='ltr'><strong>non</strong></span> <span class='ocrx_word' id='word_1_732' title='bbox 2711 3197 2962 3253; x_wconf 90' lang='lat' dir='ltr'><strong>laudibus</strong></span> <span class='ocrx_word' id='word_1_733' title='bbox 3009 3202 3284 3258; x_wconf 86' lang='lat' dir='ltr'><strong>emollitus</strong></span> <span class='ocrx_word' id='word_1_734' title='bbox 3312 3211 3412 3271; x_wconf 85' lang='lat' dir='ltr'><strong>est,</strong></span> <span class='ocrx_word' id='word_1_735' title='bbox 3457 3222 3564 3261; x_wconf 89' lang='lat' dir='ltr'><strong>non</strong></span> 
     </span>
    </p>
   </div>
   <div class='ocr_carea' id='block_1_93' title="bbox 1949 3288 3565 3361">
    <p class='ocr_par' dir='ltr' id='par_1_93' title="bbox 1949 3288 3565 3361">
     <span class='ocr_line' id='line_1_93' title="bbox 1949 3288 3565 3361; baseline 0.007 -19"><span class='ocrx_word' id='word_1_736' title='bbox 1949 3288 2211 3343; x_wconf 88' lang='lat' dir='ltr'><strong>encomiis</strong></span> <span class='ocrx_word' id='word_1_737' title='bbox 2240 3298 2446 3360; x_wconf 89' lang='lat' dir='ltr'><strong>raptus,</strong></span> <span class='ocrx_word' id='word_1_738' title='bbox 2475 3288 2572 3344; x_wconf 89' lang='lat' dir='ltr'><strong>sed</strong></span> <span class='ocrx_word' id='word_1_739' title='bbox 2605 3299 2810 3359; x_wconf 88' lang='lat' dir='ltr'><strong>perstat</strong></span> <span class='ocrx_word' id='word_1_740' title='bbox 2850 3292 3129 3361; x_wconf 86' lang='lat' dir='ltr'><strong>inquirens</strong></span> <span class='ocrx_word' id='word_1_741' title='bbox 3169 3302 3226 3349; x_wconf 89' lang='lat' dir='ltr'><strong>et</strong></span> <span class='ocrx_word' id='word_1_742' title='bbox 3262 3298 3565 3354; x_wconf 86' lang='lat' dir='ltr'><strong>accuratius</strong></span> 
     </span>
    </p>
   </div>
   <div class='ocr_carea' id='block_1_94' title="bbox 1949 3382 3567 3463">
    <p class='ocr_par' dir='ltr' id='par_1_94' title="bbox 1949 3382 3567 3463">
     <span class='ocr_line' id='line_1_94' title="bbox 1949 3382 3567 3463; baseline 0.007 -27"><span class='ocrx_word' id='word_1_743' title='bbox 1949 3382 2260 3450; x_wconf 82' lang='lat' dir='ltr'><strong>explorans,</strong></span> <span class='ocrx_word' id='word_1_744' title='bbox 2293 3382 2513 3452; x_wconf 84' lang='lat' dir='ltr'><strong>vultque</strong></span> <span class='ocrx_word' id='word_1_745' title='bbox 2557 3383 2764 3438; x_wconf 89' lang='lat' dir='ltr'><strong>clarum</strong></span> <span class='ocrx_word' id='word_1_746' title='bbox 2818 3385 3092 3455; x_wconf 87' lang='lat' dir='ltr'><strong>quidpiam</strong></span> <span class='ocrx_word' id='word_1_747' title='bbox 3138 3387 3402 3446; x_wconf 87' lang='lat' dir='ltr'><strong>ediscere.</strong></span> <span class='ocrx_word' id='word_1_748' title='bbox 3451 3392 3567 3463; x_wconf 88' lang='lat' dir='ltr'><strong>Ipse</strong></span> 
     </span>
    </p>
   </div>
   <div class='ocr_carea' id='block_1_95' title="bbox 1952 3474 3568 3546">
    <p class='ocr_par' dir='ltr' id='par_1_95' title="bbox 1952 3474 3568 3546">
     <span class='ocr_line' id='line_1_95' title="bbox 1952 3474 3568 3546; baseline 0.008 -18"><span class='ocrx_word' id='word_1_749' title='bbox 1952 3474 2115 3546; x_wconf 80' lang='lat' dir='ltr'><strong>igitur</strong></span> <span class='ocrx_word' id='word_1_750' title='bbox 2147 3487 2204 3530; x_wconf 87' lang='lat' dir='ltr'><strong>ut</strong></span> <span class='ocrx_word' id='word_1_751' title='bbox 2233 3476 2396 3530; x_wconf 90' lang='lat' dir='ltr'><strong>homo</strong></span> <span class='ocrx_word' id='word_1_752' title='bbox 2425 3476 2602 3531; x_wconf 86' lang='lat' dir='ltr'><strong>adhuc</strong></span> <span class='ocrx_word' id='word_1_753' title='bbox 2628 3478 2909 3546; x_wconf 83' lang='lat' dir='ltr'><strong>perquirit.</strong></span> <span class='ocrx_word' id='word_1_754' title='bbox 2939 3478 3097 3535; x_wconf 89' lang='lat' dir='ltr'><strong>Jesus</strong></span> <span class='ocrx_word' id='word_1_755' title='bbox 3122 3491 3305 3538; x_wconf 90' lang='lat' dir='ltr'><strong>autem</strong></span> <span class='ocrx_word' id='word_1_756' title='bbox 3341 3494 3400 3540; x_wconf 89' lang='lat' dir='ltr'><strong>ut</strong></span> <span class='ocrx_word' id='word_1_757' title='bbox 3429 3487 3568 3541; x_wconf 87' lang='lat' dir='ltr'><strong>Deus</strong></span> 
     </span>
    </p>
   </div>
   <div class='ocr_carea' id='block_1_96' title="bbox 1953 3567 3571 3650">
    <p class='ocr_par' dir='ltr' id='par_1_96' title="bbox 1953 3567 3571 3650">
     <span class='ocr_line' id='line_1_96' title="bbox 1953 3567 3571 3650; baseline 0.009 -29"><span class='ocrx_word' id='word_1_758' title='bbox 1953 3567 2264 3638; x_wconf 90' lang='lat' dir='ltr'><strong>respondet,</strong></span> <span class='ocrx_word' id='word_1_759' title='bbox 2317 3569 2435 3623; x_wconf 87' lang='lat' dir='ltr'><strong>Jam</strong></span> <span class='ocrx_word' id='word_1_760' title='bbox 2486 3579 2534 3624; x_wconf 90' lang='lat' dir='ltr'><strong>te</strong></span> <span class='ocrx_word' id='word_1_761' title='bbox 2583 3580 2710 3625; x_wconf 87' lang='lat' dir='ltr'><strong>ante</strong></span> <span class='ocrx_word' id='word_1_762' title='bbox 2747 3571 2884 3637; x_wconf 89' lang='lat' dir='ltr'><strong>vidi;</strong></span> <span class='ocrx_word' id='word_1_763' title='bbox 2936 3589 3149 3629; x_wconf 88' lang='lat' dir='ltr'><strong>morum</strong></span> <span class='ocrx_word' id='word_1_764' title='bbox 3201 3576 3402 3648; x_wconf 88' lang='lat' dir='ltr'><strong>quippe</strong></span> <span class='ocrx_word' id='word_1_765' title='bbox 3450 3581 3571 3650; x_wconf 80' lang='lat' dir='ltr'><strong>ejus</strong></span> 
     </span>
    </p>
   </div>
   <div class='ocr_carea' id='block_1_97' title="bbox 1952 3661 3571 3737">
    <p class='ocr_par' dir='ltr' id='par_1_97' title="bbox 1952 3661 3571 3737">
     <span class='ocr_line' id='line_1_97' title="bbox 1952 3661 3571 3737; baseline 0.01 -23"><span class='ocrx_word' id='word_1_766' title='bbox 1952 3661 2280 3730; x_wconf 72' lang='lat' dir='ltr'><strong>mquitatem,</strong></span> <span class='ocrx_word' id='word_1_767' title='bbox 2303 3672 2406 3717; x_wconf 86' lang='lat' dir='ltr'><strong>non</strong></span> <span class='ocrx_word' id='word_1_768' title='bbox 2439 3671 2495 3716; x_wconf 88' lang='lat' dir='ltr'><strong>ut</strong></span> <span class='ocrx_word' id='word_1_769' title='bbox 2523 3663 2684 3718; x_wconf 90' lang='lat' dir='ltr'><strong>homo</strong></span> <span class='ocrx_word' id='word_1_770' title='bbox 2707 3665 2792 3734; x_wconf 88' lang='lat' dir='ltr'><strong>qui</strong></span> <span class='ocrx_word' id='word_1_771' title='bbox 2819 3664 2989 3734; x_wconf 85' lang='lat' dir='ltr'><strong>ipsum</strong></span> <span class='ocrx_word' id='word_1_772' title='bbox 3005 3678 3268 3737; x_wconf 89' lang='lat' dir='ltr'><strong>sequutus</strong></span> <span class='ocrx_word' id='word_1_773' title='bbox 3286 3683 3448 3735; x_wconf 85' lang='lat' dir='ltr'><strong>esset,</strong></span> <span class='ocrx_word' id='word_1_774' title='bbox 3475 3673 3571 3730; x_wconf 84' lang='lat' dir='ltr'><strong>sed</strong></span> 
     </span>
    </p>
   </div>
   <div class='ocr_carea' id='block_1_98' title="bbox 1947 3753 3568 3834">
    <p class='ocr_par' dir='ltr' id='par_1_98' title="bbox 1947 3753 3568 3834">
     <span class='ocr_line' id='line_1_98' title="bbox 1947 3753 3568 3834; baseline 0.01 -30"><span class='ocrx_word' id='word_1_775' title='bbox 1947 3753 2058 3822; x_wconf 89' lang='lat' dir='ltr'><strong>jam</strong></span> <span class='ocrx_word' id='word_1_776' title='bbox 2091 3755 2219 3808; x_wconf 91' lang='lat' dir='ltr'><strong>olim</strong></span> <span class='ocrx_word' id='word_1_777' title='bbox 2259 3767 2315 3808; x_wconf 93' lang='lat' dir='ltr'><strong>ut</strong></span> <span class='ocrx_word' id='word_1_778' title='bbox 2343 3755 2482 3810; x_wconf 89' lang='lat' dir='ltr'><strong>Dens</strong></span> <span class='ocrx_word' id='word_1_779' title='bbox 2513 3767 2772 3812; x_wconf 88' lang='lat' dir='ltr'><strong>noverat:</strong></span> <span class='ocrx_word' id='word_1_780' title='bbox 2804 3768 2877 3822; x_wconf 88' lang='lat' dir='ltr'><strong>et,</strong></span> <span class='ocrx_word' id='word_1_781' title='bbox 2910 3759 3065 3818; x_wconf 89' lang='lat' dir='ltr'><strong>Nunc</strong></span> <span class='ocrx_word' id='word_1_782' title='bbox 3091 3762 3197 3818; x_wconf 90' lang='lat' dir='ltr'><strong>vidi</strong></span> <span class='ocrx_word' id='word_1_783' title='bbox 3229 3773 3280 3819; x_wconf 91' lang='lat' dir='ltr'><strong>te</strong></span> <span class='ocrx_word' id='word_1_784' title='bbox 3316 3766 3416 3820; x_wconf 86' lang='lat' dir='ltr'><strong>sub</strong></span> <span class='ocrx_word' id='word_1_785' title='bbox 3441 3766 3568 3834; x_wconf 90' lang='lat' dir='ltr'><strong>ﬁcu,</strong></span> 
     </span>
    </p>
   </div>
   <div class='ocr_carea' id='block_1_99' title="bbox 1953 3848 3568 3927">
    <p class='ocr_par' dir='ltr' id='par_1_99' title="bbox 1953 3848 3568 3927">
     <span class='ocr_line' id='line_1_99' title="bbox 1953 3848 3568 3927; baseline 0.008 -26"><span class='ocrx_word' id='word_1_786' title='bbox 1953 3861 2075 3901; x_wconf 89' lang='lat' dir='ltr'><strong>cum</strong></span> <span class='ocrx_word' id='word_1_787' title='bbox 2129 3848 2310 3903; x_wconf 89' lang='lat' dir='ltr'><strong>nullus</strong></span> <span class='ocrx_word' id='word_1_788' title='bbox 2341 3848 2413 3902; x_wconf 88' lang='lat' dir='ltr'><strong>ibi</strong></span> <span class='ocrx_word' id='word_1_789' title='bbox 2435 3848 2670 3914; x_wconf 89' lang='lat' dir='ltr'><strong>adesset,</strong></span> <span class='ocrx_word' id='word_1_790' title='bbox 2705 3852 2806 3906; x_wconf 90' lang='lat' dir='ltr'><strong>nisi</strong></span> <span class='ocrx_word' id='word_1_791' title='bbox 2835 3851 3114 3925; x_wconf 86' lang='lat' dir='ltr'><strong>Philippus</strong></span> <span class='ocrx_word' id='word_1_792' title='bbox 3153 3865 3208 3911; x_wconf 87' lang='lat' dir='ltr'><strong>et</strong></span> <span class='ocrx_word' id='word_1_793' title='bbox 3250 3857 3568 3927; x_wconf 75' lang='lat' dir='ltr'><strong>Nathanacl,</strong></span> 
     </span>
    </p>
   </div>
   <div class='ocr_carea' id='block_1_100' title="bbox 1953 3939 3568 4014">
    <p class='ocr_par' dir='ltr' id='par_1_100' title="bbox 1953 3939 3568 4014">
     <span class='ocr_line' id='line_1_100' title="bbox 1953 3939 3568 4014; baseline 0.01 -23"><span class='ocrx_word' id='word_1_794' title='bbox 1953 3939 2044 4010; x_wconf 91' lang='lat' dir='ltr'><strong>qni</strong></span> <span class='ocrx_word' id='word_1_795' title='bbox 2076 3943 2300 3996; x_wconf 90' lang='lat' dir='ltr'><strong>seorsim</strong></span> <span class='ocrx_word' id='word_1_796' title='bbox 2332 3941 2402 3996; x_wconf 92' lang='lat' dir='ltr'><strong>ibi</strong></span> <span class='ocrx_word' id='word_1_797' title='bbox 2435 3941 2550 3996; x_wconf 64' lang='lat' dir='ltr'><strong>haec</strong></span> <span class='ocrx_word' id='word_1_798' title='bbox 2595 3943 2978 4014; x_wconf 91' lang='lat' dir='ltr'><strong>loquebantur.</strong></span> <span class='ocrx_word' id='word_1_799' title='bbox 3026 3945 3151 4002; x_wconf 91' lang='lat' dir='ltr'><strong>ldco</strong></span> <span class='ocrx_word' id='word_1_800' title='bbox 3199 3948 3400 4004; x_wconf 89' lang='lat' dir='ltr'><strong>dictum</strong></span> <span class='ocrx_word' id='word_1_801' title='bbox 3445 3964 3568 4007; x_wconf 86' lang='lat' dir='ltr'><strong>est:</strong></span> 
     </span>
    </p>
   </div>
   <div class='ocr_carea' id='block_1_101' title="bbox 1967 4033 3573 4108">
    <p class='ocr_par' dir='ltr' id='par_1_101' title="bbox 1967 4033 3573 4108">
     <span class='ocr_line' id='line_1_101' title="bbox 1967 4033 3573 4108; baseline 0.008 -22"><span class='ocrx_word' id='word_1_802' title='bbox 1967 4033 2152 4089; x_wconf 77' lang='lat' dir='ltr'><strong>Videris</strong></span> <span class='ocrx_word' id='word_1_803' title='bbox 2195 4035 2340 4088; x_wconf 88' lang='lat' dir='ltr'><strong>illum</strong></span> <span class='ocrx_word' id='word_1_804' title='bbox 2379 4053 2412 4088; x_wconf 90' lang='lat' dir='ltr'><strong>a</strong></span> <span class='ocrx_word' id='word_1_805' title='bbox 2457 4037 2624 4108; x_wconf 85' lang='lat' dir='ltr'><strong>longe,</strong></span> <span class='ocrx_word' id='word_1_806' title='bbox 2667 4038 2799 4092; x_wconf 73' lang='lat' dir='ltr'><strong>dixit</strong></span> <span class='ocrx_word' id='word_1_807' title='bbox 2823 4053 2842 4092; x_wconf 90' lang='lat'><strong><em>:</em></strong></span> <span class='ocrx_word' id='word_1_808' title='bbox 2869 4038 3003 4094; x_wconf 83' lang='lat' dir='ltr'><strong>Ecce</strong></span> <span class='ocrx_word' id='word_1_809' title='bbox 3055 4057 3167 4095; x_wconf 78' lang='lat' dir='ltr'><strong>cere</strong></span> <span class='ocrx_word' id='word_1_810' title='bbox 3197 4039 3439 4098; x_wconf 83' lang='lat' dir='ltr'><strong>Israelita</strong></span> <span class='ocrx_word' id='word_1_811' title='bbox 3468 4061 3485 4098; x_wconf 92' lang='lat'><em>:</em></span> <span class='ocrx_word' id='word_1_812' title='bbox 3512 4057 3573 4099; x_wconf 88' lang='lat' dir='ltr'><strong>ut</strong></span> 
     </span>
    </p>
   </div>
   <div class='ocr_carea' id='block_1_102' title="bbox 1955 4127 3574 4203">
    <p class='ocr_par' dir='ltr' id='par_1_102' title="bbox 1955 4127 3574 4203">
     <span class='ocr_line' id='line_1_102' title="bbox 1955 4127 3574 4203; baseline 0.006 -20"><span class='ocrx_word' id='word_1_813' title='bbox 1955 4127 2277 4194; x_wconf 75' lang='lat' dir='ltr'><strong>edisceret‘,</strong></span> <span class='ocrx_word' id='word_1_814' title='bbox 2296 4129 2458 4184; x_wconf 88' lang='lat' dir='ltr'><strong>etiam</strong></span> <span class='ocrx_word' id='word_1_815' title='bbox 2486 4139 2773 4200; x_wconf 89' lang='lat' dir='ltr'><strong>antequam</strong></span> <span class='ocrx_word' id='word_1_816' title='bbox 2798 4132 3074 4203; x_wconf 89' lang='lat' dir='ltr'><strong>Philippus</strong></span> <span class='ocrx_word' id='word_1_817' title='bbox 3092 4133 3430 4203; x_wconf 84' lang='lat' dir='ltr'><strong>adventaret,</strong></span> <span class='ocrx_word' id='word_1_818' title='bbox 3458 4137 3574 4194; x_wconf 73' lang='lat' dir='ltr'><strong>hau:</strong></span> 
     </span>
    </p>
   </div>
   <div class='ocr_carea' id='block_1_103' title="bbox 1957 4222 3570 4297">
    <p class='ocr_par' dir='ltr' id='par_1_103' title="bbox 1957 4222 3570 4297">
     <span class='ocr_line' id='line_1_103' title="bbox 1957 4222 3570 4297; baseline 0.007 -22"><span class='ocrx_word' id='word_1_819' title='bbox 1957 4223 2234 4292; x_wconf 89' lang='lat' dir='ltr'><strong>loquutum</strong></span> <span class='ocrx_word' id='word_1_820' title='bbox 2274 4222 2548 4278; x_wconf 86' lang='lat' dir='ltr'><strong>Christum</strong></span> <span class='ocrx_word' id='word_1_821' title='bbox 2590 4238 2732 4288; x_wconf 83' lang='lat' dir='ltr'><strong>esse,</strong></span> <span class='ocrx_word' id='word_1_822' title='bbox 2767 4241 2835 4282; x_wconf 91' lang='lat' dir='ltr'><strong>ne</strong></span> <span class='ocrx_word' id='word_1_823' title='bbox 2867 4237 3175 4297; x_wconf 91' lang='lat' dir='ltr'><strong>suspectum</strong></span> <span class='ocrx_word' id='word_1_824' title='bbox 3205 4229 3570 4287; x_wconf 89' lang='lat' dir='ltr'><strong>testimonium</strong></span> 
     </span>
    </p>
   </div>
   <div class='ocr_carea' id='block_1_104' title="bbox 1957 4316 3572 4388">
    <p class='ocr_par' dir='ltr' id='par_1_104' title="bbox 1957 4316 3572 4388">
     <span class='ocr_line' id='line_1_104' title="bbox 1957 4316 3572 4388; baseline 0.007 -18"><span class='ocrx_word' id='word_1_825' title='bbox 1957 4317 2200 4373; x_wconf 88' lang='lat' dir='ltr'><strong>haberet.</strong></span> <span class='ocrx_word' id='word_1_826' title='bbox 2237 4316 2469 4387; x_wconf 80' lang='lat' dir='ltr'><strong>ideoque</strong></span> <span class='ocrx_word' id='word_1_827' title='bbox 2513 4326 2568 4372; x_wconf 89' lang='lat' dir='ltr'><strong>et</strong></span> <span class='ocrx_word' id='word_1_828' title='bbox 2609 4327 2820 4388; x_wconf 89' lang='lat' dir='ltr'><strong>tempus</strong></span> <span class='ocrx_word' id='word_1_829' title='bbox 2850 4320 2984 4375; x_wconf 81' lang='lat' dir='ltr'><strong>dixit</strong></span> <span class='ocrx_word' id='word_1_830' title='bbox 3010 4329 3066 4377; x_wconf 90' lang='lat' dir='ltr'><strong>et</strong></span> <span class='ocrx_word' id='word_1_831' title='bbox 3097 4322 3297 4388; x_wconf 91' lang='lat' dir='ltr'><strong>locum,</strong></span> <span class='ocrx_word' id='word_1_832' title='bbox 3330 4333 3385 4379; x_wconf 91' lang='lat' dir='ltr'><strong>et</strong></span> <span class='ocrx_word' id='word_1_833' title='bbox 3409 4326 3572 4381; x_wconf 84' lang='lat' dir='ltr'><strong>arbo-</strong></span> 
     </span>
    </p>
   </div>
   <div class='ocr_carea' id='block_1_105' title="bbox 1958 4411 3574 4491">
    <p class='ocr_par' dir='ltr' id='par_1_105' title="bbox 1958 4411 3574 4491">
     <span class='ocr_line' id='line_1_105' title="bbox 1958 4411 3574 4491; baseline 0.006 -25"><span class='ocrx_word' id='word_1_834' title='bbox 1958 4427 2094 4466; x_wconf 90' lang='lat' dir='ltr'><strong>rem.</strong></span> <span class='ocrx_word' id='word_1_835' title='bbox 2139 4411 2272 4466; x_wconf 84' lang='lat' dir='ltr'><strong>Nam</strong></span> <span class='ocrx_word' id='word_1_836' title='bbox 2303 4411 2346 4465; x_wconf 92' lang='lat' dir='ltr'><strong>si</strong></span> <span class='ocrx_word' id='word_1_837' title='bbox 2382 4420 2587 4466; x_wconf 88' lang='lat' dir='ltr'><strong>tantum</strong></span> <span class='ocrx_word' id='word_1_838' title='bbox 2635 4411 2882 4478; x_wconf 81' lang='lat' dir='ltr'><strong>dixisset,</strong></span> <span class='ocrx_word' id='word_1_839' title='bbox 2935 4415 3243 4487; x_wconf 85' lang='lat' dir='ltr'><strong>Antequam</strong></span> <span class='ocrx_word' id='word_1_840' title='bbox 3297 4417 3574 4491; x_wconf 87' lang='lat' dir='ltr'><strong>Philippus</strong></span> 
     </span>
    </p>
   </div>
   <div class='ocr_carea' id='block_1_106' title="bbox 1957 4505 3577 4585">
    <p class='ocr_par' dir='ltr' id='par_1_106' title="bbox 1957 4505 3577 4585">
     <span class='ocr_line' id='line_1_106' title="bbox 1957 4505 3577 4585; baseline 0.006 -26"><span class='ocrx_word' id='word_1_841' title='bbox 1957 4507 2188 4572; x_wconf 88' lang='lat' dir='ltr'><strong>veniret,</strong></span> <span class='ocrx_word' id='word_1_842' title='bbox 2216 4515 2271 4560; x_wconf 81' lang='lat' dir='ltr'><strong>te</strong></span> <span class='ocrx_word' id='word_1_843' title='bbox 2311 4505 2572 4570; x_wconf 85' lang='lat' dir='ltr'><strong>videram,</strong></span> <span class='ocrx_word' id='word_1_844' title='bbox 2607 4520 2693 4561; x_wconf 90' lang='lat' dir='ltr'><strong>res</strong></span> <span class='ocrx_word' id='word_1_845' title='bbox 2723 4517 2972 4577; x_wconf 87' lang='lat' dir='ltr'><strong>suspecta</strong></span> <span class='ocrx_word' id='word_1_846' title='bbox 3019 4510 3227 4577; x_wconf 80' lang='lat' dir='ltr'><strong>luisset,</strong></span> <span class='ocrx_word' id='word_1_847' title='bbox 3261 4513 3412 4582; x_wconf 86' lang='lat' dir='ltr'><strong>quasi</strong></span> <span class='ocrx_word' id='word_1_848' title='bbox 3462 4515 3577 4585; x_wconf 85' lang='lat' dir='ltr'><strong>ipse</strong></span> 
     </span>
    </p>
   </div>
   <div class='ocr_carea' id='block_1_107' title="bbox 1959 4598 3575 4671">
    <p class='ocr_par' dir='ltr' id='par_1_107' title="bbox 1959 4598 3575 4671">
     <span class='ocr_line' id='line_1_107' title="bbox 1959 4598 3575 4671; baseline 0.006 -18"><span class='ocrx_word' id='word_1_849' title='bbox 1959 4599 2197 4654; x_wconf 86' lang='lat' dir='ltr'><strong>misisset</strong></span> <span class='ocrx_word' id='word_1_850' title='bbox 2224 4598 2555 4669; x_wconf 84' lang='lat' dir='ltr'><strong>Philippum,</strong></span> <span class='ocrx_word' id='word_1_851' title='bbox 2582 4599 2822 4670; x_wconf 91' lang='lat' dir='ltr'><strong>nihilque</strong></span> <span class='ocrx_word' id='word_1_852' title='bbox 2852 4603 3030 4671; x_wconf 82' lang='lat' dir='ltr'><strong>magni</strong></span> <span class='ocrx_word' id='word_1_853' title='bbox 3055 4602 3291 4670; x_wconf 85' lang='lat' dir='ltr'><strong>diceret;</strong></span> <span class='ocrx_word' id='word_1_854' title='bbox 3318 4621 3461 4663; x_wconf 90' lang='lat' dir='ltr'><strong>nunc</strong></span> <span class='ocrx_word' id='word_1_855' title='bbox 3480 4622 3575 4663; x_wconf 87' lang='lat' dir='ltr'><strong>au-</strong></span> 
     </span>
    </p>
   </div>
   <div class='ocr_carea' id='block_1_108' title="bbox 1960 4690 3576 4764">
    <p class='ocr_par' dir='ltr' id='par_1_108' title="bbox 1960 4690 3576 4764">
     <span class='ocr_line' id='line_1_108' title="bbox 1960 4690 3576 4764; baseline 0.005 -19"><span class='ocrx_word' id='word_1_856' title='bbox 1960 4700 2090 4753; x_wconf 89' lang='lat' dir='ltr'><strong>tem,</strong></span> <span class='ocrx_word' id='word_1_857' title='bbox 2119 4699 2177 4745; x_wconf 87' lang='lat' dir='ltr'><strong>et</strong></span> <span class='ocrx_word' id='word_1_858' title='bbox 2199 4690 2342 4761; x_wconf 88' lang='lat' dir='ltr'><strong>quod</strong></span> <span class='ocrx_word' id='word_1_859' title='bbox 2379 4691 2554 4746; x_wconf 88' lang='lat' dir='ltr'><strong>locum</strong></span> <span class='ocrx_word' id='word_1_860' title='bbox 2581 4690 2729 4746; x_wconf 87' lang='lat' dir='ltr'><strong>dicat</strong></span> <span class='ocrx_word' id='word_1_861' title='bbox 2758 4692 2809 4746; x_wconf 92' lang='lat' dir='ltr'><strong>in</strong></span> <span class='ocrx_word' id='word_1_862' title='bbox 2838 4707 2945 4763; x_wconf 92' lang='lat' dir='ltr'><strong>quo</strong></span> <span class='ocrx_word' id='word_1_863' title='bbox 2972 4693 3292 4764; x_wconf 84' lang='lat' dir='ltr'><strong>loquebatur</strong></span> <span class='ocrx_word' id='word_1_864' title='bbox 3306 4711 3428 4751; x_wconf 88' lang='lat' dir='ltr'><strong>cum</strong></span> <span class='ocrx_word' id='word_1_865' title='bbox 3452 4698 3576 4753; x_wconf 85' lang='lat' dir='ltr'><strong>Plii-</strong></span> 
     </span>
    </p>
   </div>
   <div class='ocr_carea' id='block_1_109' title="bbox 1961 4779 3577 4861">
    <p class='ocr_par' dir='ltr' id='par_1_109' title="bbox 1961 4779 3577 4861">
     <span class='ocr_line' id='line_1_109' title="bbox 1961 4779 3577 4861; baseline 0.006 -24"><span class='ocrx_word' id='word_1_866' title='bbox 1961 4783 2128 4854; x_wconf 87' lang='lat' dir='ltr'><strong>lippo,</strong></span> <span class='ocrx_word' id='word_1_867' title='bbox 2158 4779 2372 4853; x_wconf 83' lang='lat' dir='ltr'><strong>etquod</strong></span> <span class='ocrx_word' id='word_1_868' title='bbox 2397 4783 2608 4838; x_wconf 82' lang='lat' dir='ltr'><strong>arboris</strong></span> <span class='ocrx_word' id='word_1_869' title='bbox 2630 4785 2888 4854; x_wconf 85' lang='lat' dir='ltr'><strong>speciem,</strong></span> <span class='ocrx_word' id='word_1_870' title='bbox 2915 4796 2968 4841; x_wconf 90' lang='lat' dir='ltr'><strong>et</strong></span> <span class='ocrx_word' id='word_1_871' title='bbox 2990 4787 3132 4857; x_wconf 89' lang='lat' dir='ltr'><strong>quod</strong></span> <span class='ocrx_word' id='word_1_872' title='bbox 3160 4789 3414 4861; x_wconf 87' lang='lat' dir='ltr'><strong>colloquii</strong></span> <span class='ocrx_word' id='word_1_873' title='bbox 3441 4801 3577 4847; x_wconf 82' lang='lat' dir='ltr'><strong>tem-</strong></span> 
     </span>
    </p>
   </div>
   <div class='ocr_carea' id='block_1_110' title="bbox 1963 4875 3575 4956">
    <p class='ocr_par' dir='ltr' id='par_1_110' title="bbox 1963 4875 3575 4956">
     <span class='ocr_line' id='line_1_110' title="bbox 1963 4875 3575 4956; baseline 0.007 -29"><span class='ocrx_word' id='word_1_874' title='bbox 1963 4890 2082 4944; x_wconf 91' lang='lat' dir='ltr'><strong>pus,</strong></span> <span class='ocrx_word' id='word_1_875' title='bbox 2116 4875 2248 4929; x_wconf 89' lang='lat' dir='ltr'><strong>nihil</strong></span> <span class='ocrx_word' id='word_1_876' title='bbox 2300 4875 2447 4928; x_wconf 83' lang='lat' dir='ltr'><strong>dubii</strong></span> <span class='ocrx_word' id='word_1_877' title='bbox 2488 4877 2630 4930; x_wconf 88' lang='lat' dir='ltr'><strong>eirea</strong></span> <span class='ocrx_word' id='word_1_878' title='bbox 2665 4892 2778 4931; x_wconf 92' lang='lat' dir='ltr'><strong>rem</strong></span> <span class='ocrx_word' id='word_1_879' title='bbox 2830 4880 3246 4946; x_wconf 75' lang='lat' dir='ltr'><strong>przenuntiatam</strong></span> <span class='ocrx_word' id='word_1_880' title='bbox 3294 4883 3575 4956; x_wconf 87' lang='lat' dir='ltr'><strong>relinquit.</strong></span> 
     </span>
    </p>
   </div>
   <div class='ocr_carea' id='block_1_111' title="bbox 1961 4965 3577 5042">
    <p class='ocr_par' dir='ltr' id='par_1_111' title="bbox 1961 4965 3577 5042">
     <span class='ocr_line' id='line_1_111' title="bbox 1961 4965 3577 5042; baseline 0.006 -20"><span class='ocrx_word' id='word_1_881' title='bbox 1961 4965 2149 5037; x_wconf 84' lang='lat' dir='ltr'><strong>Neque</strong></span> <span class='ocrx_word' id='word_1_882' title='bbox 2171 4966 2293 5020; x_wconf 92' lang='lat' dir='ltr'><strong>hinc</strong></span> <span class='ocrx_word' id='word_1_883' title='bbox 2317 4976 2546 5032; x_wconf 83' lang='lat' dir='ltr'><strong>tantum,</strong></span> <span class='ocrx_word' id='word_1_884' title='bbox 2576 4967 2669 5022; x_wconf 70' lang='lat' dir='ltr'><strong>scd</strong></span> <span class='ocrx_word' id='word_1_885' title='bbox 2693 4968 2800 5023; x_wconf 86' lang='lat' dir='ltr'><strong>alio</strong></span> <span class='ocrx_word' id='word_1_886' title='bbox 2825 4984 3038 5040; x_wconf 90' lang='lat' dir='ltr'><strong>quoque</strong></span> <span class='ocrx_word' id='word_1_887' title='bbox 3065 4973 3229 5026; x_wconf 83' lang='lat' dir='ltr'><strong>modo</strong></span> <span class='ocrx_word' id='word_1_888' title='bbox 3253 4973 3425 5042; x_wconf 88' lang='lat' dir='ltr'><strong>ipsum</strong></span> <span class='ocrx_word' id='word_1_889' title='bbox 3449 4992 3577 5032; x_wconf 89' lang='lat' dir='ltr'><strong>eru-</strong></span> 
     </span>
    </p>
   </div>
   <div class='ocr_carea' id='block_1_112' title="bbox 1962 5058 3579 5133">
    <p class='ocr_par' dir='ltr' id='par_1_112' title="bbox 1962 5058 3579 5133">
     <span class='ocr_line' id='line_1_112' title="bbox 1962 5058 3579 5133; baseline 0.006 -21"><span class='ocrx_word' id='word_1_890' title='bbox 1962 5058 2061 5120; x_wconf 86' lang='lat' dir='ltr'><strong>dit,</strong></span> <span class='ocrx_word' id='word_1_891' title='bbox 2091 5058 2219 5114; x_wconf 89' lang='lat' dir='ltr'><strong>dum</strong></span> <span class='ocrx_word' id='word_1_892' title='bbox 2253 5067 2519 5113; x_wconf 81' lang='lat' dir='ltr'><strong>memorat</strong></span> <span class='ocrx_word' id='word_1_893' title='bbox 2539 5074 2602 5114; x_wconf 91' lang='lat' dir='ltr'><strong>ea</strong></span> <span class='ocrx_word' id='word_1_894' title='bbox 2623 5075 2746 5128; x_wconf 72' lang='lat' dir='ltr'><strong>qua:</strong></span> <span class='ocrx_word' id='word_1_895' title='bbox 2776 5059 3044 5123; x_wconf 78' lang='lat' dir='ltr'><strong>dixerant.</strong></span> <span class='ocrx_word' id='word_1_896' title='bbox 3077 5077 3291 5133; x_wconf 89' lang='lat' dir='ltr'><strong>nempe,</strong></span> <span class='ocrx_word' id='word_1_897' title='bbox 3325 5066 3365 5118; x_wconf 84' lang='lat' dir='ltr'><strong>A</strong></span> <span class='ocrx_word' id='word_1_898' title='bbox 3395 5064 3579 5122; x_wconf 77' lang='lat' dir='ltr'><strong>Naza-</strong></span> 
     </span>
    </p>
   </div>
   <div class='ocr_carea' id='block_1_113' title="bbox 1963 5149 3580 5223">
    <p class='ocr_par' dir='ltr' id='par_1_113' title="bbox 1963 5149 3580 5223">
     <span class='ocr_line' id='line_1_113' title="bbox 1963 5149 3580 5223; baseline 0.008 -20"><span class='ocrx_word' id='word_1_899' title='bbox 1963 5162 2036 5203; x_wconf 83' lang='lat' dir='ltr'><strong>ret</strong></span> <span class='ocrx_word' id='word_1_900' title='bbox 2064 5160 2224 5220; x_wconf 83' lang='lat' dir='ltr'><strong>potest</strong></span> <span class='ocrx_word' id='word_1_901' title='bbox 2253 5149 2450 5220; x_wconf 86' lang='lat' dir='ltr'><strong>aliquid</strong></span> <span class='ocrx_word' id='word_1_902' title='bbox 2493 5151 2612 5204; x_wconf 82' lang='lat' dir='ltr'><strong>boni</strong></span> <span class='ocrx_word' id='word_1_903' title='bbox 2659 5152 2806 5206; x_wconf 79' lang='lat' dir='ltr'><strong>esse?</strong></span> <span class='ocrx_word' id='word_1_904' title='bbox 2853 5168 2960 5223; x_wconf 92' lang='lat' dir='ltr'><strong>quo</strong></span> <span class='ocrx_word' id='word_1_905' title='bbox 2992 5153 3142 5209; x_wconf 90' lang='lat' dir='ltr'><strong>illum</strong></span> <span class='ocrx_word' id='word_1_906' title='bbox 3197 5155 3299 5212; x_wconf 90' lang='lat' dir='ltr'><strong>sibi</strong></span> <span class='ocrx_word' id='word_1_907' title='bbox 3343 5160 3580 5216; x_wconf 74' lang='lat' dir='ltr'><strong>maxime</strong></span> 
     </span>
    </p>
   </div>
   <div class='ocr_carea' id='block_1_114' title="bbox 1962 5244 3576 5326">
    <p class='ocr_par' dir='ltr' id='par_1_114' title="bbox 1962 5244 3576 5326">
     <span class='ocr_line' id='line_1_114' title="bbox 1962 5244 3576 5326; baseline 0.007 -28"><span class='ocrx_word' id='word_1_908' title='bbox 1962 5245 2302 5310; x_wconf 86' lang='lat' dir='ltr'><strong>conciliavit;</strong></span> <span class='ocrx_word' id='word_1_909' title='bbox 2331 5255 2384 5300; x_wconf 91' lang='lat' dir='ltr'><strong>ct</strong></span> <span class='ocrx_word' id='word_1_910' title='bbox 2414 5244 2557 5314; x_wconf 89' lang='lat' dir='ltr'><strong>quod</strong></span> <span class='ocrx_word' id='word_1_911' title='bbox 2587 5245 2734 5298; x_wconf 85' lang='lat' dir='ltr'><strong>illum</strong></span> <span class='ocrx_word' id='word_1_912' title='bbox 2780 5247 2852 5300; x_wconf 90' lang='lat' dir='ltr'><strong>ita</strong></span> <span class='ocrx_word' id='word_1_913' title='bbox 2881 5246 3190 5318; x_wconf 80' lang='lat' dir='ltr'><strong>loquentem</strong></span> <span class='ocrx_word' id='word_1_914' title='bbox 3236 5266 3341 5306; x_wconf 90' lang='lat' dir='ltr'><strong>non</strong></span> <span class='ocrx_word' id='word_1_915' title='bbox 3374 5254 3576 5326; x_wconf 87' lang='lat' dir='ltr'><strong>impro-</strong></span> 
     </span>
    </p>
   </div>
   <div class='ocr_carea' id='block_1_115' title="bbox 1965 5335 3579 5409">
    <p class='ocr_par' dir='ltr' id='par_1_115' title="bbox 1965 5335 3579 5409">
     <span class='ocr_line' id='line_1_115' title="bbox 1965 5335 3579 5409; baseline 0.009 -19"><span class='ocrx_word' id='word_1_916' title='bbox 1965 5335 2196 5401; x_wconf 86' lang='lat' dir='ltr'><strong>baverit,</strong></span> <span class='ocrx_word' id='word_1_917' title='bbox 2222 5335 2315 5390; x_wconf 91' lang='lat' dir='ltr'><strong>sed</strong></span> <span class='ocrx_word' id='word_1_918' title='bbox 2345 5335 2664 5404; x_wconf 87' lang='lat' dir='ltr'><strong>laudaverit,</strong></span> <span class='ocrx_word' id='word_1_919' title='bbox 2701 5340 3032 5409; x_wconf 86' lang='lat' dir='ltr'><strong>miratusque</strong></span> <span class='ocrx_word' id='word_1_920' title='bbox 3057 5339 3238 5397; x_wconf 81' lang='lat' dir='ltr'><strong>fuerit.</strong></span> <span class='ocrx_word' id='word_1_921' title='bbox 3277 5344 3430 5401; x_wconf 90' lang='lat' dir='ltr'><strong>Unde</strong></span> <span class='ocrx_word' id='word_1_922' title='bbox 3454 5346 3579 5404; x_wconf 85' lang='lat' dir='ltr'><strong>hinc</strong></span> 
     </span>
    </p>
   </div>
   <div class='ocr_carea' id='block_1_116' title="bbox 1965 5428 3578 5509">
    <p class='ocr_par' dir='ltr' id='par_1_116' title="bbox 1965 5428 3578 5509">
     <span class='ocr_line' id='line_1_116' title="bbox 1965 5428 3578 5509; baseline 0.008 -27"><span class='ocrx_word' id='word_1_923' title='bbox 1965 5428 2128 5482; x_wconf 88' lang='lat' dir='ltr'><strong>etiam</strong></span> <span class='ocrx_word' id='word_1_924' title='bbox 2152 5442 2277 5482; x_wconf 87' lang='lat' dir='ltr'><strong>vere</strong></span> <span class='ocrx_word' id='word_1_925' title='bbox 2299 5428 2572 5484; x_wconf 80' lang='lat' dir='ltr'><strong>Christum</strong></span> <span class='ocrx_word' id='word_1_926' title='bbox 2598 5429 2750 5485; x_wconf 79' lang='lat' dir='ltr'><strong>illurn</strong></span> <span class='ocrx_word' id='word_1_927' title='bbox 2783 5446 2905 5486; x_wconf 85' lang='lat' dir='ltr'><strong>esse</strong></span> <span class='ocrx_word' id='word_1_928' title='bbox 2929 5435 3206 5504; x_wconf 82' lang='lat' dir='ltr'><strong>cognovit,</strong></span> <span class='ocrx_word' id='word_1_929' title='bbox 3250 5445 3359 5492; x_wconf 90' lang='lat' dir='ltr'><strong>tum</strong></span> <span class='ocrx_word' id='word_1_930' title='bbox 3387 5452 3418 5493; x_wconf 90' lang='lat' dir='ltr'><strong>a</strong></span> <span class='ocrx_word' id='word_1_931' title='bbox 3450 5454 3578 5509; x_wconf 80' lang='lat' dir='ltr'><strong>pro-</strong></span> 
     </span>
    </p>
   </div>
   <div class='ocr_carea' id='block_1_117' title="bbox 1963 5522 3567 5602">
    <p class='ocr_par' dir='ltr' id='par_1_117' title="bbox 1963 5522 3567 5602">
     <span class='ocr_line' id='line_1_117' title="bbox 1963 5522 3567 5602; baseline 0.006 -25"><span class='ocrx_word' id='word_1_932' title='bbox 1963 5522 2166 5593; x_wconf 85' lang='lat' dir='ltr'><strong>phetia,</strong></span> <span class='ocrx_word' id='word_1_933' title='bbox 2203 5534 2313 5578; x_wconf 90' lang='lat' dir='ltr'><strong>tum</strong></span> <span class='ocrx_word' id='word_1_934' title='bbox 2343 5525 2485 5594; x_wconf 89' lang='lat' dir='ltr'><strong>quod</strong></span> <span class='ocrx_word' id='word_1_935' title='bbox 2529 5525 2646 5595; x_wconf 79' lang='lat' dir='ltr'><strong>ejus</strong></span> <span class='ocrx_word' id='word_1_936' title='bbox 2695 5527 3019 5581; x_wconf 88' lang='lat' dir='ltr'><strong>sententiam</strong></span> <span class='ocrx_word' id='word_1_937' title='bbox 3049 5539 3297 5585; x_wconf 87' lang='lat' dir='ltr'><strong>accurate</strong></span> <span class='ocrx_word' id='word_1_938' title='bbox 3325 5533 3567 5602; x_wconf 80' lang='lat' dir='ltr'><strong>explora-</strong></span> 
     </span>
    </p>
   </div>
   <div class='ocr_carea' id='block_1_118' title="bbox 1962 5618 3571 5692">
    <p class='ocr_par' dir='ltr' id='par_1_118' title="bbox 1962 5618 3571 5692">
     <span class='ocr_line' id='line_1_118' title="bbox 1962 5618 3571 5692; baseline 0.009 -27"><span class='ocrx_word' id='word_1_939' title='bbox 1962 5624 2068 5679; x_wconf 85' lang='lat' dir='ltr'><strong>ret,</strong></span> <span class='ocrx_word' id='word_1_940' title='bbox 2095 5633 2201 5683; x_wconf 87' lang='lat' dir='ltr'><strong>quo</strong></span> <span class='ocrx_word' id='word_1_941' title='bbox 2229 5618 2552 5673; x_wconf 83' lang='lat' dir='ltr'><strong>ostendebat</strong></span> <span class='ocrx_word' id='word_1_942' title='bbox 2583 5633 2642 5674; x_wconf 88' lang='lat' dir='ltr'><strong>se</strong></span> <span class='ocrx_word' id='word_1_943' title='bbox 2675 5619 2764 5672; x_wconf 84' lang='lat' dir='ltr'><strong>illa</strong></span> <span class='ocrx_word' id='word_1_944' title='bbox 2791 5620 2955 5675; x_wconf 88' lang='lat' dir='ltr'><strong>etiam</strong></span> <span class='ocrx_word' id='word_1_945' title='bbox 2983 5636 3103 5692; x_wconf 67' lang='lat' dir='ltr'><strong>quae</strong></span> <span class='ocrx_word' id='word_1_946' title='bbox 3129 5623 3180 5677; x_wconf 91' lang='lat' dir='ltr'><strong>in</strong></span> <span class='ocrx_word' id='word_1_947' title='bbox 3214 5634 3400 5680; x_wconf 86' lang='lat' dir='ltr'><strong>mente</strong></span> <span class='ocrx_word' id='word_1_948' title='bbox 3423 5633 3571 5680; x_wconf 66' lang='lat' dir='ltr'><strong>erant</strong></span> 
     </span>
    </p>
   </div>
   <div class='ocr_carea' id='block_1_119' title="bbox 1967 5711 3579 5787">
    <p class='ocr_par' dir='ltr' id='par_1_119' title="bbox 1967 5711 3579 5787">
     <span class='ocr_line' id='line_1_119' title="bbox 1967 5711 3579 5787; baseline 0.006 -23"><span class='ocrx_word' id='word_1_949' title='bbox 1967 5711 2298 5781; x_wconf 78' lang='lat' dir='ltr'><strong>intelligere:</strong></span> <span class='ocrx_word' id='word_1_950' title='bbox 2326 5713 2393 5766; x_wconf 91' lang='lat' dir='ltr'><strong>ad</strong></span> <span class='ocrx_word' id='word_1_951' title='bbox 2429 5711 2544 5766; x_wconf 76' lang='lat' dir='ltr'><strong>iure</strong></span> <span class='ocrx_word' id='word_1_952' title='bbox 2587 5712 2748 5766; x_wconf 89' lang='lat' dir='ltr'><strong>etiam</strong></span> <span class='ocrx_word' id='word_1_953' title='bbox 2793 5714 2936 5783; x_wconf 89' lang='lat' dir='ltr'><strong>quod</strong></span> <span class='ocrx_word' id='word_1_954' title='bbox 2966 5730 3028 5770; x_wconf 88' lang='lat' dir='ltr'><strong>ea</strong></span> <span class='ocrx_word' id='word_1_955' title='bbox 3057 5730 3182 5786; x_wconf 74' lang='lat' dir='ltr'><strong>qua:</strong></span> <span class='ocrx_word' id='word_1_956' title='bbox 3209 5717 3325 5786; x_wconf 88' lang='lat' dir='ltr'><strong>ipse</strong></span> <span class='ocrx_word' id='word_1_957' title='bbox 3350 5718 3490 5787; x_wconf 88' lang='lat' dir='ltr'><strong>apud</strong></span> <span class='ocrx_word' id='word_1_958' title='bbox 3519 5733 3579 5774; x_wconf 85' lang='lat' dir='ltr'><strong>se</strong></span> 
     </span>
    </p>
   </div>
   <div class='ocr_carea' id='block_1_120' title="bbox 1965 5802 3578 5881">
    <p class='ocr_par' dir='ltr' id='par_1_120' title="bbox 1965 5802 3578 5881">
     <span class='ocr_line' id='line_1_120' title="bbox 1965 5802 3578 5881; baseline 0.007 -25"><span class='ocrx_word' id='word_1_959' title='bbox 1965 5802 2217 5873; x_wconf 87' lang='lat' dir='ltr'><strong>loquutus</strong></span> <span class='ocrx_word' id='word_1_960' title='bbox 2258 5813 2394 5881; x_wconf 82' lang='lat' dir='ltr'><strong>erat,</strong></span> <span class='ocrx_word' id='word_1_961' title='bbox 2441 5819 2548 5858; x_wconf 93' lang='lat' dir='ltr'><strong>non</strong></span> <span class='ocrx_word' id='word_1_962' title='bbox 2591 5817 2864 5877; x_wconf 79' lang='lat' dir='ltr'><strong>argueret,</strong></span> <span class='ocrx_word' id='word_1_963' title='bbox 2908 5807 3016 5863; x_wconf 90' lang='lat' dir='ltr'><strong>imo</strong></span> <span class='ocrx_word' id='word_1_964' title='bbox 3054 5807 3323 5865; x_wconf 87' lang='lat' dir='ltr'><strong>laudaret.</strong></span> <span class='ocrx_word' id='word_1_965' title='bbox 3365 5809 3518 5878; x_wconf 83' lang='lat' dir='ltr'><strong>Quod</strong></span> <span class='ocrx_word' id='word_1_966' title='bbox 3546 5828 3578 5868; x_wconf 88' lang='lat' dir='ltr'><strong>a</strong></span> 
     </span>
    </p>
   </div>
   <div class='ocr_carea' id='block_1_121' title="bbox 2031 5942 3576 6012">
    <p class='ocr_par' dir='ltr' id='par_1_121' title="bbox 2031 5942 3576 6012">
     <span class='ocr_line' id='line_1_121' title="bbox 2031 5942 3576 6012; baseline 0.01 -21"><span class='ocrx_word' id='word_1_967' title='bbox 2031 5943 2046 5973; x_wconf 90' lang='grc'>¹</span> <span class='ocrx_word' id='word_1_968' title='bbox 2085 5942 2224 6012; x_wconf 66' lang='lat' dir='ltr'><strong>Sat-il.</strong></span> <span class='ocrx_word' id='word_1_969' title='bbox 2245 5942 2513 6012; x_wconf 73' lang='lat' dir='ltr'><strong>legendum</strong></span> <span class='ocrx_word' id='word_1_970' title='bbox 2548 5953 2704 6007; x_wconf 87' lang='lat' dir='ltr'><strong>putat,</strong></span> <span class='ocrx_word' id='word_1_971' title='bbox 2726 5953 2776 5998; x_wconf 84' lang='lat' dir='ltr'><strong>ut</strong></span> <span class='ocrx_word' id='word_1_972' title='bbox 2800 5946 3076 6012; x_wconf 82' lang='lat' dir='ltr'><strong>cdist‘crcs;</strong></span> <span class='ocrx_word' id='word_1_973' title='bbox 3101 5950 3190 6001; x_wconf 86' lang='lat' dir='ltr'><strong>scd</strong></span> <span class='ocrx_word' id='word_1_974' title='bbox 3217 5949 3450 6002; x_wconf 78' lang='lat' dir='ltr'><strong>edisceret</strong></span> <span class='ocrx_word' id='word_1_975' title='bbox 3476 5965 3576 6006; x_wconf 67' lang='lat' dir='ltr'><strong>ms-</strong></span> 
     </span>
    </p>
   </div>
   <div class='ocr_carea' id='block_1_122' title="bbox 1968 6001 3206 6141">
    <p class='ocr_par' dir='ltr' id='par_1_122' title="bbox 1968 6001 3206 6141">
     <span class='ocr_line' id='line_1_122' title="bbox 1968 6001 3206 6141; baseline 0.007 -90"><span class='ocrx_word' id='word_1_976' title='bbox 1968 6001 2061 6057; x_wconf 81' lang='lat' dir='ltr'><strong>lius</strong></span> <span class='ocrx_word' id='word_1_977' title='bbox 2085 6001 2369 6071; x_wconf 29' lang='lat' dir='ltr'><strong>quatlrat‘acl</strong></span> <span class='ocrx_word' id='word_1_978' title='bbox 2394 6001 2591 6057; x_wconf 76' lang='lat' dir='ltr'><strong>seriem.</strong></span> <span class='ocrx_word' id='word_1_979' title='bbox 2692 6001 2701 6007; x_wconf 66' lang='grc'><strong>⁷</strong></span> <span class='ocrx_word' id='word_1_980' title='bbox 3000 6001 3031 6002; x_wconf 18' lang='lat' dir='ltr'>ﬂ</span> <span class='ocrx_word' id='word_1_981' title='bbox 3059 6001 3072 6012; x_wconf 90' lang='grc'><strong>’</strong></span> <span class='ocrx_word' id='word_1_982' title='bbox 3164 6081 3206 6141; x_wconf 70' lang='lat'><strong>8</strong></span> 
     </span>
    </p>
   </div>
  </div>
