4120 6484
623 420 722 475 127

618 531 861 601 Philippo
889 536 1104 583 vocatus
1131 526 1336 588 fuisSet,
1363 525 1410 576 id
1438 521 1600 585 dixit;
1631 532 1693 572 ea
1712 529 1840 571 vero
1865 527 1982 584 qua:
2011 517 2192 601 mutuo

616 599 816 691 loquuti
863 619 1068 673 fuerant
1111 617 1270 671 missa
1315 613 1596 680 fecit,cjus
1640 605 1981 663 conscientim
2030 599 2189 656 relin-

616 727 803 781 quens,
836 709 975 776 quod
1003 708 1168 763 nollet
1192 721 1313 762 eum
1344 705 1571 774 amplius
1595 711 1834 770 arguere.

653 801 705 856 5.
729 794 981 866 Exetttplo
1000 791 1052 847 Ν
1059 791 1614 864 atftauaeleoguitioue
1632 789 1827 846 Christi
1846 786 2192 842 exsultamlum

618 899 709 944 est.
743 887 1048 957 Obsequium
1086 885 1165 940 illi
1197 882 1541 956 prtestandum
1581 890 1655 934 est
1693 879 1774 933 cui
1806 878 2044 932 creditur.
2075 872 2193 928 Non

616 980 775 1035 verbis
800 980 887 1034 sed
912 977 1145 1050 aperibus
1170 991 1311 1029 antor
1337 972 1615 1028 exhibetur.
1644 999 1710 1011 —-
1741 968 1878 1036 Quid
1905 966 2096 1038 igitur?
2121 979 2190 1019 an

615 1073 787 1127 solum
816 1087 933 1126 cum
961 1070 1235 1139 Philippus
1261 1066 1486 1130 vocavit,
1510 1078 1631 1119 eum
1651 1061 1816 1116 vidit?
1837 1074 2013 1114 annon
2035 1057 2192 1112 etiam

615 1173 770 1219 antea
814 1163 1044 1218 insomni
1095 1161 1187 1216 illo
1229 1161 1383 1215 oculo
1413 1156 1655 1212 viderat?
1686 1153 1902 1210 Viderat
1928 1166 2084 1214 sane;
2117 1148 2193 1204 id-

616 1269 718 1324 que
745 1268 902 1309 nemo
930 1252 1221 1308 diffiteatur
1251 1268 1263 1302 :
1293 1248 1384 1304 sed
1415 1249 1500 1303 hic
1520 1245 1645 1301 illud
1669 1255 1872 1300 tantum
1898 1242 2033 1314 quod
2061 1255 2195 1312 opus

620 1353 737 1398 erat
757 1343 1040 1399 dicendum
1070 1343 1187 1396 fuit.
1216 1339 1351 1406 Quid
1377 1354 1505 1410 ergo
1541 1338 1668 1393 ille?
1697 1337 1829 1404 Quia
1856 1335 2062 1404 signum
2089 1348 2192 1387 non

614 1432 834 1486 dttbitnn
865 1431 1210 1501 prtrscientite
1236 1429 1353 1499 ejus
1380 1435 1680 1499 acceperat,
1709 1425 1774 1481 ad
1803 1423 2192 1480 confessionem

617 1525 780 1588 venit,
833 1534 885 1578 et
931 1540 1024 1592 per
1070 1523 1464 1578 cunctationem
1518 1520 1769 1590 priorem,
1802 1516 2193 1572 accurationem

617 1630 768 1668 suam
794 1615 1098 1678 ostendens,
1128 1621 1181 1667 et
1203 1621 1383 1682 postea
1409 1627 1507 1681 per
1535 1623 1854 1666 consensum
1879 1606 2192 1678 probitatem

617 1719 765 1758 snam
809 1705 1084 1758 exhibens.
1128 1701 1261 1758 Nam
1300 1700 1575 1772 respondit
1604 1742 1618 1766 ,
1653 1701 1857 1770 inquit,
1888 1708 1938 1753 et
1969 1699 2074 1761 ait,
2103 1696 2191 1752 49.

619 1794 799 1859 Iiabbi,
834 1807 886 1847 tu
911 1811 961 1848 es
990 1792 1156 1848 Filius
1191 1792 1318 1856 Dei,
1349 1802 1401 1845 tu
1439 1808 1490 1846 es
1522 1789 1632 1844 Rea:
1661 1789 1842 1844 Israel.
1877 1786 2061 1842 Viden'
2083 1787 2196 1840 ani-

621 1902 760 1940 mam
787 1887 980 1956 gaudio
1005 1885 1377 1950 exsultantem,
1397 1892 1450 1938 et
1472 1882 1650 1938 verbis
1676 1881 1855 1937 Jesum
1885 1881 2197 1949 amplexan-

621 1979 770 2032 tetn?
818 1979 898 2032 Tu
940 1993 1020 2044 es,
1068 1978 1259 2047 inquit,
1287 1977 1374 2030 ille
1404 1985 1742 2044 exspectatus
1769 1982 1821 2028 et
1844 1973 2191 2028 desideratus.

621 2066 807 2122 Viden’
840 2076 1161 2138 stupentem,
1193 2068 1494 2130 mirantem,
1523 2065 1897 2127 exsultantem,
1921 2063 2194 2118 salientem

619 2176 727 2229 pra:
755 2159 1064 2229 voluptate?
1093 2158 1164 2213 Ita
1195 2173 1291 2213 nos
1321 2172 1532 2228 quoque
1553 2156 1786 2227 gaudere
1806 2163 2045 2225 oportet,
2076 2156 2193 2222 qui-

618 2251 715 2306 bus
742 2251 862 2306 Filii
894 2250 986 2306 Dei
1033 2250 1264 2321 cognitio
1305 2249 1426 2303 data
1477 2256 1590 2313 est;
1635 2247 1903 2318 gaudere,
1947 2247 2190 2316 inquam,

619 2359 722 2396 non
751 2352 930 2398 mente
959 2350 1159 2396 tantum
1189 2381 1202 2405 ,
1236 2339 1330 2396 sed
1361 2339 1519 2395 rebus
1547 2338 1677 2409 ipsis
1704 2337 1954 2408 gaudium
1981 2335 2191 2392 efferre.

619 2434 754 2502 Quid
805 2443 979 2488 autem
1019 2432 1359 2502 gaudentium
1403 2431 1521 2486 est?
1549 2429 1936 2498 Obtemperare
1962 2428 2011 2481 ei
2041 2442 2197 2497 quem

619 2525 781 2579 nosti.
832 2523 1174 2583 Credentium
1223 2531 1398 2576 autem
1442 2530 1553 2586 est,
1605 2535 1666 2575 ea
1701 2519 1914 2582 facere,
1944 2532 2061 2588 qua:
2087 2517 2198 2587 ipse

617 2615 765 2671 velit.
799 2614 929 2668 Nam
959 2614 1001 2668 si
1049 2629 1110 2668 ea
1154 2612 1338 2667 facturi
1367 2626 1551 2665 sumus
1571 2652 1586 2674 ,
1619 2626 1735 2679 quae
1764 2611 1932 2679 ipsum
1960 2607 2025 2662 ad
2066 2608 2195 2662 iram

619 2713 942 2774 provocent,
972 2704 1235 2758 undenam
1262 2701 1607 2758 ostendemus
1642 2715 1739 2756 nos
1764 2700 2034 2771 gaudere?
2064 2699 2196 2754 Cum

619 2800 738 2868 quis
765 2797 907 2852 domi
929 2796 1158 2850 amicum
1187 2794 1383 2864 excipit
1404 2836 1419 2860 ,
1452 2807 1556 2848 non
1587 2793 1777 2847 videtis
1796 2790 2060 2862 quomodo
2079 2805 2197 2845 cum

622 2886 815 2956 gaudio
857 2886 1036 2939 omnia
1070 2881 1268 2950 faciat,
1309 2882 1540 2952 undique
1569 2883 2030 2945 circumcursans,
2072 2879 2196 2934 nulli

617 2981 693 3036 rei
726 2993 949 3050 parcens
974 3019 988 3044 ,
1019 2977 1225 3034 etiamsi
1249 2990 1388 3046 opus
1418 2976 1488 3030 sit
1527 2974 1804 3028 facultates
1839 2987 2027 3027 omnes
2070 2985 2197 3041 pro-

621 3071 873 3134 fundere;
921 3071 1078 3140 idque
1127 3078 1183 3122 ut
1225 3069 1397 3121 amico
1442 3067 1686 3136 placeat?
1714 3066 1864 3133 Quod
1905 3065 1948 3119 si
1989 3063 2199 3119 vocanti

619 3177 724 3216 non
751 3161 1163 3229 obtemperaret,
1195 3173 1366 3229 neque
1396 3157 1463 3212 ad
1493 3157 1610 3226 ejus
1640 3157 1890 3226 placitum
1916 3155 2091 3208 omnia
2124 3154 2199 3207 fa-

618 3260 782 3315 ceret,
830 3250 1038 3304 etiamsi
1083 3249 1275 3303 millies
1322 3249 1524 3303 diceret
1565 3262 1624 3302 se
1665 3247 1732 3301 de
1778 3246 1942 3315 ipsius
1971 3245 2200 3300 adventu

619 3341 816 3407 Letari,
862 3356 964 3393 non
1007 3339 1187 3409 utique
1223 3337 1360 3394 fides
1387 3339 1434 3394 ei
1471 3337 1539 3392 ab
1566 3336 1775 3406 h05pite
1802 3335 2117 3401 haberetur;
2147 3342 2202 3390 et

621 3434 810 3486 merito
837 3446 986 3486 sane.
1016 3430 1146 3486 Illud
1179 3431 1323 3486 enim
1361 3430 1612 3500 operibus
1639 3428 1993 3484 exhibendum
2035 3437 2196 3485 esset.

621 3523 800 3592 Itaque
848 3523 967 3592 quia
998 3520 1240 3577 Christus
1264 3521 1328 3575 ad
1361 3537 1458 3575 nos
1495 3521 1669 3585 venit,
1712 3521 2055 3575 ostendamus
2101 3533 2200 3575 nos

619 3614 885 3685 gaudere,
941 3614 1175 3684 nihilque
1223 3612 1363 3684 quod
1410 3612 1475 3668 ad
1527 3613 1853 3668 iracundiam
1907 3627 2199 3683 provocare

1362 414 1418 468 S.
1450 403 1724 464 IOANNIS
1761 395 2228 457 CIIRYSOSTUMI
2258 394 2571 450 Alitlllll'll’.
2615 391 3142 449 CONSTANTINOP.

3789 393 3895 446 123

2301 509 2468 578 possit
2496 507 2750 563 faciamus
2775 525 2788 573 ;
2830 522 3081 562 ornemtts
3109 506 3325 562 domum
3361 506 3499 561 illam
3528 506 3577 561 in
3607 523 3766 578 quam
3795 511 3895 562 ad-

2301 601 2442 655 venit
2474 616 2486 653 :
2520 601 2618 654 hoc
2646 599 2988 671 gaudentium
3017 609 3100 654 est
3130 617 3142 652 :
3175 611 3502 670 apponatnus
3531 599 3579 651 in
3610 599 3894 667 prandium

2303 691 2352 743 id
2384 691 2525 761 quod
2568 692 2665 761 ipsi
2709 691 2940 744 maxime
2970 690 3141 759 placet
3175 707 3186 743 :
3222 688 3325 743 hoc
3355 689 3738 743 exsultantium
3783 701 3891 746 est.

2298 782 2578 850 Quodnam
2623 797 2752 838 vero
2794 781 3070 853 prandium
3115 780 3242 835 illud
3287 780 3405 835 est?
3449 780 3564 849 Ipse
3593 780 3707 832 ait:
3741 779 3894 836 Meus

2297 877 2435 931 cibus
2456 887 2547 944 est,
2574 887 2628 930 ut
2657 876 2842 946 faciant
2865 875 3170 929 voluntatem
3196 874 3303 943 ejus
3327 875 3413 944 qui
3443 874 3576 926 misit
3607 889 3685 925 nte
3707 871 3893 941 (Joan.

2298 967 2352 1021 4.
2384 967 2498 1037 54).
2538 967 2822 1022 Pascsmus
2865 966 3040 1037 ipsum
3082 964 3406 1021 esurientem
3431 1006 3446 1030 ,
3487 976 3668 1034 pottun
3700 963 3895 1018 demus

2299 1057 2538 1122 sitienti;
2570 1057 2613 1111 si
2646 1056 2729 1112 vel
2760 1071 2949 1126 aquam
2982 1054 3225 1126 frigidam
3257 1054 3473 1108 dederis
3497 1096 3512 1120 ,
3541 1055 3764 1122 accipiet
3793 1071 3806 1108 :
3840 1064 3894 1108 te

2299 1151 2496 1216 quippe
2522 1157 2698 1212 amat;
2728 1146 2884 1200 amici
2914 1160 3040 1200 vero
3067 1145 3203 1200 dona
3227 1185 3243 1209 ,
3287 1145 3627 1214 quantumvis
3653 1145 3844 1214 exigua
3872 1187 3890 1212 ,

2299 1242 2471 1294 amico
2501 1256 2685 1311 magna
2717 1239 2962 1294 videntur
2989 1254 3125 1293 csse.
3159 1237 3237 1293 Tu
3270 1253 3398 1294 vero
3424 1238 3596 1292 Solum
3625 1255 3688 1291 ne
3709 1238 3894 1308 segnis

2299 1340 2449 1398 esto;
2480 1334 2686 1388 etiamsi
2714 1331 2848 1388 duos
2889 1331 3078 1388 obolos
3104 1331 3441 1401 deposueris,
3475 1347 3578 1385 mm
3619 1333 3894 1386 avctsabi-

2302 1431 2418 1487 tur,
2457 1422 2553 1478 sed
2595 1433 2860 1494 tamquam
2892 1437 3112 1492 magnas
3140 1437 3269 1493 opes
3298 1423 3540 1492 accipiet.
3580 1423 3713 1478 Cum
3743 1424 3889 1478 enim

2300 1512 2443 1566 nullo
2482 1512 2749 1583 indigeat,
2795 1529 2969 1584 neque
2994 1515 3108 1570 hate
3135 1513 3232 1584 ipsi
3266 1516 3566 1570 necessaria
3592 1515 3730 1578 sint,
3766 1513 3893 1584 jure

2301 1620 2405 1659 non
2453 1619 2734 1660 munerum
2783 1605 3238 1684 magnitudinem,
3287 1605 3381 1660 sed
3419 1605 3594 1660 dantis
3641 1607 3890 1675 proposi-

2302 1709 2411 1752 tum
2448 1705 2672 1766 spectat.
2703 1696 2930 1751 Tantum
2970 1696 3192 1751 ostende
3225 1705 3277 1752 te
3306 1697 3680 1752 adventantem
3715 1699 3890 1767 ipsum

2301 1802 2499 1852 amare,
2540 1797 2592 1843 te
2623 1803 2684 1843 ea
2715 1787 2783 1843 de
2810 1802 2970 1842 causa
3005 1788 3136 1842 nihil
3168 1802 3272 1842 non
3300 1802 3487 1856 agere,
3539 1796 3592 1844 te
3636 1789 3702 1843 de
3751 1803 3892 1858 prte-

2302 1881 2473 1936 sentia
2502 1880 2618 1951 ejus
2655 1881 2909 1952 gaudere.
2941 1880 3073 1936 Vide
3102 1881 3370 1950 quomodo
3416 1881 3504 1937 ille
3546 1895 3668 1951 erga
3719 1891 3769 1936 te
3817 1881 3892 1937 sit

2301 1971 2539 2028 affectus.
2583 1971 2809 2042 Propter
2836 1981 2887 2027 te
2917 1971 3171 2038 advenit,
3204 1973 3435 2027 animam
3469 1987 3566 2042 pro
3593 1983 3644 2027 te
3666 1973 3843 2041 posuit
3875 1989 3888 2026 :

2303 2072 2356 2117 ct
2385 2073 2502 2132 post
2541 2072 2682 2117 tanta
2720 2062 2978 2118 beneficia
3003 2079 3073 2118 ne
3110 2077 3297 2135 rogare
3322 2064 3536 2134 quidem
3569 2074 3618 2119 te
3658 2077 3889 2118 recusat.

2308 2153 2408 2208 Pro
2431 2153 2628 2208 Christo
2648 2154 2813 2222 enim,
2846 2155 3034 2226 inquit,
3053 2156 3305 2227 legatione
3324 2158 3607 2228 fungimur,
3637 2167 3893 2230 tamquam

2303 2243 2411 2299 Deo
2448 2245 2738 2300 obsecrante
2767 2263 2856 2317 per
2883 2263 2974 2303 nos
3003 2247 3079 2320 (2.
3115 2248 3232 2303 Cor.
3264 2249 3317 2305 5.
3347 2248 3440 2320 20)
3495 2249 3691 2320 Ecquis
3715 2250 3784 2303 ita
3813 2251 3895 2305 fu-

2303 2335 2478 2392 riosus
2508 2346 2609 2405 est,
2655 2346 2713 2392 ut
2740 2337 3016 2394 dominum
3045 2353 3198 2394 suum
3231 2355 3337 2394 non
3365 2340 3543 2395 amet?
3565 2340 3676 2395 lloc
3710 2349 3764 2396 et
3792 2357 3896 2411 ego

2303 2427 2425 2482 dico
2449 2469 2464 2492 ,
2495 2427 2711 2497 scioque
2738 2438 2983 2483 nostrum
3007 2428 3244 2499 singulos
3269 2445 3374 2484 non
3398 2430 3555 2485 aliter
3587 2431 3751 2486 verbo
3785 2432 3895 2486 sal-

2305 2526 2409 2571 tem
2439 2526 2492 2571 et
2518 2527 2696 2572 mente
2726 2531 2980 2573 sensuros
3000 2533 3141 2574 esse.
3169 2518 3274 2576 Sed
3307 2536 3414 2575 non
3446 2521 3622 2576 verbis
3644 2531 3844 2577 tantum
3874 2564 3891 2588 ,

2303 2607 2396 2664 sed
2427 2607 2586 2663 etiam
2619 2608 2872 2678 operibus
2906 2609 3019 2666 vult
3045 2610 3090 2664 is
3115 2610 3204 2681 qui
3234 2620 3445 2666 amatur
3467 2627 3706 2667 amorem
3732 2614 3890 2668 exhi-

2305 2701 2437 2757 beri.
2469 2702 2600 2756 Nam
2625 2703 2670 2756 si
2701 2702 2772 2756 ita
2800 2701 3014 2772 quidem
3043 2702 3342 2774 loquamur,
3379 2720 3552 2775 neque
3578 2717 3895 2775 praestemus

2305 2792 2355 2846 id
2382 2792 2522 2862 quod
2559 2800 2802 2847 amantes
2849 2793 3054 2858 solent,
3097 2793 3319 2848 ridicula
3350 2808 3479 2849 sane
3508 2810 3597 2849 res
3639 2803 3751 2862 est,
3785 2811 3896 2852 non

2303 2884 2441 2952 apud
2468 2883 2633 2938 Deum
2665 2892 2865 2938 tantum
2888 2926 2902 2951 ,
2932 2883 3026 2939 sed
3063 2885 3221 2940 etiam
3252 2884 3392 2955 apud
3436 2884 3699 2942 homines.
3742 2887 3894 2956 Quo-

2306 2975 2446 3028 niam
2479 2974 2636 3044 igitur
2662 2974 2839 3030 verbis
2865 2983 3069 3030 tantum
3096 2974 3363 3042 confiteri,
3395 2986 3450 3031 et
3477 2977 3636 3033 rebus
3665 2989 3892 3034 contra—

2308 3065 2382 3118 ria
2420 3073 2673 3134 praestare
2697 3107 2710 3131 ,
2740 3079 2843 3120 non
2879 3066 3065 3122 inutile
3094 3067 3252 3122 modo
3273 3108 3288 3133 ,
3316 3067 3410 3122 sed
3432 3070 3594 3123 etiam
3623 3071 3894 3139 pernicie-

2307 3170 2423 3211 sum
2455 3165 2571 3222 est;
2602 3172 2762 3228 rogo,
2796 3157 3189 3214 confessionem
3219 3173 3314 3230 per
3336 3174 3494 3231 opera
3521 3163 3894 3228 exhibeamus,

2307 3257 2363 3302 ut
2395 3249 2508 3318 ipse
2539 3264 2636 3305 nos
2665 3249 2980 3305 confiteatur
3007 3250 3103 3306 illo
3128 3250 3216 3306 die
3235 3292 3250 3318 ,
3281 3252 3494 3322 quando
3520 3253 3660 3322 apud
3684 3254 3897 3312 Patrem

2304 3341 2519 3410 quinam
2567 3341 2710 3412 digni
2753 3343 2860 3398 sint
2897 3343 3274 3399 confitebitur:
3310 3345 3360 3398 iu
3389 3342 3601 3399 ChriSto
3631 3345 3757 3401 Jcsu
3789 3349 3897 3403 Do-

2306 3431 2453 3485 mino
2474 3440 2658 3486 nostro
2677 3473 2691 3498 ,
2725 3447 2820 3503 per
2847 3448 3005 3504 quem
3040 3442 3096 3488 et
3126 3449 3249 3489 cum
3279 3450 3384 3505 quo
3413 3434 3556 3490 Patri
3583 3437 3749 3508 gloria
3774 3481 3787 3501 ,
3819 3441 3900 3493 si-

2307 3522 2521 3591 mulque
2542 3533 2726 3579 sancto
2754 3523 2994 3594 Spiritui,
3022 3539 3165 3581 nunc
3183 3535 3237 3580 et
3264 3540 3478 3597 semper
3499 3569 3512 3592 ,
3545 3538 3600 3584 et
3631 3530 3679 3583 in
3702 3531 3898 3586 saecula

2305 3617 2641 3670 swculorum.
2672 3619 2862 3672 Amen.

634 3723 3927 3759 —————————_——ﬂ—_————————————_~_

1970 3812 2316 3875 HOMILIA
2360 3813 2539 3875 XXI.

623 3967 709 4023 ιθ.
745 3966 1022 4037 Respondit
1049 3964 1349 4020 Nat/tanael
1368 4005 1383 4031 ,
1416 3974 1462 4020 et
1484 3967 1605 4018 dicit
1631 3966 1675 4019 ei
1701 3981 1718 4019 :
1745 3963 1927 4032 Rabbi,
1956 3974 2007 4018 tu
2031 3982 2080 4019 es
2112 3965 2203 4019 Fi-

693 4061 787 4113 lius
824 4058 952 4124 Dei,
986 4070 1038 4111 tu
1077 4075 1128 4112 es
1154 4058 1264 4112 Rea:
1302 4056 1484 4111 Israel.
1516 4057 1604 4112 50.
1632 4056 1908 4126 Respondit
1942 4055 2093 4110 Iesus
2115 4095 2130 4122 ,
2157 4067 2203 4110 et

695 4153 823 4206 dixit
848 4153 932 4206 ei:
964 4151 1096 4218 Quia
1117 4151 1224 4205 dixi
1246 4150 1352 4216 tibi,
1389 4148 1506 4204 Vidi
1525 4156 1574 4204 le
1598 4149 1689 4203 sub
1716 4150 1835 4217 ﬁcu,
1868 4148 2066 4203 credis?
2097 4147 2202 4203 Ma-

690 4244 808 4312 jora
833 4242 911 4296 Itis
936 4240 1142 4295 videbis.
2153 4249 2155 4251 ’

699 4335 749 4387 1.
784 4333 943 4387 Multa
986 4333 1140 4387 nobis
1171 4347 1298 4385 cura
1341 4345 1475 4402 opus
1519 4340 1643 4398 est,
1677 4331 1887 4398 dilecti,
1920 4333 2207 4403 multisque

627 4426 817 4494 vigiliis
838 4464 851 4486 ,
883 4434 939 4477 ut
982 4439 1253 4478 sacrarum
1281 4422 1672 4494 Scripturarum
1696 4423 2016 4494 profundum
2042 4424 2207 4494 inspi-

627 4529 748 4570 cere
779 4513 1063 4583 possimus.
1107 4512 1288 4582 Neque
1318 4515 1460 4567 enim
1508 4515 1679 4582 supini
1726 4513 1810 4568 vel
1859 4514 2207 4570 dormitantes

629 4620 911 4675 possumus
937 4605 1052 4673 ejus
1080 4619 1236 4659 sensa
1265 4605 1557 4674 percipere,
1592 4603 1683 4658 sed
1706 4619 1839 4674 opus
1859 4615 1940 4660 est
1961 4615 2207 4661 accurato

630 4697 897 4761 examine,
928 4694 1266 4764 assiduisque
1295 4695 1562 4764 precibus,
1597 4704 1653 4748 ut
1682 4695 1766 4749 vel
1795 4694 2058 4749 tantillum
2086 4710 2207 4765 pos-

633 4786 799 4838 simus
827 4785 877 4837 in
903 4799 1052 4838 sacra
1086 4785 1176 4838 illa
1204 4786 1455 4855 mysteria
1490 4795 1787 4854 penetrare.
1820 4786 1957 4840 Ecce
1982 4802 2210 4856 namque

634 4875 793 4930 hodie
835 4889 939 4929 non
987 4875 1117 4930 levis
1148 4875 1302 4929 nobis
1341 4875 1565 4944 quaestio
1595 4875 1936 4944 pr0pnnitur,
1971 4874 2063 4930 sed
2093 4890 2212 4945 qua:

630 4969 796 5023 multa
843 4977 994 5038 egeat
1045 4967 1355 5037 diligentia,
1409 4967 1569 5046 multa
1623 4968 2026 5038 perquisitione.
2078 4967 2209 5022 Cum

632 5058 926 5113 Nathanael
958 5058 1124 5122 dicit,
1167 5057 1246 5112 Tu
1273 5074 1324 5111 es
1349 5057 1518 5111 Filius
1547 5057 1682 5123 Dei;
1725 5059 2012 5128 rcSpondet
2053 5057 2209 5114 Chri-

634 5159 769 5216 stus,
817 5150 950 5217 Quia
993 5150 1101 5206 dixi
1126 5149 1244 5216 tibi,
1285 5150 1400 5204 Vidi
1421 5161 1466 5205 le
1488 5151 1578 5205 sub
1607 5152 1708 5220 ﬁcu
1735 5193 1749 5217 ,
1775 5151 1978 5206 credis?
2010 5151 2212 5223 Hajora

636 5243 713 5296 his
734 5242 937 5299 videbis.
967 5243 1102 5312 Quid
1129 5243 1382 5313 quaeritur
1406 5245 1544 5298 circa
1576 5245 1844 5312 praemissa
1875 5245 2074 5301 verba?
2106 5246 2212 5301 Cur

640 5335 830 5390 Petrus
859 5344 974 5403 post
999 5344 1140 5390 tanta
1163 5335 1417 5391 miracula
1446 5336 1461 5367 ⁸
1491 5377 1507 5401 ,
1539 5345 1658 5404 post
1686 5346 1882 5391 tantam
1910 5346 2209 5406 susceptam

635 5425 952 5490 doctrinam,
1004 5426 1080 5480 sic
1128 5425 1425 5492 confessus,
1461 5426 1538 5480 Tu
1577 5443 1627 5481 es
1673 5425 1838 5482 Filius
1867 5427 1995 5492 Dei,
2027 5427 2215 5483 beatus

635 5518 974 5586 pratdicatur,
1023 5527 1206 5588 utpote
1255 5519 1337 5573 cui
1377 5518 1536 5574 Pater
1569 5519 1681 5574 hunc
1721 5521 2038 5576 revelaverit
2063 5535 2078 5585 ;
2107 5519 2211 5575 Na-

703 5679 718 5709 ¹
756 5676 812 5727 In
833 5677 995 5726 Morel.
1026 5671 1102 5725 bic
1125 5677 1193 5725 sic
1212 5675 1412 5726 effertur
1437 5676 1649 5726 locus....
1671 5695 1693 5722 ι
1712 5676 1922 5728 ridebis»
1937 5712 1949 5726 .
1977 5675 2114 5727 Multi
2129 5677 2215 5729 hoc

637 5738 812 5801 Christi
850 5751 1132 5801 responsum
1171 5737 1437 5799 audientes,
1463 5732 1690 5798 ancipites
1735 5740 1916 5789 luerent
1960 5740 2168 5792 dicentes
2197 5753 2214 5790 :

640 5799 758 5856 Quid
781 5813 898 5861 ergo
911 5799 941 5849 ζ’
961 5806 1145 5860 Petrus,
1170 5807 1268 5862 past
1293 5806 1423 5847 tanta
1441 5801 1688 5858 uttracula,
1710 5808 1802 5849 etc.

2312 3964 2520 4021 thanael
2557 3980 2681 4021 vero
2713 3967 2801 4036 qui
2849 3977 2974 4022 ante
3015 3968 3164 4038 signa
3188 4009 3202 4034 ,
3235 3978 3359 4024 ante
3383 3969 3681 4025 doctrinam
3707 4010 3722 4036 ,
3753 3969 3900 4026 idem

2309 4058 2480 4127 ipsum
2509 4067 2591 4113 est
2616 4059 2885 4128 loquutus,
2920 4059 3051 4114 nihil
3075 4060 3179 4114 tale
3205 4059 3428 4128 audivit,
3460 4060 3554 4115 sed
3584 4061 3734 4131 quasi
3759 4061 3899 4117 nihil

2308 4158 2508 4204 tantum
2537 4149 2778 4218 dixisset,
2801 4159 3054 4220 quantum
3081 4166 3214 4220 opus
3242 4161 3376 4220 erat,
3403 4153 3468 4207 ad
3500 4155 3700 4221 majora
3728 4154 3900 4209 mitti-

2308 4241 2432 4294 tur?
2470 4239 2608 4306 Quid
2639 4241 2796 4309 igitur
2836 4241 2889 4294 in
2927 4255 3086 4295 causa
3117 4241 3245 4296 est?
3274 4242 3405 4309 Quia
3447 4241 3634 4297 eadem
3681 4243 3902 4314 quidem

2312 4330 2472 4385 verba
2503 4330 2707 4399 loquuti
2749 4340 2874 4385 sunt
2903 4330 3091 4387 Petrus
3120 4341 3175 4387 et
3217 4331 3509 4387 Nathanael
3532 4374 3546 4396 ,
3579 4348 3677 4388 nec
3720 4343 3902 4390 tamen

2313 4419 2499 4484 eodem
2529 4431 2747 4491 uterque
2773 4436 2954 4477 sensu.
2991 4421 3098 4478 Sed
3131 4423 3317 4478 Petrus
3357 4423 3573 4494 quidem
3619 4425 3904 4482 confessus

2312 4521 2395 4568 est
2414 4529 2537 4567 eum
2561 4513 2750 4569 Filium
2786 4515 2900 4582 Del,
2935 4525 2991 4570 ut
3019 4531 3201 4570 verum
3233 4515 3424 4580 Deum,
3457 4515 3747 4571 Nathanael
3769 4533 3906 4572 vero

2311 4607 2608 4676 simplicem
2638 4607 2932 4662 hominem.
2961 4607 3025 4661 Et
3053 4607 3320 4662 uudenam
3345 4608 3396 4662 id
3422 4609 3575 4663 nobis
3594 4608 3792 4679 liquet?
3820 4609 3904 4664 Ex

2313 4698 2676 4765 sequentibus.
2705 4697 2993 4767 Postquam
3022 4698 3155 4752 dixit
3178 4699 3346 4766 enim,
3381 4698 3457 4753 Tu
3483 4716 3534 4754 es
3563 4697 3733 4754 Filius
3764 4699 3857 4755 Dei
3883 4743 3898 4765 ,

2315 4787 2547 4850 addidit,
2597 4798 2651 4842 tu
2697 4806 2747 4844 es
2795 4787 2908 4843 Rea:
2951 4787 3136 4844 Israel.
3185 4789 3353 4844 Filius
3391 4800 3568 4845 autem
3619 4791 3743 4856 Dei,
3792 4807 3902 4847 non

2318 4877 2524 4933 lsraelis
2554 4889 2755 4934 tantum
2780 4921 2794 4946 ,
2824 4879 2918 4935 sed
2945 4881 3105 4934 etiam
3137 4881 3281 4935 orbis
3310 4880 3473 4935 totius
3503 4869 3619 4935 Res
3658 4890 3762 4937 est.
3795 4883 3905 4938 Ne-

2315 4985 2418 5041 que
2444 4970 2564 5025 inde
2591 4971 2760 5026 solum
2789 4971 2838 5027 id
2869 4972 3041 5041 palam
3073 4981 3188 5036 est,
3219 4972 3313 5027 sed
3339 4973 3498 5028 etiam
3527 4989 3592 5028 es
3624 4977 3904 5045 sequenti-

2317 5065 2432 5119 bus.
2466 5063 2624 5119 Petro
2652 5079 2883 5133 namque
2927 5065 3056 5119 nihil
3100 5065 3235 5120 ultra
3268 5065 3464 5135 adjecit
3497 5065 3764 5134 Christus,
3807 5070 3904 5126 sed

2316 5155 2466 5225 quasi
2519 5154 2650 5209 fides
2700 5156 2817 5225 ejus
2867 5156 3097 5226 perfecta
3143 5167 3324 5223 esset,
3367 5157 3658 5213 Ecclesium
3687 5158 3818 5215 dicit
3848 5179 3907 5218 se

2315 5259 2478 5315 super
2505 5247 2892 5300 confessionem
2924 5246 3040 5316 ejus
3069 5245 3456 5301 aedificaturum
3479 5261 3620 5303 esse.
3656 5247 3752 5304 llic
3777 5267 3908 5308 vero

2317 5337 2449 5392 nihil
2497 5336 2823 5405 huiusmodi,
2874 5336 2980 5390 imo
3028 5338 3355 5392 contrarium
3411 5338 3687 5393 observes.
3740 5340 3905 5407 Quasi

2317 5427 2460 5483 enim
2488 5426 2756 5482 confessio
2785 5426 2871 5481 illa
2905 5428 3110 5496 potiore
3137 5427 3218 5483 sui
3257 5437 3413 5498 parte
3454 5428 3742 5496 deficeret,
3777 5437 3907 5491 reli-

2319 5533 2424 5589 qua
2471 5517 2726 5573 subdidit.
2769 5518 2908 5587 Quid
2946 5521 3088 5574 enim
3119 5520 3232 5574 ait?
3262 5521 3350 5574 51.
3382 5521 3577 5586 Amen,
3608 5539 3760 5580 amen
3793 5527 3910 5584 dico

2320 5609 2455 5664 vobis
2480 5625 2499 5663 :
2526 5610 2708 5664 antodo
2733 5612 2963 5666 videbitis
2992 5613 3172 5666 cretum
3200 5621 3431 5683 apertum
3454 5655 3471 5680 ,
3499 5623 3546 5669 et
3577 5617 3785 5688 angelos
3815 5623 3908 5676 Dei

2322 5704 2643 5758 ascendentes
2687 5714 2732 5758 et
2763 5691 3114 5760 descendentes
3140 5721 3291 5776 super
3325 5704 3374 5761 F
3375 5706 3519 5760 ilium
3545 5709 3782 5765 hominis.
3817 5713 3908 5766 Vi-

2325 5796 2442 5850 den'
2479 5794 2749 5864 quomodo
2789 5795 2936 5852 illum
2973 5797 3221 5866 paulatim
3259 5798 3325 5854 de
3353 5809 3492 5855 terra
3519 5801 3719 5873 erigat,
3750 5814 3804 5857 et
3842 5820 3910 5860 eo
