4120 6540
97 51 338 76 .1"!me
353 64 378 70 η-
423 66 450 75 -.
475 66 479 68 -

165 495 241 551 li?
1173 481 1235 537 ΙΝ
1275 473 1586 535 ,ΙΟΛΝΝΕΜ
1633 467 1789 525 ll0.\ll

1913 465 2052 521 XXI.
2095 467 2166 519 al.
2211 463 2303 519 XX
3375 460 3474 510 litt

170 609 297 664 dedit:
317 617 414 674 at,
471 622 548 662 ne
603 606 783 674 ipsum
834 610 1102 668 tamquam
1145 591 1440 662 simplicem
1487 585 1760 640 hominem

173 697 410 770 elliugat?
437 697 491 752 ιδ
516 697 670 750 enim
700 693 782 749 cui
809 688 980 761 angeli
1011 684 1272 745 serviunt,
1298 694 1458 749 super
1484 688 1643 746 quem
1668 687 1766 724 au—

177 766 640 864 geli'ascenduut
703 797 756 841 et
810 778 1183 840 descendunt,
1250 788 1355 844 quo
1405 779 1561 842 pacto
1609 766 1770 818 homo

181 861 358 943 inerit?
385 884 515 940 Ideo
544 882 704 940 dixit,
732 878 934 950 .llajora
956 875 1034 928 his
1056 869 1277 932 videbis;
1304 863 1446 937 quod
1469 861 1766 950 explicans,

179 976 480 1048 angelorum
529 947 888 1026 minisrerium
935 961 1140 1025 attulit;
1191 974 1255 1014 ac
1301 958 1346 1011 si
1388 953 1628 1009 diceret:
1662 947 1773 1003 Ma-

179 1043 327 1138 gnum
362 1063 456 1118 tibi
489 1063 591 1115 hoc
619 1057 831 1112 videtur
850 1097 864 1120 ,
903 1070 936 1108 ο
963 1047 1252 1107 Nathanael
1276 1087 1291 1111 ,
1341 1043 1570 1114 ideoque
1600 1053 1686 1093 tne
1716 1044 1776 1092 ut

183 1134 388 1213 israrlis
435 1154 637 1223 Regem
685 1147 966 1205 confessus
1005 1159 1064 1199 es
1108 1160 1123 1198 :
1169 1139 1293 1211 quid
1323 1152 1451 1206 ergo
1478 1134 1624 1189 dices
1651 1145 1771 1184 rum

180 1251 366 1306 videris
405 1247 627 1316 angelos
648 1257 809 1311 super
846 1255 931 1295 me
967 1235 1317 1293 ascendentes
1349 1239 1404 1285 et
1444 1223 1776 1284 descenden-

178 1346 284 1402 tes?
316 1343 400 1396 his
428 1339 506 1394 illi
541 1338 792 1402 suadens,
815 1345 872 1388 ut
893 1347 952 1389 se
978 1329 1289 1400 angelorum
1312 1323 1473 1378 etiam
1494 1318 1776 1374 Dominum

177 1436 515 1494 conlltcatur.
567 1430 700 1486 Nam
747 1427 899 1500 quasi
928 1423 994 1479 ad
1034 1421 1324 1494 genuinum
1372 1413 1536 1485 Regis
1574 1409 1774 1473 lilium,

176 1532 248 1588 sic
285 1525 686 1585 descendebant
717 1531 770 1577 et
810 1516 1171 1574 ascendebant
1210 1507 1442 1566 ministri
1475 1502 1642 1574 regii,
1678 1500 1780 1554 hoc

179 1621 338 1678 modo
365 1631 612 1687 tempore
641 1612 846 1676 crucis,
882 1610 973 1664 illo
1002 1615 1179 1662 autem
1214 1605 1264 1656 in
1295 1595 1692 1656 resurrectione
1726 1597 1780 1692 et

176 1710 490 1768 ascensione
510 1751 523 1774 ,
560 1709 668 1761 imo
705 1714 860 1758 antea
885 1745 899 1768 ,
933 1697 1151 1770 quando
1181 1697 1565 1749 accesserunt,
1597 1693 1652 1738 et
1679 1697 1778 1735 mt-

179 1803 477 1860 nistrabant
521 1800 608 1865 ei,
657 1795 869 1868 quando
915 1792 1082 1862 ipsius
1128 1788 1335 1843 natales
1379 1777 1774 1853 praedicabant,

179 1894 392 1966 quando
417 1891 757 1953 clamabant,
788 1885 964 1940 Gloria
990 1884 1042 1935 in
1069 1879 1280 1935 excelsis
1318 1875 1426 1928 Dco
1453 1916 1465 1938 ,
1499 1881 1545 1925 et
1571 1872 1623 1922 in
1650 1878 1781 1920 terra

179 2003 280 2057 pax
325 1983 498 2057 (Luc.
548 1980 604 2035 2.
650 1980 716 2034 l-l
744 1979 761 2049 )
791 1995 804 2031 :
837 1972 1051 2047 quando
1100 1971 1163 2024 ad
1209 1968 1430 2023 Mariam
1481 1966 1779 2026 venerunt,

180 2053 396 2149 quando
427 2075 494 2131 ad
522 2071 837 2142 Josephum.
870 2066 1021 2136 Quod
1053 2079 1198 2134 saipe
1239 2061 1475 2122 fecerat,
1525 2070 1664 2111 nunc
1708 2053 1783 2105 fa-

178 2147 266 2224 cit.
300 2170 418 2224 Duo
467 2164 741 2237 prtcdicit,
772 2170 824 2216 et
859 2159 1082 2214 alterius
1109 2154 1365 2210 iudicium
1397 2151 1520 2213 dat,
1553 2147 1781 2201 alterum

179 2279 240 2318 es
270 2264 371 2317 huc
405 2259 694 2315 confirmat
739 2256 997 2310 futurum.
1032 2250 1114 2306 Ex
1146 2263 1310 2319 supra
1343 2245 1499 2300 dictis
1546 2241 1647 2294 alia
1671 2239 1782 2308 jam

180 2355 543 2407 demonStrata
578 2349 808 2410 fuerant,
838 2345 997 2415 quale
1027 2341 1154 2397 illud
1201 2347 1320 2395 erat
1381 2345 1505 2390 ante
1550 2330 1783 2401 Philippi

183 2453 539 2504 voc..t.ouem,
583 2440 698 2493 l'idi
727 2450 776 2493 te
799 2438 891 2492 sub
921 2437 1020 2505 ﬁcu
1045 2451 1064 2500 ;
1091 2434 1197 2487 alia
1225 2441 1482 2486 eventura
1507 2435 1660 2480 erant
1680 2464 1696 2490 ,
1730 2430 1786 2477 et

181 2556 239 2591 es
274 2546 427 2607 parte
455 2541 790 2597 evenerant,
823 2530 1135 2599 angelorum
1167 2537 1362 2591 nempe
1403 2521 1696 2574 descensus
1732 2524 1786 2570 et

181 2644 437 2684 ascensus
467 2643 480 2689 ;
518 2628 568 2679 in
596 2637 778 2686 cruce,
812 2622 863 2675 in
891 2617 1309 2679 resurrectione,
1344 2615 1396 2668 in
1424 2610 1740 2667 ascensione
1769 2625 1783 2662 :

182 2722 261 2775 cui
291 2721 368 2776 rei
396 2737 461 2774 ex
498 2716 771 2788 praedictis
804 2715 960 2768 fidem
989 2711 1135 2773 facit,
1176 2709 1336 2763 etiam
1363 2716 1484 2759 ante
1513 2713 1783 2758 eventum.

183 2809 311 2865 Nam
358 2812 447 2880 qtti
483 2809 595 2879 jam
640 2807 689 2861 in
735 2803 1022 2876 praeteritis
1059 2801 1176 2871 ejus
1223 2799 1479 2852 virtutem
1526 2791 1784 2864 agnovit,

184 2903 355 2956 futura
401 2901 445 2954 si
498 2899 700 2957 audiat.
758 2895 965 2950 facilius
993 2891 1240 2961 accipiet.
1274 2887 1411 2954 Qttid
1436 2902 1565 2954 ergo
1593 2883 1788 2937 Nutha-

184 2994 346 3049 ttael?
377 2993 517 3048 Nihil
553 2991 618 3045 ad
655 2991 755 3044 hoc
781 2986 1076 3055 rcSpoudit.
1104 2983 1226 3039 ldeo
1250 2981 1499 3037 Christus
1521 2980 1604 3032 hic
1627 2977 1786 3031 linem

180 3084 392 3142 dicendi
421 3082 570 3144 facit,
602 3081 786 3134 sineris
818 3079 968 3132 illum
995 3076 1134 3130 dicta
1176 3087 1360 3131 secum
1391 3080 1661 3141 reputare,
1687 3082 1786 3123 nec

182 3176 366 3232 solens
413 3172 596 3228 omnia
627 3171 806 3226 Statim
848 3167 1126 3224 elfunderc
1151 3207 1166 3232 ,
1208 3164 1301 3219 sed
1329 3164 1480 3234 jacto
1507 3162 1561 3217 in
1594 3161 1787 3215 bonam

183 3278 380 3324 terram
405 3266 618 3322 semine
641 3304 657 3328 ,
681 3263 806 3318 sinit
832 3276 950 3316 eam
981 3260 1184 3314 fructus
1212 3272 1307 3326 per
1337 3255 1503 3309 otium
1529 3253 1789 3325 proferre.

184 3361 239 3418 Id
267 3360 411 3431 quod
436 3359 563 3413 alibi
592 3357 671 3411 sic
698 3352 1010 3410 declarabat
1046 3369 1059 3405 :
1089 3350 1272 3406 Simile
1300 3357 1373 3403 est
1396 3364 1607 3420 regnum
1634 3345 1790 3400 caelo-

182 3473 293 3509 rum
334 3453 554 3516 homini,
603 3451 692 3517 qui
728 3447 992 3503 seminavit
1013 3445 1200 3498 bouum
1241 3459 1426 3498 semen.
1468 3439 1596 3496 Cum
1625 3448 1794 3492 autent

181 3547 448 3611 dormiret,
483 3544 615 3598 venit
643 3541 874 3594 inimicus
901 3538 1013 3609 ejus
1033 3577 1046 3598 .
1081 3546 1126 3588 et
1156 3533 1573 3603 superseminavit
1596 3530 1796 3584 zizania

183 3641 233 3693 in
247 3638 413 3691 medio
429 3634 587 3688 tritici
609 3631 820 3702 (Matth.
843 3628 1035 3684 13.2l.
1059 3626 1171 3694 25).
1198 3625 1346 3696 (Cap.
1365 3623 1422 3695 2)
1467 3625 1512 3678 l.
1540 3622 1631 3675 Die
1650 3622 1796 3674 tertia

185 3732 375 3801 nuptis?
398 3734 552 3799 facta:
567 3735 684 3779 sunt
700 3726 751 3776 in
774 3721 910 3776 Cana
929 3719 1178 3775 Galiltew.
1196 3718 1251 3771 2.
1264 3716 1325 3771 Et
1343 3726 1546 3771 vocatus
1564 3715 1676 3769 estJ
1685 3730 1797 3767 esus

183 3827 252 3880 ad
279 3826 510 3895 nuptias.
543 3819 670 3873 Erat
700 3827 867 3869 autem
900 3825 1065 3867 mater
1098 3812 1224 3866 Jesu
1255 3811 1345 3876 ibi,
1383 3820 1426 3863 et
1456 3811 1640 3880 fratres
1663 3808 1794 3877 ejus.

184 3920 302 3976 Jam
334 3916 446 3971 dixi
485 3930 607 3968 eum
650 3913 700 3964 in
728 3909 946 3966 Galilzea
978 3906 1240 3961 notiorem
1273 3903 1474 3967 fuisse;
1509 3916 1673 3972 quare
1707 3915 1797 3954 vo-

185 4021 310 4066 cant
330 4024 460 4064 cum
494 4004 559 4058 ad
590 4003 824 4073 nuptias,
855 4000 1076 4070 ipseque
1097 3996 1268 4050 adest.
1297 3994 1413 4049 Non
1446 3997 1588 4048 enim
1621 3992 1686 4046 ad
1718 3991 1799 4047 di-

187 4106 452 4174 gnitatem
500 4113 651 4152 suam
701 4092 1058 4164 respiciebat.
1089 4089 1183 4144 sed
1232 4096 1350 4142 erat
1378 4085 1443 4140 ad
1477 4084 1796 4141 beneﬁcium

187 4197 348 4250 nobis
391 4189 738 4249 inferendum
785 4194 1020 4257 paratus.
1053 4182 1184 4236 Nam
1212 4184 1302 4251 qui
1345 4195 1450 4233 non
1481 4178 1800 4248 dedignatus

185 4301 270 4347 est
296 4291 531 4346 formam
561 4285 700 4340 servi
729 4281 994 4349 accipere,
1028 4277 1195 4330 uiulto
1225 4274 1401 4329 lllilltlS
1426 4273 1804 4342 dedignabitur

184 4383 254 4438 ad
284 4382 506 4451 nuptias
532 4389 812 4432 servorum
866 4369 1049 4423 venire
1077 4385 1089 4432 ;
1121 4367 1210 4437 qui
1255 4381 1376 4421 cum
1419 4363 1720 4434 publicanis
1749 4373 1802 4417 et

190 4471 573 4544 peccatoribus
599 4465 934 4530 versabatur,
971 4461 1140 4515 multo
1173 4459 1352 4514 minus
1383 4457 1653 4512 recusabit
1675 4473 1798 4512 cum

190 4567 436 4621 invitatis
466 4562 531 4615 ad
565 4559 778 4628 nuptias
806 4553 1146 4610 recumbere.
1177 4551 1277 4617 Qui
1315 4557 1658 4613 vocaverant,
1687 4565 1792 4601 non

188 4666 590 4729 congruentem
635 4652 704 4706 de
753 4651 844 4704 illo
882 4647 1191 4718 opinionem
1227 4644 1515 4708 habebant,
1547 4657 1717 4712 neque
1744 4649 1804 4695 ut

189 4763 452 4819 maguum
486 4743 793 4816 quempiam
825 4740 995 4793 virum
1027 4737 1347 4799 invitabant,
1379 4735 1472 4790 sed
1503 4747 1558 4788 ttt
1589 4734 1806 4803 popula-

190 4855 308 4894 rem
357 4847 413 4893 et
457 4836 557 4889 sihi
601 4842 805 4887 notum.
839 4831 905 4886 Et
947 4831 1049 4884 hoc
1088 4827 1444 4882 subindicavit
1478 4826 1801 4896 evangelista

187 4937 386 4989 dicens
417 4952 431 4985 :
467 4930 593 4982 Erat
634 4937 802 4981 autem
849 4937 1007 4979 mater
1047 4924 1172 4977 Jesu
1221 4923 1306 4983 ibi,
1356 4930 1400 4972 et
1448 4919 1632 4987 fratres
1671 4919 1801 4990 ejus.

187 5021 673 5094 Quemadmodum
705 5018 847 5071 illam
879 5025 932 5072 ct
975 5015 1169 5069 fratres
1204 5013 1322 5082 ejus
1347 5052 1362 5076 ,
1409 5011 1475 5064 ita
1519 5020 1573 5064 el
1620 5010 1803 5065 Jesum

190 5119 548 5173 voeavcrant.
581 5113 632 5168 3.
671 5109 730 5163 Et
761 5109 1022 5176 deﬁciente
1059 5108 1173 5159 vino
1209 5105 1333 5157 dicit
1379 5113 1539 5156 mater
1583 5103 1691 5173 ejus
1738 5101 1806 5155 ad

187 5226 313 5264 eum
348 5225 369 5261 :
410 5205 600 5258 Vinum
647 5219 750 5256 non
793 5200 998 5253 habent.
1033 5199 1272 5266 llicjure
1299 5207 1573 5266 quatratnr
1604 5214 1616 5248 :
1655 5193 1807 5251 Uudc

191 5300 361 5355 matri
395 5299 449 5352 in
480 5305 715 5351 tuentem
739 5292 900 5348 subiit
926 5291 1050 5362 quid
1082 5306 1328 5358 magnum
1355 5289 1420 5343 de
1445 5274 1802 5357 ftliompinari:

191 5395 414 5448 nullum
446 5391 591 5445 enim
617 5385 800 5441 adhuc
841 5384 1049 5453 signum
1095 5380 1292 5435 fecerat
1325 5398 1337 5433 :
1366 5395 1484 5433 nam
1522 5378 1633 5433 Hoc
1663 5381 1804 5451 fecit,

191 5485 398 5556 iuquit,
425 5481 628 5536 initium
645 5474 1075 5549 signorumJesus
1113 5471 1314 5528 iuCana
1343 5470 1570 5525 Gulilwa:
1586 5475 1659 5540 (υ.
1691 5471 1747 5526 ll
1766 5476 1803 5536 ).

265 5581 324 5636 ‘2.
353 5576 590 5634 Christus
615 5592 719 5629 non
749 5575 800 5626 in
829 5571 1067 5640 prima'va
1089 5579 1234 5622 (etate
1261 5568 1509 5621 miracula
1540 5567 1761 5637 patravit
1788 5582 1805 5629 ;

189 5678 359 5729 trium
402 5684 654 5724 annorum
708 5665 876 5736 spatio
918 5661 1180 5715 miraculis
1227 5662 1503 5715 celebratus
1542 5667 1632 5714 est.
1665 5658 1806 5726 Quo-

191 5767 355 5822 mde
389 5764 558 5821 Maria
600 5761 700 5833 lilii
733 5759 886 5812 ctiunt
918 5756 1060 5826 pueri
1091 5755 1405 5808 divinitatem
1436 5755 1686 5824 suspicari
1711 5771 1804 5822 po-

191 5860 372 5912 tuerit.
402 5855 621 5925 ﬂuvido
650 5850 950 5924 parentibus
976 5848 1599 5916 obsequendum.—Quod
1629 5850 1670 5900 si
1690 5847 1808 5917 quis

193 5953 400 6011 dixerit
432 5995 448 6020 ,
482 5968 591 6008 non
626 5948 887 6005 idoneum
932 5941 1028 5997 her
1063 5958 1180 5998 esse
1210 5953 1584 6014 argaiiicntum
1618 5983 1630 6004 ,
1663 5937 1803 6006 quod

1881 597 2008 652 illud
2035 598 2106 652 sit
2130 597 2339 650 initium
2369 595 2644 664 signorum
2681 635 2693 658 ,
2719 611 2784 647 eo
2815 594 2956 662 quod
2988 593 3226 646 additum
3255 592 3319 646 sit
3353 633 3367 656 ,
3408 590 3470 643 In

1876 689 2017 741 (Sana
2041 686 2311 750 (inlitam;
2337 685 2487 756 quasi
2517 684 2618 738 hoc
2651 683 2879 754 printum
2909 683 2976 737 ibi
3003 681 3199 737 factum
3228 682 3299 736 sit
3324 722 3337 747 ,
3373 698 3473 736 nec

1879 791 2055 836 taineu
2081 779 2325 835 absoluto
2363 779 2596 850 primum
2621 793 2635 844 ;
2670 777 2962 832 verisimile
2988 777 3188 846 quippe
3215 782 3297 829 est
3326 772 3476 828 illuni

1879 875 2003 929 alibi
2027 874 2126 927 alia
2156 872 2350 930 fecisse
2379 889 2392 926 ε
2428 869 2876 941 respondebimus
2898 867 2947 924 ei
2977 867 3027 922 id
3059 866 3201 937 quod
3229 866 3339 935 jam
3368 871 3480 934 prio

1879 980 1969 1021 mo
1995 964 2248 1020 diximus.
2275 962 2559 1031 Quodnam
2580 961 2706 1016 illud
2728 960 2848 1016 est?
2873 959 2930 1014 ιιι
2962 957 3104 1030 quod
3119 959 3194 1011 ait
3221 957 3478 1012 Joannes:

1881 1057 1994 1129 Ego
2047 1066 2222 1111 autent
2268 1055 2552 1111 nesciebant
2594 1071 2706 1108 eum
2737 1070 2757 1119 ,°
2785 1051 2875 1108 sed
2921 1061 2972 1106 ut
3027 1050 3379 1118 manifestatur
3429 1050 3483 1102 in

1883 1151 2052 1207 Israel
2073 1193 2085 1216 ,
2117 1160 2386 1222 propterea
2430 1148 2542 1203 veni
2591 1164 2682 1219 ego
2712 1148 2763 1200 in
2780 1162 2914 1216 aqua
2944 1143 3229 1216 baptizaus.
3263 1140 3396 1197 Nam
3438 1142 3484 1194 si

1886 1245 1937 1299 itt
1971 1243 2225 1313 primaeva
2265 1249 2425 1296 aetate
2456 1241 2710 1295 miracula
2739 1239 3001 1294 edidisset
3035 1279 3050 1306 ,
3085 1253 3190 1291 non
3223 1251 3358 1306 opus
3391 1237 3486 1290 hac

1887 1337 2131 1393 buissent
2170 1333 2423 1389 lsraeiita:
2449 1333 2620 1387 altero
2646 1374 2659 1396 ,
2685 1332 2772 1402 qui
2822 1331 2997 1400 ipsum
3057 1329 3336 1383 indicaret.
3382 1327 3486 1396 Qui

1884 1432 2030 1484 enim
2057 1443 2178 1483 cum
2207 1429 2287 1482 vir
2316 1427 2486 1482 factus
2517 1435 2662 1482 esset
2684 1466 2698 1490 ,
2733 1425 2804 1478 ita
2835 1440 2898 1480 ex
2935 1422 3212 1478 miraculis
3236 1421 3486 1476 celebra-

1890 1532 1974 1576 tus
1996 1529 2096 1586 est,
2131 1536 2237 1574 non
2267 1521 2317 1574 iu
2351 1519 2534 1574 iudica
2562 1526 2766 1572 tantum
2789 1560 2803 1584 ,
2838 1515 2932 1571 sed
2960 1515 3120 1571 etiam
3155 1516 3206 1569 in
3237 1513 3476 1585 Syriavet

1891 1613 2026 1667 ultra
2054 1629 2068 1678 ;
2100 1610 2258 1681 idque
2303 1611 2460 1666 trium
2491 1619 2694 1663 tantutn
2726 1622 2990 1662 annorum
3023 1606 3197 1676 spatio
3231 1623 3244 1659 ε
3280 1606 3387 1660 imo
3421 1621 3489 1658 ne

1892 1705 2060 1760 tribus
2099 1703 2316 1774 quidem
2364 1703 2521 1757 annis
2568 1700 2637 1756 ad
2685 1702 2878 1754 faniam
2923 1713 3060 1768 opus
3107 1698 3330 1760 habuit;
3387 1699 3480 1753 ευιι

1890 1813 2048 1867 quam
2095 1793 2329 1865 primum
2359 1793 2496 1848 fatua
2528 1793 2646 1864 ejus
2678 1793 2877 1863 ubique
2907 1805 3196 1862 pervagata
3234 1799 3317 1846 est
3352 1809 3364 1845 :
3399 1793 3491 1860 qui

1891 1905 2020 1957 ergo
2054 1897 2160 1941 tam
2196 1887 2342 1942 brevi
2376 1885 2549 1956 spatio
2573 1885 2830 1956 temporis
2857 1884 2925 1939 ob
2943 1884 3324 1940 miraculorum
3355 1885 3495 1936 mul-

1894 1979 2175 2033 titudinem
2206 1979 2276 2032 ita
2300 1975 2491 2032 claruit
2522 2018 2534 2041 ,
2568 1985 2624 2030 ut
2654 1991 2846 2030 nomen
2879 1974 2997 2045 ejus
3024 1975 3284 2045 Omnibus
3305 1985 3492 2028 notum

1892 2079 2037 2127 esset
2066 2087 2080 2136 ;
2112 2070 2281 2124 multo
2314 2069 2482 2140 magis
2510 2068 2554 2123 si
2578 2067 2753 2123 adhuc
2774 2083 2908 2138 puer
2929 2068 3184 2122 miracula
3209 2043 3492 2132 edidisset,

1895 2179 2002 2219 non
2052 2164 2315 2235 potuisset
2359 2171 2508 2218 tanto
2548 2171 2790 2231 tempore
2822 2161 2990 2216 latere
3018 2178 3030 2214 :
3057 2161 3247 2230 majori
3295 2161 3493 2232 quippe

1894 2255 2234 2310 admirationi
2267 2253 2496 2311 fuissent
2521 2254 2779 2310 miracula
2799 2269 2828 2308 a
2856 2269 3019 2322 puero
3038 2253 3198 2318 facta,
3222 2268 3343 2308 eum
3368 2270 3484 2306 ma-

1895 2350 2038 2404 xime
2070 2359 2280 2418 tempus
2302 2357 2356 2404 ct
2382 2349 2576 2418 duplex
2601 2358 2655 2404 et
2684 2347 2896 2416 triplex.
2917 2346 3025 2400 imo
3053 2345 3284 2416 amplius
3317 2346 3492 2399 luerit.

1896 2441 2097 2497 Verum
2132 2441 2266 2497 nihil
2300 2443 2439 2496 aliud
2481 2458 2612 2512 puer
2645 2441 2770 2496 fecit
2800 2483 2813 2504 ,
2849 2441 2952 2493 nisi
3002 2440 3052 2493 id
3098 2449 3299 2493 tantum
3343 2441 3483 2508 quod

1897 2533 2068 2589 Lucas
2095 2532 2247 2604 (Cap.
2273 2531 2424 2605 2.46)
2453 2540 2687 2595 enarrat,
2723 2530 3064 2586 duodennem
3089 2531 3261 2598 ipsum
3291 2531 3497 2584 sedisse

1901 2625 1952 2678 in
2011 2624 2190 2680 medio
2239 2625 2518 2679 dortorum
2576 2625 2916 2688 audientem,
2975 2634 3029 2677 ot
3079 2623 3498 2694 interrogatLone

1897 2732 1992 2772 sua
2036 2718 2407 2773 admirandum
2450 2718 2622 2772 visum
2666 2717 2853 2772 fuisse.
2886 2718 3136 2788 Alioquin
3165 2728 3342 2773 autem
3376 2719 3497 2789 jure

1896 2818 1959 2858 ac
1988 2805 2179 2858 merito
2201 2820 2308 2859 non
2336 2804 2498 2873 cmpit
2535 2805 2585 2857 iu
2619 2803 2809 2874 puerili
2837 2810 2996 2857 aztate
3020 2803 3278 2858 miracula
3309 2803 3494 2859 cdere.

1899 2894 2184 2950 Putasscnt
2211 2895 2354 2950 enim
2385 2911 2498 2950 rem
2532 2896 2674 2950 illam
2697 2910 2824 2950 vero
2852 2894 3168 2963 phantasma
3190 2910 3329 2950 esse.
3365 2894 3497 2950 Nam

1900 2989 1942 3042 si
1967 2988 2033 3044 de
2061 2989 2155 3045 illo
2174 2990 2285 3060 jam
2319 2991 2435 3044 viro
2465 2990 2514 3044 id
2548 2990 2699 3044 multi
2725 2990 2982 3058 suspicati
3009 2997 3154 3053 sunt,
3187 2989 3357 3044 tnulto
3381 3007 3499 3045 ma-

1902 3083 1983 3153 gis
2008 3082 2058 3137 id
2083 3082 2518 3149 credidissent,si
2546 3081 2833 3137 admodum
2853 3081 3068 3152 juvenis
3089 3083 3238 3153 signa
3269 3083 3502 3138 fecisset:

1901 3174 2174 3230 ctinvidia
2206 3175 2438 3246 permoti
2473 3176 2648 3244 ipsum
2677 3174 2836 3230 citius
2875 3185 2928 3230 et
2980 3184 3105 3230 ante
3144 3176 3500 3230 constitui-nu

1906 3273 2112 3335 tempus
2130 3267 2183 3320 in
2206 3281 2425 3322 crucem
2452 3267 2690 3336 egissent
2718 3283 2732 3320 :
2767 3275 2929 3334 atque
2968 3265 3038 3319 ita
3068 3280 3158 3322 res
3189 3265 3255 3321 ad
3278 3281 3505 3322 meono-

1903 3357 2062 3410 miam
2115 3365 2427 3426 spectantes
2481 3356 2702 3410 creditae
2756 3371 2862 3408 non
2920 3354 3168 3411 fuissent.
3221 3357 3508 3424 Quomodo

1904 3447 2064 3517 igitur
2083 3448 2240 3502 matri
2269 3447 2322 3502 in
2347 3456 2582 3503 mentem
2610 3447 2794 3510 subiit,
2831 3446 3062 3517 inquies,
3095 3463 3348 3518 maguum
3378 3450 3505 3517 quid

1903 3540 1972 3595 de
2003 3539 2094 3594 illo
2123 3541 2436 3594 existimare
2460 3539 2484 3594 ?
2512 3538 2842 3594 Manifestari
2884 3538 2997 3609 jam
3025 3551 3266 3611 cmperat
3297 3582 3312 3608 ,
3358 3551 3413 3596 et
3439 3559 3505 3596 es

1896 3621 2125 3688 Joannis
2155 3633 2484 3699 te.timouio,
2507 3640 2561 3686 et
2583 3648 2649 3687 ex
2675 3632 2738 3686 iis
2761 3647 2880 3701 qua:
2904 3632 3187 3702 discipulis
3220 3633 3333 3704 ipse
3355 3633 3507 3688 diso-

1907 3734 1988 3778 rat
2020 3742 2034 3780 :
2062 3734 2186 3779 aute
2219 3724 2332 3780 haec
2359 3735 2537 3780 autem
2565 3724 2741 3779 omnia
2770 3764 2786 3790 ,
2823 3726 2933 3794 ipsa
2962 3726 3245 3795 conceptio
3273 3768 3286 3792 ,
3312 3737 3365 3780 et
3389 3744 3510 3796 quan

1907 3817 1960 3871 in
1987 3817 2147 3871 natali
2172 3816 2287 3887 ejus
2317 3827 2464 3888 gesta
2497 3828 2619 3871 sunt
2643 3817 2682 3882 ⁸,
2703 3831 2952 3886 magnam
2981 3817 3140 3871 matri
3167 3817 3308 3872 circa
3341 3819 3507 3873 lilium

1906 3911 2362 3966 existiiimtionem
2388 3911 2672 3965 indebant.
2701 3911 2923 3965 Andivit
2954 3910 3097 3965 enim
3121 3952 3136 3978 ,
3164 3911 3357 3980 inquit,
3391 3929 3506 3967 om-

1908 4006 1993 4059 nia
2013 4003 2080 4059 de
2108 4018 2293 4074 puero,
2311 4002 2377 4056 Et
2389 4003 2717 4057 conservabat
2734 4003 2784 4056 in
2810 4001 2963 4057 corde
2982 4019 3076 4056 suo
3092 4004 3113 4033 ¹
3139 4001 3294 4072 (Luc.
3317 4003 3372 4056 2.
3393 4005 3507 4073 31),

1909 4096 2015 4152 Sed
2046 4111 2163 4161 cur,
2190 4093 2400 4164 inquies
2435 4137 2449 4160 ,
2479 4108 2584 4148 non
2620 4093 2672 4148 id
2704 4102 2862 4147 antra
2893 4092 3075 4148 dixit?
3106 4093 3265 4161 Quia,
3301 4103 3357 4148 ut
3379 4094 3510 4156 disi,

1911 4199 2036 4246 tunc
2066 4189 2229 4260 cmpit
2258 4189 2310 4243 in
2347 4187 2620 4258 publicum
2652 4187 2889 4257 prodire.
2925 4185 3170 4241 Antehac
3195 4186 3342 4242 enim
3378 4198 3515 4242 tam-

1909 4297 2067 4353 quam
2091 4297 2227 4335 unus
2255 4298 2285 4334 (ε
2310 4281 2462 4348 vulgo
2487 4279 2804 4334 versabatur
2825 4297 2836 4332 :
2858 4287 3186 4348 quapropter
3206 4294 3310 4334 non
3341 4280 3510 4335 aude-

1913 4374 2304 4430 batmatertale
2322 4374 2594 4444 quidpiam
2614 4372 2712 4443 ipsi
2733 4372 2935 4427 dicare.
2969 4371 3068 4428 Ubi
3107 4381 3286 4428 autem
3312 4373 3516 4428 audivit

1912 4467 2170 4522 Joannem
2196 4475 2413 4537 propter
2441 4466 2615 4534 ipsum
2645 4465 2856 4520 venisse
2881 4505 2896 4531 ,
2926 4480 2989 4519 ac
3014 4464 3081 4519 de
3112 4464 3202 4518 illo
3231 4465 3336 4520 tale
3363 4468 3514 4521 testi-

1913 4559 2148 4613 monium
2182 4557 2515 4626 perhibuisse
2539 4597 2553 4621 ,
2595 4556 2887 4627 discipulos
2915 4557 3088 4626 ipsum
3123 4556 3324 4612 habere
3349 4599 3363 4624 ,
3391 4567 3516 4612 tunc

1911 4650 2128 4705 dcmmn
2159 4665 2279 4704 eum
2315 4649 2506 4704 lidueia
2562 4659 2713 4719 rOgat
2759 4649 2905 4704 illum
2950 4660 3004 4704 et
3057 4648 3344 4705 deficiente
3393 4652 3518 4705 vino

1912 4745 2060 4808 dicit,
2105 4743 2289 4798 Vinum
2320 4761 2419 4798 non
2473 4743 2674 4798 habent.
2714 4742 2936 4798 Volebat
2985 4745 3128 4797 enim
3160 4753 3214 4798 et
3242 4743 3364 4799 illos
3412 4744 3515 4801 be-

1915 4837 2105 4893 uelicio
2154 4836 2427 4890 devincire
2458 4879 2474 4901 ,
2518 4851 2683 4904 seque
2735 4834 3157 4905 Splendidiorem
3203 4850 3296 4905 per
3351 4836 3518 4891 lilium

1915 4929 2160 4985 reddere.
2191 4929 2259 4984 Ει
2292 4928 2424 4984 forte
2452 4929 2741 4982 humanum
2766 4928 3037 4997 quidpiam
3063 4942 3221 4997 passa
3252 4937 3352 4993 cst,
3383 4940 3440 4984 ttt
3469 4941 3524 4984 ct

1917 5025 2107 5078 fratres
2157 5024 2274 5091 ejus
2321 5021 2410 5093 qui
2452 5022 2747 5076 dicebant:
2783 5021 3003 5076 Ostende
3051 5023 3270 5092 leipsum
3328 5025 3522 5077 munda

1921 5115 2096 5186 (Joun.
2122 5118 2174 5171 7.
2206 5117 2265 5186 ι)
2297 5159 2312 5183 ,
2345 5116 2486 5186 quod
2543 5115 2835 5194 vellent’ex
2865 5116 3138 5170 miraculis
3167 5117 3265 5170 sibi
3292 5119 3518 5188 gloriam

1916 5226 2248 5280 comparare.
2274 5209 2398 5265 Ideo
2426 5209 2503 5264 sic
2533 5210 2606 5264 illi
2636 5209 2880 5277 aSperius
2926 5212 3202 5278 respondit
3235 5229 3246 5265 :
3287 5217 3334 5266 l.
3384 5212 3522 5278 Quid

1917 5303 2041 5357 mihi
2073 5312 2117 5357 et
2142 5303 2229 5356 tibi
2258 5313 2350 5368 est,
2383 5301 2563 5355 mulier
2590 5303 2614 5355 γ
2643 5300 2889 5355 Nondum
2922 5302 3052 5356 venit
3076 5301 3203 5356 hora
3229 5319 3359 5355 mea.
3388 5302 3520 5357 Nam

1915 5395 2058 5466 quod
2105 5394 2388 5450 admodum
2438 5403 2668 5449 matrem
2721 5404 3073 5448 veneraretur
3103 5435 3118 5460 ,
3151 5394 3274 5449 audi
3320 5395 3520 5450 Lucam

1916 5495 2222 5543 narrantem
2253 5503 2410 5556 quant
2458 5486 2705 5541 Sttbtiilus
2743 5493 2886 5541 esset
2926 5484 3238 5555 parentibus
3267 5528 3282 5553 ,
3314 5501 3520 5541 necnon

1915 5579 2294 5649 evangelistam
2317 5578 2582 5634 dicentem
2615 5587 2868 5649 quantam
2898 5577 3042 5633 illius
3072 5592 3258 5633 curam
3287 5578 3335 5632 in
3359 5593 3522 5634 cruce

1981 5699 1994 5729 ⁸
2023 5695 2164 5760 savii.
2186 5703 2238 5745 et
2254 5702 2358 5744 Mss.
2382 5693 2575 5757 plurimi
2602 5694 2886 5754 habent,....
2908 5693 3172 5760 conceptio,
3193 5700 3239 5744 et
3256 5705 3365 5756 quae
3387 5691 3524 5744 circa

1917 5758 2270 5820 conceptionem
2292 5764 2424 5820 gerta
2447 5763 2573 5805 sunt.

1981 5824 1998 5854 ⁸
2036 5821 2174 5870 llunc
2198 5818 2351 5868 locum
2377 5820 2445 5868 sic
2467 5821 2614 5867 etii-rt.
2637 5819 2802 5867 Morel.
2833 5833 2844 5867 :
2895 5827 2992 5869 Hoc
3028 5819 3132 5880 ipse
3153 5831 3235 5868 nos
3269 5824 3406 5866 (taret
3433 5820 3526 5866 Lu-

1916 5898 2015 5956 cas,
2041 5882 2206 5995 diiccns
2238 5893 2254 5931 :
2285 5883 2478 5931 «tm-ia
2504 5887 2662 5930 mitem
2697 5879 3008 5933 conservabat
3045 5881 3204 5932 onuu'u
3250 5880 3392 5929 rcrba
3417 5882 3520 5928 trav;

1919 5961 1968 5995 m
1995 5961 2094 5995 ειη-ί
2114 5960 2139 5995 c
2164 5958 2264 5995 suo.
2288 5960 2305 5988 ι

1919 5961 1968 5998 ιη
1995 5958 2139 5998 διηγιε
2164 5958 2264 5996 διτο.
2288 5960 2305 5988 ³
