4120 6486
682 418 773 473 ibi

681 527 940 585 habuerit.
970 524 1073 584 Ubi
1103 525 1242 580 enim
1273 528 1513 592 parentes
1542 534 1655 575 rem
1681 518 1913 573 divinam
1942 532 2047 573 non
2074 516 2239 585 impe-

676 621 833 675 diunt
856 631 1026 688 neque
1056 610 1357 684 prohibent,
1388 609 1682 665 cedendum
1708 608 1836 679 ipsis
1858 615 1975 672 est;
2007 616 2061 661 et
2084 604 2130 659 si
2150 619 2240 659 se-

677 724 773 765 cus
804 708 912 773 liat,
936 703 1226 775 perieulum
1257 715 1502 771 magnum
1532 708 1615 755 est
1644 717 1658 753 :
1684 713 1805 754 cum
1834 704 2011 751 autem
2034 710 2063 749 a
2086 694 2239 750 nobis

678 795 1049 865 intempestive
1076 792 1345 863 quidpiam
1375 790 1643 860 pustulant
1668 830 1684 854 ,
1720 787 1978 858 nobisque
1997 784 2243 840 ofliciunt

680 890 729 943 in
759 884 1120 958 spiritualibus
1147 924 1165 951 ,
1207 898 1309 938 non
1341 891 1509 937 tntum
1533 890 1615 936 est
1641 879 1767 948 ipsis
1804 876 2043 947 obsequi.
2088 875 2240 931 Ideo-

681 994 785 1047 que
816 979 900 1033 hic
924 977 995 1031 ita
1027 975 1345 1045 respondet,
1372 980 1425 1028 et
1450 972 1572 1026 alibi
1603 984 1814 1025 rursum
1841 987 1855 1022 :
1890 969 2017 1037 Qua
2040 975 2111 1022 est
2135 981 2243 1019 ma-

684 1080 758 1124 ter
790 1085 919 1135 mea,
943 1078 990 1122 et
1017 1067 1101 1136 qui
1121 1075 1235 1121 sunt
1256 1068 1435 1135 fratres
1460 1062 1555 1116 mei
1575 1060 1764 1132 (Marc.
1783 1060 1836 1117 5.
1858 1059 1975 1130 53)?
2000 1056 2240 1113 Nondum

677 1161 819 1216 enim
850 1174 969 1215 eam
996 1170 1151 1227 quam
1174 1170 1267 1225 par
1281 1154 1478 1209 cratde
1503 1153 1618 1219 ipso
1637 1150 1938 1221 opinionem
1958 1148 2238 1214 habebant;

678 1253 772 1309 sed
802 1251 921 1322 quia
951 1250 1120 1321 ipsum
1149 1253 1425 1318 pepererat
1448 1287 1463 1311 ,
1510 1253 1734 1298 matrum
1765 1257 1913 1298 more
1940 1239 2153 1307 putabat
2180 1252 2241 1294 se

679 1342 751 1398 illi
801 1356 956 1413 posse
998 1340 1173 1396 omnia
1205 1338 1495 1411 przeeipcre
1522 1378 1536 1403 ,
1566 1351 1683 1405 qua:
1709 1335 1855 1390 illum
1881 1343 1939 1389 ut
1964 1331 2240 1387 Dominum

680 1434 859 1490 colere
882 1442 935 1489 ct
958 1431 1181 1488 adorare
1204 1430 1473 1487 debuisset
1507 1447 1521 1484 :
1554 1429 1673 1483 ideo
1700 1437 1824 1483 tunc
1847 1426 1917 1482 ita
1949 1424 2239 1495 respondit.

679 1524 892 1597 Cogitcs
922 1525 1103 1591 velim,
1131 1523 1256 1597 quid
1282 1522 1408 1577 illud
1429 1530 1546 1577 erat
1566 1563 1580 1587 ,
1608 1520 1984 1576 circumstante
2010 1516 2241 1588 populo,

686 1624 902 1685 totaque
940 1614 1091 1669 turba
1138 1614 1305 1683 ipsum
1336 1612 1551 1667 intentis
1578 1612 1766 1665 animis
1807 1608 2051 1665 audiente
2082 1649 2099 1675 ,
2146 1606 2244 1663 do-

674 1705 1008 1775 ctrinamque
1030 1701 1370 1774 pereipicnte,
1395 1701 1538 1757 illam
1567 1702 1618 1757 in
1646 1701 1877 1757 medium
1902 1699 2241 1756 accedentem

681 1814 710 1852 a
732 1798 986 1855 concione
1012 1798 1180 1869 ipsum
1201 1797 1485 1863 abducere,
1519 1805 1576 1851 ut
1597 1796 1819 1851 scorsim
1850 1795 2240 1866 alloqueretur:

682 1906 786 1944 mm
815 1890 1028 1945 domum
1058 1887 1283 1959 ingredi.
1315 1887 1409 1944 sed
1439 1886 1580 1941 foras
1605 1887 1773 1957 ipsum
1795 1885 1966 1941 solum
1993 1885 2241 1939 educere.

684 1980 881 2036 Idcirco
906 1978 1116 2035 dicebat
1159 1977 1248 2034 ille
1270 2018 1285 2043 ,
1330 1978 1455 2043 Qum
1496 1987 1566 2031 est
1591 1986 1751 2031 mater
1775 1992 1883 2031 nica
1909 2016 1924 2042 ,
1954 1984 2000 2029 et
2020 1976 2106 2044 qui
2129 1984 2246 2030 sunt

685 2076 867 2140 fratres
889 2072 1031 2126 mei?
1059 2085 1162 2126 non
1188 2079 1410 2125 matrem
1437 2070 1755 2125 contumelia
1783 2069 2042 2135 afllciens,
2070 2068 2242 2135 absit;

686 2165 778 2220 sed
807 2165 906 2235 ipsi
932 2165 1129 2234 optime
1156 2164 1439 2218 consulens
1462 2203 1476 2228 ,
1506 2178 1604 2217 nec
1623 2163 1803 2216 sincns
1818 2176 1936 2215 eam
1963 2160 2064 2214 vile
2092 2160 2245 2229 quid-

682 2256 821 2327 piam
866 2264 919 2309 et
946 2254 1212 2324 abjectum
1240 2253 1305 2308 de
1349 2268 1407 2309 se
1435 2253 1758 2308 existimare.
1790 2249 1921 2305 Nam
1946 2251 1990 2305 si
2020 2250 2244 2305 aliorum

684 2364 865 2403 curam
892 2340 1146 2418 gerebat,
1180 2347 1413 2418 nihilque
1440 2362 1541 2402 non
1572 2347 1758 2418 agebat
1783 2355 1840 2401 ut
1862 2354 2244 2416 congruentem

683 2439 749 2495 de
774 2454 832 2495 se
860 2439 1163 2508 opinionem
1207 2438 1307 2492 illis
1350 2438 1657 2508 ingereret,
1705 2436 1869 2491 multo
1912 2435 2080 2506 magis
2125 2450 2248 2506 erga

684 2538 905 2583 matrem
937 2529 986 2582 id
1006 2528 1213 2599 agebat.
1237 2528 1368 2596 Quia
1385 2528 1526 2583 enim
1546 2527 1834 2584 verisimile
1858 2535 1959 2595 est,
1979 2543 2100 2582 eum
2124 2526 2245 2581 talia

683 2620 916 2674 audisset
942 2634 973 2674 a
1002 2620 1111 2673 lilio
1145 2660 1159 2683 ,
1205 2620 1437 2673 noluisse
1481 2626 1655 2672 tamen
1695 2616 2104 2687 obtemperare,
2152 2617 2248 2672 sed

686 2714 883 2783 primas
900 2713 999 2769 sibi
1024 2726 1237 2782 semper
1256 2711 1551 2768 vindicasse
1574 2721 1769 2781 partes,
1793 2718 1979 2779 utpote
2000 2717 2245 2773 matrem,

690 2805 811 2860 ideo
848 2804 928 2859 sie
968 2803 1057 2858 ille
1102 2802 1396 2873 respondit.
1422 2799 1602 2871 Neque
1628 2801 1768 2856 enim
1796 2802 1938 2855 illam
1968 2798 2036 2855 ab
2062 2799 2251 2855 humili

686 2894 932 2964 opinione
951 2891 1016 2947 ad
1037 2893 1395 2948 sublimiorem
1421 2893 1732 2947 sententiam
1750 2891 2026 2955 erexisset,
2045 2890 2090 2945 sl
2107 2903 2249 2945 scm-

686 2998 780 3054 per
804 2990 1162 3052 exspectasset
1180 2982 1289 3049 illa,
1316 2996 1375 3037 se
1407 2981 1473 3036 ab
1514 2971 1639 3050 ipso‘
1660 2991 1925 3050 tamquam
1954 2994 1983 3033 a
2012 2978 2118 3034 lilio
2148 2978 2249 3035 bo-

688 3074 1000 3141 norandam,
1023 3087 1194 3144 neque
1221 3073 1389 3143 ipsum
1405 3079 1459 3126 ut
1484 3072 1760 3126 Dominum
1781 3069 2077 3125 habituram
2106 3085 2248 3126 esse.

694 3167 801 3222 llac
829 3182 957 3238 ergo
986 3165 1054 3221 de
1088 3179 1243 3221 causa
1270 3164 1347 3219 sic
1376 3173 1499 3219 tune
1518 3163 1829 3232 loquebatur
1853 3179 1868 3215 :
1894 3160 2031 3227 Quid
2056 3162 2179 3217 mihi
2206 3171 2253 3217 et

692 3258 780 3313 tibi
801 3267 891 3324 est,
923 3257 1146 3312 mulier?
1169 3256 1282 3311 Alia
1309 3270 1517 3326 quoque
1540 3249 1696 3310 causa
1726 3269 1829 3309 non
1866 3255 2041 3309 minus
2062 3268 2250 3310 neces-

689 3351 828 3405 saria
850 3349 1025 3405 afferri
1056 3357 1248 3419 potest.
1275 3348 1527 3415 Quanam
1559 3346 1647 3401 illa
1668 3345 1693 3399 ν
1713 3344 1789 3402 Ne
1816 3354 1965 3417 gesta
1996 3345 2249 3401 miracula

692 3445 741 3498 in
770 3443 1123 3513 suspicionem
1152 3443 1424 3498 venirent:
1453 3439 1520 3495 ab
1548 3439 1904 3510 indigentibus
1925 3438 2070 3494 enim
2100 3478 2116 3503 ,
2144 3452 2250 3493 non

688 3552 717 3589 a
758 3546 928 3590 matre
966 3533 1238 3604 rogandus
1276 3540 1408 3590 erat.
1455 3533 1671 3601 Quare?
1698 3532 1835 3599 Quia.
1877 3532 1961 3587 illa
2010 3547 2127 3603 qua:
2155 3546 2254 3588 eo-

688 3639 969 3701 gnatorum
1021 3628 1266 3700 prccibus
1310 3629 1681 3699 impetrantnr,
1728 3626 1853 3682 licet
1901 3640 2111 3697 magna,
2146 3641 2251 3680 non

690 3728 759 3777 ita
788 3732 935 3795 grata
955 3730 1078 3776 sunt
1106 3720 1453 3792 praesentibus
1482 3730 1537 3775 ut
1564 3720 1847 3790 plurimum
1872 3737 1887 3775 :
1912 3734 2034 3774 cum
2073 3729 2251 3773 autem

690 3812 986 3883 indigentes
1012 3813 1109 3882 ipsi
1138 3811 1456 3883 supplicant,
1477 3822 1600 3866 tunc
1620 3810 1928 3865 miraculum
1951 3808 2255 3880 suapieione

692 3913 839 3957 vacat
857 3943 874 3969 ,
903 3917 1047 3973 pura:
1074 3902 1253 3958 laudes
1278 3910 1404 3958 sunt
1428 3942 1440 3965 ,
1468 3916 1655 3973 magna
1678 3902 1897 3956 utilitas.

759 3996 812 4051 3.
843 3992 947 4050 Cur
970 4003 1016 4050 et
1043 4011 1141 4063 qua
1167 4003 1330 4049 mente
1349 3991 1576 4048 Christus
1620 4002 1827 4047 matrem
1846 4008 1993 4047 suam
2018 3992 2254 4062 increpa-

692 4085 851 4149 serit;
876 4100 1130 4155 nunquam
1152 4084 1291 4138 illam
1313 4082 1557 4153 repellere
1577 4082 1808 4137 intendit.
1838 4080 2080 4153 Improbe
2120 4081 2252 4136 nihil

692 4184 901 4245 prosunt
927 4176 1129 4247 cognati
1154 4176 1315 4245 probi.
1359 4174 1569 4246 Cognati
1611 4174 1801 4229 Cirriin
1834 4173 2120 4245 Desporyni
2160 4190 2256 4244 ap-

691 4266 1166 4337 pellati.-Eteuim
1193 4266 1236 4322 si
1265 4266 1382 4336 quis
1408 4266 1637 4335 optimus
1667 4264 1971 4319 medicusin
1992 4278 2255 4333 :egrorum

690 4358 1041 4430 complurium
1066 4357 1255 4413 domos
1275 4358 1550 4427 ingressus
1572 4396 1588 4423 ,
1612 4356 1680 4411 ab
1702 4357 1914 4426 aegrotis
1934 4355 2017 4411 vel
2045 4354 2260 4409 adstan.

695 4450 835 4505 tibus
868 4449 1001 4504 nihil
1026 4447 1241 4515 audiat,
1267 4448 1360 4504 sed
1379 4465 1409 4502 a
1436 4458 1604 4503 matre
1625 4458 1825 4503 tantum
1862 4457 2075 4519 rogetur
2096 4489 2111 4515 ,
2137 4449 2260 4505 hinc

694 4550 973 4612 suspectus
998 4550 1051 4596 et
1077 4540 1332 4595 molestus
1356 4540 1512 4611 :egris
1535 4540 1637 4595 erit
1662 4579 1678 4603 ,
1709 4553 1770 4594 ac
1799 4553 1970 4609 neque
1987 4540 2136 4609 aegri,
2166 4554 2260 4595 ne-

694 4650 795 4704 quc
814 4633 1083 4689 adstantes
1102 4646 1347 4703 magnum
1363 4630 1626 4702 quidpiam
1648 4629 1715 4686 ab
1736 4629 1829 4685 illo
1849 4630 2255 4702 exspectabunt.

697 4727 818 4782 Ideo
844 4734 969 4782 tunc
997 4724 1286 4794 increpavit
1312 4722 1514 4788 dicens,
1541 4721 1677 4787 Quid
1699 4722 1823 4777 mihi
1842 4732 1888 4775 et
1912 4721 1999 4777 tibi
2024 4730 2119 4790 est,
2149 4738 2261 4776 mu.

701 4819 793 4873 tier
817 4819 842 4873 ?
865 4830 1086 4872 monens
1111 4815 1254 4870 illam
1286 4830 1353 4870 ne
1385 4814 1558 4869 simile
1601 4814 1869 4884 quidpiam
1901 4814 1955 4869 in
1985 4822 2259 4884 posterum

699 4920 897 4981 ageret.
924 4907 1079 4964 Curat
1107 4920 1332 4978 namque
1359 4905 1433 4961 illi
1461 4913 1577 4960 erat
1602 4913 1873 4960 maternus
1903 4904 2092 4970 honor,
2123 4906 2262 4961 mul-

699 5015 858 5073 toque
886 5001 1051 5072 magis
1079 4999 1220 5055 illius
1244 4998 1417 5061 salus,
1445 5006 1501 5052 et
1525 4997 1705 5052 multis
1728 4996 2025 5067 praestanda
2050 4998 2261 5053 beneﬁ—

699 5097 799 5163 cia,
830 5109 925 5164 pro
950 5092 1142 5164 quibus
1169 5106 1381 5147 carnem
1422 5089 1684 5145 induerat.
1734 5089 1857 5144 llaec
1900 5090 2077 5160 itaque
2106 5090 2263 5145 verba

700 5200 805 5241 non
827 5191 978 5240 erant
1001 5189 1311 5253 arroganter
1330 5189 1553 5235 matrem
1579 5180 1917 5250 alloquenlis,
1937 5180 2031 5235 sed
2050 5179 2267 5248 dispen-

700 5276 957 5342 sationis,
988 5290 1092 5345 qna
1123 5283 1179 5331 et
1226 5274 1369 5328 illam
1398 5272 1739 5337 institueret,
1762 5280 1817 5326 et
1844 5272 2096 5327 miracula
2143 5286 2264 5327 cum

700 5368 957 5441 dignitate
984 5366 1096 5420 lleri
1135 5364 1455 5435 provideret.
1486 5362 1617 5418 Nam
1643 5362 1785 5433 quod
1813 5378 2005 5433 magno
2035 5361 2177 5417 illam
2213 5362 2264 5416 in

703 5462 905 5515 honore
933 5458 1152 5513 haberet
1176 5495 1192 5517 .
1214 5455 1300 5509 vel
1339 5455 1438 5511 hoc
1463 5454 1635 5524 ipsum
1662 5494 1678 5518 ,
1706 5462 1765 5508 ut
1788 5462 1985 5509 caetera
2014 5461 2216 5507 taceam
2246 5493 2262 5517 ,

703 5552 841 5618 quod
872 5547 1015 5602 illam
1043 5546 1317 5616 increpare
1342 5543 1601 5609 videatur,
1636 5544 1861 5613 probare
1891 5550 2083 5613 potest,
2115 5541 2263 5596 indi-

703 5640 987 5708 gnatioque
1030 5637 1143 5707 ipsa
1192 5648 1436 5705 magnam
1479 5648 1587 5704 prre
1634 5647 1693 5688 se
1746 5632 1846 5687 fert
1890 5632 2265 5687 reverentiam.

708 5736 945 5799 Quonam
972 5738 1147 5785 autem
1169 5737 1324 5797 pacto
1343 5768 1357 5793 ,
1384 5727 1436 5782 in
1466 5726 1705 5797 sequenti
1726 5726 1983 5781 concione
2009 5724 2263 5780 dicemus.

711 5821 833 5877 Il.ec
861 5820 1039 5889 itaque
1064 5820 1300 5891 Cogitans
1322 5859 1340 5885 .
1363 5834 1482 5873 eum
1512 5816 1745 5873 audietis
1770 5816 2046 5872 mulierem
2075 5832 2261 5885 quant-

1375 407 1429 465 s.
1468 404 1739 465 mauros
1775 401 2244 461 cuarsosrom
2284 400 2592 458 ARCHIEP.
2622 379 3143 463 consumtum.

3817 419 3917 476 132

2349 511 2471 569 dam
2498 514 2785 582 dicentem,
2818 517 3006 575 Beatus
3026 530 3193 575 venter
3216 520 3304 591 qui
3330 530 3379 577 te
3404 527 3625 594 portavit
3646 570 3661 593 ,
3688 538 3733 582 et
3765 534 3918 585 ubera

2343 619 2457 674 qua
2474 608 2655 662 sna-isti
2679 607 2825 680 (Luc.
2855 611 2939 666 ll.
2964 611 3060 682 27)
3088 653 3104 680 ,
3154 612 3410 686 illumque
3452 620 3865 688 respondentem
3896 663 3911 686 ,

2347 694 2635 761 Quinimmo
2654 698 2785 753 beati
2818 702 2904 770 qui
2919 702 3112 774 faciunt
3134 704 3435 759 uoluntatem
3455 705 3625 764 Patris
3639 710 3734 763 mei
3752 709 3916 781 (Ibid.

2345 796 2393 835 υ.
2417 784 2542 854 28);
2571 785 2758 842 cadent
2799 791 3061 845 sententia
3095 791 3210 847 lucc
3246 792 3388 847 dicta
3431 808 3555 852 esse
3582 798 3914 855 existimato.

2354 872 2470 929 Non
2492 876 2633 931 enim
2656 885 2878 934 matrem
2909 882 3214 950 repellentis
3242 886 3520 954 responsio
3538 897 3621 943 est
3648 930 3663 954 ,
3694 890 3787 945 sed
3819 889 3917 947 de-

2344 964 2627 1036 clarantis,
2655 970 2788 1025 nihil
2837 970 2933 1041 ipsi
2982 972 3312 1042 profuturum
3342 974 3507 1032 fuisse
3533 963 3782 1049 partem,
3814 981 3920 1038 nisi

2344 1053 2627 1111 admodum
2677 1060 2840 1130 proba
2888 1061 3165 1133 fidelisque
3210 1065 3418 1123 fuisset.
3459 1066 3514 1125 Si
3552 1085 3712 1140 porro
3738 1071 3921 1127 Mariae

2346 1145 2477 1200 nihil
2508 1148 2762 1218 proderat
2788 1151 2930 1221 quod
2955 1152 3224 1210 Christum
3254 1158 3545 1227 genuisset,
3587 1161 3686 1216 nisi
3723 1169 3920 1221 virtute

2346 1238 2597 1296 interiore
2623 1243 2837 1312 praedita
2866 1243 3072 1312 fuisset,
3106 1248 3271 1302 multo
3292 1250 3468 1307 minus
3496 1251 3649 1309 nobis
3680 1254 3922 1324 proderit

2348 1329 2629 1397 probitatis
2656 1334 2981 1401 expertibus,
3014 1337 3058 1391 si
3098 1339 3387 1406 patrem,si
3414 1341 3653 1410 fratrem,
3677 1345 3721 1400 si
3748 1344 3919 1401 lilium

2347 1418 2567 1487 probum
2593 1430 2647 1477 et
2674 1423 2870 1481 virtute
2917 1427 3195 1496 praeditum
3236 1427 3525 1487 habeamus
3548 1473 3563 1496 ,
3603 1435 3649 1489 si
3676 1449 3774 1491 nos
3797 1435 3922 1507 ejus

2347 1509 2540 1566 virtute
2589 1515 2774 1583 procul
2817 1516 3072 1574 fuerimus
3103 1538 3117 1574 :
3148 1518 3222 1575 ait
3250 1522 3448 1593 quippe
3478 1524 3640 1581 David
3674 1544 3689 1580 :
3731 1526 3923 1584 Frater

2346 1617 2447 1656 non
2473 1603 2674 1658 redimit
2698 1643 2718 1673 ,
2743 1608 2952 1663 redimet
2976 1611 3127 1665 homo
3166 1610 3186 1681 (
3222 1611 3363 1668 Paul.
3388 1614 3476 1671 68.
3507 1616 3539 1672 8
3566 1618 3587 1687 )
3616 1618 3639 1671 ?
3682 1618 3736 1673 In
3770 1621 3922 1677 nullo

2346 1692 2539 1764 quippe
2564 1694 2672 1750 alio
2706 1736 2722 1761 ,
2750 1697 2851 1751 nisi
2889 1697 3045 1755 bonis
3071 1702 3322 1772 operibus
3355 1744 3369 1769 ,
3421 1715 3539 1775 post
3573 1708 3663 1763 Dei
3694 1710 3921 1779 gratiam

2346 1800 2468 1856 spes
2492 1788 2680 1843 salutis
2697 1788 2960 1845 habenda.
2984 1792 3115 1847 Nam
3145 1794 3189 1848 si
3218 1803 3402 1865 partus
3428 1796 3492 1852 ad
3526 1798 3576 1853 id
3607 1799 3923 1869 profuturus

2349 1881 2547 1953 Virgini
2577 1893 2692 1941 erat
2712 1926 2728 1949 ,
2758 1886 3093 1956 profuturum
3124 1906 3335 1960 quoque
3355 1891 3553 1947 Judaeis
3582 1904 3701 1950 erat
3729 1936 3745 1962 ,
3774 1896 3922 1965 quod

2344 1971 2541 2029 Christi
2567 1977 2860 2033 secundum
2883 1993 3097 2036 carnem
3128 1984 3333 2051 cognati
3357 1993 3554 2048 essent,
3584 1987 3920 2055 profuturum

2348 2063 2471 2117 item
2512 2066 2719 2122 civitati
2770 2068 2821 2121 in
2869 2084 2969 2139 qua
3012 2080 3169 2127 natus
3209 2082 3363 2140 erat,
3394 2075 3722 2144 profuturum
3753 2079 3921 2134 etiam

2349 2154 2622 2209 fratribus.
2653 2158 2813 2227 Atqui
2840 2158 2965 2214 dum
2989 2154 3180 2217 fratres
3212 2164 3349 2218 illius
3377 2166 3455 2220 sui
3482 2182 3667 2222 curam
3689 2186 3791 2224 non
3820 2185 3922 2241 ge-

2346 2253 2527 2300 rerent
2551 2287 2565 2311 ,
2594 2246 2728 2303 nihil
2756 2264 2784 2303 a
2814 2251 3144 2321 cognationis
3169 2253 3425 2324 dignitate
3447 2258 3797 2327 iuvabantur,
3826 2261 3924 2318 sed

2348 2351 2467 2391 cum
2503 2338 2709 2409 reliquo
2734 2342 2932 2395 mundo
2957 2341 3192 2399 damnati
3215 2356 3365 2400 erant
3394 2364 3407 2400 :
3440 2357 3565 2403 tunc
3602 2364 3726 2405 vero
3750 2353 3926 2408 admi-

2352 2429 2543 2483 rationi
2567 2430 2729 2486 habiti
2757 2442 2899 2500 sunt,
2927 2449 3048 2489 cum
3078 2449 3173 2505 per
3203 2438 3467 2507 propriam
3492 2438 3737 2497 virtutem
3766 2442 3929 2497 efful-

2355 2530 2556 2575 serunt.
2600 2520 2734 2578 Urbs
2760 2532 2937 2578 autem
2973 2534 3028 2579 et
3066 2527 3242 2581 excisa
3270 2539 3321 2581 et
3346 2530 3619 2585 combusta
3645 2541 3724 2585 est
3749 2573 3765 2596 ,
3794 2524 3930 2588 nihil

2354 2610 2477 2666 hinc
2530 2621 2765 2668 mutuata
2808 2616 3075 2671 subsidii:
3126 2619 3331 2688 cognati
3362 2635 3486 2674 vero
3530 2621 3606 2676 illi
3632 2622 3928 2680 secundum

2352 2716 2569 2757 carnem
2599 2746 2613 2770 ,
2646 2706 2769 2759 c:usi
2801 2706 2996 2762 misere
3027 2708 3296 2775 perierunt
3316 2750 3331 2776 ,
3356 2709 3490 2765 nihil
3517 2727 3581 2766 ex
3608 2714 3931 2783 cognatione

2351 2792 2416 2847 ad
2435 2794 2657 2848 salutem
2688 2794 2875 2850 lucrati
2910 2837 2927 2864 ,
2953 2797 3075 2867 quia
3103 2798 3317 2854 virtutis
3357 2803 3653 2869 patrocinio
3681 2804 3926 2862 destituti

2351 2891 2525 2937 erant.
2555 2882 2807 2939 Omnium
2831 2894 3006 2942 autem
3029 2890 3449 2957 praestantissimi
3470 2893 3772 2949 claruerunt
3794 2910 3930 2967 apo-

2351 2973 2473 3027 stoli
2507 3014 2520 3038 ,
2551 2974 2673 3044 quia
2724 2990 2905 3029 verum
2955 2985 3007 3032 et
3052 2978 3401 3046 expetendum
3446 2983 3774 3053 cognationis
3809 2986 3931 3057 ejus

2354 3065 2567 3120 modum
2591 3065 2868 3121 subierunt
2894 3082 2989 3137 per
3014 3069 3391 3125 obedientiam.
3430 3074 3561 3129 llinc
3590 3075 3879 3133 ediscimus
3911 3122 3925 3145 ,

2355 3155 2457 3211 tide
2480 3156 2631 3210 nobis
2660 3171 2791 3226 opus
2814 3173 2953 3221 esse.
2974 3161 3145 3214 et‘vita
3161 3162 3321 3230 proba
3347 3164 3645 3236 virtuthuc
3666 3166 3930 3237 fulgente.

2356 3246 2411 3301 ιιι
2441 3246 2583 3302 enim
2628 3256 2830 3302 tantum
2862 3251 3015 3305 nobis
3044 3251 3267 3308 salutem
3315 3269 3502 3323 parare
3528 3258 3740 3327 peterit.
3772 3257 3934 3315 Certe

2354 3342 2560 3409 evgnati
2584 3340 2703 3408 ejus
2733 3341 2897 3396 multo
2921 3350 3160 3412 tempore
3188 3344 3529 3403 admirationi
3565 3346 3777 3405 fuerunt
3806 3350 3931 3405 ubis

2354 3446 2455 3502 que
2487 3472 2502 3497 ,
2536 3440 2591 3487 et
2615 3432 2910 3503 Desposyni
2936 3434 3182 3503 appellati
3210 3433 3326 3508 (a);
3358 3446 3588 3495 attamen
3619 3455 3687 3496 ne
3715 3443 3931 3499 nomina

2353 3520 2566 3590 quidem
2609 3521 2823 3575 illorum
2854 3525 3091 3588 scimus;
3132 3525 3496 3593 apostolorum
3525 3538 3702 3585 autem
3736 3541 3791 3587 ct
3821 3546 3927 3589 no-

2355 3612 2495 3666 mina
2521 3620 2574 3667 et
2600 3613 2706 3667 vita
2728 3613 2923 3684 ubique
2949 3613 3307 3670 celebrantur.
3326 3615 3401 3671 Ne
3432 3618 3607 3689 itaque
3631 3621 3697 3676 de
3715 3625 3935 3693 generis

2356 3702 2631 3758 nobilitate
2663 3704 2679 3734 ⁸
2702 3703 2870 3758 altum
2897 3704 3202 3774 sapiamus;
3227 3705 3321 3761 sed
3345 3706 3555 3763 etiamsi
3580 3725 3707 3766 avos
3726 3722 3777 3768 et
3805 3714 3934 3771 aha.

2357 3810 2451 3849 vos
2474 3795 2781 3851 innumeros
2806 3795 2981 3852 claros
3008 3806 3063 3853 et
3089 3797 3325 3854 illustres
3360 3801 3596 3867 proferre
3620 3806 3889 3872 possimus
3915 3850 3932 3875 ,

2359 3886 2569 3941 illorum
2593 3901 2689 3942 nos
2717 3887 2964 3943 virtutem
2988 3904 3244 3960 superare
3269 3905 3525 3948 conemur
3546 3935 3561 3961 ,
3600 3898 3747 3964 gnari
3776 3900 3935 3957 trabis

2358 3978 2409 4031 in
2441 3976 2616 4032 futuro
2648 3978 2850 4050 judicio
2875 3994 2940 4034 ex
2969 3981 3194 4035 aliorum
3226 3982 3420 4038 virtute
3450 3985 3578 4039 nihil
3611 3988 3740 4042 lucri
3768 3988 3884 4046 fore
3914 4035 3934 4061 ,

2359 4070 2465 4124 imo
2495 4069 2546 4125 id
2577 4071 2729 4125 nobis
2755 4071 2967 4142 gravius
3006 4072 3261 4142 judicium
3309 4075 3599 4143 periturum
3630 4094 3767 4134 esse.
3802 4081 3936 4138 Nam

2359 4162 2543 4231 probis
2566 4163 2666 4215 orti
2697 4162 2930 4231 patrihus
2957 4203 2972 4227 ,
3014 4163 3263 4233 domique
3293 4168 3595 4234 exemplum
3628 4168 3888 4228 habentes
3915 4217 3934 4241 ,

2360 4266 2429 4304 ne
2469 4250 2547 4304 sic
2579 4250 2791 4319 quidem
2818 4251 3066 4306 doctores
3116 4252 3402 4309 imitamur.
3438 4255 3562 4311 llzec
3603 4274 3742 4315 nunc
3771 4262 3892 4318 dico
3919 4307 3938 4331 ,

2362 4340 2484 4409 quia
2518 4338 2744 4409 gentiles
2785 4340 2980 4395 multos
3018 4340 3175 4398 video
3206 4384 3221 4409 ,
3275 4358 3396 4399 cum
3438 4346 3554 4401 illos
3587 4349 3652 4403 ad
3698 4350 3856 4407 ﬁdem
3885 4370 3941 4410 et

2362 4430 2821 4487 Christianismum
2854 4434 3281 4503 amplcetendum
3330 4437 3690 4507 cohortamur,
3724 4445 3789 4499 ad
3844 4462 3941 4503 cu-

2361 4532 2552 4594 gnatos
2572 4530 2633 4579 "ct
2658 4539 2786 4579 avos
2811 4540 2938 4581 suos
2964 4526 3252 4595 confugere
3275 4542 3339 4583 ac
3368 4528 3547 4586 dicere
3567 4573 3580 4594 .
3610 4532 3808 4591 Omnes
3836 4554 3938 4594 co-

2361 4616 2534 4688 gnati,
2576 4615 2861 4672 familiares
2889 4626 2943 4672 et
2966 4620 3371 4676 contubernales
3399 4624 3501 4678 mei
3519 4666 3533 4689 ,
3578 4625 3758 4681 ﬁdeles
3783 4629 3944 4687 Chri-

2364 4709 2520 4763 stiani
2542 4717 2687 4763 sunt.
2718 4708 2855 4776 Quid
2887 4709 2986 4764 hoc
3011 4710 3075 4764 ad
3105 4720 3175 4776 te,
3206 4711 3367 4767 miser
3395 4723 3449 4768 et
3482 4715 3660 4770 infelix
3688 4718 3711 4771 ?
3742 4720 3853 4777 llnc
3885 4726 3939 4779 in

2369 4800 2657 4871 perniciem
2689 4810 2830 4855 tuam
2855 4803 3099 4863 vertitur.
3130 4804 3279 4873 quod
3299 4821 3396 4859 nec
3419 4809 3827 4876 contubernales
3858 4833 3947 4871 re-

2369 4893 2601 4951 verearis
2632 4934 2647 4959 ,
2691 4892 2829 4948 utad
2862 4893 3111 4949 virtutem
3140 4910 3343 4950 curras.
3372 4896 3576 4954 Rursus
3605 4901 3695 4955 alii
3724 4905 3944 4973 quidam

2370 4983 2552 5039 lideles
2582 4984 2784 5053 utique,
2816 4984 2909 5039 sed
2934 4984 3105 5053 ignavi
3140 5026 3154 5049 ,
3186 4985 3253 5039 ad
3281 4988 3530 5043 virtutem
3579 4989 3821 5059 incitati,
3857 4998 3947 5052 id-

2370 5072 2541 5144 ipsum
2566 5073 2861 5129 obtendunt
2887 5089 2901 5125 :
2928 5073 3089 5129 Pater
3110 5088 3281 5140 meus,
3312 5091 3462 5144 avus,
3490 5094 3718 5146 proavus
3739 5124 3752 5147 ,
3788 5087 3858 5154 pii
3884 5105 3947 5144 ac

2370 5167 2564 5221 virtute
2605 5165 2806 5236 prasditi
2852 5167 3086 5222 fuerunt.
3130 5166 3233 5223 Sed
3265 5170 3366 5222 line
3410 5170 3582 5240 ipsum
3629 5181 3680 5227 te
3714 5180 3949 5237 maxime

2373 5256 2639 5311 damnabit
2668 5297 2681 5321 ,
2717 5256 2856 5327 quod
2884 5272 2913 5310 a
2945 5258 3141 5312 talibus
3166 5267 3313 5313 ortus
3342 5300 3355 5322 ,
3384 5274 3578 5329 genere
3609 5270 3701 5316 tuo
3732 5265 3952 5337 ἰιιιιίεηι

2373 5359 2667 5418 perpetres.
2692 5350 2826 5403 Audi
2852 5350 2973 5420 quid
3008 5350 3266 5420 propheta
3296 5350 3493 5407 .lndaeis
3518 5353 3703 5410 dicat:
3735 5358 3955 5415 Serrivit

2367 5437 2535 5514 [smel
2558 5442 2610 5494 in
2631 5438 2869 5505 muliere,
2902 5442 3017 5495 etin
3048 5442 3255 5495 muliere
3279 5454 3502 5496 screatus
3534 5455 3609 5498 est
3631 5446 3653 5519 (
3676 5446 3824 5504 Osee.
3861 5454 3951 5510 12.

2377 5532 2488 5602 19.);
2516 5543 2570 5587 ct
2597 5533 2859 5596 Christus,
2888 5534 3145 5587 Abraham
3172 5544 3315 5603 pater
3336 5546 3494 5590 vester
3516 5541 3781 5597 exsultavit
3805 5556 3858 5599 ut
3881 5548 3951 5601 tti-

2418 5641 2493 5711 lnl
2535 5642 3002 5713 Cognatosfhrisll,
3027 5645 3399 5713 ΔΠεηιοδεῃηοεῌ(
3418 5651 3806 5713 Δεσποσύνους),
3834 5653 3947 5708 sive

2356 5698 2640 5769 nuntium;
2663 5705 2941 5769 appellatos
2969 5698 3312 5769 riunt-(main
3344 5698 3587 5761 Eusebius

2359 5767 2485 5816 llisl.
2511 5764 2643 5814 Eccl.
2686 5764 2735 5827 p.’
2758 5766 2820 5813 26
2855 5765 3093 5815 editionis
3118 5767 3324 5818 Valesii.

2419 5834 2429 5854 '
2462 5826 2632 5877 Morel.
2661 5826 2827 5888 habet,
2851 5828 2912 5878 de
2932 5830 3226 5892 rogantium.
3251 5845 3355 5892 pro,
3372 5832 3433 5883 Ile
3453 5835 3645 5896 generis
3665 5838 3937 5897 "ﬂbilu‘ug_
