4120 6488
223 423 316 481 R3

223 540 354 593 deret
381 535 518 588 diem
545 548 721 584 meum
747 545 765 594 ;
789 539 835 583 et
876 528 1014 592 vidit,
1040 536 1084 582 ct
1111 525 1314 597 garisus
1330 534 1404 577 est
1431 521 1612 592 (Joan.
1630 521 1678 577 8.
1711 519 1826 592 56).

220 631 280 684 Et
305 627 508 696 ubique
555 623 814 676 \irtntem
845 633 1066 675 avorum
1100 631 1207 669 non
1236 613 1302 668 ad
1339 613 1554 668 laudem
1589 652 1604 676 ,
1637 610 1732 666 sed
1760 609 1827 664 ad

218 720 474 789 majorem
503 713 910 770 accusationem
954 708 1251 781 proferunt.
1284 706 1410 761 Ilaec
1438 720 1563 762 cum
1593 705 1829 760 sciamus

213 825 262 867 tt
291 825 409 874 nos,
450 809 590 863 nihil
623 824 731 862 non
762 819 1002 875 agamus,
1037 810 1095 856 ut
1122 817 1215 872 per
1245 799 1463 870 propria
1487 812 1650 867 Opera
1679 797 1827 896 saluo

216 916 315 960 tcm
341 914 614 970 conseqtn
647 898 914 969 possimus
938 935 952 957 ,
989 909 1055 948 ne
1083 893 1282 946 frustra
1315 891 1367 945 in
1399 890 1630 944 aliorum
1655 890 1827 958 gestis

214 1008 357 1061 spem
390 991 663 1046 habentes
690 1031 706 1054 ,
752 996 876 1041 tunc
901 985 1172 1040 discamus
1201 998 1300 1037 nos
1327 981 1583 1050 deceptos
1613 979 1777 1033 fuisse
1806 1018 1822 1043 ,

210 1099 328 1138 cum
351 1083 514 1138 nobis
544 1083 665 1137 hare
690 1079 878 1134 notitia
910 1076 1042 1132 nihil
1063 1075 1320 1146 proderit.
1343 1073 1476 1128 Nam
1503 1071 1569 1125 In
1594 1072 1820 1142 inferno,

1306 407 1370 464 IN
1408 404 1726 464 JOANNEM
1765 403 1996 462 HOMIL.
2039 402 2206 459 XXII.
2249 406 2322 459 al.
2364 403 2508 459 XXI.

3450 411 3548 466 {Si

1943 521 2138 590 inquit,
2164 521 2278 592 quis
2306 521 2624 591 conﬁtebitur
2643 521 2732 577 tibi
2761 522 2932 593 (Psal.
2956 522 3007 580 6.
3040 522 3137 597 6)?
3159 524 3256 582 IIic
3284 539 3414 597 ergo
3431 541 3574 596 ρων

1937 612 2217 667 nitentium
2259 627 2482 684 agamus
2514 654 2530 680 ,
2575 622 2634 667 ut
2671 623 2873 670 {eterna
2923 630 3323 686 consequamur
3355 617 3493 671 bona
3529 658 3544 681 ,

1939 719 2060 775 qua:
2090 719 2188 758 nos
2210 719 2401 760 omnes
2430 705 2665 760 nancisci
2700 706 2998 776 contingat,
3026 707 3196 778 gr'ttia
3226 715 3282 763 et
3310 695 3547 778 benigni-

1940 803 2048 850 tate
2082 795 2292 851 Domini
2325 797 2493 851 nostri
2531 796 2662 852 Jesu
2701 796 2904 852 Christi
2934 840 2948 863 ,
3004 815 3098 869 per
3127 814 3288 868 quem
3321 808 3376 854 et
3421 815 3544 855 cum

1937 901 2044 958 quo
2102 887 2243 942 Patri
2299 888 2470 959 gloria
2516 899 2571 945 et
2621 891 2947 962 imperium,
2993 891 3261 962 simulque
3315 891 3544 962 Spiritui

1935 988 2141 1045 sancto,
2169 979 2222 1034 in
2243 981 2440 1036 smcula
2467 983 2812 1038 seculorum.
2845 985 3041 1038 Amen.

214 1207 3545 1236 ΜΗ

1626 1284 1980 1347 HOMILIA
2026 1284 2238 1347 XXII.

276 1444 411 1512 Quid
441 1443 575 1496 mihi
605 1451 652 1496 et
673 1441 762 1496 tibi
788 1440 1008 1495 mulier?
1033 1437 1282 1493 Nondum
1301 1439 1433 1492 venit
1455 1437 1583 1491 hora
1612 1451 1745 1490 mea.

275 1558 324 1612 I.
357 1556 453 1611 Est
482 1556 706 1626 quidam
739 1555 790 1609 in
831 1552 1200 1609 concinnando
1228 1551 1399 1618 labor,
1442 1548 1582 1620 quod
1622 1549 1817 1605 Paulus

208 1648 284 1702 his
313 1648 498 1703 verbis
535 1657 766 1702 teSIatur
795 1663 810 1699 :
847 1645 948 1712 Qui
986 1645 1111 1699 bene
1147 1652 1372 1715 prtesunt
1399 1641 1694 1713 presbyteri,
1723 1641 1820 1694 du-

206 1743 317 1812 plici
355 1742 559 1796 honore
586 1740 740 1812 digni.
755 1738 1036 1794 habeantur
1064 1755 1083 1794 :
1119 1739 1338 1793 maxime
1375 1735 1463 1808 qui
1491 1736 1722 1790 laborant
1762 1733 1815 1786 in

203 1835 342 1888 rerbo
367 1845 412 1888 et
445 1832 778 1904 doctrina(l.
807 1831 937 1885 Tim.
968 1832 1020 1886 5.
1043 1831 1153 1901 I7).
1179 1832 1247 1886 At
1274 1844 1438 1900 penes
1457 1841 1556 1883 vos
1574 1836 1654 1882 est
1673 1826 1816 1881 hunc

204 1925 434 1981 laborem
471 1925 561 1980 vel
588 1925 762 1980 levem
785 1924 868 1978 vel
906 1937 1123 1994 gravem
1153 1921 1400 1977 reddere.
1438 1919 1572 1974 Nam
1601 1918 1646 1972 si
1672 1916 1812 1972 dicta

202 2019 484 2087 respuatis,
523 2017 608 2070 vel
641 2031 748 2070 non
778 2023 1114 2085 respuentes.
1144 2013 1399 2082 operibus
1425 2026 1533 2067 non
1564 2009 1812 2065 exhibue-

200 2109 329 2174 ritis,
355 2112 542 2178 gravis
571 2107 730 2163 nobis
756 2107 909 2162 labor
932 2106 1054 2168 erit,
1086 2105 1225 2177 quod
1249 2104 1443 2161 frustra
1468 2104 1807 2167 laboremus;

199 2203 274 2255 sin
304 2202 627 2268 attendatis,
657 2209 712 2256 et
747 2200 926 2254 audita
970 2199 1360 2268 exsequamini,
1401 2198 1615 2252 sudoris
1650 2196 1810 2266 hujus

198 2309 260 2347 ne
289 2307 516 2348 sensum
551 2290 770 2363 quidem
804 2290 1164 2361 percipiemus
1190 2307 1204 2343 :
1227 2289 1429 2344 fructus
1453 2289 1595 2344 enim
1625 2287 1809 2344 labore

199 2395 370 2452 partus
417 2400 531 2437 non
582 2383 726 2438 sinet
760 2383 1002 2437 laborem
1051 2395 1268 2451 gravem
1320 2379 1511 2436 videri.
1549 2380 1729 2450 Itaque
1760 2379 1804 2434 si

197 2477 348 2530 vultis
375 2476 624 2531 studium
655 2482 900 2530 nostrum
924 2473 1183 2538 excitare,
1217 2485 1321 2526 non
1355 2471 1697 2541 exstinguere
1720 2470 1804 2526 vel

196 2572 452 2635 minuere,
505 2569 765 2632 fructum,
813 2581 1018 2637 quaeso,
1051 2565 1303 2621 exhibete
1348 2565 1524 2630 nobis,
1555 2572 1614 2618 ut
1655 2564 1806 2618 lmtas

195 2671 394 2731 segetes
421 2661 698 2726 videntes,
723 2674 818 2730 spe
851 2659 930 2714 rei
953 2657 1092 2714 bene
1109 2657 1359 2729 gerendae
1381 2656 1494 2712 fulti
1516 2664 1570 2712 et
1590 2655 1803 2712 divitias

197 2761 399 2808 nostras
428 2754 442 2785 ‘
475 2760 882 2822 computantes,
916 2768 983 2808 ne
1011 2761 1318 2824 torpeamus
1344 2750 1521 2807 in‘hac
1551 2759 1657 2805 tam
1689 2749 1805 2807 fau-

195 2855 266 2897 sta
288 2843 688 2914 negotiatione.
710 2842 897 2914 Neque
920 2843 1064 2898 enim
1094 2858 1252 2913 parva
1281 2842 1438 2898 nobis
1474 2841 1634 2897 hodie
1673 2857 1801 2912 pro-

195 2937 401 3003 ponitur
421 2937 678 3007 qumstio.
709 2935 879 2992 Matre
907 2951 1139 3006 namque
1175 2935 1305 2992 Jesu
1335 2936 1572 3002 dicente,
1610 2934 1801 2991 Vinum

196 3045 285 3080 non
310 3029 541 3094 habent;
566 3045 687 3082 cum
721 3028 1094 3099 respondisset
1126 3027 1395 3097 Christus,
1436 3029 1576 3095 Quid
1601 3029 1729 3084 mihi
1752 3039 1801 3085 et

195 3117 270 3172 tibi
293 3129 386 3183 est,
420 3120 655 3174 ntulier.’
682 3118 932 3174 Nondum
957 3121 1090 3175 venit
1118 3120 1247 3174 hora
1273 3137 1423 3186 mea;
1452 3136 1575 3176 cum
1605 3121 1678 3187 id,
1709 3121 1797 3176 in-

194 3222 362 3278 quam,
391 3211 789 3282 reSpondisset,
821 3211 964 3283 quod
991 3212 1204 3267 volebat
1234 3222 1406 3268 mater
1443 3213 1639 3270 etfecit.
1671 3213 1798 3270 Haec

197 3316 289 3354 non
317 3304 497 3357 minor
528 3303 705 3372 priore
733 3299 959 3371 quresuo
985 3311 1087 3358 est.
1121 3303 1217 3360 Illo
1245 3305 1405 3376 igitur
1432 3306 1684 3362 invocato
1705 3309 1794 3378 qui

198 3395 286 3448 hoc
311 3395 638 3462 miraculum
669 3404 923 3463 operatus
950 3405 1054 3463 est,
1088 3397 1167 3451 sic
1204 3397 1270 3451 ad
1314 3399 1638 3454 Solutionem
1667 3414 1795 3470 pro-

199 3499 452 3550 paremus.
485 3484 610 3540 Non
642 3485 728 3540 hic
749 3488 922 3541 solum
952 3498 1132 3542 autem
1167 3487 1268 3544 hoc
1295 3490 1491 3545 dictum
1524 3493 1792 3558 occurrit;

197 3575 298 3639 ipse
323 3592 561 3645 namque
582 3577 910 3647 evangelista
945 3578 996 3633 in
1019 3575 1365 3648 sequentibus
1381 3582 1529 3646 dicit,
1556 3583 1672 3638 Non
1702 3600 1798 3654 po-

197 3678 396 3723 tuerunt
417 3685 548 3725 eum
577 3669 1008 3739 apprehendere,
1043 3671 1177 3739 Quia
1202 3673 1428 3726 nondum
1448 3685 1647 3729 venerat
1668 3675 1795 3730 hora

195 3760 293 3826 ψη
329 3757 517 3826 (Joan.
562 3760 618 3816 8.
659 3761 753 3825 20)
781 3779 794 3815 :
823 3770 878 3817 et
915 3763 1132 3829 iterum,
1186 3762 1354 3818 Nemo
1392 3766 1526 3820 misit
1565 3769 1617 3821 in
1647 3768 1794 3823 illum

195 3866 381 3917 manus,
413 3853 543 3921 quia
573 3853 802 3905 nondum
844 3864 1046 3907 venerat
1075 3856 1201 3907 liora
1228 3857 1338 3925 ejus
1369 3855 1533 3926 (Ibid.
1575 3859 1625 3913 7.
1658 3859 1749 3930 50)
1774 3877 1791 3917 :

193 3954 250 3994 ac
275 3957 512 4006 rursum,
559 3940 702 3996 Venit
746 3945 874 3997 liora
895 3961 916 3998 :
941 3943 1177 4015 gloriﬁca
1211 3945 1402 4001 Filium
1445 3957 1587 4004 tuum
1625 3950 1790 4019 (Ibid.

196 4030 273 4084 Π.
315 4033 390 4102 l).
426 4032 560 4088 Ilaec
588 4034 764 4088 omnia
802 4049 899 4103 per
927 4044 1102 4090 totum
1133 4036 1481 4108 Evangelium
1528 4041 1667 4096 dicta
1707 4042 1795 4102 hic

195 4123 388 4195 collegi,
422 4136 484 4180 ut
515 4141 677 4180 uuam
712 4127 964 4182 omnibus
992 4128 1315 4185 solutionem
1353 4132 1594 4187 aderam.
1637 4135 1795 4202 Quaa-

197 4227 305 4268 nam
331 4225 411 4270 est
438 4217 532 4270 illa
559 4217 796 4272 solutio?
820 4217 935 4272 Non
983 4227 1286 4288 temporum
1326 4225 1635 4280 necessitati
1665 4227 1794 4282 sub-

197 4303 353 4373 iectus
379 4319 497 4364 erat
533 4305 799 4373 Christus,
835 4324 1009 4380 neque
1038 4309 1199 4366 horas
1228 4312 1520 4370 observans
1556 4315 1789 4386 dicebat,

196 4395 427 4454 Nondum
453 4401 590 4455 reuit
622 4405 748 4455 liora
775 4418 884 4455 mea
911 4419 930 4458 :
953 4403 1043 4470 (an
1070 4403 1120 4458 id
1142 4403 1457 4462 observaret
1489 4416 1790 4478 temporum

195 4486 392 4559 Opifcx,
422 4506 696 4546 annorum
727 4501 782 4547 et
806 4494 1126 4547 secutorum
1152 4495 1458 4570 Creatori)
1487 4515 1672 4555 verum
1695 4517 1793 4574 per

197 4577 299 4634 Izzt‘c
335 4581 477 4636 dicta
512 4583 613 4636 hoc
644 4582 1129 4653 vult'signillcare',
1167 4600 1228 4641 se
1256 4587 1436 4643 omnia
1474 4595 1790 4662 congruenti

197 4678 423 4743 tempore
455 4675 694 4744 operari,
742 4690 844 4732 nee
886 4677 1042 4732 simul
1095 4677 1274 4736 facere
1321 4697 1388 4737 ne
1437 4681 1564 4740 hinc
1609 4701 1787 4744 rerum

198 4763 317 4818 ordo
342 4766 676 4833 turbaretur,
718 4766 762 4820 si
803 4782 910 4822 non
956 4780 1259 4840 opportuno
1301 4781 1545 4844 tempore
1583 4778 1788 4849 singula

197 4852 385 4922 ederet,
410 4857 512 4912 sed
543 4857 723 4912 omnia
759 4858 917 4915 simul
950 4861 1222 4929 misceret,
1249 4867 1672 4935 generationem,
1707 4887 1791 4927 rc-

199 4952 605 5016 surrectioncm,
629 4949 908 5021 judicium.
952 4953 1051 5009 [lic
1092 4956 1330 5011 animum
1361 4959 1556 5016 adhibe
1588 4979 1600 5016 :
1632 4978 1792 5033 Opor-

203 5037 289 5092 luit
305 5049 611 5096 creaturam
639 5041 837 5108 facere,
868 5043 963 5100 sed
995 5061 1101 5100 non
1136 5062 1351 5103 omnem
1391 5050 1578 5116 simul;
1621 5053 1793 5110 homi-

203 5145 310 5184 nem
326 5141 378 5186 et
398 5134 710 5198 mulierem,
740 5133 836 5190 sed
864 5151 970 5190 non
995 5153 1098 5192 una
1118 5139 1323 5196 ambos.
1346 5139 1597 5210 Oportuit
1619 5156 1792 5202 morte

203 5222 426 5280 damnari
469 5225 767 5281 humanum
807 5243 996 5298 genus,
1030 5239 1084 5285 et
1136 5233 1586 5290 resurrectionem
1632 5236 1788 5303 fieri;

204 5316 284 5368 sed
313 5320 539 5372 multum
572 5320 709 5373 inter
751 5330 1039 5389 utrumque
1085 5323 1421 5379 intervallum
1455 5335 1588 5382 erat.
1616 5326 1789 5397 Opor-

208 5407 294 5459 tnit
315 5407 424 5464 dari
463 5411 658 5482 legem,
693 5409 788 5466 sed
821 5426 925 5465 non
957 5413 1113 5466 simul
1151 5415 1376 5484 gratiam
1415 5434 1428 5472 :
1465 5434 1650 5472 verum
1679 5420 1792 5474 sin-

207 5499 314 5565 gula
341 5504 451 5558 suis
483 5502 820 5572 temporibus
846 5504 1223 5575 dispensanda.
1266 5507 1380 5562 Non
1421 5510 1641 5566 suberat
1665 5528 1794 5585 ergo

211 5590 433 5650 Christus
483 5605 787 5666 temporum
831 5600 1161 5668 necessitati,
1211 5610 1268 5656 ut
1319 5603 1406 5672 qui
1463 5606 1793 5676 temporibus

268 5723 282 5790 ξ
314 5724 446 5777 Savil.
475 5723 620 5788 legit,
647 5734 869 5790 vestras;
891 5730 1052 5780 minus
1071 5739 1231 5783 recte.

265 5784 294 5865 ξι
318 5794 417 5865 rost
439 5784 590 5865 verba
609 5784 764 5865 inter.
779 5784 1101 5865 [iacentboses
1129 5795 1343 5865 inclusa,
1362 5798 1604 5865 siehabct
1627 5802 1792 5865 Savil.,

220 5842 294 5889 ml
307 5849 414 5910 quid
438 5859 507 5903 est
528 5853 658 5911 quod
688 5842 1048 5906 sul'imlimrit?
1072 5842 1594 5924 hocit'ullisimiifii‘uiia

1932 1446 2088 1488 suum
2115 1434 2358 1491 ordinem
2389 1439 2790 1508 assignavisset,
2835 1457 3024 1497 eorum
3069 1459 3264 1514 nempe
3301 1456 3536 1504 creator.

1925 1524 2028 1581 Sed
2056 1527 2290 1584 Joannes
2317 1530 2403 1586 hic
2433 1531 2706 1588 Christum
2733 1533 3000 1590 dicentem
3028 1536 3251 1605 inducit,
3285 1539 3536 1594 Nondum

1925 1622 2058 1675 venit
2083 1622 2210 1676 liora
2228 1641 2359 1685 mea,
2383 1626 2678 1683 ostendens
2699 1629 2872 1697 ipsum
2901 1630 3138 1685 nondum
3159 1641 3344 1686 notum
3370 1632 3536 1690 fuisse

1925 1715 2129 1778 multis,
2163 1732 2339 1786 neque
2370 1727 2538 1774 totum
2566 1720 2954 1792 discipulorum
2981 1723 3203 1780 chorum
3236 1725 3530 1789 habuisse:

1921 1805 2017 1860 St‘tI
2046 1808 2288 1865 Andreas
2316 1826 2438 1866 eum
2462 1815 2787 1883 sequebatur
2801 1832 2923 1871 cum
2955 1817 3222 1890 Philippo,
3248 1820 3534 1892 nullusque

1919 1897 2062 1952 alius
2084 1900 2100 1930 ¹
2128 1917 2141 1953 :
2167 1901 2274 1955 imo
2301 1917 2431 1958 vero
2453 1921 2629 1976 neque
2668 1906 2722 1962 hi
2754 1925 2945 1965 omnes
2974 1910 3146 1979 ipsum
3189 1912 3262 1965 ttti
3290 1927 3387 1982 par
3415 1921 3535 1968 erat
3599 1913 3616 1926 ⁵

1919 1991 2336 2060 cognoscebant,
2372 2011 2548 2066 neque
2574 2006 2746 2054 mater
2777 1999 2912 2068 ipsa,
2944 2017 3115 2072 neque
3147 2001 3362 2059 fratres.
3396 2003 3529 2060 Nam

1917 2089 2040 2150 post
2072 2083 2234 2138 multa
2259 2085 2400 2140 edita
2450 2089 2706 2144 miracula
2735 2090 2802 2147 de
2834 2091 3089 2148 fratribus
3119 2094 3248 2149 dicit
3290 2111 3528 2166 evange-

1915 2171 2058 2235 lista,
2109 2172 2290 2244 Neque
2318 2181 2502 2246 fratres
2547 2182 2658 2252 ejus
2695 2183 2966 2236 credebant
3011 2185 3063 2238 in
3108 2203 3220 2240 eum
3263 2186 3440 2260 (Joan.
3473 2190 3528 2246 7.

1915 2264 2076 2333 v.5).
2105 2264 2209 2320 Sed
2253 2283 2427 2337 neque
2459 2271 2529 2324 illi
2562 2272 2652 2342 qtti
2685 2275 2883 2342 nuptiis
2925 2276 3170 2344 aderant,
3215 2278 3389 2348 ipsum
3423 2298 3523 2336 nu-

1915 2363 2107 2409 rerant
2138 2374 2150 2411 :
2181 2357 2416 2428 alioquin
2445 2361 2590 2416 enim
2625 2366 2998 2428 accessissent,
3034 2378 3086 2422 et
3120 2370 3168 2422 in
3203 2372 3528 2429 necessitate

1913 2459 2194 2516 rogassent
2229 2450 2399 2506 illum.
2447 2453 2572 2509 Ideo
2617 2455 2712 2522 ait,
2768 2455 3016 2512 Nondum
3059 2462 3189 2514 venit
3229 2463 3358 2516 liora
3389 2482 3522 2519 mea.

1909 2537 2160 2595 Nondum
2207 2554 2365 2599 notus
2395 2560 2511 2600 sum
2568 2553 2948 2618 prmscntibus,
2987 2553 3083 2609 sed
3135 2572 3308 2628 neque
3349 2560 3524 2616 sciunt

1909 2630 1987 2687 illi
2029 2633 2213 2689 vinum
2259 2636 2511 2694 deficere.
2556 2640 2703 2705 Sine,
2733 2642 2908 2700 donec
2940 2646 2990 2702 id
3041 2650 3294 2704 sentiant.
3330 2651 3520 2724 Neque

1909 2723 2055 2780 enim
2084 2724 2202 2782 lucc
2229 2743 2314 2782 me
2335 2744 2363 2784 a
2391 2739 2442 2786 te
2471 2732 2660 2789 audire
2698 2739 2955 2806 oportuit.
3007 2740 3175 2796 Mater
3199 2744 3401 2815 quippe
3437 2762 3518 2812 es,

1907 2827 1964 2872 et
1994 2819 2310 2877 miraculum
2341 2823 2525 2880 reddis
2565 2839 2901 2897 suspectum.
2942 2831 3242 2902 Oportebat
3285 2837 3406 2894 illos
3438 2840 3520 2895 in-

1907 2907 2150 2982 digentes
2180 2915 2439 2971 accedere
2485 2927 2540 2973 et
2587 2916 2826 2990 precari;
2863 2941 2969 2979 non
3010 2927 3152 2996 quod
3170 2939 3240 2984 ‘ca
3284 2945 3341 2986 re
3382 2947 3518 3003 opus

1905 2998 2158 3071 habeam,
2187 3007 2282 3061 sed
2311 3016 2367 3062 ut
2397 3009 2494 3078 ipsi
2516 3026 2637 3066 cum
2665 3028 2861 3085 magno
2899 3033 3167 3076 consensu
3200 3023 3516 3082 miraculum

1904 3103 2112 3164 gestum
2142 3098 2470 3166 acciperent.
2499 3100 2632 3157 Nam
2665 3105 2757 3175 qui
2781 3120 2841 3162 se
2883 3107 2936 3162 in
2967 3113 3290 3171 necessitate
3315 3121 3520 3173 consti-

1905 3196 2077 3244 tutum
2125 3193 2290 3259 novit,
2331 3208 2451 3249 cum
2499 3198 2662 3267 petita
2690 3200 2712 3230 ¹
2738 3203 3108 3274 consequitur,
3143 3223 3390 3281 magnam
3421 3212 3516 3269 ha-

1903 3280 1994 3337 bet
2021 3284 2283 3353 gratiam;
2311 3289 2400 3356 qui
2428 3304 2557 3345 vero
2578 3294 2956 3351 necessitatem
2990 3280 3512 3375 nondumradvcrtit,

1901 3390 2080 3446 neque
2103 3377 2349 3434 beneficii
2372 3381 2516 3436 clare
2541 3397 2759 3440 sensum
2783 3389 3025 3460 recipiet.
3053 3392 3121 3449 Et
3139 3410 3254 3463 cur,
3282 3400 3514 3472 inquies,

1901 3479 2185 3539 postquam
2217 3470 2446 3540 dixerat,
2475 3474 2721 3532 Nondum
2743 3482 2874 3536 venit
2904 3483 3032 3540 ltora
3058 3505 3184 3554 mea,
3215 3500 3270 3546 et
3299 3470 3515 3552 recusa;

1901 3569 2072 3626 verat,
2102 3561 2154 3617 id
2186 3563 2326 3634 quod
2352 3575 2524 3622 mater
2543 3567 2754 3626 dixerat
2781 3573 3005 3630 elfecit?
3039 3577 3105 3634 Ut
3137 3585 3513 3642 contradicen-

1901 3652 2063 3720 tibus,
2115 3662 2170 3709 et
2223 3660 2533 3727 potantibus
2586 3662 2762 3733 ipsum
2816 3665 2963 3723 hora:
3010 3671 3312 3741 subjectum
3365 3694 3507 3745 esse,

1899 3743 2365 3806 demonstraretur
2394 3753 2566 3823 ipsum
2593 3772 2701 3812 non
2733 3773 2854 3816 esse
2877 3760 3024 3819 horae
3049 3775 3103 3821 et
3127 3771 3355 3840 tempori
3384 3743 3512 3830 sub;

1899 3837 2093 3894 ditutn.
2127 3840 2260 3903 Nam
2289 3843 2335 3899 si
2362 3845 2611 3903 subditus
2657 3850 2804 3906 hora:
2832 3852 3039 3922 fuisset,
3078 3837 3352 3928 quomodo
3380 3881 3512 3920 con-

1899 3940 2126 4000 gruente
2157 3933 2396 3991 nondum
2424 3938 2745 3997 adveniente
2767 3943 2897 4000 hora
2931 3947 2979 4002 id
3008 3965 3144 4019 opus
3175 3956 3463 4025 peregisset
3487 3959 3515 4013 τ

1900 4021 1980 4074 Ad
2015 4023 2128 4078 haec
2154 4025 2205 4098 in
2238 4028 2424 4084 matris
2449 4028 2709 4088 honorem
2758 4035 2809 4090 id
2858 4037 3005 4103 fecit,
3041 4057 3107 4096 ne
3146 4021 3367 4102 omnino
3406 4048 3505 4117 ipsi

1899 4127 2203 4184 repugnare
2248 4118 2545 4186 videretur,
2586 4139 2655 4179 ne
2699 4141 2764 4181 ex
2817 4128 3185 4191 imbecillitate
3231 4136 3280 4192 id
3329 4138 3508 4198 facere

1898 4204 2195 4275 videretur,
2250 4226 2318 4266 ne
2370 4222 2517 4268 tanto
2551 4216 2798 4274 adstante
2831 4233 2974 4278 cortu
3022 4238 3250 4286 matrem
3303 4235 3510 4302 pudore

1898 4296 2143 4355 afficeret
2182 4317 2197 4354 :
2245 4317 2368 4356 nam
2419 4305 2700 4363 ministros
2742 4309 2841 4381 ipsi
2887 4316 3176 4374 obtulerat.
3228 4296 3504 4395 Siquidem

1900 4398 2183 4461 postquam
2214 4393 2532 4453 Chananma:
2561 4398 2792 4470 dixerat,
2825 4403 2948 4460 Non
2978 4418 3048 4461 est
3088 4411 3275 4468 bonum
3307 4393 3511 4478 sumere

1899 4500 2083 4552 panem
2112 4487 2356 4556 ﬁliorum,
2386 4499 2435 4544 et
2464 4491 2589 4546 dare
2618 4494 2827 4552 canibus
2857 4497 3069 4568 (Matth.
3103 4503 3186 4559 15.
3213 4506 3330 4579 26),
3360 4511 3508 4568 dedit

1901 4582 2076 4630 tamen
2109 4587 2317 4648 postea,
2350 4581 2468 4645 eius
2497 4584 2812 4642 assiduitate
2835 4601 3131 4658 permotus.
3162 4596 3322 4668 Atqui
3345 4602 3505 4660 etiam

1897 4667 2129 4736 dixerat,
2177 4669 2298 4726 Non
2339 4690 2452 4728 sum
2495 4677 2682 4732 missus
2711 4680 2810 4735 nisi
2841 4684 2910 4736 ad
2946 4700 3060 4740 oves
3095 4704 3210 4756 qua:
3249 4667 3509 4762 perierunt

1898 4761 2080 4818 domus
2109 4761 2274 4820 Israel
2297 4765 2459 4837 (Ibid.
2497 4785 2544 4823 υ.
2587 4769 2711 4842 24);
2746 4784 3027 4846 postquam
3056 4786 3233 4836 tamen
3277 4782 3393 4842 haec
3421 4788 3507 4843 (Ii-

1899 4864 2072 4920 xerat,
2104 4857 2266 4912 tiliam
2296 4859 2412 4927 ejus
2445 4860 2708 4918 liberavit.

1972 4946 2025 4998 Ξ.
2057 4947 2149 5002 llis
2187 4948 2468 5017 discimus,
2506 4968 2605 5008 nos
2635 4956 2735 5010 etsi
2776 4957 3047 5030 indignos,
3079 4965 3395 5026 assiduitate
3429 4983 3502 5029 ta-

1901 5054 2023 5093 men
2057 5055 2154 5094 nos
2182 5057 2325 5110 smpe
2345 5043 2538 5115 dignos
2561 5046 2786 5103 reddere
2807 5051 2896 5119 qui
2923 5054 3272 5125 accipiamus.
3304 5049 3508 5122 Idcirco

1902 5143 2075 5188 mater
2102 5144 2151 5189 et
2183 5138 2537 5206 exspectavit.
2567 5149 2619 5194 et
2648 5144 2920 5209 sapienter
2943 5147 3218 5205 ministros
3244 5153 3504 5222 admovit,

1903 5233 1957 5277 nt
1983 5242 2010 5278 a
2060 5226 2300 5295 pluribus
2346 5241 2645 5299 rogaretur.
2683 5232 2806 5289 Ideo
2835 5236 3043 5293 addidit
3072 5257 3085 5294 :
3119 5243 3173 5298 5.
3208 5243 3506 5310 Quodcum-

1899 5333 1995 5388 que
2026 5319 2208 5372 dixerit
2243 5321 2381 5374 vobis
2426 5322 2596 5392 facile.
2643 5323 2881 5380 Noverat
2911 5331 3054 5384 enim
3089 5332 3261 5400 ipsum
3294 5353 3398 5391 non
3440 5355 3504 5393 es

1904 5409 2271 5466 imbecillitate
2304 5415 2566 5477 t'cnuisse,
2601 5417 2694 5471 sed
2726 5421 2866 5488 quod
2898 5420 3091 5478 fastum
3124 5427 3351 5498 fugeret,
3385 5432 3505 5486 nol-

1904 5504 2078 5574 lctquc
2101 5519 2160 5560 se
2189 5506 2254 5560 ad
2280 5507 2594 5564 miraculum
2629 5513 2948 5580 patrandum
2977 5521 3156 5572 statim
3201 5523 3460 5591 projicere
3489 5541 3505 5589 ;

1903 5593 2132 5666 ideoque
2161 5598 2436 5652 ministros
2472 5599 2712 5656 adduxit.
2745 5603 2797 5659 6.
2853 5605 3012 5662 Erant
3051 5622 3218 5665 autent
3271 5613 3337 5666 ibi
3378 5614 3507 5683 lupi.

1903 5686 2011 5741 dea:
2057 5687 2255 5759 hydria:
2287 5706 2377 5742 sex
2416 5690 2595 5760 positae
2634 5697 2914 5751 secundant
2955 5702 3359 5769 puriﬁcatione»:
3402 5705 3504 5759 Juv

1970 5805 1984 5835 ί
2026 5803 2078 5852 In
2103 5803 2280 5877 ator-cl.
2299 5803 2498 5877 legitur,
2523 5812 2567 5853 ct
2591 5819 2682 5855 non
2709 5808 2856 5877 alius.
2878 5823 2938 5861 nc
2958 5825 3078 5864 unus
3101 5813 3319 5877 quidem.

1970 5875 1986 5901 ‘2
2023 5865 2158 5914 έςικῐι.
2186 5865 2323 5929 legit,
2343 5865 2598 5930 rutilium,
2633 5883 2736 5932 pro,
2763 5874 2926 5934 petum
