4120 6516
553 413 650 470 135

554 537 795 590 aa'arnm,
819 523 1063 593 capientes
1088 518 1299 586 singulm
1327 525 1553 569 metretas
1584 513 1724 565 binas
1750 512 1826 566 vel
1849 518 2033 562 ternas.
2062 504 2114 557 7.

559 619 697 671 Dixit
721 618 790 670 eis
815 614 964 668 Jews
988 628 1008 666 :
1035 610 1245 675 Implete
1284 607 1488 676 hydrina
1517 619 1664 672 aqua.
1703 600 1767 654 Et
1796 598 2120 669 impleverunt

558 726 640 762 cas
666 720 816 775 usque
852 704 920 757 ad
947 716 1216 756 summum.
1254 697 1367 752 Non
1406 698 1519 750 sine
1553 706 1710 747 causa
1742 691 1894 755 dixit,
1925 688 2116 775 Secun-

559 800 677 850 dam
719 774 1116 864 purificationem
1145 788 1478 847 Judwornm;
1505 783 1598 838 Sed
1632 798 1696 836 ne
1726 781 1844 850 quis
1888 774 2122 830 fortassis

560 887 847 941 infidelium
896 881 1149 951 suspicari
1201 888 1373 949 posset
1426 874 1552 929 fzece
1600 874 1742 926 intus
1793 873 2120 929 remanente,

561 978 727 1033 infusa
767 977 956 1032 deinde
994 984 1048 1030 et
1078 971 1305 1026 admixta
1353 982 1486 1038 aqua
1536 965 1714 1019 vinum
1758 959 2120 1018 tenuissimam

559 1071 824 1132 evasisse;
866 1069 982 1122 ideo
1022 1065 1114 1129 ait,
1162 1062 1448 1120 Secundam
1495 1056 1895 1130 puriﬁcationem
1918 1050 2124 1104 Iudaic-

560 1177 706 1225 rum,
749 1158 1032 1214 ostendens
1081 1157 1134 1209 in
1178 1155 1317 1208 vasis
1374 1151 1476 1205 illis
1520 1161 1804 1217 numquam
1857 1150 2121 1198 servatum

564 1253 722 1306 fuisse
753 1251 952 1304 vinum.
981 1245 1110 1301 Nam
1154 1260 1272 1299 cum
1312 1240 1590 1296 Palazstiua
1620 1251 1772 1306 aquae
1799 1231 2010 1304 penuria
2051 1230 2125 1284 la-

565 1341 734 1404 boret,
760 1339 968 1406 rarique
996 1336 1101 1389 sint
1123 1335 1193 1388 ibi
1222 1336 1391 1387 l’outes
1411 1338 1465 1386 et
1483 1343 1735 1399 aquarum
1759 1322 2122 1391 scaturigines,

560 1444 773 1501 semper
803 1427 1016 1499 hydrias
1057 1415 1190 1494 aqua
1233 1422 1538 1492 implebant,
1580 1434 1647 1474 ne
1687 1418 1732 1472 si
1770 1413 1981 1487 quando
2023 1411 2126 1501 itus

563 1499 743 1579 mundi
774 1521 978 1585 fierent,
1003 1517 1066 1571 ad
1095 1515 1307 1570 llutnina
1337 1527 1553 1568 currere
1577 1515 1911 1580 cogerentur,
1942 1502 2035 1559 sed
2061 1499 2126 1556 ad

566 1628 780 1670 manum
808 1625 924 1666 sese
960 1606 1212 1678 purgandi
1255 1604 1469 1659 modum
1509 1602 1783 1658 haberent.
1819 1597 1924 1654 Cur
1951 1605 2126 1650 autem

565 1707 771 1776 signum
802 1716 904 1755 non
932 1698 1095 1754 edidit
1132 1704 1412 1764 antequam
1455 1693 1555 1748 illa:
1595 1691 1958 1761 implerentur,
1987 1683 2128 1754 quod

567 1796 721 1864 longe
749 1789 1040 1847 mirabilius
1087 1785 1308 1841 fuisset?
1335 1783 1488 1838 Aliud
1536 1784 1679 1837 enim
1720 1788 1803 1835 est
1839 1777 2129 1846 subjectum

565 1883 838 1937 materiam
882 1880 933 1934 in
981 1878 1137 1932 aliam
1179 1875 1486 1947 qualitatem
1527 1881 1758 1937 mutare,
1783 1867 1920 1923 aliud
1964 1867 2130 1936 ipsam

565 1972 908 2026 substantiam
931 1979 1083 2022 antea
1114 1981 1216 2022 non
1249 1966 1590 2020 exsistentem
1613 1975 1794 2016 creare
1819 1976 1834 2023 ;
1865 1959 1963 2012 hoc
1992 1956 2130 2012 enim

571 2065 724 2132 longe
748 2060 1038 2116 mirabilius
1064 2067 1164 2113 est.
1193 2055 1296 2111 Sed
1319 2069 1405 2108 res
1435 2068 1537 2106 non
1561 2053 1632 2105 ita
1659 2048 1930 2105 credibilis
1949 2045 2134 2101 multis

566 2155 674 2206 visa
694 2152 898 2205 fuisset.
921 2148 1149 2218 Ideoque
1171 2144 1542 2200 miraculorum
1561 2138 1973 2210 magnitudinem
1993 2150 2134 2205 saepe

568 2247 791 2299 libenter
816 2242 1021 2304 minuit,
1053 2249 1108 2294 ut
1135 2238 1338 2292 facilius
1367 2225 1454 2290 illa
1483 2232 1785 2289 credantur.
1817 2228 1884 2283 Et
1908 2243 2022 2294 cur,
2048 2227 2135 2281 in-

569 2337 737 2404 quies,
779 2347 881 2387 non
934 2331 1046 2399 ipse
1083 2343 1271 2399 aquam
1319 2324 1586 2394 produxit,
1620 2329 1676 2376 ut
1715 2329 1837 2374 time
1864 2321 1913 2372 in
1955 2318 2134 2370 vinum

569 2433 922 2483 converteret,
967 2419 1059 2475 sed
1095 2419 1145 2472 id
1197 2417 1469 2470 ministros
1517 2413 1688 2466 facere
1718 2411 1911 2479 jussit?
1939 2407 2136 2461 Eadem

569 2532 775 2571 rursum
800 2515 865 2569 de
891 2527 1068 2577 causa,
1101 2519 1153 2564 et
1184 2519 1238 2562 ut
1275 2511 1440 2578 ipsos,
1480 2506 1566 2575 qui
1614 2503 1915 2562 hauserant,
1948 2500 2022 2554 rei
2059 2507 2136 2552 te-

567 2620 677 2662 stes
702 2605 939 2668 haberet,
973 2616 1071 2656 nec
1109 2600 1159 2654 id
1197 2597 1490 2668 prmstigias
1517 2609 1635 2649 esse
1675 2599 1968 2662 putaretur.
2009 2589 2138 2644 Nam

567 2702 611 2753 si
643 2698 730 2766 qui
756 2695 869 2749 ausi
897 2701 1074 2748 essent
1095 2690 1144 2745 id
1173 2688 1502 2758 impudenter
1533 2699 1744 2754 negare.
1770 2690 2012 2752 poterant
2041 2681 2139 2734 mi-

572 2788 720 2842 nistri
741 2785 937 2848 dicere,
967 2783 1072 2836 Nos
1091 2794 1280 2850 aquam
1321 2776 1612 2830 hausimus.
1647 2773 1724 2827 Ad
1753 2773 1866 2826 haec
1894 2785 2020 2824 vero
2039 2769 2139 2822 do-

570 2888 742 2945 gmata
781 2885 962 2934 contra
1013 2874 1300 2930 Ecclesiam
1331 2870 1544 2925 suborta
1579 2867 1783 2922 evertit.
1826 2866 1956 2933 Quia
1996 2864 2137 2919 cnim

569 2972 780 3039 quidam
819 2972 978 3024 alium
1023 2983 1142 3024 esse
1179 2965 1359 3022 mundi
1388 2973 1679 3019 creatorem
1719 2961 1921 3024 dicunt,
1950 2972 2140 3028 opera-

572 3079 675 3132 que
705 3061 924 3115 visibilia
959 3075 1064 3113 non
1093 3059 1210 3126 ejus
1229 3070 1366 3121 esse,
1399 3054 1490 3108 sed
1520 3052 1736 3106 alterius
1765 3050 1850 3104 dei
1882 3049 1978 3117 ipsi
2011 3061 2141 3100 con-

577 3153 834 3214 trarii;ut
865 3165 1048 3206 eorum
1076 3148 1330 3203 insaniam
1368 3145 1638 3213 reprimat,
1674 3143 1740 3194 ita
1781 3139 1942 3194 multa
1981 3139 2143 3191 mira-

575 3244 691 3298 cuia
733 3243 842 3297 edit
887 3257 952 3295 ex
998 3238 1247 3309 subjectis
1287 3236 1615 3292 substantiis.
1674 3231 1802 3286 Nam
1852 3231 1894 3284 si
1936 3237 2146 3284 creator

578 3333 673 3401 ipsi
701 3331 994 3386 contrarius
1023 3337 1184 3394 esset,
1213 3342 1318 3382 non
1356 3325 1542 3380 alienis
1581 3331 1814 3377 uteretur
1847 3319 1911 3375 ad
1954 3327 2141 3388 poten-

580 3423 703 3475 tiam
738 3435 886 3475 suam
921 3417 1406 3475 demonstrandam.
1452 3413 1600 3469 Nunc
1643 3413 1798 3483 igitur
1835 3409 2142 3472 ostendens,

577 3529 637 3568 se
659 3511 902 3568 eumdem
930 3512 1098 3581 ipsum
1121 3523 1260 3575 esse,
1288 3508 1372 3579 qui
1400 3521 1589 3577 aquam
1613 3507 1664 3559 in
1687 3504 1853 3558 vineis
1882 3511 2068 3564 mutat,
2093 3510 2147 3553 ct

579 3603 806 3674 pluviam
832 3617 926 3674 per
953 3601 1180 3656 radicem
1210 3600 1261 3653 in
1299 3599 1476 3652 viuum
1511 3595 1791 3658 convertit,
1825 3593 1877 3648 id
1914 3591 2055 3662 quod
2093 3592 2144 3645 in

580 3693 694 3763 ipsa
723 3691 899 3762 planta
941 3689 1161 3758 longiori
1189 3699 1426 3759 tempore
1453 3686 1596 3751 facit,
1629 3686 1680 3740 id
1707 3693 1924 3754 repente
1965 3684 2015 3736 in
2046 3698 2145 3736 nu~

583 3783 705 3853 piiis
733 3790 980 3852 operatus
1020 3789 1119 3834 est.
1155 3780 1436 3847 Postquam
1482 3786 1654 3831 autem
1707 3776 2014 3843 implessent
2052 3772 2149 3840 hy-

583 3875 744 3940 drias,
773 3874 847 3926 ait
877 3889 890 3922 :
922 3871 974 3927 8.
1018 3869 1229 3923 ﬂunrite
1267 3879 1419 3932 nunc,
1451 3878 1496 3920 et
1537 3867 1660 3934 ferte
1685 3865 2043 3917 architriclino.
2083 3860 2149 3914 Et

585 3964 821 4017 tulerunt.
866 3961 918 4016 9.
978 3959 1044 4015 Ut
1082 3969 1249 4013 autem
1298 3958 1514 4029 gustavit
1550 3953 1922 4009 arclritriclinns
1967 3968 2149 4020 aquam

585 4055 749 4106 vinum
780 4056 982 4121 fectant,
1012 4059 1057 4103 et
1094 4048 1334 4102 nesciebat
1373 4047 1504 4100 unde
1537 4055 1659 4100 esset
1678 4063 1696 4110 ;
1735 4045 1945 4097 ministri
1983 4051 2150 4096 autem

587 4142 822 4204 Sciebant,
856 4139 944 4209 qui
981 4139 1245 4210 [euaserant
1281 4153 1460 4206 aquam
1491 4145 1669 4190 :vocnt
1709 4152 1945 4205 sponsum
1979 4134 2149 4187 are/ti-

589 4233 833 4296 tricliniis,
867 4231 950 4285 10.
974 4240 1019 4284 et
1046 4231 1164 4282 dicit
1190 4230 1234 4282 ei
1265 4245 1283 4281 :
1313 4229 1486 4282 Omnis
1534 4229 1679 4281 homo
1719 4227 1934 4296 primunt
1969 4227 2152 4277 bonum

589 4319 756 4372 riuum
784 4319 941 4386 ponit,
975 4327 1167 4370 et'cum
1201 4315 1429 4367 inebriati
1457 4316 1660 4385 fuerint,
1695 4325 1810 4366 tunc
1833 4313 1886 4363 id
1905 4311 2153 4382 quodde-

592 4409 744 4461 lerius
775 4417 866 4461 est.
903 4405 982 4459 Tu
1013 4406 1217 4459 servasti
1245 4405 1428 4458 bonum
1466 4405 1630 4456 uinum
1659 4419 1812 4472 usque
1840 4403 2025 4456 adhuc.
2059 4403 2156 4457 llic

593 4514 798 4553 rursum
826 4499 1037 4567 quidam
1063 4497 1372 4551 cavillantur
1398 4495 1655 4558 dicentes,
1684 4495 2012 4548 ehriosmnu
2047 4509 2154 4550 εω-

592 4601 702 4645 tnm
726 4590 904 4655 fuisse,
937 4589 1175 4643 hebetem
1197 4587 1517 4658 gustantium
1545 4603 1782 4653 sensum,
1802 4589 1886 4657 qui
1912 4603 2019 4641 rem
2049 4603 2152 4643 non

594 4691 809 4752 possent
843 4696 1050 4751 capere,
1093 4696 1190 4736 nec
1237 4680 1488 4749 judicium
1519 4680 1678 4743 ferre,
1715 4680 1784 4733 ita
1811 4688 1866 4732 nt
1893 4681 2158 4734 nescirent

593 4791 660 4828 an
689 4775 865 4826 viuum
903 4788 968 4825 an
998 4788 1132 4841 aqua
1173 4771 1222 4825 id
1253 4779 1395 4826 esset
1422 4789 1434 4825 :
1467 4786 1587 4824 nam
1626 4771 1765 4840 quod
1797 4771 1928 4825 ebrii
1958 4780 2155 4835 essent,

597 4867 708 4933 ipse
749 4862 1135 4918 architriclinus
1172 4861 1476 4917 declaravit.
1516 4859 1811 4915 Ridiculum
1840 4860 1995 4928 plane
2033 4859 2159 4914 illud

593 4965 674 5007 est
709 4971 722 5009 :
757 4967 938 5006 verum
983 4951 1116 5005 hanc
1155 4951 1362 5006 illorqu
1409 4951 1760 5021 suspicionem
1803 4950 1909 5018 jam
1950 4951 2162 5005 sustulit

596 5043 933 5113 evangelista.
969 5039 1082 5094 Non
1115 5040 1251 5094 enim
1277 5042 1526 5096 convivas
1553 5041 1627 5094 ait
1651 5040 1718 5094 de
1744 5057 1800 5096 re
1832 5041 1916 5095 illa
1948 5051 2161 5095 senten-

601 5136 721 5184 tiam
770 5133 969 5196 tulisse,
1014 5129 1109 5184 sed
1149 5130 1581 5195 architriclinum,
1622 5132 1708 5200 qui
1749 5131 1953 5184 Sobrius
1991 5131 2163 5185 adhuc

601 5227 726 5282 nihil
755 5237 1068 5297 gustaverat.
1110 5224 1265 5280 Scitis
1293 5226 1487 5295 quippe
1512 5241 1712 5288 omnes,
1753 5226 1944 5296 quibus
1981 5225 2162 5279 convi-

598 5321 803 5371 viorum
845 5332 969 5372 cura
1003 5318 1346 5372 committitur
1375 5332 1492 5371 esse
1535 5319 1766 5371 omnium
1804 5319 2033 5372 maxime
2070 5333 2162 5372 so-

600 5408 762 5470 brios,
794 5421 947 5459 unam
980 5407 1115 5460 hanc
1141 5420 1316 5460 curam
1349 5405 1622 5470 habentes,
1660 5418 1717 5460 ut
1748 5423 1866 5462 cum
1902 5418 2049 5460 recto
2079 5422 2165 5460 or-

597 5496 721 5550 dine
742 5497 915 5551 omnia
935 5495 1294 5565 disponantur.
1316 5494 1542 5566 Ideoque
1560 5513 1772 5552 sensum
1791 5498 1933 5551 illum
1952 5498 2161 5566 vigilem

599 5597 654 5640 et
682 5585 918 5641 sobrium
961 5585 1028 5640 ad
1058 5585 1133 5640 rei
1163 5595 1322 5654 gesta:
1349 5587 1704 5642 testimonium
1747 5588 2008 5642 evocavit.
2050 5587 2160 5642 Non

602 5677 740 5729 enim
776 5678 928 5738 dixit,
967 5676 1224 5731 lnfnndite
1252 5677 1491 5732 Convivis
1517 5680 1713 5744 vinum,
1743 5680 1856 5743 sed,
1890 5679 2041 5733 Ferte
2077 5692 2162 5734 (rr-

605 5767 898 5823 v'liitricfino.
926 5768 992 5826 Ut
1007 5779 1170 5823 autem
1187 5768 1394 5843 gustarit
1415 5771 1778 5825 arcltitrirfinns
1797 5790 1974 5839 nqtnan
2000 5773 2161 5826 rinam

1312 400 1366 455 S.
1407 393 1681 454 JOANNIS
1705 384 2170 448 CIIRYSOSTOMI
2212 387 2526 444 AliCllllil‘.
2565 388 3092 444 CONSTANTINOP.

3709 392 3825 448 158

2228 507 2432 572 faction,
2465 515 2509 560 et
2527 505 2767 560 nesciebat
2793 496 2924 560 unde
2945 514 3071 559 esset
3089 523 3107 571 ;
3125 506 3337 559 ministri
3357 516 3522 558 autem
3544 509 3632 560 sci.
3649 510 3781 560 bant
3806 523 3830 563 .'

2226 607 2368 651 vocat
2396 615 2634 663 sponsum
2659 598 3045 652 arcltitriclinus.
3075 598 3184 653 Cur
3223 612 3326 652 non
3366 596 3639 653 ministros
3671 598 3827 652 allo-

2210 690 2446 759 ‘quitur?
2474 689 2551 744 sic
2587 689 2728 744 enim
2769 688 3081 743 miraculum
3133 688 3422 744 revelatum
3460 697 3624 743 esset.
3670 689 3824 752 Quia

2227 797 2294 835 ne
2325 782 2440 850 ipse
2471 779 2681 850 quidem
2708 779 2862 835 Jesus
2907 779 3043 847 quod
3088 780 3276 833 factum
3321 778 3491 833 fuerat
3527 779 3824 842 revelavit,

2225 871 2318 927 sed
2345 871 2544 926 sensim
2585 870 2942 940 paulatimque
2968 871 3174 926 volebat
3208 869 3311 924 vim
3347 868 3718 924 miraculorum
3761 869 3824 924 in

2229 963 2469 1015 notitiam
2492 963 2690 1016 venire.
2717 960 2772 1016 Si
2801 976 2926 1014 vero
2953 971 3074 1014 tunc
3094 960 3419 1015 declaratum
3449 960 3652 1026 fuisset,
3699 977 3825 1016 nou

2229 1052 2364 1108 ﬁdes
2393 1050 2633 1106 habenda
2677 1061 2793 1105 erat
2821 1051 3076 1105 ministris
3120 1051 3488 1117 narrantibus;
3533 1053 3628 1107 sed
3666 1053 3829 1106 insa-

2229 1144 2343 1200 nire
2366 1145 2529 1215 putati
2555 1144 2794 1209 fuissent,
2821 1158 2939 1200 cum
2967 1143 3189 1210 homini,
3222 1146 3311 1214 qui
3340 1145 3588 1215 opinione
3611 1146 3824 1198 multo-

2229 1251 2345 1289 rum
2387 1250 2419 1291 e
2468 1234 2628 1304 vulgo
2670 1243 2804 1300 erat,
2851 1233 2975 1288 talia
3021 1233 3406 1288 adscriberent.
3444 1234 3546 1304 ipsi
3591 1234 3826 1304 quidem

2229 1326 2556 1396 experientia
2584 1341 2693 1381 rem
2718 1326 2862 1381 clare
2892 1336 3187 1388 noverant;
3217 1340 3386 1395 neque
3416 1334 3661 1395 poterant
3699 1327 3831 1379 suis

2230 1417 2472 1470 manibus
2502 1414 2661 1470 fidem
2706 1431 2941 1487 negare;
2974 1431 3079 1470 non
3129 1424 3302 1469 tamen
3352 1414 3524 1470 idonei
3558 1424 3710 1471 erant
3759 1426 3830 1468 ut

2230 1507 2348 1562 aliis
2370 1506 2527 1561 fidem
2561 1506 2815 1563 facerent.
2845 1506 2967 1562 ldeo
2996 1521 3101 1560 non
3131 1505 3378 1560 omnibus
3399 1504 3682 1566 revelavit;
3714 1505 3827 1560 sed

2231 1602 2277 1656 ei
2305 1601 2392 1672 qui
2430 1601 2660 1656 maxime
2707 1609 2885 1671 posset
2929 1599 2980 1654 id
3032 1599 3353 1669 perspicere,
3403 1598 3683 1654 clariorem
3732 1600 3828 1652 rei

2233 1690 2472 1744 notitiam
2501 1689 2554 1744 in
2585 1698 2852 1759 posterum
2884 1703 3184 1744 reservans.
3213 1688 3342 1742 Nam
3393 1699 3508 1757 post
3539 1688 3638 1741 alia
3677 1703 3827 1742 eou-

2231 1782 2412 1852 spicua
2459 1781 2640 1850 signa,
2709 1781 2812 1836 hoc
2863 1781 3023 1836 etiam
3070 1779 3324 1834 credibile
3382 1777 3616 1833 futurum
3675 1788 3828 1833 erat.

2233 1871 2455 1940 Quando
2477 1872 2618 1927 enim
2647 1871 2809 1926 filium
2842 1871 3004 1939 reguli
3034 1880 3214 1940 postea
3246 1869 3470 1935 curavit,
3496 1884 3591 1940 per
3611 1884 3671 1924 ca
3694 1887 3831 1938 quc

2237 1973 2361 2018 tunc
2386 1964 2514 2019 dicit
2542 1965 2862 2034 evangelista
2912 1963 3110 2018 indicat
3141 1964 3240 2018 hoc
3280 1965 3435 2018 etiam
3479 1963 3828 2020 manifestius

2239 2053 2417 2110 fuisse.
2469 2055 2592 2108 Ideo
2638 2056 2778 2108 enim
2823 2055 3054 2110 maxime
3100 2055 3314 2125 regulus
3367 2054 3537 2120 ipsum
3582 2066 3828 2120 vocavn,

2235 2145 2355 2212 quia
2386 2145 2519 2215 signi
2551 2143 2702 2199 istius
2721 2159 2918 2215 gnarus
2944 2154 3079 2210 erat,
3111 2154 3168 2198 ut
3194 2143 3327 2198 dixi.
3361 2143 3511 2211 Quod
3537 2142 3832 2199 declarans

2235 2233 2468 2291 Joannes
2498 2235 2705 2290 dicebat
2737 2254 2749 2289 :
2789 2233 2935 2290 Venit
2974 2234 3124 2289 lem
3167 2237 3217 2290 in
3261 2235 3400 2290 Cana
3447 2235 3692 2302 Galiltete,
3732 2236 3831 2290 ubi

2239 2328 2356 2396 fecit
2385 2343 2565 2396 nquam
2604 2327 3013 2397 vinum:neque
3056 2326 3213 2382 modo
3260 2327 3463 2392 vinum,
3500 2326 3593 2383 sed
3640 2327 3830 2382 vinum

2241 2416 2518 2484 optimum.

2311 2506 2362 2561 ὅ.
2388 2505 2536 2560 Talia
2564 2515 2685 2558 sunt
2726 2504 2922 2560 Christi
2969 2504 3241 2572 miracula,
3274 2521 3392 2575 quae
3419 2520 3506 2560 res
3549 2505 3832 2560 naturales

2243 2595 2544 2664 prmstantia
2595 2595 2746 2664 longe
2790 2604 3061 2664 superent.
3095 2595 3184 2651 Sic
3227 2605 3280 2651 et
3324 2595 3373 2648 in
3419 2596 3541 2650 aliis
3586 2610 3831 2664 quoque,

2243 2685 2451 2753 quando
2482 2685 2774 2739 membrum
2806 2683 3086 2739 distortum
3117 2685 3365 2748 restituit,
3398 2685 3693 2740 sanioribus
3727 2699 3793 2737 va
3814 2716 3832 2726 -

2242 2774 2405 2828 lidius
2431 2775 2625 2829 effecit.
2673 2774 2824 2841 Quod
2871 2789 2998 2844 ergo
3041 2774 3244 2840 viuum,
3272 2784 3324 2828 et
3353 2775 3530 2829 vinum
3562 2775 3832 2843 optimum

2242 2865 2369 2920 illud
2398 2875 2558 2929 esset,
2593 2879 2698 2919 non
2728 2865 2885 2919 modo
2911 2865 3159 2929 ministri,
3191 2864 3283 2919 sed
3328 2872 3383 2920 et
3425 2862 3831 2918 architriclinus

2244 2968 2297 3011 et
2322 2971 2552 3026 sponsus
2583 2956 2912 3011 testificaturi
2938 2964 3126 3021 erant;
3156 2956 3297 3025 quod
3341 2964 3519 3010 autem
3548 2971 3578 3009 a
3607 2954 3833 3010 Christo

2248 3046 2443 3101 factum
2475 3055 2639 3110 esset,
2667 3048 2757 3117 qui
2787 3061 2980 3116 aquam
3025 3046 3333 3102 hauserant.
3367 3045 3442 3100 ita
3470 3056 3530 3101 ut
3571 3045 3667 3101 etsi
3701 3054 3834 3103 tunc

2248 3139 2558 3194 miraculum
2578 3154 2681 3194 non
2706 3138 2998 3192 revelatum
3024 3137 3229 3204 fuisset,
3255 3153 3362 3193 non
3385 3136 3452 3192 ad
3478 3138 3636 3193 finem
3659 3151 3834 3206 usque

2244 3229 2390 3284 sileri
2423 3239 2601 3299 posset
2630 3245 2642 3282 :
2675 3229 2753 3283 sic
2784 3229 2946 3283 multa
2975 3232 3382 3299 necessariaque
3423 3231 3830 3299 prtemitteban-

2246 3329 2333 3374 tur
2359 3319 2409 3373 in
2433 3319 2664 3373 futurum
2696 3329 2903 3390 tempus
2934 3319 3256 3375 testimonia.
3286 3319 3434 3387 Quod
3463 3321 3602 3375 enim
3633 3335 3832 3390 aquam

2246 3411 2424 3465 vinum
2451 3410 2682 3477 fecisset,
2711 3412 2982 3466 ministros
3010 3420 3171 3467 testes
3194 3412 3375 3466 habuit
3407 3431 3419 3467 :
3452 3412 3591 3482 quod
3632 3414 3830 3467 bonum

2245 3505 2425 3558 vinum
2467 3513 2628 3568 esset,
2671 3504 3086 3558 architriclimnu
3127 3513 3180 3558 et
3210 3519 3483 3574 sponsum.
3532 3504 3834 3560 Verisimile

2247 3606 2422 3651 autem
2450 3605 2531 3650 est
2559 3610 2812 3665 sponsum
2851 3595 3046 3664 aliquid
3077 3596 3143 3650 ad
3175 3593 3288 3651 haec
3327 3596 3665 3666 respondisse
3692 3613 3704 3648 :
3737 3611 3831 3647 κυ-

2250 3700 2364 3738 rum
2392 3685 2713 3754 evangelista
2745 3685 2808 3738 ad
2852 3684 3016 3753 magis
3049 3686 3345 3739 necessaria
3383 3699 3693 3756 properans,
3728 3685 3835 3739 hoc

2253 3783 2452 3828 tantum
2472 3774 2735 3830 recensita
2760 3773 2930 3843 signo,
2958 3782 3147 3828 cetera
3180 3775 3535 3842 prmtermisit.
3578 3774 3836 3830 Necessa-

2253 3864 2385 3917 rium
2417 3864 2608 3932 quippe
2636 3872 2752 3918 erat
2787 3871 2842 3916 ut
2868 3863 3094 3918 sciretur
3123 3865 3292 3932 ipsum
3320 3879 3511 3934 aquam
3547 3858 3600 3920 in
3651 3864 3831 3920 vinum

2254 3954 2576 4016 mutavisse;
2616 3954 2739 4023 quid
2785 3968 2911 4009 vero
2940 3953 3302 4010 architriclino
3333 3970 3562 4023 Sponsus
3609 3973 3832 4026 respou-

2253 4043 2408 4107 derit,
2442 4043 2643 4099 referre
2674 4043 3033 4099 necessarium
3063 4060 3166 4099 non
3201 4045 3427 4114 putavit.
3455 4045 3614 4100 Multa
3641 4047 3836 4117 quippe

2255 4136 2399 4205 signa
2429 4137 2654 4204 primmn
2678 4137 3008 4200 obscuriora,
3033 4151 3315 4205 progressu
3339 4141 3594 4206 temporis
3610 4141 3832 4195 clariora

2258 4225 2391 4279 facta
2419 4236 2559 4288 sunt,
2594 4226 2656 4278 iis
2696 4239 2944 4280 accurate
2990 4226 3327 4281 narrantibus
3369 4224 3457 4296 qui
3499 4242 3530 4280 a
3578 4229 3836 4297 principio

2260 4314 2517 4369 viderant.
2570 4315 2718 4370 Tunc
2766 4317 2924 4385 igitur
2967 4317 3146 4370 vinum
3194 4331 3259 4370 ex
3297 4332 3432 4385 aqua
3479 4315 3601 4371 fecit
3649 4316 3832 4386 Jesus;

2263 4415 2385 4460 tunc
2413 4414 2468 4460 et
2496 4420 2638 4459 nunc
2660 4406 2954 4460 voluntates
2975 4406 3160 4461 molles
3181 4414 3233 4460 et
3259 4405 3542 4462 dissolutas
3570 4409 3619 4460 in
3648 4408 3836 4467 melius

2260 4508 2464 4552 mutare
2491 4512 2595 4551 non
2624 4496 2833 4552 desinit.
2869 4497 3002 4552 Sunt
3030 4498 3196 4559 enim,
3225 4505 3368 4562 sunt,
3402 4497 3637 4566 inquam,
3669 4498 3836 4555 homi-

2263 4605 2380 4656 nes,
2427 4591 2516 4659 qui
2562 4589 2692 4643 nihil
2739 4589 2807 4642 ab
2844 4604 2978 4658 aqua
3030 4587 3312 4652 differunt;
3360 4589 3428 4642 ita
3478 4599 3602 4644 sunt
3643 4590 3832 4660 frigidi,

2262 4683 2449 4736 molles
2478 4692 2532 4736 et
2569 4697 2853 4748 numquam
2885 4680 3257 4736 consistentes.
3288 4680 3409 4734 Illos
3448 4693 3623 4736 autem
3645 4684 3730 4752 qui
3761 4685 3836 4739 sic

2261 4770 2433 4826 affecti
2462 4780 2584 4824 sunt
2625 4772 2690 4824 ad
2735 4772 3011 4826 Demittunt
3044 4771 3392 4838 adducamus,
3421 4781 3476 4824 ut
3507 4771 3717 4826 illorum
3745 4788 3840 4826 Vo.

2264 4862 2515 4915 luntatctn
2560 4860 2612 4914 in
2662 4861 2767 4913 viui
2805 4860 3165 4914 conditionem
3214 4870 3410 4925 mutet,
3456 4869 3513 4914 ut
3559 4875 3663 4914 non
3707 4862 3834 4917 ultra

2262 4952 2521 5018 difﬂuunt,
2569 4952 2662 5007 sed
2703 4952 2982 5007 solidiores
3020 4952 3146 5015 sint,
3185 4967 3254 5008 ac
3291 4967 3411 5008 cum
3456 4951 3556 5007 sibi
3589 4961 3698 5009 tum
3726 4954 3834 5009 aliis

2265 5047 2456 5101 lartitia:
2484 5061 2641 5102 causa
2663 5046 2910 5101 evadant.

2339 5136 2557 5190 Terrena
2606 5137 2775 5190 omnia
2801 5139 2945 5207 ﬂuxa
2975 5148 3090 5190 sunt
3115 5179 3129 5202 ,
3159 5149 3202 5191 ct
3229 5155 3506 5209 numquam
3547 5140 3834 5197 consistunt.

2273 5227 2446 5281 Mensa
2495 5228 2708 5296 frugalis
2737 5227 3036 5281 valetudinis
3062 5238 3134 5281 est
3161 5238 3342 5282 mater.
3372 5229 3686 5295 --Quinam
3722 5246 3838 5283 vero

2267 5327 2388 5370 sunt
2432 5317 2504 5370 illi
2538 5316 2747 5387 frigidi,
2780 5318 2877 5371 nisi
2931 5319 2963 5371 ii
3016 5319 3104 5387 qui
3137 5318 3290 5373 fluxis
3338 5318 3497 5388 hujus
3526 5318 3648 5374 vitm
3691 5320 3841 5374 rebus

2269 5409 2553 5470 iubatreut,
2587 5408 2674 5478 qui
2707 5409 2887 5463 mundi
2920 5408 3144 5464 delicias
3173 5425 3278 5462 non
3310 5409 3587 5474 derident,
3620 5412 3706 5480 qui
3732 5410 3834 5481 gloc

2268 5501 2398 5553 riam
2429 5509 2484 5554 et
2511 5499 2798 5569 potentiam
2830 5499 3055 5552 amant?
3089 5499 3210 5554 llzec
3239 5499 3436 5568 quippe
3461 5501 3639 5554 omnia
3667 5499 3794 5556 fluxa
3815 5544 3834 5571 ,

2269 5607 2555 5660 numquam
2610 5593 2945 5655 consistunt,
2979 5607 3098 5660 qua:
3147 5591 3197 5645 in
3245 5604 3484 5659 praeceps
3528 5604 3740 5660 semper
3786 5605 3833 5650 et

2268 5699 2388 5737 cum
2438 5684 2633 5752 impetu
2677 5682 2936 5737 feruntur.
2993 5681 3122 5736 Nam
3161 5683 3248 5751 qui
3296 5679 3452 5734 hodie
3494 5679 3678 5746 dives,
3727 5698 3835 5738 cras

2273 5789 2470 5845 pauper
2500 5783 2579 5829 est
2611 5791 2620 5824 :
2655 5773 2740 5837 qui
2787 5773 2941 5827 hodie
2971 5789 3091 5828 cum
3134 5785 3376 5845 pra-eone
3397 5811 3409 5834 ,
3440 5767 3614 5823 balteo
3638 5807 3652 5834 ,
3685 5784 3833 5830 curru
