4120 6512
307 443 332 498 l
346 442 415 497 .3“

311 559 625 628 multisque
659 555 943 612 lictoribus
966 569 1024 610 se
1054 552 1243 617 effert,
1277 568 1418 622 saepe
1441 554 1685 623 sequenti
1717 553 1803 608 die
1826 569 1944 611 car-

313 651 434 708 ceri
486 651 874 720 mancipatur,
910 649 1109 717 aliique
1143 647 1341 701 invitus
1372 645 1513 700 hunc
1545 646 1738 700 fastum
1771 648 1940 704 relin-

321 743 461 813 quit.
495 740 601 808 Qui
630 740 889 796 delicatis
920 738 1054 794 cibis
1085 737 1298 792 deditus
1328 746 1412 792 est
1437 778 1451 799 ,
1486 747 1768 806 postquam
1803 753 1944 793 ven-

327 845 468 890 trem
498 833 723 904 crapula
756 834 1021 902 dis-rupit,
1056 846 1124 885 ne
1168 846 1272 884 uno
1309 830 1525 900 quidem
1556 830 1642 884 die
1682 838 1860 899 potest
1889 831 1938 886 in

327 929 520 984 eadem
550 927 891 982 abundantia.
933 939 1286 994 permanere;
1318 923 1411 977 sed
1446 924 1531 977 illa
1583 924 1634 977 iu
1689 939 1942 993 vaporem

330 1034 488 1074 versa
513 1060 528 1084 ,
562 1020 787 1089 cogitur.
803 1019 903 1071 alia
934 1031 1260 1086 congerere,
1293 1015 1531 1084 nihilque
1561 1011 1739 1069 diﬂ‘ert
1767 1030 1795 1067 a
1828 1025 1942 1069 tor-

327 1123 504 1181 rente.
527 1111 662 1166 Nam
694 1109 1142 1181 quemadmodum
1175 1108 1242 1161 ibi
1275 1107 1453 1176 priore
1501 1107 1790 1163 ret-edente
1839 1105 1943 1160 ﬂu-

327 1214 445 1267 etu,
477 1205 570 1258 alii
605 1219 793 1259 rursus
826 1203 1062 1266 instant,
1094 1204 1171 1255 sic
1218 1212 1272 1255 et
1320 1217 1417 1256 nos
1467 1202 1574 1257 alio
1618 1213 1733 1270 post
1777 1203 1940 1256 alium

326 1296 454 1349 cibo
488 1296 812 1363 indigemus.
863 1292 1179 1361 Ilujusmodi
1214 1301 1294 1346 cst
1329 1307 1508 1346 rerum
1550 1291 1710 1363 hujus
1760 1294 1940 1347 s:rculi

329 1395 524 1441 natura
554 1403 567 1450 ;
603 1399 892 1454 numquam
924 1392 1068 1436 stant
1092 1425 1107 1450 ,
1146 1382 1240 1436 sed
1271 1399 1485 1452 semper
1513 1382 1684 1437 ﬂuunt
1729 1393 1782 1438 et
1831 1395 1940 1437 Ira-

325 1475 560 1532 huntur.
594 1477 811 1530 Iielicire
858 1489 987 1529 vero
1017 1474 1260 1528 ciborum
1309 1490 1412 1527 non
1467 1475 1627 1528 tuodo
1674 1475 1845 1529 ﬂuunt
1890 1485 1943 1530 et

334 1576 789 1637 pmtercurrunt,
819 1565 912 1620 sed
941 1566 1104 1619 multa
1133 1566 1285 1619 nobis
1315 1566 1416 1618 alia
1442 1566 1648 1634 negotia
1673 1567 1939 1635 ingerunt.

323 1659 468 1714 Dum
517 1661 662 1714 enim
691 1674 812 1713 eum
845 1659 1045 1727 impetu
1077 1655 1328 1711 dilﬂaunt
1352 1699 1366 1722 ,
1403 1667 1511 1710 tum
1545 1658 1708 1711 robur
1739 1672 1938 1726 corpo-

322 1755 428 1820 ris,
459 1765 574 1808 tum
607 1757 801 1808 animae
829 1755 1080 1808 virtutem
1114 1753 1433 1808 abstrahunt
1467 1771 1480 1807 :
1515 1769 1689 1824 neque
1719 1755 1787 1808 ita
1819 1755 1938 1808 vio-

325 1847 462 1902 lenti
497 1845 780 1900 ﬂuminum
821 1845 1014 1901 ﬂuctus
1061 1848 1204 1915 ripas
1236 1846 1498 1901 excedere
1524 1847 1702 1900 solent
1731 1889 1743 1911 ,
1777 1856 1833 1901 ut
1861 1847 1942 1902 ci-

325 1938 526 1993 borum
577 1939 787 1993 deliciae
818 1939 1140 1993 valetudinis
1189 1938 1536 1994 funlamenta
1568 1931 1754 1994 secum
1800 1940 1933 1994 sub-

324 2030 574 2085 trahunt.
625 2030 682 2086 Si
726 2030 990 2086 medicum
1020 2030 1184 2085 adeas
1214 2041 1266 2084 et
1319 2033 1647 2100 perconteris
1673 2071 1687 2095 ,
1722 2046 1940 2088 omnem

323 2121 647 2176 morborum
691 2137 904 2177 causam
951 2121 1075 2176 hinc
1108 2124 1324 2193 prodire
1352 2122 1548 2176 disces.
1595 2120 1728 2176 Nam
1763 2123 1940 2178 tenuis

325 2223 386 2265 et
429 2214 550 2266 vilis
595 2229 824 2279 mensa,
862 2213 1181 2267 valetudinis
1222 2224 1395 2268 mater
1424 2224 1524 2268 est.
1577 2212 1701 2268 Ideo
1745 2214 1937 2270 medici

329 2307 412 2360 sic
459 2306 607 2360 illam
663 2316 937 2360 vocarunt.
973 2305 1091 2360 Non
1123 2307 1305 2360 satiari
1350 2306 1400 2360 id
1453 2308 1810 2362 valetudinem
1841 2323 1936 2362 vo-

322 2407 453 2450 cant
481 2416 493 2451 :
529 2394 648 2450 Cibi
679 2398 822 2450 enim
855 2398 1086 2466 parcitas
1110 2438 1125 2461 ,
1158 2398 1399 2461 sanitas;
1445 2397 1666 2465 frugalis
1702 2413 1891 2452 mensa
1920 2439 1934 2464 ,

322 2497 502 2542 mater
523 2488 872 2552 valetudinis,
909 2489 1173 2558 inquiunt.
1203 2488 1357 2555 Quod
1386 2489 1431 2543 si
1461 2490 1738 2560 frugalitas
1766 2503 1938 2546 mater

321 2589 415 2633 est
457 2564 784 2635 valetudinis
808 2621 824 2646 ,
860 2581 1018 2650 plane
1063 2581 1280 2636 satietas
1320 2589 1493 2636 mater
1532 2592 1615 2636 est
1663 2583 1837 2638 morbi
1882 2592 1938 2639 et

323 2671 701 2728 infirmitatis:
738 2673 984 2743 paritque
1027 2673 1372 2746 :rgritudines
1400 2677 1568 2745 ipsam
1601 2675 1935 2732 medicorum

321 2772 496 2818 autem
547 2775 904 2834 superantes;
940 2766 1136 2836 pedum
1161 2808 1177 2833 ,
1206 2767 1396 2836 capitis
1418 2807 1434 2831 ,
1470 2767 1749 2822 oculorum
1771 2809 1786 2833 ,
1821 2784 1935 2824 ma-

323 2872 488 2912 nuum
522 2859 746 2915 morbos
768 2901 783 2927 ,
819 2868 1080 2915 tremores
1106 2902 1121 2926 ,
1153 2860 1417 2930 paralysin
1439 2901 1454 2924 ,
1485 2860 1686 2915 icteron
1709 2901 1724 2927 ,
1755 2859 1932 2917 febres

321 2949 612 3007 diuturnas
661 2965 713 3008 et
763 2953 1054 3017 ardentes,
1101 2954 1317 3023 aliaque
1372 2954 1529 3023 longe
1577 2954 1766 3023 plura,
1811 2971 1932 3025 qua:

323 3056 614 3101 recensere
656 3060 764 3100 nou
811 3057 962 3099 vacat
996 3065 1010 3102 :
1059 3045 1174 3100 ha-c
1202 3062 1305 3101 non
1337 3062 1404 3100 ex
1455 3044 1750 3117 indigentia
1773 3088 1788 3114 ,
1824 3061 1925 3102 nec

1387 437 1452 495 IN
1500 437 1817 497 JOANNEM
1859 439 2088 497 IIO)IIL.
2135 440 2327 498 XXIII.
2369 443 2440 500 al.
2486 442 2655 500 XXII.

3571 458 3667 514 I38

2059 572 2124 610 ex
2159 554 2540 627 pbilosophico
2587 559 2729 612 victu
2758 600 2775 625 ,
2818 559 2914 614 sed
2943 575 3007 615 ex
3056 562 3302 621 satietate
3350 577 3404 622 et
3446 581 3663 640 crapula

2050 661 2400 720 generantur.
2435 650 2588 718 Quod
2621 652 2665 706 si
2701 652 2834 707 velis
2866 652 2993 708 hinc
3030 666 3179 712 ortos
3205 658 3400 714 anima:
3445 664 3666 719 morbos

2051 741 2340 812 explorare
2366 785 2380 807 ,
2414 743 2791 812 deprehendes
2822 745 2947 802 inde
2995 749 3141 803 nasci
3173 753 3454 806 avaritiam
3481 795 3498 820 ,
3532 757 3668 808 mol-

2052 830 2222 886 litiem
2251 873 2264 896 ,
2290 843 2462 887 atram
2496 833 2656 888 bilem
2687 877 2699 900 ,
2729 836 2996 907 pigritiam
3021 879 3039 906 ,
3069 839 3345 896 libidinem
3373 885 3387 905 ,
3422 859 3669 908 οηιωιιι-

2051 941 2157 994 que
2205 926 2586 996 ignorantiam.
2642 929 2736 984 llis
2775 931 3075 1000 gaudentes
3102 936 3304 990 mensis
3333 938 3528 992 anima:
3558 957 3608 994 ηι
3633 957 3666 995 n

2051 1021 2218 1074 asinis
2247 1021 2499 1076 meliores
2535 1022 2770 1077 evadunt
2794 1065 2808 1089 ,
2843 1041 2963 1094 qua:
2993 1040 3022 1077 a
3068 1027 3263 1081 talibus
3296 1028 3425 1083 feris
3465 1031 3670 1087 disce?-

2034 1113 2267 1179 'pantur.
2307 1113 2414 1168 Nec
2449 1115 2638 1169 tacebo
2664 1126 2716 1168 et
2742 1116 2954 1171 fastidia
2985 1120 3182 1188 quibus
3213 1121 3433 1177 ohttoaii
3463 1138 3589 1179 sunt
3631 1126 3664 1180 ii

2051 1207 2140 1272 qui
2191 1219 2250 1260 se
2281 1205 2406 1261 huic
2449 1207 2709 1262 addixere
2742 1210 2968 1275 morbo,
3004 1227 3122 1281 qua:
3152 1214 3332 1269 omnia
3375 1231 3665 1274 recensere

2052 1313 2156 1350 non
2190 1314 2475 1366 possumus
2504 1317 2517 1354 :
2551 1317 2716 1355 unum
2745 1301 2990 1372 quodest
3018 1317 3179 1374 caput
3205 1309 3447 1362 omnium
3481 1309 3669 1366 decla-

2053 1392 2203 1442 rabo.
2241 1390 2407 1448 lmuta
2440 1408 2622 1446 mensa
2645 1435 2660 1459 ,
2692 1394 2758 1448 de
2789 1410 2891 1464 qna
2920 1395 3190 1465 loquimur
3213 1439 3229 1466 ,
3265 1417 3554 1472 numquam
3589 1404 3665 1461 illi

2049 1499 2169 1536 eum
2198 1485 2471 1553 voluptate
2503 1486 2775 1541 fruuntur.
2810 1487 3111 1558 Frugalitas
3144 1493 3344 1563 quippe
3368 1507 3419 1549 nt
3450 1497 3662 1552 valetu-

2048 1574 2192 1627 diuis
2217 1615 2232 1640 ,
2267 1576 2335 1628 ita
2366 1585 2419 1629 et
2449 1578 2736 1645 voluptatis
2789 1591 2962 1634 mater
2987 1592 3064 1635 est
3093 1600 3106 1647 ;
3141 1586 3361 1639 satietas
3408 1603 3536 1642 vero
3559 1631 3574 1655 ,
3606 1600 3664 1644 ut

2049 1666 2360 1719 morborum
2390 1708 2404 1734 ,
2439 1667 2510 1721 ita
2559 1669 2757 1723 fastidii
2793 1670 2913 1725 fons
2952 1683 3036 1727 est
3081 1683 3136 1728 ct
3182 1677 3352 1730 radix.
3406 1678 3536 1733 Nam
3567 1682 3655 1736 ubi

2047 1757 2267 1810 satietas
2296 1769 2411 1825 est,
2441 1761 2509 1814 ibi
2543 1763 2976 1832 concupiscentia
3010 1780 3131 1821 esse
3155 1771 3337 1839 nequit
3364 1788 3376 1823 :
3413 1772 3502 1826 ubi
3535 1789 3662 1828 vero

2048 1852 2486 1918 concupiscentia
2520 1871 2623 1908 non
2653 1866 2735 1910 est
2763 1899 2776 1920 ,
2812 1860 3084 1926 quomodo
3112 1862 3355 1933 voluptas
3385 1880 3505 1921 esse
3537 1884 3662 1936 pos-

2047 1943 2161 1995 sit?
2216 1943 2336 1998 Ideo
2371 1961 2475 2000 non
2529 1949 2691 2002 modo
2725 1951 3101 2018 prudentiores
3132 1965 3183 2010 et
3215 1958 3540 2014 valentiores
3571 1961 3658 2016 di-

2047 2036 2244 2091 vitibus
2272 2054 2538 2109 pauperes
2576 2040 2820 2098 videmus
2844 2085 2858 2109 ,
2889 2045 2981 2099 sed
3031 2047 3220 2117 majori
3255 2051 3434 2105 lzetitia
3478 2051 3658 2106 fruen-

2048 2137 2148 2183 tes.
2197 2129 2327 2196 Qua:
2378 2133 2556 2188 omnia
2605 2136 2901 2205 cogitantes
2953 2137 3270 2194 ebrietatem
3327 2142 3658 2215 deliciasque

2045 2218 2352 2289 fugiamus;
2389 2239 2496 2278 non
2540 2240 2744 2280 mensa:
2778 2239 2982 2282 tomum
3011 2229 3236 2287 delicias
3263 2276 3275 2297 ,
3305 2235 3402 2289 sed
3441 2246 3494 2290 et
3519 2238 3658 2292 alias

2033 2327 2233 2366 omnes
2259 2353 2274 2377 ,
2304 2330 2423 2383 qua:
2470 2315 2521 2369 iu
2557 2317 2718 2371 rebus
2762 2321 3108 2376 swcularibns
3155 2322 3342 2380 haberi
3388 2341 3653 2397 possunt;

2043 2416 2338 2472 earumque
2367 2404 2488 2461 loco
2515 2408 2852 2477 spiritualem
2883 2413 3259 2471 nanciseemur
3284 2419 3652 2488 voluptatem,

2042 2503 2097 2549 et
2142 2494 2537 2554 delectabimur
2566 2501 2619 2554 in
2669 2502 2897 2558 Domino
2943 2510 3240 2563 secundum
3290 2513 3650 2583 prophetam,

2041 2591 2131 2659 qui
2161 2590 2291 2646 dicit
2322 2609 2340 2647 :
2389 2591 2654 2650 Delectare
2684 2598 2734 2649 in
2764 2597 2987 2654 Domino
3012 2642 3026 2668 ,
3058 2612 3104 2657 et
3132 2603 3215 2658 det
3257 2606 3346 2659 tibi
3385 2608 3655 2679 petitiones

2040 2683 2208 2736 cordis
2235 2685 2307 2738 tui
2334 2684 2353 2757 (
2379 2684 2521 2741 Psal.
2556 2689 2644 2744 56.
2679 2689 2743 2762 4)
2767 2708 2782 2756 ;
2816 2703 2870 2745 ιιι
2896 2702 2949 2747 et
2993 2699 3349 2763 prmsenlibus
3379 2710 3432 2755 et
3460 2702 3654 2760 futtU‘is

2040 2771 2283 2831 fruamur
2325 2779 2480 2832 bonis
2508 2821 2522 2845 ,
2553 2782 2723 2849 gratia
2753 2792 2806 2838 et
2851 2784 3184 2856 benignitate
3234 2791 3442 2848 Domini
3477 2795 3648 2849 nostri

2037 2866 2165 2922 Jesu
2201 2869 2399 2924 Christi
2426 2913 2440 2937 ,
2471 2888 2566 2942 per
2592 2889 2750 2943 quem
2781 2886 2832 2930 et
2878 2892 2999 2932 cum
3026 2896 3134 2950 quo
3166 2881 3307 2937 Patri
3337 2884 3505 2954 gloria
3528 2927 3544 2950 ,
3576 2886 3654 2941 si-

2038 2962 2255 3032 mulque
2283 2972 2470 3019 sancto
2498 2964 2740 3036 Spiritui,
2775 2967 2827 3023 iu
2855 2971 3050 3025 smcula
3079 2975 3422 3031 saeculorum.
3451 2979 3646 3035 Amen.

1676 3254 2027 3317 HOMILIA
2075 3257 2317 3320 xxm.
2521 3222 2530 3229 ’
3019 3238 3024 3241 ’

427 3400 513 3453 II.
562 3397 676 3453 Hoc
706 3399 823 3470 fecit
853 3399 1052 3453 initium
1108 3399 1370 3471 signorum
1394 3396 1546 3453 Jeaus
1592 3397 1642 3451 in
1674 3395 1817 3452 Cana

996 3491 1242 3547 (Itililtva'.

397 3672 446 3726 I.
464 3669 832 3726 Vehementer
846 3671 1009 3724 instat
1026 3669 1289 3734 diabolus,
1306 3679 1358 3724 et
1377 3669 1530 3724 saluti
1550 3678 1747 3725 nostra:
1765 3670 1923 3725 undi-

324 3777 427 3831 que
476 3760 786 3816 insidiatur.
834 3760 1168 3832 Vigilamlum
1224 3761 1419 3829 itaque,
1457 3770 1510 3816 et
1543 3760 1778 3832 undique
1823 3761 1922 3832 ipsi

321 3853 499 3908 aditus
524 3851 965 3908 intercludendus
992 3864 1092 3908 est.
1147 3850 1280 3906 Nam
1315 3852 1359 3906 si
1392 3853 1475 3908 vel
1511 3867 1728 3921 parvam
1769 3853 1923 3908 inve-

321 3947 459 4001 uerit
481 3945 845 4009 occasionem,
873 3944 1036 3998 latum
1074 3944 1174 3997 sibi
1199 3953 1384 4013 postea
1411 3943 1688 4014 apparabit
1719 3943 1925 4014 ingres-

321 4052 460 4101 sum,
488 4045 546 4092 et
586 4036 691 4090 vim
730 4051 880 4089 suam
907 4045 1073 4090 totam
1113 4035 1368 4106 paulatim
1403 4034 1637 4090 inducet.
1664 4033 1720 4089 Si
1743 4036 1924 4106 itaque

320 4127 508 4182 salutis
541 4136 741 4182 nostra:
786 4127 1016 4200 aliqum
1071 4126 1332 4182 rationem
1384 4125 1718 4192 habeamus,
1767 4143 1834 4183 ne
1867 4129 1917 4182 in

323 4221 499 4290 parvis
527 4219 744 4292 quidem
775 4220 934 4275 rebus
974 4221 1146 4291 ipsum
1181 4220 1438 4275 accedere
1459 4221 1717 4284 sinamus,
1739 4231 1795 4275 ut
1828 4237 1922 4290 per

321 4313 434 4368 h:ec
456 4311 752 4381 majoribus
774 4325 1141 4367 occurramus.
1161 4310 1291 4366 Nam
1321 4321 1576 4368 extremm
1600 4311 1921 4382 insipientia:

319 4414 484 4469 esset,
517 4404 565 4459 si
592 4404 719 4459 dum
751 4413 952 4459 tantam
984 4404 1071 4460 ille
1097 4403 1426 4474 diligentiam
1451 4403 1690 4468 adhibet,
1723 4416 1773 4459 ut
1806 4405 1924 4459 aui—

320 4513 459 4553 mam
489 4497 684 4568 perdat
719 4506 976 4562 nostram,
1005 4512 1104 4552 nos
1132 4512 1230 4567 pro
1250 4497 1423 4550 salute
1467 4508 1647 4552 nostra
1682 4513 1787 4552 non
1819 4514 1917 4568 pa-

321 4606 430 4646 rem
456 4590 811 4645 adhibeamus
840 4589 1282 4645 sollicitudinem.
1328 4590 1453 4644 Haee
1479 4605 1507 4644 a
1539 4607 1626 4644 me
1668 4607 1773 4644 non
1802 4593 1919 4648 sine

317 4696 475 4737 causa
504 4683 646 4737 dicta
692 4691 838 4744 sunt,
857 4683 948 4738 sed
973 4683 1093 4752 quia
1134 4683 1295 4737 timeo
1325 4699 1392 4738 ne
1440 4683 1493 4737 in
1539 4683 1713 4738 media
1767 4684 1918 4740 caula

321 4791 459 4831 nunc
481 4775 573 4832 ille
605 4776 760 4845 lupus
787 4775 964 4830 adstct
989 4775 1248 4840 occultus,
1282 4790 1544 4846 avemque
1574 4777 1763 4846 rapiat,
1798 4793 1917 4847 quin

320 4883 376 4924 se
406 4868 491 4924 vel
539 4884 606 4925 ex
643 4869 867 4940 segnitie
895 4869 980 4924 vel
1011 4869 1136 4924 dolo
1179 4869 1319 4924 malo
1347 4886 1374 4922 a
1408 4885 1570 4940 grege
1609 4870 1915 4924 auditorum

318 4964 629 5018 semoverit.
657 4961 792 5017 Nam
819 4964 1038 5018 vulnera
1069 4963 1112 5017 si
1135 4962 1235 5016 sub
1261 4977 1478 5017 sensum
1509 4963 1786 5026 eaderent,
1825 4972 1918 5018 aut

319 5057 360 5106 si
405 5069 605 5124 corpus
651 5055 837 5126 plagas
881 5055 1172 5124 acciperet,
1219 5069 1324 5110 non
1354 5070 1492 5125 opus
1522 5065 1668 5110 esset
1693 5055 1916 5112 insidias

320 5148 479 5203 hasce
511 5155 716 5202 tantum
746 5164 1076 5218 prsecavere.
1104 5149 1236 5215 Quia
1265 5165 1395 5205 vero
1426 5149 1708 5204 invisibilis
1735 5150 1914 5206 anima

315 5249 416 5304 est,
450 5241 672 5311 ipsaque
702 5239 1014 5295 vulneribus
1041 5239 1369 5307 confoditur,
1402 5240 1568 5296 multa
1599 5240 1756 5295 nobis
1779 5255 1916 5311 Opus

314 5341 396 5388 est
437 5332 739 5403 vigilantia,
783 5340 840 5386 ut
881 5331 1249 5405 unusquisque
1287 5349 1407 5390 sese
1437 5334 1700 5405 exploret.
1748 5332 1914 5390 Nemo

315 5427 444 5480 enim
471 5427 606 5481 novit
632 5443 693 5481 ea
719 5441 834 5496 qua
852 5435 971 5484 sunt
999 5427 1214 5480 hominis
1231 5469 1245 5492 ,
1268 5436 1326 5480 ut
1352 5428 1564 5495 spiritus
1585 5426 1804 5481 hominis
1827 5429 1916 5496 qui

315 5519 364 5574 in
394 5521 502 5588 ipso
530 5529 601 5576 est
627 5519 708 5593 (I.
736 5519 857 5575 Cor.
887 5519 942 5574 2.
978 5519 1090 5589 II).
1114 5519 1297 5574 Oratio
1322 5520 1463 5573 enim
1486 5519 1552 5573 ad
1573 5535 1763 5575 omnes
1795 5536 1915 5588 per-

316 5609 474 5678 vadit,
505 5623 558 5668 et
584 5626 881 5667 commune
908 5611 1159 5665 omnibus
1179 5610 1334 5665 oﬂ‘ert
1359 5609 1652 5664 remedium
1681 5628 1695 5664 :
1721 5611 1814 5665 sed
1844 5611 1912 5665 ad

316 5701 546 5774 singulos
576 5704 859 5759 auditores
894 5701 1125 5770 pertinet
1162 5701 1542 5768 illa'accipere,
1574 5716 1692 5770 qua:
1724 5703 1913 5755 morbo

314 5808 403 5849 suo
451 5795 781 5870 depellenda
809 5802 936 5847 sunt
962 5792 1335 5864 congruentia.
1371 5791 1569 5862 JEgros
1616 5809 1719 5848 non
1761 5792 1907 5856 uovi,

315 5907 402 5950 nec
425 5892 563 5952 bene
593 5896 864 5948 valcntcs.
898 5885 1022 5944 Ideo
1047 5886 1112 5942 de
1141 5887 1302 5943 rebus
1332 5885 1578 5942 omnibus
1607 5887 1816 5958 loquor,
1849 5902 1908 5941 ea

2037 3414 2156 3469 qua:
2205 3403 2366 3455 animi
2423 3405 2626 3460 morbis
2669 3409 2894 3479 singulis
2955 3419 3344 3484 competant‘:
3379 3422 3539 3478 modo
3579 3424 3650 3481 de

2036 3493 2278 3559 avaritia,
2313 3512 2435 3549 mox
2469 3497 2534 3550 de
2578 3515 2779 3555 mensa:
2807 3501 3038 3570 deliciis‘,
3075 3505 3202 3564 hinc
3246 3510 3522 3569 libidinem
3553 3535 3645 3588 ag.

2034 3584 2251 3654 gredior
2285 3604 2297 3639 :
2335 3596 2519 3658 postea
2549 3606 2678 3644 vero
2705 3593 3107 3668 eleemosynam
3145 3600 3341 3666 laudo;
3373 3605 3440 3658 ad
3473 3584 3648 3663 illam-

2034 3693 2138 3748 que
2174 3680 2499 3748 erogandam
2551 3681 2759 3748 hortor,
2822 3685 2945 3741 hinc
2973 3687 3235 3745 bonorum
3276 3708 3500 3764 operum
3535 3699 3641 3754 alia

2034 3783 2251 3837 genera.
2276 3770 2463 3825 Timeo
2495 3773 2638 3826 enim
2674 3790 2737 3829 ne
2764 3774 2889 3829 dum
2926 3779 3014 3831 uni
3068 3783 3258 3836 morbo
3289 3789 3531 3841 curando
3565 3789 3648 3844 iu-

2033 3861 2250 3927 cumbo,
2283 3862 2368 3916 alii
2395 3865 2696 3919 remedium
2730 3867 2970 3932 aﬂ‘eram,
2999 3871 3126 3925 dum
3155 3889 3251 3929 vos
3282 3878 3402 3933 aliis
3429 3884 3648 3950 a-gritu-

2033 3952 2250 4008 dinibus
2294 3954 2548 4010 laboratis
2577 3960 2618 4012 '.
2652 3958 2707 4014 Si
2742 3975 2878 4016 unus
2926 3973 3128 4018 tantum
3164 3966 3248 4022 hic
3270 3969 3370 4024 ade
3403 3983 3505 4037 set,
3533 3990 3640 4030 non

2034 4047 2396 4100 necessarium
2425 4047 2678 4103 ducerem
2711 4052 3055 4121 inultillicem
3084 4056 3282 4114 habere
3313 4077 3642 4122 sermonem.

2033 4136 2166 4204 Quia
2200 4154 2329 4192 vero
2368 4139 2418 4193 in
2454 4149 2600 4195 tanta
2648 4144 2992 4200 multitudine
3033 4150 3229 4203 mtdtos
3272 4167 3391 4207 esse
3419 4158 3641 4214 morbos

2031 4226 2326 4284 verisimile
2349 4242 2450 4294 est,
2484 4249 2588 4287 non
2631 4238 2747 4291 sine
2796 4252 2956 4293 causa
2989 4239 3289 4296 doctrinam
3324 4249 3592 4305 variamus
3624 4269 3642 4308 :

2031 4335 2214 4375 sermo
2239 4323 2437 4394 quippe
2467 4324 2517 4378 in
2547 4341 2736 4381 omnes
2758 4328 2987 4397 eﬂ'usus,
3022 4348 3171 4387 suam
3191 4345 3339 4392 certe
3355 4340 3640 4398 utilitatem

2031 4414 2268 4471 habebit.
2295 4415 2526 4489 Ideoque
2559 4418 2836 4491 Scriptura
2871 4424 2984 4494 ipsa
3012 4428 3156 4480 varia
3191 4439 3298 4494 est,
3333 4447 3396 4487 ac
3425 4433 3494 4489 de
3520 4450 3644 4491 sex-

2029 4509 2203 4563 centis
2230 4512 2393 4565 rebus
2423 4511 2692 4579 edisserit,
2726 4515 2851 4585 quia
2885 4517 2948 4572 ad
2982 4533 3327 4578 communem
3360 4525 3638 4587 hominum

2032 4611 2275 4657 naturam
2304 4620 2610 4661 sermonem
2643 4607 2844 4678 dirigit.
2869 4610 2923 4665 ln
2961 4622 3106 4668 tanta
3135 4631 3268 4671 vero
3296 4621 3641 4680 multitudine

2028 4709 2253 4750 necesse
2306 4708 2388 4752 est
2417 4714 2606 4755 omnes
2635 4703 2795 4756 animi
2842 4705 3058 4761 morbos
3091 4711 3342 4780 reperiri,
3374 4713 3496 4771 licet
3531 4735 3636 4773 nou

2027 4801 2218 4842 omnes
2248 4789 2298 4842 in
2331 4793 2540 4846 cunctis
2571 4791 2768 4850 adsint.
2798 4796 2890 4851 IIis
2915 4798 3094 4868 itaque
3124 4818 3221 4856 nos
3249 4819 3636 4879 cxpurgantes,

2028 4877 2205 4933 divina
2238 4882 2401 4936 verba
2433 4899 2550 4953 qua:
2583 4883 2740 4942 hodie
2777 4887 2911 4942 lecta
2942 4901 3067 4944 sunt
3093 4892 3314 4951 intentis
3344 4877 3635 4957 admodum

2026 4972 2221 5027 animis
2249 4973 2268 5004 ³
2298 4976 2602 5033 audiamus.
2627 4979 2884 5046 Quaenam
2936 4985 3024 5038 illa
3053 4989 3223 5042 sunt?
3257 4989 3369 5045 [Ioc
3396 4996 3512 5066 fecit
3539 4997 3637 5051 ini-

2026 5062 2153 5117 tium
2199 5065 2465 5136 signorum
2517 5069 2672 5125 Iesus
2718 5073 2769 5125 in
2823 5073 2966 5128 Cana
3016 5076 3266 5135 Galila'az.
3305 5062 3421 5138 Dixti
3468 5103 3639 5158 nuper

2023 5155 2286 5227 quosdam
2312 5175 2420 5215 non
2454 5159 2554 5216 hoc
2583 5162 2794 5218 initium
2830 5180 2951 5221 esse
2973 5177 3184 5238 putare.
3213 5173 3350 5240 Quid
3374 5155 3638 5235 enim.in.

2061 5336 2104 5408 ,ί
2143 5335 2214 5386 Ita
2234 5343 2342 5410 atss.
2367 5337 2511 5410 θανῇ
2540 5341 2791 5410 liabet....._
2811 5343 2997 5408 loquor,
3024 5356 3069 5398 et
3093 5350 3314 5402 omnibus
3337 5355 3490 5405 (tuitui
3511 5372 3638 5407 mor.

2024 5397 2095 5448 bis
2118 5402 2413 5450 curationem
2432 5402 2600 5473 amre.
2648 5397 2895 5456 nerei....'.
2921 5397 3109 5472 loquor,
3125 5397 3638 5473 audibis'iiBiiia'Iii'ai

2021 5473 2292 5511 sermonem
2316 5464 2706 5515 accommodans.

2087 5523 2106 5597 ξ
2138 5521 2491 5597 γιιηριίηᾜιιτιιὶο
2517 5529 2675 5597 [atina
2692 5531 2930 5597 Francisci
2955 5531 3145 5585 Aretini
3169 5539 3241 5588 sie
3265 5538 3448 5591 habet:
3483 5542 3640 5592 7imeo

2020 5585 2152 5665 enim
2166 5585 2539 5665 neq-timiditas:
2559 5588 2693 5665 nobis
2717 5593 2882 5665 morbo
2903 5585 3208 5659 vacantibus,
3351 5585 3453 5665 alii;
3476 5585 3635 5665 {vita};

2021 5644 2677 5726 taboi'etle;ntetktiei‘itam"noti
2718 5644 3214 5726 ad/tibemnfjgeatus
3230 5644 3450 5713 "eli-21%;};
3476 5644 3634 5726 $13.13

2023 5705 2106 5788 ille
2133 5705 2276 5788 legit,
2300 5711 2363 5788 ab
2389 5709 2659 5788 illirdiﬂ'ert
2684 5727 2835 5778 quem
2865 5705 2954 5788 nos
2977 5705 3306 5786 adhibui-mus.
3320 5705 3567 5788 ﬁliai-ii

2085 5771 2106 5846 ξ
2127 5778 2282 5846 ,λυκμι
2302 5771 2442 5846 sm'il.
2471 5771 2736 5846 legendum
2762 5787 2936 5846 esset,_
2955 5779 3160 5846 contrita
3197 5771 3383 5844 metite,
3399 5771 3632 5846 iubila.

2019 5838 2098 5942 {ﬁt
2119 5830 2446 5957 ίῖιῇιὲιὲἔιιωι
2467 5830 2661 5887 animis.
2681 5841 2772 5890 sed
2791 5830 3071 5894 lizec‘lectio
3093 5830 3260 5898 contra
3273 5830 3626 5904 Sadalam};

2088 5908 2114 5942 t'.
2376 5926 2389 5940 ο

2088 5908 2163 5942 em
2193 5908 2202 5942 ι
2223 5908 2389 5942 ιιειιαι.
