4120 6496
549 409 661 470 150

551 528 782 590 quinnt,
813 523 855 576 si
882 519 1088 574 dicatur
1118 515 1167 571 id
1194 517 1259 572 de
1284 516 1428 570 Cana
1457 515 1689 572 Galilzea:
1715 515 1956 572 tantum?
2009 528 2131 570 nam

556 614 678 671 Hoc
699 614 912 678 initium,
944 609 1132 681 inquit,
1152 609 1269 678 fecit
1297 611 1348 662 in
1375 609 1534 663 Caua.
1566 607 1679 679 Ego
1704 622 1832 663 vero
1859 607 1958 662 hac
1986 605 2051 660 de
2079 621 2135 660 re

559 725 668 764 non
699 705 964 760 curiosius
1016 702 1340 768 edisseram;
1383 701 1475 756 sed
1519 700 1639 755 dico
1690 701 1860 770 ipsum
1901 709 2017 769 post
2044 698 2134 751 ba-

561 800 749 867 ptisma
778 797 925 865 signa
953 794 1118 851 edere
1135 794 1393 863 cmpisse;
1424 801 1546 846 ante
1575 791 1836 861 baptisma
1865 805 1992 845 vero
2012 791 2132 843 nul-

559 890 666 944 lum
690 889 900 954 fecisse,
930 887 1038 957 jam
1075 885 1482 942 declaravimus.
1515 881 1642 938 Sive
1666 891 1843 937 autem
1871 881 1992 944 hoc,
2021 879 2134 934 sive

558 982 703 1037 aliud
732 991 850 1052 post
879 981 1136 1050 baptisma
1159 977 1385 1048 primum
1404 978 1610 1048 signum
1636 976 1811 1044 fuerit,
1840 975 2133 1044 disquirere

558 1087 666 1129 non
719 1088 892 1142 opera:
940 1073 1170 1142 pretium
1220 1085 1339 1126 esse
1381 1071 1649 1125 existimo.
1690 1068 1756 1123 Et
1799 1067 2133 1138 manifestat-it

557 1166 769 1235 gloriam
789 1180 953 1218 suam.
982 1164 1095 1229 Quo
1119 1163 1274 1217 modo
1297 1172 1350 1217 et
1376 1177 1478 1231 qua
1502 1161 1750 1216 ratione?
1778 1156 1975 1230 Neque'
1989 1159 2131 1215 enim

561 1257 706 1312 inulti
752 1258 826 1310 rei
877 1267 1041 1326 gesta:
1091 1255 1463 1319 attendebant,
1509 1255 1603 1310 sed
1637 1253 1862 1308 ministri
1904 1262 2130 1318 tantum,

554 1349 949 1402 architrietinns
991 1355 1042 1402 et
1071 1361 1318 1414 sponsus.
1347 1346 1624 1414 Quomodo
1653 1359 1780 1416 ergo
1828 1343 2132 1400 manifesta-

554 1440 864 1509 vithOriam
894 1440 1082 1493 suam?
1103 1438 1368 1506 Quantum
1399 1439 1450 1492 iu
1480 1439 1596 1507 ipso
1616 1445 1749 1492 erat.
1783 1436 1932 1504 Quod
1959 1436 2001 1491 si
2025 1451 2129 1490 non

553 1539 702 1594 tunc,
730 1538 876 1585 certe
916 1540 1097 1600 postea
1126 1543 1313 1584 omnes
1338 1528 1653 1582 miraculum
1681 1527 1906 1582 audituri
1935 1537 2087 1581 erant
2114 1545 2128 1580 :

555 1635 676 1674 nam
704 1619 768 1674 ad
798 1619 898 1674 hoc
924 1635 1094 1689 usque
1124 1627 1332 1687 tempus
1355 1618 1676 1682 celebratur,
1696 1633 1796 1672 nec
1812 1618 1956 1672 latet.
1980 1613 2131 1684 Quod

553 1718 730 1763 autem
765 1709 854 1762 illo
883 1709 970 1762 die
999 1723 1101 1763 nou
1131 1721 1321 1762 omnes
1353 1707 1401 1761 id
1421 1709 1684 1772 noverint,
1706 1722 1768 1762 ex
1791 1706 2130 1777 sequentibus

551 1801 726 1872 palam
749 1811 847 1855 est.
883 1801 1168 1870 Postquam
1209 1800 1352 1854 enim
1375 1799 1600 1865 dixerat,
1649 1797 1994 1870 Manifestavit
2020 1802 2132 1869 glo-

552 1893 681 1946 riam
705 1909 868 1953 suam,
891 1892 1128 1946 subdidit
1159 1909 1171 1944 :
1209 1890 1274 1945 Et
1302 1891 1622 1974 crediderunt
1652 1891 1704 1944 in
1735 1907 1850 1946 eum
1895 1891 2130 1960 discipuli

549 1993 678 2058 ejus,
707 1988 793 2058 qui
821 1988 972 2056 prius
997 1986 1347 2041 mirabantur.
1376 1984 1562 2040 Viden’
1611 1993 1735 2039 tunc
1762 1985 1991 2040 maxime
2036 1999 2132 2039 nec

549 2077 838 2132 cessarium
871 2076 1037 2132 fuisse
1085 2083 1142 2130 ut
1173 2074 1430 2130 miracula
1478 2074 1784 2139 ederentur,
1827 2089 1945 2128 cum
1977 2072 2128 2143 probi

550 2166 817 2233 homines,
851 2167 940 2236 qui
971 2165 1133 2220 dictis
1175 2164 1538 2231 attendebant,
1567 2163 1831 2219 aderant?
1878 2162 1939 2218 Hi
1985 2163 2128 2218 enim

551 2267 608 2312 et
636 2257 843 2312 facilius
863 2255 1116 2311 credituri
1145 2263 1317 2320 erant,
1342 2263 1394 2309 et
1408 2263 1554 2325 gesta
1584 2264 1832 2310 accurate
1875 2254 2128 2309 observa-

551 2352 676 2406 turi.
710 2352 771 2405 Et
793 2350 1063 2421 quomodo
1091 2361 1249 2404 notus
1277 2349 1462 2404 fuisset
1495 2349 1612 2404 sine
1640 2347 1948 2402 miraculis?
1974 2347 2131 2404 Certe

550 2443 678 2496 satis
699 2450 851 2496 erant
875 2441 1137 2505 doctrina,
1168 2449 1222 2496 et
1250 2440 1527 2510 prophetia
1557 2455 1675 2494 cum
1703 2439 1962 2494 miraculo
1997 2454 2130 2494 con-

546 2533 749 2604 juncta,
785 2541 842 2586 ut
889 2549 949 2584 ea
992 2531 1043 2584 in
1087 2531 1386 2586 auditorum
1431 2531 1636 2585 animos
1672 2529 2023 2595 insinuarcnt,
2074 2539 2133 2587 ut

548 2623 654 2691 jam
687 2623 906 2686 assueti,
954 2623 1120 2692 gestis
1167 2622 1328 2677 rebus
1364 2635 1483 2675 cum
1530 2622 1720 2675 alfcctu
1772 2621 2128 2678 attenderem.

552 2713 675 2769 Ideo
697 2715 818 2768 alibi
836 2727 979 2783 saepe
1000 2715 1185 2768 dicunt
1204 2713 1566 2784 evangelista,
1587 2713 1756 2783 ipsum
1779 2730 1884 2769 non
1902 2714 2132 2771 edidisse

551 2805 721 2872 signa,
755 2811 970 2874 prepter
1002 2803 1276 2858 hominum
1328 2803 1538 2858 illorum
1573 2805 2000 2873 perversitatem.
2041 2805 2126 2860 l2.

550 2893 617 2947 Et
644 2905 753 2963 post
777 2895 882 2947 lucc
899 2894 1153 2947 descendit
1179 2895 1230 2947 in
1251 2893 1572 2963 Capernaum
1600 2895 1705 2965 ipse
1730 2905 1777 2950 et
1799 2904 1960 2950 mater
1998 2897 2125 2966 cjus,

550 2994 597 3038 et
625 2989 828 3053 fratres,
862 2994 907 3038 et
935 2985 1168 3055 discipuli
1208 2987 1316 3056 ejus
1348 3002 1365 3039 :
1392 2996 1436 3040 et
1462 2988 1527 3040 ibi
1559 2999 1844 3042 manserunt
1878 3005 1977 3042 non
2003 2989 2133 3044 mul-

552 3077 615 3128 tis
641 3076 830 3128 diebus.
863 3074 970 3129 Cur
997 3090 1116 3129 cum
1146 3088 1319 3131 matre
1348 3078 1683 3148 Capcrnaum
1736 3081 1921 3134 venit?
1949 3079 2133 3151 Neque

549 3165 692 3219 enim
723 3166 792 3220 ibi
845 3165 1009 3219 ullum
1042 3165 1166 3220 fecit
1199 3167 1518 3222 miraculum
1546 3187 1559 3235 ;
1596 3169 1771 3239 n'eqne
1808 3169 1955 3224 urbis
1982 3170 2133 3225 istius

550 3257 738 3311 ineolse
763 3257 924 3326 probe
953 3273 1075 3327 erga
1106 3258 1251 3312 illum
1276 3258 1448 3313 affecti
1478 3269 1629 3314 erant
1659 3279 1672 3314 ε
1706 3261 1797 3314 sed
1843 3260 2129 3315 admodum

551 3350 807 3419 corrupti.
853 3349 1092 3418 llludque
1123 3350 1365 3404 Christus
1393 3350 1711 3420 significavit
1734 3352 1919 3406 dicens
1949 3370 1960 3406 :
1986 3351 2053 3405 Et
2079 3362 2132 3406 tu

553 3442 866 3510 Capernaum
897 3458 1047 3512 usque
1071 3442 1138 3494 ad
1167 3442 1343 3496 cwlum
1386 3445 1518 3497 elata
1537 3475 1554 3508 ,-
1585 3461 1739 3514 usque
1766 3446 1833 3498 ad
1879 3445 2133 3515 infernum

549 3536 847 3604 deprimet-is
873 3534 1024 3608 (Luc.
1057 3535 1142 3600 10,
1180 3536 1288 3605 15).
1317 3535 1423 3590 Cur
1446 3537 1680 3606 crgoillo
1704 3552 1762 3591 se
1788 3537 2034 3592 confert?
2067 3537 2133 3594 Ut

554 3626 678 3682 mihi
711 3626 924 3695 quidem
950 3626 1182 3690 videtur,
1211 3629 1333 3695 quia
1356 3627 1515 3696 paulo
1551 3637 1673 3696 post
1699 3628 1868 3682 iturus
1897 3637 2012 3683 erat
2041 3628 2131 3683 Je-

552 3721 896 3789 r0solvmam,
949 3719 1068 3774 ideo
1105 3730 1229 3774 tunc
1266 3719 1414 3783 abiit,
1461 3735 1529 3774 ne
1583 3729 1810 3774 matrem
1840 3729 1894 3774 ct
1943 3721 2133 3776 fratres

554 3815 748 3882 ubique
769 3827 948 3867 secum
976 3813 1229 3867 traheret.
1260 3812 1460 3867 Abiens
1491 3813 1649 3881 igitur
1684 3813 1898 3883 illicquc
1925 3815 1978 3868 in
2023 3828 2132 3867 ma-

557 3905 649 3960 tris
679 3903 933 3959 honorem
966 3903 1181 3972 paulum
1235 3914 1614 3968 commoratus,
1661 3905 1851 3958 iterum
1881 3903 2131 3957 miracula

549 3995 873 4067 aggreditur,
895 4009 1016 4049 eum
1049 3994 1191 4048 illam
1216 3993 1284 4048 ibi
1308 3993 1628 4063 reliquisset.
1660 3994 1782 4050 Ideo
1811 3995 1939 4050 dicit
1961 3992 2132 4064 ipsum

554 4101 658 4138 non
684 4086 862 4150 paucis
877 4085 1069 4152 elapsis
1085 4083 1456 4153 diebus(Joan.
1476 4085 1530 4137 2.
1559 4085 1668 4154 l3),
1693 4086 1902 4142 venisse
1919 4086 2137 4142 ieroso-

556 4174 771 4242 lvmam.
793 4171 979 4228 Paucis
997 4189 1121 4244 ergo
1142 4184 1264 4228 ante
1287 4174 1486 4228 Pascha
1507 4175 1693 4230 diebus
1715 4176 2007 4247 baptizatus
2025 4186 2129 4234 est.

557 4265 623 4319 lit
648 4267 994 4338 Jerosolyma:
1023 4265 1147 4336 quid
1180 4267 1318 4336 agit?
1360 4267 1493 4321 Rem
1533 4283 1736 4337 magnae
1780 4271 2130 4325 auctoritatis.

554 4355 684 4410 Nam
705 4357 1058 4426 negotiatores
1076 4355 1213 4420 illos,
1231 4357 1630 4422 nummularius,
1648 4373 1741 4414 eos
1759 4360 1844 4429 qui
1862 4361 2135 4417 columbas

559 4447 862 4504 vendebant
891 4457 942 4503 et
964 4448 1127 4504 boves
1149 4458 1202 4504 et
1219 4464 1362 4515 oves,
1387 4447 1610 4520 ideoque
1637 4452 1742 4508 illic
1766 4453 2128 4519 versabantur,

551 4541 730 4610 ejecit.

625 4628 677 4683 2.
702 4633 848 4688 Alius
863 4641 1038 4688 autem
1058 4633 1376 4703 evangelista
1397 4632 1606 4705 (Matth.
1623 4634 1683 4689 ει
1697 4676 1709 4686 .
1733 4635 1817 4690 15.
1834 4644 1881 4689 et
1898 4636 1992 4708 al.)
2011 4653 2134 4692 nar-

554 4735 635 4776 rat
675 4724 973 4792 cjicientem
1021 4724 1168 4778 illum
1222 4724 1441 4789 dixisse,
1487 4724 1658 4780 Nolite
1693 4725 1866 4782 facere
1917 4729 2132 4785 domum

558 4813 730 4867 Patris
772 4815 873 4867 mei
915 4813 1219 4882 speluncam
1267 4815 1560 4879 latronum;
1594 4816 1679 4870 hic
1708 4833 1835 4873 vero
1865 4819 2010 4886 dicit,
2049 4822 2131 4876 16.

558 4905 775 4959 Domum
795 4905 1142 4975 negotiationis
1162 4921 1178 4958 :
1198 4921 1301 4960 non
1323 4907 1583 4961 contraria
1608 4907 1906 4978 loquentes,
1930 4911 2023 4967 sed
2042 4912 2138 4968 dc-

557 5008 914 5053 monstrantes
940 4997 1108 5066 ipsum
1138 4997 1188 5054 id
1220 4998 1300 5054 bis
1330 4999 1547 5067 fecisse,
1579 5012 1632 5056 ct
1659 5003 1771 5058 lucc
1803 5020 1907 5059 non
1939 5006 2128 5062 eodem

551 5100 695 5156 gesta
717 5098 952 5158 tempore
972 5088 1155 5156 fuisse,
1180 5092 1271 5146 sed
1296 5101 1349 5146 et
1375 5108 1512 5147 nunc
1543 5095 1689 5148 initio
1719 5097 2129 5169 prmdicationis,

551 5193 708 5250 atque
745 5183 901 5235 etiam
936 5198 1055 5237 cum
1087 5183 1152 5237 ad
1187 5186 1483 5251 passionem
1512 5189 1858 5256 pervenisset.
1894 5190 2134 5262 Quapro-

553 5285 669 5342 pter
690 5274 1175 5330 vehementioribus
1193 5292 1318 5331 usus
1342 5279 1537 5345 verbis,
1557 5281 1864 5350 speluncam
1886 5287 2089 5341 vocavit
2117 5306 2129 5342 :

557 5382 660 5421 non
700 5367 825 5421 item
860 5382 1000 5421 nunc
1025 5369 1194 5435 initio,
1246 5369 1340 5425 sed
1370 5371 1727 5430 moderatiore
1771 5376 2130 5448 increpatione

552 5459 756 5513 utitur:
806 5459 944 5514 unde
971 5460 1252 5516 verisimile
1302 5463 1371 5516 sit
1419 5463 1643 5534 idipsum
1695 5469 1775 5524 bis
1822 5469 2030 5526 fecisse.
2068 5474 2130 5527 Et

549 5566 663 5615 cur,
698 5551 924 5620 inquies,
960 5553 1010 5607 id
1034 5554 1273 5611 Christus
1297 5567 1350 5611 et
1379 5572 1496 5612 cum
1523 5569 1662 5617 tanta
1689 5564 2021 5620 vehementia
2049 5567 2126 5622 fe-

553 5643 642 5708 cit,
668 5653 856 5711 quanta
888 5661 1146 5715 nusquam
1164 5661 1319 5716 agere
1334 5647 1770 5720 deprehenditur,
1788 5666 1839 5710 et
1871 5657 1981 5712 haec
2003 5675 2124 5714 cum

552 5735 884 5788 contumeliis
939 5747 990 5791 et
1043 5739 1298 5793 conviciis
1345 5740 1604 5810 allectus,
1664 5747 2027 5806 Samaritanus
2076 5764 2127 5808 et

555 5824 909 5882 dasmouiacus
953 5826 1017 5884 ab
1055 5829 1152 5885 illis
1197 5836 1514 5888 vocaretur?
1561 5837 1740 5908 Neque
1767 5841 1906 5895 enim
1951 5845 2122 5901 verbis

1287 406 1343 461 S.
1374 401 1649 460 JOANNIS
1685 398 2152 494 CllRYSOSTOlll
2183 399 2499 459 ARClllEP.
2530 404 3061 469 CONSTANTINOP.

2247 525 2546 587 contentus,
2568 533 2686 575 cum
2709 521 2914 592 ﬂagello
2934 525 3093 580 etiam
3117 525 3236 583 illos
3255 529 3478 600 expulit.
3502 530 3691 602 Judarl,
3706 552 3831 593 eum

2243 608 2361 664 aliis
2413 609 2730 668 beneficium
2775 614 3067 681 confertur.
3115 631 3366 677 accusant
3409 633 3463 678 et
3502 625 3830 696 elleruntur;

2244 699 2457 768 quando
2505 711 2682 758 autem
2716 720 2810 775 par
2854 722 2976 762 esse
3033 709 3309 766 videbatur
3355 713 3474 770 illos
3525 721 3830 788 exasperari

2245 791 2554 862 castigatos,
2592 811 2695 850 non
2730 797 2798 851 ita
2830 813 3019 869 aspere
3049 813 3231 872 agunt.
3263 804 3446 876 Neque
3475 809 3617 864 enim
3649 812 3827 866 inere-

2245 893 2453 951 parunt,
2481 896 2573 941 aut
2596 890 2914 946 contumelia
2936 893 3251 960 an‘ecerunt,
3275 898 3369 952 sed
3393 901 3518 968 quid
3547 902 3832 959 dixerunt?

2244 975 2329 1032 18.
2362 976 2511 1042 Quod
2538 979 2738 1049 signant
2761 983 2979 1038 ostendis
3002 987 3161 1051 nobis,
3209 991 3329 1058 quia
3360 992 3483 1046 talia
3529 997 3656 1064 facis
3677 997 3703 1049 ?
3741 996 3835 1053 \‘io

2243 1068 2361 1125 den‘
2387 1070 2605 1128 livorem
2638 1071 2926 1145 ingentem,
2955 1087 3011 1133 et
3031 1083 3299 1150 quomodo
3329 1084 3447 1140 aliis
3488 1087 3629 1143 illata
3660 1089 3830 1147 bene-

2242 1161 2359 1218 ﬁcia
2392 1166 2657 1238 indignius
2680 1168 2917 1226 ferrent?
2947 1173 3244 1244 Aliquando
3275 1178 3436 1248 igitur
3457 1181 3714 1252 templum
3759 1183 3832 1239 ab

2247 1255 2354 1311 illis
2380 1257 2688 1326 speluncam
2721 1261 2982 1317 latronum
3013 1264 3357 1336 factumesse
3377 1270 3606 1340 dicebat,
3647 1285 3832 1329 osten-

2239 1347 2373 1403 dens
2400 1350 2485 1404 illa
2516 1367 2634 1423 qua:
2657 1349 3044 1426 vendebantur,
3069 1357 3211 1415 furto
3255 1373 3404 1432 parta
3453 1365 3635 1432 fuisse,
3666 1378 3830 1439 atque

2243 1457 2310 1496 ex
2344 1445 2527 1512 rapina
2566 1453 2621 1500 et
2667 1448 2886 1503 avaritia
2929 1450 3164 1519 prodire,
3211 1453 3462 1526 ipsosque
3504 1473 3569 1513 ex
3600 1459 3830 1517 aliorum

2239 1533 2544 1596 calamitate
2565 1536 2856 1604 ditescere;
2900 1541 3183 1612 aliquando
3208 1555 3384 1600 autem
3415 1546 3630 1605 domum
3662 1566 3832 1622 nego-

2240 1625 2470 1680 tiationis
2491 1626 2636 1691 dicit,
2672 1628 3034 1698 impudentem
3059 1637 3472 1704 negotiationem
3501 1641 3827 1712 significans.

2237 1716 2340 1772 Sed
2366 1733 2466 1773 cur
2492 1720 2593 1774 hoc
2617 1720 2777 1774 fet-it?
2808 1722 2940 1788 Quia
2971 1725 3205 1783 futurum
3250 1740 3367 1786 erat
3419 1743 3475 1788 ut
3505 1734 3557 1790 in
3605 1736 3832 1792 salibato

2236 1822 2470 1878 curaret,
2501 1823 2555 1867 et
2578 1816 2740 1870 multa
2787 1817 3086 1887 hujusmodi
3127 1821 3348 1892 faceret,
3395 1843 3513 1898 qua:
3543 1830 3640 1898 imi
3674 1841 3827 1901 puta-

2237 1900 2367 1956 bant
2421 1908 2898 1974 transgressionem
2928 1925 3048 1967 esse
3094 1912 3255 1983 legis;
3301 1933 3368 1972 ne
3415 1900 3687 1977 videretur
3714 1923 3829 1978 Deo

2235 1991 2574 2049 adversarius
2593 2012 2732 2063 csso,
2761 2000 2846 2068 qui
2877 2014 3062 2058 contra
3094 2004 3304 2062 Patrem
3350 2009 3400 2064 id
3453 2011 3693 2068 faciendo
3747 2017 3832 2072 in-

2238 2097 2499 2155 surgeret,
2525 2089 2635 2156 jam
2682 2089 2807 2146 hinc
2855 2093 3064 2149 illorum
3119 2096 3421 2167 hujusmodi
3461 2105 3825 2172 suspicionem

2235 2179 2468 2248 corrigit.
2506 2180 2637 2234 Nam
2669 2183 2755 2252 qui
2780 2199 2876 2252 pro
2905 2187 3085 2256 templi
3119 2189 3321 2247 honore
3351 2201 3549 2249 tantam
3577 2197 3829 2253 ostende-

2235 2279 2318 2324 rat
2343 2269 2780 2342 indignationem,
2807 2277 2989 2346 templi
3011 2277 3254 2346 Domino,
3286 2284 3374 2353 qui
3397 2284 3448 2338 in
3479 2284 3595 2355 ipso
3610 2287 3826 2343 coleba-

2238 2369 2344 2426 tur,
2361 2376 2465 2416 non
2488 2363 2862 2422 adversaturus
2882 2377 3015 2425 erat.
3036 2369 3177 2427 Satis
3197 2386 3350 2429 erant
3369 2376 3677 2446 superiores
3698 2379 3826 2434 anni

2235 2453 2430 2523 quibus
2478 2456 2770 2512 secundum
2802 2458 2975 2530 legem
3005 2461 3228 2529 vixerat,
3261 2473 3321 2520 ut
3343 2467 3660 2536 probaretur
3708 2470 3827 2540 ejus

2237 2560 2362 2616 erga
2397 2546 2759 2617 legislatorem
2789 2554 3114 2620 reverentia,
3144 2557 3427 2628 ipsumque
3457 2574 3562 2615 non
3603 2561 3704 2633 legi
3725 2563 3829 2618 ad-

2238 2648 2571 2696 versaturum
2602 2656 2739 2697 esse.
2763 2642 2896 2711 Quia
2937 2653 3112 2701 autem
3141 2647 3217 2702 illi
3261 2651 3386 2705 anni
3420 2651 3472 2706 in
3499 2651 3827 2708 oblivionem

2236 2732 2446 2786 venturi
2473 2742 2645 2798 erant,
2670 2736 2793 2805 quia
2817 2737 3063 2792 omnibus
3088 2740 3197 2793 noti
3227 2755 3332 2796 non
3361 2750 3537 2810 erant,
3575 2758 3640 2798 eo
3682 2743 3826 2814 quod

2237 2822 2289 2876 in
2319 2837 2548 2894 paupere
2577 2824 2738 2881 domo
2763 2829 3028 2885 enutritus
3054 2830 3260 2898 fuisset,
3295 2835 3543 2890 omnibus
3589 2851 3829 2907 praiseu-

2239 2916 2397 2983 tibus,
2431 2926 2613 2989 utpote
2640 2920 2727 2976 die
2777 2921 2912 2978 festo
2952 2925 3432 2996 appr0pinquante,
3472 2927 3522 2983 id
3555 2928 3697 2998 facit,
3725 2946 3830 2988 nec

2237 3008 2352 3063 sine
2382 3010 2642 3079 periculo.
2668 3011 2851 3084 Neque
2872 3017 3044 3070 solum
3071 3018 3212 3071 enim
3241 3018 3418 3087 ejecit,
3451 3020 3544 3075 sed
3576 3029 3629 3076 et
3677 3037 3830 3077 men-

2237 3112 2324 3153 sas
2348 3100 2558 3168 evertit,
2577 3113 2853 3170 argentum
2873 3105 3079 3174 effudit,
3102 3118 3159 3161 ut
3181 3107 3254 3163 illi
3284 3123 3464 3164 secum
3494 3121 3827 3181 reputarent,

2238 3207 2358 3246 eum
2386 3194 2474 3263 qui
2501 3196 2569 3249 ob
2600 3195 2852 3250 decorem
2885 3197 3075 3253 domus
3104 3213 3224 3255 sese
3251 3201 3305 3255 in
3336 3202 3567 3270 pericula
3595 3204 3832 3275 conjice-

2236 3291 2334 3348 ret,
2371 3284 2650 3340 Dominum
2677 3285 2869 3342 domus
2911 3303 3016 3344 non
3058 3289 3356 3360 despicere.
3403 3291 3458 3349 Si
3491 3294 3632 3348 enim
3663 3295 3716 3350 id
3748 3295 3829 3349 si-

2236 3375 2436 3429 mulate
2479 3385 2679 3431 tantum
2729 3377 2960 3443 fecisset,
3017 3379 3217 3436 hortari
3251 3382 3424 3437 Solum
3454 3385 3825 3454 oportuisset:

2237 3481 2358 3520 nam
2381 3481 2437 3522 se
2464 3467 2516 3520 in
2540 3468 2773 3538 pericula
2804 3470 3090 3540 conjicere,
3123 3473 3294 3527 audax
3325 3472 3533 3530 facinus
3553 3486 3687 3531 erat.
3717 3477 3829 3533 Ne-

2237 3572 2340 3627 que
2367 3558 2510 3613 enim
2558 3560 2675 3615 leve
2723 3560 2850 3616 illud
2895 3571 3012 3617 erat
3046 3576 3178 3618 sese
3207 3563 3499 3621 forensium
3531 3565 3696 3622 furori
3727 3568 3830 3622 ob-

2233 3648 2421 3719 jieere,
2449 3659 2502 3705 et
2529 3651 2802 3706 brutorum
2830 3652 3126 3719 hominum,
3161 3665 3518 3712 mercatorum
3558 3659 3828 3725 videlicet,

2243 3739 2450 3794 turbam
2478 3742 2817 3796 contumeliis
2850 3757 3076 3799 onerare
3104 3753 3158 3800 et
3184 3745 3466 3803 adversum
3493 3765 3553 3804 se
3598 3766 3828 3822 exaspe-

2241 3845 2392 3895 rare;
2437 3830 2487 3884 id
2519 3847 2623 3885 uon
2667 3833 2965 3888 simulantis
2990 3843 3126 3902 erat,
3155 3836 3246 3892 sed
3278 3854 3373 3908 pro
3416 3840 3607 3897 domus
3632 3842 3834 3902 decoro

2242 3921 2473 3992 pericula
2506 3925 2681 3977 omnia
2709 3923 2980 3981 adeuntis.
3011 3926 3367 3995 Quamobrem
3393 3946 3497 3987 non
3527 3935 3690 4004 gestis
3734 3951 3833 3992 so-

2240 4012 2371 4079 lum,
2401 4014 2493 4068 sed
2533 4014 2692 4068 etiam
2723 4014 2880 4071 dictis
2905 4019 3310 4075 osmuditsuam
3341 4037 3463 4078 cum
3511 4025 3667 4081 Patre
3695 4041 3834 4082 con-

2243 4103 2478 4158 cordiam
2515 4123 2528 4160 :
2558 4119 2663 4159 non
2689 4105 2823 4160 dixit
2853 4108 3020 4174 enim,
3051 4109 3276 4165 Domum
3308 4121 3568 4180 sanetam,
3593 4118 3686 4171 sed
3717 4116 3835 4174 Do-

2241 4212 2376 4248 mum
2394 4194 2564 4250 Patris
2592 4198 2706 4250 mei.
2734 4197 2872 4252 Ecce
2894 4198 3104 4254 Patrem
3128 4211 3302 4268 vocat,
3323 4218 3423 4258 nec
3451 4206 3792 4276 indignantur
3810 4229 3830 4269 :

2243 4288 2496 4356 putabant
2547 4289 2688 4343 enim
2739 4288 2911 4358 ipsum
2963 4291 3277 4362 simpliciter
3327 4294 3493 4365 loqui.
3549 4297 3654 4353 Sed
3702 4303 3833 4370 quia

2242 4377 2433 4434 deinde
2461 4379 2653 4434 clarius
2682 4381 2928 4450 loquutus
2951 4392 3053 4450 est,
3079 4392 3134 4440 ut
3159 4401 3309 4440 suam
3329 4401 3448 4442 cum
3469 4389 3625 4445 Patre
3649 4407 3837 4463 arqua-

2245 4468 2443 4522 litatem
2479 4469 2792 4539 declararet,
2823 4481 2947 4528 tunc
2985 4476 3036 4528 in
3084 4475 3317 4533 furorem
3365 4481 3468 4534 acti
3510 4491 3656 4538 sunt.
3687 4484 3835 4552 Quid

2241 4559 2398 4628 igitur
2427 4561 2500 4615 illi
2523 4561 2546 4613 ?
2581 4563 2732 4630 Quod
2751 4567 2953 4636 signum
2977 4568 3119 4623 nobis
3139 4571 3382 4638 ostendis,
3419 4572 3684 4643 inquiunt,
3707 4579 3837 4647 quia

2241 4651 2347 4706 liam
2377 4653 2505 4724 facis
2527 4654 2552 4705 ?
2580 4653 2624 4709 Ο
2673 4671 2936 4712 summam
2968 4662 3293 4716 amentiam!
3327 4662 3445 4729 Quo
3492 4666 3646 4735 signo
3693 4683 3835 4737 opus

2241 4755 2389 4811 erat,
2426 4757 2483 4800 ut
2522 4762 2551 4802 a
2603 4749 2741 4804 male
2789 4748 3033 4807 faciendo
3063 4752 3412 4823 desinerent,
3461 4767 3516 4812 et
3543 4757 3762 4814 domum
3799 4779 3836 4817 a

2244 4849 2383 4893 tanta
2416 4843 2738 4910 turpitudine
2766 4844 3094 4901 liberarent?
3123 4848 3211 4904 ille
3239 4859 3416 4906 tantus
3439 4866 3534 4921 pro
3552 4853 3712 4908 domo
3733 4855 3835 4911 Dei

2241 4932 2404 4997 zelus,
2435 4949 2612 4988 nonne
2656 4936 2945 4990 maximum
2976 4940 3186 4993 Virtutis
3230 4942 3436 5011 signum
3464 4945 3623 4998 erat?
3666 4945 3834 5002 Probi

2240 5033 2413 5077 autem
2443 5025 2539 5077 viri
2565 5026 2685 5079 hinc
2715 5027 2878 5096 agniti
2907 5039 3033 5083 sunt
3062 5047 3075 5083 :
3123 5045 3246 5085 nam
3274 5033 3360 5086 l7.
3393 5034 3665 5088 Recordati
3707 5052 3834 5093 sunt

2240 5115 2476 5184 discipuli
2503 5118 2611 5180 eius
2639 5125 2776 5182 tunc,
2807 5119 2924 5188 quia
2950 5121 3195 5190 scriptum
3225 5133 3317 5186 est,
3341 5124 3497 5179 Zelus
3524 5127 3702 5181 domus
3727 5139 3839 5185 tua!

2241 5207 2453 5259 ratiicdit
2501 5223 2596 5260 me.
2630 5210 2698 5261 At
2738 5224 2841 5262 non
2871 5209 2944 5264 illi
2978 5212 3266 5280 pr0phetize
3302 5217 3676 5282 meminerunt,
3728 5223 3833 5276 sed

2237 5298 2505 5365 dicebant,
2541 5299 2688 5365 Quod
2716 5303 2915 5371 signum
2941 5305 3162 5358 ostendis
3189 5306 3371 5361 nobis?
3389 5307 3457 5363 de
3477 5311 3836 5380 turpiamisso

2237 5391 2389 5445 lucro
2433 5391 2697 5458 dolentes,
2755 5405 3138 5465 sperautesque
3169 5411 3228 5452 se
3257 5399 3336 5453 sic
3372 5415 3529 5468 posse
3558 5402 3705 5456 illum
3732 5405 3836 5459 ab-

2237 5481 2455 5548 ducere,
2482 5482 2547 5537 ad
2577 5483 2889 5539 miraculum
2919 5488 3239 5556 patrandum
3273 5501 3520 5559 evocant,
3549 5504 3606 5549 ut
3629 5495 3833 5557 factum

2238 5573 2352 5639 ejus
2376 5583 2683 5643 coarguant.
2720 5573 2841 5630 ldeo
2888 5577 3096 5646 signum
3129 5596 3231 5634 non
3265 5583 3357 5636 dat
3389 5585 3510 5639 illis.
3548 5585 3660 5642 lino
3701 5604 3830 5647 cum

2240 5665 2383 5731 prius
2406 5665 2761 5721 accessissent
2807 5667 3020 5736 signum
3069 5681 3332 5740 petentes,
3373 5676 3473 5730 hoc
3498 5679 3775 5748 respondit
3815 5701 3831 5738 :

2238 5753 2503 5810 Generatio
2536 5773 2690 5824 prava
2720 5769 2765 5810 ct
2809 5759 3040 5814 adultera
3078 5763 3277 5834 signum
3321 5771 3520 5837 (μιαίνει,
3545 5773 3599 5824 ἐι
3625 5774 3835 5844 signans

2241 5865 2339 5902 non
2363 5849 2560 5903 dabitur
2587 5850 2650 5920 ci,
2685 5851 2781 5905 nisi
2810 5853 3008 5924 signum
3052 5853 3202 5912 lana:
3234 5857 3446 5930 (Matth.
3481 5861 3544 5917 l6
3593 5861 3670 5936 4).
3719 5863 3834 5921 Sed
