4120 6530
237 467 330 525 Hi
1304 464 1369 520 IN
1407 461 1722 520 ΙΟΑΝΝΕΜ
1764 461 1853 518 110

1962 494 1994 515 ι.
2038 459 2222 516 XXIII.
2267 460 2336 515 aI.
2380 458 2546 514 XXII.

247 591 370 634 tunc
412 580 668 644 clarius;
730 591 877 633 nunc
907 587 1079 632 autem
1127 577 1295 646 magis
1345 575 1702 644 :enigmatice.
1731 570 1868 626 Illud

251 682 432 726 autem
486 673 597 742 agit
639 671 714 724 ob
758 678 1051 724 extremam
1102 667 1316 723 illorum
1349 666 1634 721 insaniam.
1683 663 1868 734 Neque

258 763 399 817 enim
426 761 516 816 ille
536 760 630 830 qui
663 775 775 814 non
801 768 1046 832 petentes
1075 757 1436 828 praeveniebat
1464 766 1520 812 et
1575 757 1724 827 signa
1765 756 1865 810 da-

272 855 382 918 bat,
431 861 686 924 petentes
736 851 1045 922 repulisset,
1099 849 1199 904 nisi
1233 850 1353 904 illos
1402 863 1563 919 prava
1591 857 1646 903 et
1678 847 1865 914 dolosa

265 954 447 1000 mente
489 943 655 999 fuisse
698 943 966 998 scit/isset.
1019 939 1150 995 Nam
1199 940 1284 996 vel
1343 942 1456 1010 ipsa
1516 939 1865 1009 interrogatio

263 1045 462 1106 quanta
511 1036 746 1106 nequitia
779 1035 932 1105 plena
957 1043 1133 1098 esset,
1157 1031 1474 1089 consideres
1501 1031 1682 1086 velim.
1730 1031 1862 1086 Cum

263 1129 408 1184 enim
455 1128 784 1199 oportuisset
813 1124 932 1195 ejus
961 1124 1195 1180 studium
1242 1139 1305 1179 ac
1335 1124 1510 1179 zelum
1540 1121 1858 1194 approbare,

261 1227 427 1290 atque
454 1221 856 1288 obstupescere,
887 1216 1032 1288 quod
1062 1218 1221 1272 talem
1268 1216 1462 1270 domus
1492 1229 1676 1269 curam
1706 1230 1863 1285 gere-

261 1323 383 1375 ret;
417 1310 494 1365 illi
524 1319 798 1375 accusant,
822 1323 886 1364 ac
912 1308 1149 1364 vendere
1187 1308 1287 1364 sibi
1321 1308 1481 1362 licere
1506 1306 1859 1372 contendunt,

260 1416 438 1470 neque
468 1400 630 1456 licere
667 1401 769 1455 sibi
798 1415 828 1454 a
858 1397 1140 1455 vendendo
1169 1399 1453 1460 desistere.
1497 1400 1596 1453 nisi
1644 1399 1744 1468 ipsi
1782 1399 1861 1455 si-

257 1508 426 1561 gnum
455 1493 720 1548 ostendat.
743 1491 881 1558 Quid
907 1507 1038 1562 ergo
1062 1492 1310 1548 Christus
1330 1494 1354 1543 ‘t
1403 1491 1489 1547 l9.
1522 1490 1716 1547 Solvite
1737 1502 1862 1546 tem-

260 1586 402 1654 plum
427 1589 539 1653 ltoc,
563 1596 610 1640 et
651 1586 704 1640 in
737 1586 894 1641 tribus
923 1588 1098 1642 diebus
1125 1587 1352 1641 excitabo
1385 1587 1538 1640 illud.
1571 1587 1731 1642 Multa
1763 1588 1862 1642 hu-

256 1680 489 1749 iusmodi
516 1679 766 1750 loquitur,
797 1693 915 1749 qua
944 1678 1285 1735 audientibus
1336 1680 1444 1735 sint
1471 1679 1721 1746 obscura,
1754 1679 1855 1735 sed

259 1779 381 1840 post
430 1769 621 1824 futuris
671 1770 835 1825 clara.
882 1768 992 1824 Cur
1041 1770 1285 1826 hociUt
1312 1785 1435 1826 cum
1481 1770 1559 1825 rei
1588 1770 1860 1840 praedicta:

258 1862 379 1914 finis
423 1860 715 1927 adveniret,
749 1861 1066 1931 probaretur
1097 1861 1268 1931 ipsum
1303 1861 1413 1932 jam
1465 1862 1593 1915 olim
1642 1861 1693 1915 id
1724 1876 1861 1932 prac-

255 1954 419 2008 scivis
449 1968 513 2019 e;
559 1951 706 2023 quod
759 1953 811 2007 in
845 1955 944 2008 hac
991 1952 1272 2023 prophetia
1299 1952 1512 2008 accidit.
1555 1951 1690 2007 Nam
1737 1953 1856 2009 ait:

254 2044 346 2098 22.
365 2042 489 2100 Cum
510 2045 865 2099 resurrexisset
885 2061 916 2096 α
939 2045 1171 2111 mortuis,
1194 2045 1445 2099 recordati
1471 2053 1589 2098 sunt
1618 2044 1861 2113 discipuli

254 2141 365 2206 ejus
391 2137 510 2206 quia
538 2138 632 2190 hoc
658 2136 857 2190 dicebat
889 2152 906 2190 :
933 2145 978 2190 et
1015 2136 1340 2190 crediderunt
1370 2135 1658 2206 Scriptura:
1679 2145 1725 2189 et
1752 2151 1860 2190 ser-

253 2231 394 2284 moni
421 2246 565 2298 quem
591 2229 721 2283 dixit
749 2228 919 2283 Iesus.
952 2228 1087 2283 Cum
1121 2228 1236 2283 haec
1260 2228 1589 2290 dicerentur,
1636 2227 1724 2281 alii
1764 2227 1858 2282 du-

255 2321 492 2375 bitabant
518 2319 860 2390 quandonam
891 2319 938 2373 id
966 2328 1284 2374 eventurum
1319 2327 1483 2384 esset,
1516 2319 1608 2372 alii
1632 2328 1859 2373 conten-

252 2410 447 2464 debant
477 2409 726 2465 dicentes
763 2428 776 2464 :
805 2410 894 2466 20.
934 2409 1290 2480 Quadraginta
1314 2425 1406 2463 sea:
1429 2410 1580 2464 annis
1623 2409 1857 2477 wdiﬁca-

251 2511 358 2553 tum
387 2510 458 2555 est
496 2501 744 2570 templum
773 2501 889 2566 hoc,
935 2510 982 2554 et
1022 2509 1078 2554 tu
1111 2500 1163 2553 in
1211 2499 1369 2553 tribus
1411 2497 1586 2554 diebus
1617 2500 1858 2554 excitabis

250 2595 423 2648 illud?
464 2593 828 2664 Quadraginta
864 2609 958 2650 sex
999 2593 1158 2648 annis
1205 2592 1472 2657 dicentes,
1526 2600 1852 2661 postremam

252 2685 434 2755 templi
457 2685 915 2740 constructionem
945 2685 1284 2758 signillcant;
1315 2686 1464 2756 prior
1487 2684 1634 2739 enim
1670 2684 1854 2755 viginti

251 2777 406 2832 annis
431 2777 674 2833 absoluta
705 2776 821 2833 fuit.

327 2868 378 2922 '5.
410 2867 512 2923 Cur
533 2883 663 2939 ergo
684 2868 910 2939 aenigma
947 2867 1074 2924 illud
1111 2882 1216 2925 non
1245 2867 1399 2925 solvit
1420 2909 1435 2936 ,
1470 2882 1645 2939 neque
1671 2866 1804 2923 dixit
1838 2886 1851 2923 :

250 2959 367 3016 Non
398 2959 465 3016 de
489 2961 590 3016 hoc
621 2961 824 3031 templo
849 2962 1060 3032 loquor,
1079 2961 1172 3017 sed
1204 2961 1271 3017 de
1295 2977 1457 3018 carne
1485 2977 1634 3028 mea;
1665 2979 1852 3018 verum

247 3052 598 3122 evangelista,
628 3051 718 3107 diu
757 3062 938 3123 postea
979 3053 1220 3109 scribens
1247 3053 1582 3124 evangelium
1603 3094 1617 3119 ,
1650 3053 1851 3110 dictum

249 3141 383 3198 illud
413 3143 729 3212 explicavit,
758 3145 844 3199 illc
869 3159 997 3198 vero
1026 3143 1224 3200 tacuit?
1265 3145 1475 3212 Quare?
1510 3145 1645 3214 Quia
1673 3147 1852 3202 verbis

244 3233 372 3302 eius
407 3233 561 3288 Iidem
588 3249 696 3289 non
726 3233 1058 3290 habuissent.
1089 3235 1146 3291 Si
1174 3237 1316 3292 enim
1348 3252 1415 3291 ne
1440 3236 1655 3308 quidem
1686 3237 1851 3292 disci-

246 3323 361 3392 puli
407 3333 652 3394 poterant
701 3334 828 3380 tunc
871 3326 1172 3396 intelligere
1195 3368 1211 3393 ,
1245 3327 1415 3380 multo
1444 3327 1620 3382 minus
1657 3328 1848 3384 turbas.

246 3418 379 3472 Cum
407 3419 724 3483 surrexisset,
750 3418 938 3488 inquit,
962 3417 1114 3473 Iesus
1136 3436 1168 3472 a
1197 3420 1428 3483 mortuis,
1454 3428 1573 3473 tunc
1597 3421 1853 3474 recordati

245 3517 368 3562 sunt
388 3548 405 3572 ,
435 3517 482 3560 et
520 3508 842 3562 crediderunt
865 3508 1085 3562 sermoni
1115 3517 1162 3562 et
1194 3507 1499 3578 Scripturtz.
1554 3510 1667 3563 Duo
1705 3512 1850 3566 enim

247 3600 382 3670 ipsis
403 3608 526 3656 tunc
556 3580 1010 3671 proponebantur,
1042 3602 1369 3657 resurrectio
1395 3643 1408 3667 ,
1441 3611 1525 3666 et,
1552 3602 1694 3671 quod
1729 3618 1842 3657 ina-

243 3693 336 3760 jns
362 3699 494 3757 erat,
530 3707 656 3746 num
688 3691 826 3748 Deus
853 3702 998 3748 esset
1026 3693 1070 3747 is
1099 3694 1187 3762 qui
1223 3693 1365 3747 intus
1392 3691 1699 3759 habitabat;
1730 3710 1850 3765 quin

245 3781 410 3838 ambo
436 3783 794 3838 subindicavit
817 3784 1001 3840 dicens
1031 3805 1043 3840 :
1069 3784 1266 3839 Solvite
1290 3784 1533 3854 templum
1555 3785 1651 3838 hoc
1673 3827 1686 3850 ,
1723 3796 1768 3840 et
1797 3786 1849 3840 in

247 3876 408 3929 tribus
449 3875 624 3930 diebus
667 3875 894 3929 excitabo
933 3874 1068 3929 illud
1097 3892 1116 3930 :
1146 3875 1286 3945 quod
1335 3876 1530 3931 Paulus
1575 3877 1700 3931 dicit
1744 3891 1848 3931 non

245 3982 470 4037 parvum
499 3982 622 4022 esse
650 3966 943 4021 divinitatis
969 3967 1203 4036 signum,
1234 3966 1316 4020 his
1345 3968 1524 4021 verbis
1551 3985 1562 4020 :
1591 3967 1690 4034 Qui
1713 3983 1848 4037 prcc-

246 4057 524 4110 destinatus
565 4065 640 4110 est
681 4054 846 4110 Filius
878 4055 974 4110 Dei
998 4058 1049 4108 in
1079 4056 1260 4110 virtute
1287 4055 1563 4110 secundum
1593 4056 1849 4124 Spiritum

245 4149 663 4217 sanctiﬁcationis
684 4190 697 4210 ,
731 4164 795 4204 ea:
821 4149 1184 4219 resurrectione
1211 4157 1524 4203 mortuorum
1547 4147 1582 4201 Ι
1587 4165 1674 4202 esu
1695 4148 1847 4204 Chri-

246 4241 316 4296 sti
339 4243 355 4309 (
380 4240 531 4297 Rom.
567 4241 621 4295 I.
664 4241 754 4310 ι).
787 4240 896 4295 Cur
924 4247 980 4295 et
1005 4241 1112 4296 illic
1138 4250 1193 4296 et
1221 4239 1305 4296 hic
1337 4249 1393 4296 et
1423 4241 1616 4310 ubique
1643 4242 1744 4296 hoc
1774 4242 1849 4297 si-

243 4351 409 4408 gnum
437 4335 546 4402 dat,
571 4336 734 4389 modo
757 4333 964 4399 dicens,
987 4333 1114 4390 Cum
1141 4335 1390 4390 excitatus
1411 4338 1552 4406 fuero
1577 4351 1595 4400 ,'
1622 4344 1696 4400 et,
1721 4335 1848 4390 Cum

245 4429 591 4483 exaltareritis
621 4425 817 4480 Filium
844 4427 1063 4483 hominis
1081 4467 1098 4494 ,
1130 4435 1250 4481 tunc
1275 4427 1586 4497 cognoscetis
1610 4427 1728 4497 quia
1758 4443 1848 4496 ego

245 4535 360 4574 sum
387 4517 563 4586 (Joan.
591 4518 674 4575 I2.
697 4517 786 4574 32.
819 4527 865 4572 et
889 4518 942 4574 8.
962 4518 1070 4590 28)
1093 4536 1108 4583 ;
1141 4518 1299 4574 modo
1325 4527 1527 4581 autem,
1552 4517 1618 4572 Et
1647 4519 1850 4590 signum

248 4627 351 4664 non
381 4609 586 4664 dabitur
613 4609 752 4662 vobis
771 4651 785 4675 ,
829 4611 928 4663 nisi
953 4610 1152 4680 signum
1177 4608 1327 4663 Jonas
1352 4608 1564 4680 (Matth.
1593 4608 1678 4663 12.
1703 4609 1772 4666 39
1795 4609 1847 4680 );

247 4711 413 4771 atque
457 4700 545 4756 hic
588 4715 803 4755 rursum
827 4742 842 4768 ,
880 4698 945 4754 In
979 4701 1139 4755 tribus
1187 4700 1358 4754 diebus
1409 4701 1637 4755 excitabo
1678 4701 1852 4756 illud?

246 4793 384 4862 Quia
407 4793 508 4848 hoc
533 4794 765 4850 maxime
790 4804 1105 4865 argumento
1126 4793 1518 4850 ostendebatur
1541 4794 1713 4864 ipsum
1739 4810 1847 4850 non

246 4901 371 4942 esse
401 4901 594 4957 purum
626 4886 895 4941 hominem
918 4927 946 4951 ,,
961 4884 1100 4955 quod
1127 4895 1306 4954 posset
1330 4886 1588 4941 adversus
1615 4895 1847 4942 mortem

247 4988 514 5046 tropteum
560 4978 802 5049 erigere,
849 4992 912 5033 ac
957 4977 1264 5032 diuturnam
1317 4979 1459 5032 illius
1507 4978 1846 5049 tyrannidem

246 5068 578 5141 dillicileque
619 5071 816 5125 bellum
851 5070 981 5126 illud
1024 5080 1129 5124 tam
1172 5071 1280 5125 cito
1319 5070 1548 5124 solvere.
1602 5069 1724 5124 ldeo
1752 5070 1846 5133 ait,

251 5161 397 5215 Tunc
415 5162 603 5216 scietis.
623 5159 786 5223 Tunc,
809 5161 1183 5230 quandonam?
1209 5161 1340 5216 Cum
1366 5169 1644 5230 postquam
1667 5175 1849 5215 resur-

249 5268 466 5317 rexero,
499 5253 764 5307 attraham
813 5261 980 5307 totum
1025 5255 1232 5319 orbem,
1277 5263 1404 5309 tunc
1443 5253 1624 5307 scietis
1669 5269 1754 5307 me
1795 5261 1852 5307 ttt

252 5343 417 5398 Deum
445 5354 497 5398 et
528 5358 716 5399 verum
752 5343 844 5399 Dei
874 5343 1061 5399 Filium
1085 5345 1134 5398 id
1160 5345 1369 5409 fecisse,
1391 5344 1458 5398 ad
1488 5344 1847 5399 ulciscendam

251 5437 392 5491 Patri
423 5437 626 5491 illatam
657 5438 1058 5493 contumeliam.
1089 5435 1196 5493 Cor
1221 5448 1396 5493 autem
1423 5453 1528 5492 non
1559 5438 1709 5503 dicit,
1734 5439 1850 5508 qni-

247 5530 349 5584 bus
368 5545 504 5599 epus
529 5538 675 5586 esset
707 5530 896 5599 signis,
926 5529 993 5583 ad
1025 5530 1164 5586 male
1193 5530 1386 5586 factum
1417 5530 1731 5591 tollentium.
1755 5530 1849 5586 sed

245 5636 310 5676 se
335 5623 548 5692 signum
585 5621 840 5678 daturum
867 5637 987 5679 esse
1017 5624 1290 5694 pollicitus
1315 5624 1431 5678 est?
1460 5624 1594 5704 Quia
1623 5624 1699 5678 sic
1731 5624 1851 5679 illos

247 5716 416 5787 magis
455 5716 760 5779 irritasset;
807 5715 910 5770 hoc
949 5725 1128 5770 autem
1169 5717 1329 5772 modo
1357 5719 1525 5789 magis
1564 5719 1846 5778 exterruit.

247 5810 495 5866 Attamen
541 5811 674 5865 nihil
705 5809 772 5863 ad
806 5808 906 5864 hoc
936 5810 1329 5880 responderunt
1358 5831 1372 5868 :
1403 5812 1677 5869 videbatur
1706 5818 1849 5869 enim

246 5900 350 5958 illis
391 5901 715 5959 incredibile
752 5901 1026 5971 quidpiam
1066 5902 1283 5970 dicere,
1319 5921 1416 5962 nec
1447 5905 1584 5961 ultra
1616 5905 1851 5960 interro-

569 5998 848 6060 ΡΔτκοῐ..
897 5999 1012 6056 (in.
1069 6002 1223 6063 LIX.

3485 467 3587 521 112

1976 586 2103 641 gare
2130 570 2447 636 valuerunt;
2481 580 2534 626 et
2562 573 2712 640 quasi
2746 585 2831 625 res
2862 569 2976 626 fieri
3001 585 3105 627 non
3137 580 3336 642 posset,
3361 574 3580 632 missam

1977 661 2121 715 illam
2161 661 2422 716 fecerunt.
2453 659 2606 728 Quod
2634 661 2679 716 si
2710 670 2890 717 mente
2918 661 3245 729 valuissent,
3272 663 3482 720 etiamsi
3523 668 3581 720 il-

1978 751 2065 806 lud
2094 750 2412 808 incredibile
2444 751 2718 807 videretur
2745 767 2886 817 esse,
2919 762 3201 823 pestquam
3237 756 3399 809 multa
3431 756 3582 825 signa

1975 843 2197 908 fecerat,
2227 852 2354 900 tunc
2386 843 2810 915 interrogassent
2843 844 2991 898 illum
3016 885 3030 908 ,
3066 853 3191 899 tunc
3219 847 3417 915 precati
3453 846 3582 901 luis-

1973 945 2096 991 sent
2115 946 2172 991 ut
2197 937 2413 992 illorum
2434 937 2824 993 dubitationem
2849 937 3117 1003 solveret;
3149 938 3243 993 sed
3269 940 3440 994 insani
3461 956 3585 996 cu-n

1973 1037 2174 1095 essent,
2208 1028 2327 1085 aliis
2348 1029 2507 1085 dictis
2533 1044 2603 1086 nc
2630 1030 2910 1084 minimum
2942 1028 3160 1099 quidem
3193 1031 3534 1087 attenderant
3571 1048 3583 1080 :

1971 1120 2075 1175 alia
2103 1135 2233 1175 vero
2262 1135 2385 1176 cum
2424 1121 2563 1177 mala
2592 1131 2772 1176 mente
2799 1121 3109 1176 audiebant.
3158 1121 3391 1193 Ideoque
3416 1121 3582 1180 Chri-

1971 1225 2085 1270 stus
2115 1216 2452 1287 :cnigmatice
2473 1217 2605 1289 ipsis
2633 1215 2972 1287 loquebatur.

2043 1306 2146 1361 Cur
2158 1307 2387 1362 Christus
2399 1325 2501 1363 non
2514 1309 2612 1364 nisi
2624 1309 2942 1380 wnigmatice
2952 1308 3216 1380 discipulis
3229 1309 3292 1364 de
3302 1326 3397 1364 sua
3409 1313 3582 1379 futura

1971 1400 2335 1455 resurrectione
2356 1401 2554 1455 locutus
2576 1403 2747 1471 fuerit.
2780 1402 3141 1472 Apostolorum
3178 1404 3338 1459 uirtus
3363 1414 3579 1476 quanta.

1971 1490 2309 1564 Eleemosyna
2333 1494 2739 1548 commendatur.
2757 1525 2829 1534 —
2849 1494 2957 1550 Sed
2987 1495 3128 1567 quod
3157 1497 3266 1566 jam
3292 1500 3592 1579 qumritur,‘

1971 1581 2074 1637 hoc
2100 1594 2223 1650 est,
2257 1599 2354 1639 cur
2383 1584 2633 1654 discipuli
2666 1600 2770 1640 non
2805 1587 3053 1642 noverint
3082 1588 3259 1655 ipsum
3288 1604 3317 1644 a
3349 1591 3583 1659 mortuis

1968 1683 2397 1730 resurrecturum
2425 1676 2582 1732 esse?
2607 1675 2741 1744 Quia
2772 1677 3008 1732 nondum
3040 1677 3273 1748 Spiritus
3300 1679 3474 1748 gratia
3497 1679 3580 1734 di-

1968 1765 2112 1835 gnati
2153 1764 2387 1822 ruerant.
2430 1767 2776 1840 Quapropter
2802 1769 2870 1825 de
2900 1769 3299 1826 resurrectione
3327 1770 3575 1843 frequen-

1970 1865 2052 1912 ter
2074 1856 2390 1924 audientes,
2425 1859 2558 1915 nihil
2586 1860 2961 1932 intelligebant
2989 1878 3004 1914 :
3038 1860 3132 1917 sed
3163 1862 3466 1931 cogitabant
3491 1863 3574 1918 in-

1969 1958 2047 2004 tra
2079 1965 2140 2006 se
2168 1952 2294 2021 quid
2321 1951 2423 2006 hoc
2447 1962 2611 2009 esset.
2643 1953 2776 2008 Nam
2806 1953 3130 2024 stupendum
3154 1964 3209 2011 et
3240 1958 3580 2025 inexspecta-

1970 2050 2080 2096 tum
2111 2051 2249 2109 erat,
2275 2042 2418 2114 quod
2443 2043 2744 2112 dicebatur,
2778 2046 2920 2116 quod
2951 2061 3146 2116 nempe
3167 2045 3435 2117 quispiam
3455 2063 3578 2103 sese

1966 2142 2148 2202 posset
2179 2133 2533 2200 resuscitare.
2565 2145 2727 2206 atque
2757 2137 2846 2192 illo
2873 2137 3037 2192 modo
3063 2139 3408 2194 resuscitare.
3440 2138 3569 2194 Ideo

1968 2222 2158 2281 Petrus
2187 2224 2496 2296 increpatus
2522 2225 2639 2289 fuit,
2667 2227 2807 2297 quod
2852 2242 2973 2282 cum
3012 2228 3146 2282 nihil
3173 2237 3356 2284 nosset
3389 2228 3455 2285 de
3490 2246 3574 2284 re-

1954 2316 2300 2371 ~8urrecti0nc
2321 2358 2335 2381 ,
2379 2318 2582 2373 diceret
2614 2338 2627 2374 :
2663 2317 2926 2388 Propitius
2955 2327 3059 2374 esto
3091 2319 3180 2374 tibi
3215 2319 3445 2390 (Matth.
3487 2322 3571 2376 I6.

1964 2408 2077 2478 29.).
2109 2399 2294 2479 Neque
2321 2409 2566 2465 Christus
2595 2419 2721 2467 ante
2752 2427 2866 2466 rem
2896 2412 3066 2482 ipsam
3094 2411 3196 2465 hoc
3223 2412 3332 2468 illis
3362 2413 3573 2469 revela-

1964 2501 2058 2562 vit,
2091 2517 2159 2557 ne
2187 2501 2293 2555 illis
2312 2501 2639 2557 oli‘cndiculo
2667 2512 2844 2568 esset,
2877 2501 2969 2573 qui
2996 2503 3149 2558 initio
3174 2504 3258 2557 vix
3283 2503 3441 2559 Iidem
3475 2503 3570 2557 ha-

1964 2592 2162 2647 bebant
2188 2594 2250 2647 iis
2265 2610 2384 2664 qua:
2406 2594 2743 2661 dicebantur,
2759 2595 2902 2666 quod
2926 2610 2988 2649 ea
3010 2595 3300 2651 admodum
3324 2599 3573 2668 inexspe-

1962 2695 2103 2740 ctata
2133 2695 2335 2746 essent.
2366 2701 2543 2756 neque
2568 2686 2717 2742 clare
2743 2687 2948 2742 scirent
2972 2688 3094 2754 quis
3123 2697 3267 2743 esset
3293 2687 3471 2744 .lesus.
3505 2689 3573 2744 Iis

1961 2775 2104 2829 enim
2145 2790 2265 2846 qua:
2303 2776 2560 2846 operibus
2593 2777 2724 2846 ipsis
2755 2777 2899 2832 clare
2937 2778 3375 2849 comprobantur,
3411 2794 3573 2834 nemo

1964 2865 2121 2920 Iidem
2164 2867 2470 2937 negaverit;
2517 2866 2622 2922 illis
2651 2881 2780 2922 vero
2812 2883 2930 2936 qut!)
2959 2869 3142 2924 verbis
3177 2870 3353 2924 solum
3390 2869 3572 2940 prole-

1963 2956 2239 3021 rehantur,
2269 2956 2562 3011 verisimile
2584 2965 2696 3011 erat
2730 2957 2993 3027 quosdam
3022 2957 3179 3014 ﬁdem
3206 2973 3327 3014 esse
3349 2969 3572 3030 negatu-

1962 3060 2072 3101 ros.
2104 3046 2308 3102 Idcirco
2329 3048 2540 3102 sinebat
2567 3048 2716 3102 initio
2741 3063 2852 3102 rem
2877 3049 3140 3103 occultam
3165 3065 3403 3106 manere.
3435 3051 3568 3106 Cum

1960 3146 2138 3191 autem
2167 3139 2539 3206 experimento
2567 3137 2708 3193 dicta
2737 3151 2834 3193 sua
2857 3154 2982 3193 vera
3010 3140 3418 3210 comprobabat,
3445 3151 3571 3198 tunc

1961 3229 2246 3284 verborum
2289 3229 2451 3284 dabat
2491 3229 2939 3300 intelligentiam,
2981 3239 3294 3300 tantamque
3336 3231 3570 3302 Spiritus

1959 3321 2207 3391 gratiam,
2235 3330 2293 3376 ttt
2318 3320 2602 3376 confestim
2629 3322 2808 3376 omnia
2834 3322 3161 3391 acciperent.
3194 3321 3294 3377 Ille
3313 3325 3466 3387 enim,
3489 3324 3569 3378 iti-

1959 3413 2107 3482 quit,
2139 3413 2276 3467 vobis
2303 3414 2712 3468 commemorabit
2737 3414 2931 3468 omnia.
2974 3414 3106 3469 Nam
3135 3417 3222 3485 qtti
3253 3426 3568 3486 conceptam

1958 3503 2026 3559 de
2051 3504 2142 3558 illo
2174 3504 2561 3571 reverentiam,
2589 3520 2693 3560 una
2723 3520 2948 3575 vespera
2976 3504 3365 3574 deposuerunt,
3394 3523 3459 3564 ac
3487 3506 3562 3563 lu-

1956 3603 2172 3665 gerunt,
2205 3595 2296 3664 qui
2323 3609 2383 3651 se
2411 3593 2666 3650 dicebant
2687 3611 2792 3650 non
2818 3609 2984 3650 nosse
3010 3596 3184 3660 illum,
3210 3597 3297 3651 vix
3326 3601 3567 3654 omnium

1958 3700 2077 3754 qua:
2103 3685 2271 3739 multo
2304 3697 2548 3755 tempore
2575 3685 2715 3740 facta
2741 3686 2991 3754 dictaque
3021 3686 3232 3740 fuerant
3251 3728 3264 3751 ,
3299 3688 3567 3744 recordati

1957 3771 2216 3840 luissent,
2259 3773 2361 3829 nisi
2402 3789 2650 3843 magnam
2699 3776 3019 3844 consequuti
3067 3776 3296 3831 fuissent
3334 3776 3570 3848 Spiritus

1955 3867 2204 3938 gratiam.
2253 3867 2310 3922 Si
2355 3882 2484 3922 vero
2509 3906 2523 3929 ,
2559 3866 2800 3937 inquies,
2831 3883 2862 3921 a
2889 3869 3090 3938 Spiritu
3119 3869 3347 3924 audituri
3377 3881 3528 3925 erant
3549 3912 3565 3938 ,

1957 3958 2084 4027 quid
2111 3973 2248 4028 opus
2277 3968 2393 4012 erat
2425 3957 2547 4012 illos
2573 3972 2694 4012 cum
2726 3958 2942 4013 Christo
2973 3960 3196 4025 versari,
3225 3975 3330 4015 non
3359 3962 3568 4019 intelle-

1956 4060 2138 4105 cturos
2160 4065 2223 4105 ea
2254 4065 2373 4120 qua:
2399 4049 2754 4105 dicebantur?
2773 4050 3037 4118 Quoaiam
3069 4051 3300 4121 Spiritus
3329 4068 3437 4108 non
3464 4053 3566 4108 do-

1957 4142 2087 4209 cuit,
2136 4142 2230 4198 sed
2283 4142 2334 4196 in
2382 4143 2698 4197 memoriam
2745 4144 3015 4198 revocavit
3055 4158 3118 4199 ea
3158 4160 3277 4215 qua:
3323 4145 3568 4201 Christus

1956 4234 2185 4290 dixerat.
2232 4234 2346 4289 Non
2375 4250 2564 4302 parum
2595 4245 2773 4290 autem
2802 4235 2868 4289 ad
2895 4235 3120 4306 gloriam
3149 4236 3347 4292 Christi
3379 4239 3568 4294 conle-

1959 4329 2131 4394 rebat,
2158 4328 2299 4399 quod
2330 4327 2564 4399 Spiritus
2592 4327 2893 4383 mitteretur
2914 4327 2982 4383 ad
3005 4329 3372 4384 renovandam
3391 4330 3563 4385 dicto-

1957 4440 2077 4479 rum
2105 4438 2322 4479 suorum
2351 4423 2689 4508 memoriam.
2735 4421 2893 4478 Initio
2922 4425 3142 4496 quidem
3171 4440 3236 4480 ex
3271 4425 3362 4481 Dei
3397 4425 3564 4482 bene-

1959 4519 2079 4574 licio
2112 4517 2240 4584 fuit,
2270 4516 2413 4588 quod
2448 4515 2683 4587 Spiritus
2712 4518 2885 4588 gratia
2918 4518 3185 4574 involaret
3205 4560 3218 4582 ,
3247 4519 3317 4574 ita
3348 4518 3567 4589 copiosa

1958 4618 2014 4664 et
2056 4611 2263 4678 ampla;
2314 4607 2511 4665 deinde
2550 4623 2738 4663 eorum
2770 4609 2983 4664 virtutis
3021 4609 3140 4678 fuit,
3180 4609 3322 4682 quod
3365 4611 3566 4665 donum

1960 4711 2163 4755 tantum
2211 4702 2526 4755 retinerent.
2561 4698 2734 4753 Vitam
2778 4700 2977 4770 quippe
3021 4703 3305 4757 sanctitate
3346 4703 3564 4772 conspi-

1957 4807 2111 4846 cuam
2151 4792 2439 4856 ducebant,
2474 4791 2807 4861 multamque
2849 4793 3167 4862 sapientiam
3204 4795 3565 4858 exhibebant.

1958 4887 2277 4957 laboresque
2300 4899 2523 4957 magnos
2547 4903 2562 4940 :
2589 4885 2754 4939 vitam
2780 4897 3100 4954 praesentem
3123 4888 3565 4954 contemnebant,

1961 4979 2190 5035 humana
2238 4978 2387 5033 nihili
2433 4977 2761 5048 pendebant,
2815 4977 2911 5032 sed
2957 4983 3266 5048 superiores
3313 4981 3566 5034 omnibus

1958 5071 2140 5138 luere;
2169 5085 2234 5126 ac
2253 5071 2391 5126 sicut
2417 5070 2612 5140 aquila:
2643 5071 2790 5125 leves
2820 5071 2871 5124 in
2902 5070 3067 5124 altum
3094 5071 3356 5136 volantes,
3387 5074 3566 5140 cperi-

1959 5167 2058 5221 lms
2086 5165 2153 5220 ad
2182 5165 2356 5234 ipsum
2386 5164 2576 5218 caelum
2610 5163 3022 5233 pertingebant,
3059 5180 3259 5234 perque
3286 5179 3445 5233 opera
3481 5164 3565 5218 iu-

1957 5268 2172 5329 gentcm
2200 5256 2433 5327 Spiritus
2455 5256 2684 5328 gratiam
2718 5255 3051 5310 obtinebant.
3106 5255 3215 5312 Ilos
3257 5255 3436 5325 itaque
3471 5271 3566 5310 nos

1957 5366 2167 5421 quoque
2191 5351 2462 5404 imitemur
2482 5367 2496 5405 :
2517 5365 2584 5404 ne
2601 5351 3006 5419 exstinguamus
3029 5349 3303 5419 lampades
3332 5357 3556 5420 nostras,

1958 5444 2050 5498 sed
2073 5443 2275 5497 lucidas
2298 5458 2395 5511 per
2416 5443 2816 5512 eleemosynam
2841 5442 3147 5496 reddamus.
3176 5441 3406 5511 IIujusce
3431 5442 3564 5511 ignis

1961 5539 2137 5592 lumen
2168 5537 2237 5590 ita
2266 5545 2533 5590 servatur.
2562 5536 2893 5605 Colligamus
2923 5536 3082 5606 igitur
3111 5535 3288 5591 oleum
3317 5539 3367 5590 in
3401 5535 3565 5593 vasis.

1959 5628 2084 5682 dum
2115 5626 2365 5680 vivimus.
2408 5625 2590 5694 Neque
2618 5627 2761 5680 enini
2796 5634 2917 5694 post
2954 5625 3251 5680 discessum
3295 5628 3435 5681 hunc
3465 5639 3562 5681 no.

1959 5727 2129 5772 struat
2171 5731 2456 5787 possumus
2488 5716 2618 5770 illud
2657 5731 2839 5772 emere
2861 5758 2874 5781 ,
2907 5733 3006 5772 nec
3045 5717 3262 5773 aliunde
3289 5718 3560 5786 accipere,

1960 5810 2061 5864 nisi
2093 5825 2186 5879 per
2208 5823 2398 5863 manus
2421 5823 2732 5879 pauperum.
2766 5808 2919 5875 Illud,
2945 5811 3182 5881 inquam,
3203 5811 3325 5878 hinc
3345 5808 3562 5866 abunde

1963 5903 2298 5974 colligamus,
2329 5902 2373 5956 si
2407 5901 2630 5958 velimus
2668 5917 2789 5958 cum
2818 5915 3016 5974 sponso
3053 5905 3258 5973 ingredi
3289 5922 3301 5957 :
3329 5905 3410 5960 sin
3455 5904 3559 5958 mi-

3193 5998 3233 6060 9
