4120 6506
621 467 725 524 “'5

1394 451 1449 505 S.
1490 443 1763 504 JOANNIS
1796 431 2264 498 ειίιιῖεοετοωι
2303 428 2620 487 ABCIIIEP.
2657 421 3190 484 CONSTANTINOP.

3797 419 3893 473 ιιι

621 593 722 633 nus
745 618 760 642 ,
789 582 938 632 extra
965 567 1258 627 thalamum
1281 558 1582 618 necessario
1612 551 1966 610 manebimus.
2305 550 2363 596 ut
2400 537 2752 594 ineﬁ'abilibus
2780 535 3021 642 fruamur
3057 536 3213 642 bonis
3232 578 3256 638 ,.
3275 550 3396 642 qua
3414 535 3755 642 uti-nauibus
3779 549 3891 642 orn-

622 625 777 724 ξεῖᾶιέ
1024 653 1382 728 impossibile,
1414 653 1653 720 inquam,
1683 652 1784 710 est,
1813 637 2024 699 etiamsi
2055 634 2203 692 mille
2309 644 2406 728 nes
2430 642 2844 728 consequamur,
2863 627 3038 728 gratia
3137 627 3464 728 benignitate
3487 625 3699 728 Paulini
3724 626 3893 728 nostri

1033 716 1220 819 opera,
1252 716 1373 800 sine
1396 716 1737 811 eleemosyna
1759 734 1824 791 ad
1843 732 1994 804 regni
2019 728 2203 785 limina
2308 719 2438 777 Iesu
2461 719 2680 819 Christi,
2712 719 2795 774 cui
2824 718 2990 819 gloria
3017 727 3071 773 et
3101 719 3383 819 imperium
3412 716 3640 788 ubique,
3677 732 3818 774 nunc
3845 726 3900 774 et

626 844 848 917 ingredi.
881 841 1006 897 Ideo
1035 838 1180 894 illam
1208 833 1496 891 admodum
1529 828 1818 886 liberaliter
1837 822 2204 884 exhibeamus,

2310 827 2546 883 semper,
2569 822 2625 869 et
2651 812 2705 867 in
2733 811 2931 867 sacula
2957 811 3297 868 sa-culorum.
3332 813 3522 866 Amen.

625 938 3883 986 *ῤ’-’,Μ

1948 1020 2296 1089 HOMILIA
2335 1019 2575 1082 XXIV.

627 1193 716 1248 25.
746 1189 871 1247 Cum
890 1196 1054 1243 autem
1082 1193 1207 1240 esset
1225 1173 1558 1250 Jer‘osolymis
1577 1176 1631 1230 in
1652 1172 1856 1229 Pascha
1871 1172 1923 1225 in
1943 1168 2026 1224 die
2049 1169 2178 1238 [esto
2194 1203 2209 1230 ,

1053 1275 1199 1331 multi
1225 1272 1544 1328 crediderunt
1572 1268 1624 1322 in
1649 1281 1786 1321 eum.

703 1375 756 1430 1.
798 1371 949 1427 Tunc
967 1383 1034 1425 ex
1075 1365 1382 1424 hominibus
1430 1361 1536 1418 illis
1566 1358 1658 1414 alii
1687 1354 1904 1428 quidem
1946 1351 1998 1407 in
2029 1360 2211 1404 errore

632 1461 963 1536 perstabant,
993 1457 1082 1514 alii
1107 1455 1390 1513 veritatem
1427 1447 1905 1521 amplexabantur;
1937 1453 2123 1536 verum
2145 1452 2210 1492 ex

633 1531 715 1611 his
741 1551 981 1610 nonnulli
1011 1549 1159 1606 brevi
1205 1554 1408 1602 tantum
1439 1539 1739 1599 retinebant
1769 1537 1933 1600 illam,
1965 1540 2021 1589 et
2055 1531 2124 1586 ab
2151 1544 2214 1584 ea

633 1644 846 1701 demum
869 1639 1202 1697 excidebant.
1222 1636 1333 1692 lies
1347 1633 1589 1690 Christus
1606 1625 1976 1690 subiudieavit,
2003 1620 2218 1695 quando

635 1737 779 1806 ipsos
831 1731 1123 1788 seminibus
1172 1725 1540 1798 comparavit,
1598 1739 1717 1794 qua:
1773 1735 1878 1776 non
1929 1713 2219 1789 profundas

637 1825 908 1888 mitterent
935 1819 1142 1876 radices
1163 1858 1180 1884 ,
1218 1817 1313 1873 sed
1346 1830 1438 1872 eas
1466 1816 1518 1870 in
1546 1811 1828 1883 superﬁcie
1855 1819 2014 1865 terra:
2042 1819 2216 1878 pone-

637 1922 778 1980 rent,
805 1926 937 1983 quos
964 1911 1072 1966 cito
1098 1908 1273 1979 perire
1301 1905 1454 1962 dixit.
1489 1905 1596 1961 Hos
1621 1916 1833 1975 quoque
1869 1900 1958 1955 hic
1984 1911 2222 1954 comme-

638 2013 812 2060 morat
830 2002 1154 2072 evangelista
1182 2014 1303 2056 cum
1329 1998 1403 2053 ait
1429 2016 1441 2051 :
1471 1996 1599 2052 Cum
1624 2004 1790 2049 autent
1815 2002 1939 2048 esset
1958 1991 2217 2060 Jerosoly-

639 2096 732 2150 niis
770 2095 822 2148 in
870 2091 1074 2148 Pascha
1099 2092 1152 2146 in
1181 2091 1263 2146 die
1291 2093 1438 2163 festo,
1467 2087 1616 2142 multi
1653 2087 1972 2142 crediderunt
1993 2085 2048 2139 in
2086 2099 2220 2149 eum,

640 2185 856 2240 uidentes
884 2184 994 2255 ejus
1019 2184 1166 2254 signa
1192 2196 1305 2252 qua:
1343 2180 1580 2250 faciebat.
1606 2179 1697 2234 24.
1731 2177 1853 2248 Ipse
1879 2186 2045 2230 autem
2071 2174 2224 2229 Iesus

641 2289 741 2326 non
766 2289 817 2328 se
843 2273 1073 2327 credebat
1101 2273 1193 2326 eis.
1218 2270 1508 2326 Firmiores
1531 2277 1684 2324 erant
1708 2266 1970 2337 discipuli,
1999 2265 2089 2337 qui
2116 2279 2222 2319 non

642 2363 806 2435 signis
830 2371 1032 2418 tantum
1053 2403 1067 2428 ,
1099 2360 1194 2417 sed
1237 2361 1399 2416 etiam
1431 2359 1673 2416 doctrina
1714 2357 1941 2428 permoti
1980 2369 2225 2412 accesse-

643 2462 786 2509 runt.
817 2451 1119 2508 Crassiores
1155 2451 1351 2522 quippe
1387 2450 1533 2521 signa
1557 2447 1977 2520 pertrahebant,
2019 2447 2227 2502 ratione

645 2542 894 2613 praeditos
921 2541 1217 2614 prophetia:
1256 2550 1311 2596 et
1352 2541 1614 2596 doctrina.
1637 2539 1910 2609 Quotquot
1947 2538 2108 2609 igitur
2134 2552 2229 2607 per

644 2635 936 2691 doctrinam
963 2633 1103 2703 capti
1131 2641 1274 2697 sunt,
1297 2631 1349 2685 hi
1379 2632 1653 2701 signorum
1678 2630 1999 2700 sequacibus
2024 2628 2229 2683 ﬁrmio-

646 2742 734 2782 res
761 2735 944 2791 erant;
991 2738 1125 2796 quos
1161 2730 1217 2779 et
1262 2721 1508 2778 Christus
1545 2721 1733 2778 beatos
1780 2720 2103 2791 praedicabat
2147 2719 2229 2776 his

649 2817 826 2873 verbis
858 2834 872 2871 :
900 2814 1043 2869 Beati
1068 2815 1156 2885 qui
1183 2831 1285 2869 non
1320 2813 1572 2879 viderunt,
1595 2821 1640 2866 et
1665 2811 1992 2866 crediderunt
2018 2811 2036 2880 (
2069 2809 2227 2865 Joan.

648 2906 740 2961 20.
771 2904 903 2974 29).
929 2903 1079 2973 Quod
1114 2912 1290 2958 autem
1322 2902 1396 2957 illi
1433 2917 1539 2956 non
1579 2901 1688 2957 veri
1723 2909 1902 2957 essent
1947 2898 2228 2971 discipuli,

651 2995 838 3066 probat
867 2994 918 3049 id
944 2992 1084 3064 quod
1111 2991 1450 3063 subiungitur
1480 3009 1494 3045 :
1522 2990 1645 3063 Ipse
1667 2990 1818 3047 Jesus
1845 3007 1946 3047 non
1986 3007 2040 3046 se
2061 2990 2234 3047 crede-

650 3087 733 3141 bat
761 3087 850 3142 eis.
883 3086 1097 3155 Quare?
1124 3084 1257 3151 Quia
1275 3085 1448 3139 omnia
1466 3085 1483 3117 ²
1514 3094 1738 3151 noverat,
1769 3083 1862 3140 25.
1894 3094 1940 3140 et
1959 3085 2081 3157 quia
2107 3100 2234 3151 apus

653 3194 753 3232 non
779 3186 883 3232 erat
903 3187 956 3231 ut
977 3177 1087 3246 quis
1109 3176 1443 3230 testimonium
1464 3176 1744 3246 perhiberet
1770 3177 1834 3231 de
1862 3175 2064 3231 homine
2085 3216 2102 3244 ,
2129 3177 2236 3248 ipse

655 3269 784 3323 enim
803 3267 985 3321 sciebat
1005 3266 1129 3339 quid
1147 3275 1270 3320 esset
1294 3268 1346 3321 in
1367 3266 1587 3320 homine.
1615 3265 1670 3321 ιιι
1687 3272 1790 3332 est,
1816 3265 1978 3322 verba
2006 3282 2112 3322 non
2143 3282 2239 3323 cu-

654 3357 824 3422 rabat,
849 3357 938 3427 qui
967 3357 1020 3411 in
1047 3357 1161 3427 ipsa
1190 3356 1350 3412 corda
1391 3365 1636 3427 penetrat
1677 3365 1731 3412 et
1760 3368 1998 3424 mentes;
2034 3368 2088 3414 et
2114 3373 2235 3414 cum

656 3447 919 3503 fervorem
941 3447 1152 3502 illorum
1182 3455 1581 3516 temporaneum
1604 3462 1724 3504 esse
1747 3449 1949 3516 sciret,
1977 3464 2083 3504 non
2105 3448 2237 3506 ﬁde-

658 3537 750 3592 bat
795 3536 874 3591 eis
923 3543 978 3589 ut
1010 3534 1258 3605 perfectis
1291 3535 1602 3605 discipulis:
1633 3550 1738 3594 non
1774 3539 1954 3593 omnia
1984 3539 2113 3609 ipsis
2141 3538 2236 3595 do.

655 3633 829 3696 gmata
858 3626 1114 3695 tradebat,
1156 3627 1304 3697 quasi
1340 3627 1494 3681 ﬁdem
1527 3627 1750 3683 ﬁrmiter
1776 3637 1957 3685 essent
1983 3630 2232 3700 amplexi.

655 3718 825 3774 Nosse
851 3728 1029 3775 autem
1055 3734 1116 3773 ea
1147 3735 1267 3789 quae
1295 3721 1349 3774 in
1394 3720 1558 3775 corde
1585 3720 1859 3777 hominum
1896 3730 2056 3788 sunt,
2097 3721 2239 3777 illius

659 3816 861 3863 tantum
888 3818 989 3875 est,
1019 3808 1118 3876 Qui
1137 3809 1557 3880 ﬁnavitsigillatim
1581 3811 1737 3865 corda
1769 3809 1954 3883 (Psal.
1979 3811 2068 3868 32.
2100 3810 2237 3885 15),

661 3914 852 3970 nempe
877 3899 1044 3953 solius
1077 3898 1192 3954 Dei.
1235 3897 1368 3954 Nam
1413 3898 1510 3965 Tu,
1544 3900 1736 3971 inquit,
1786 3903 2046 3972 cognoscis
2087 3903 2241 3958 corda

658 3993 796 4046 solus
826 3990 846 4064 (
871 3991 924 4047 ὅ.
958 3989 1086 4062 Reg.
1124 3990 1176 4047 8.
1207 3988 1276 4048 '59
1301 3993 1342 4063 ).
1386 3991 1503 4048 Non
1524 3993 1714 4064 egebat
1758 3995 2013 4063 testibus,
2054 4003 2114 4049 ut
2149 4009 2241 4052 eas

661 4098 792 4154 quas
819 4082 1148 4138 formaverat
1185 4093 1392 4139 mentes
1422 4095 1799 4155 cognosceret;
1845 4085 2073 4157 ideoque
2102 4094 2240 4143 tem-

662 4172 1152 4243 poraneaeipsorum
1170 4172 1291 4228 ﬁdei
1310 4189 1414 4228 non
1432 4174 2008 4232 conﬁdebat.Homines
2022 4177 2238 4248 quippe,

661 4263 748 4334 qui
778 4277 952 4334 neque
991 4264 1271 4334 pmseutia
1307 4279 1484 4336 neque
1513 4265 1685 4321 futura
1715 4277 1944 4334 norunt,
1977 4281 2120 4338 saepe
2144 4268 2242 4322 do-

665 4354 778 4411 lose
805 4354 1179 4411 accedentibus
1207 4365 1262 4411 et
1287 4357 1444 4426 paulo
1462 4365 1582 4424 post
1607 4358 1898 4411 recessuris
1925 4358 2107 4413 omnia
2127 4358 2243 4414 sine

664 4446 774 4501 ullo
803 4454 947 4501 metu
967 4446 1151 4501 dicunt
1174 4455 1229 4501 et
1261 4445 1495 4501 tradunt.
1519 4445 1764 4502 Christus
1785 4462 1917 4503 vero
1949 4463 2056 4503 non
2088 4449 2238 4515 item;

666 4549 788 4591 nam
813 4549 1004 4591 arcana
1031 4549 1216 4592 eorum
1243 4537 1421 4592 omnia
1462 4535 1632 4608 probe
1661 4537 1883 4594 sciebat.
1921 4538 2074 4595 Tales
2100 4555 2242 4596 nunc

664 4636 788 4683 sunt
816 4626 989 4694 multi,
1027 4627 1118 4698 qui
1159 4626 1391 4683 ﬁdelium
1418 4628 1634 4700 quidem
1664 4643 1857 4685 nomen
1887 4629 2117 4698 habent,
2145 4631 2239 4688 sed

663 4720 940 4775 versatiles
979 4728 1034 4775 et
1060 4720 1425 4776 inconstantes
1449 4729 1593 4777 sunt.
1623 4721 1749 4778 ideo
1774 4721 2024 4779 Christus
2048 4737 2156 4778 non
2182 4738 2241 4779 se

663 4808 831 4864 credit
875 4810 974 4876 eis,
1005 4810 1098 4866 sed
1152 4810 1373 4880 plurima
1404 4811 1534 4881 ipsis
1567 4814 1816 4869 occultat.
1852 4815 1922 4872 Ut
1964 4816 2105 4871 enim
2143 4830 2242 4871 nos

666 4913 774 4953 non
827 4899 1014 4956 amicis
1056 4899 1402 4971 quibuslibet,
1453 4901 1546 4956 sed
1596 4902 1737 4958 veris
1779 4903 2026 4970 ﬁdimus;
2081 4905 2150 4959 ita
2189 4914 2244 4961 et

666 4988 805 5044 Deus
834 4994 876 5044 9;
908 4989 1044 5044 Audi
1087 4990 1265 5061 itaque
1306 4990 1432 5062 quid
1462 4991 1708 5049 Christus
1740 4993 2013 5065 discipulis
2056 4996 2240 5056 dicat:

665 5079 786 5134 Non
820 5080 936 5151 jam
975 5081 1088 5135 dico
1130 5097 1216 5136 vos
1249 5097 1414 5138 seruos
1438 5100 1457 5137 :
1483 5098 1569 5139 vos
1607 5085 1740 5140 enim
1779 5087 1930 5141 amici
1966 5087 2065 5142 mei
2101 5089 2239 5145 estis.

665 5171 837 5238 llude,
859 5183 914 5229 et
941 5174 1147 5245 quare?
1177 5173 1309 5241 Quia
1334 5177 1524 5244 omnia,
1547 5194 1660 5243 qua:
1678 5179 1849 5233 audivi
1867 5196 1898 5234 a
1927 5178 2084 5235 Patre
2107 5197 2238 5248 meo,

664 5273 782 5318 nota
822 5265 918 5336 feci
943 5265 1078 5322 vobis
1109 5268 1127 5336 (
1154 5267 1310 5322 toan.
1335 5267 1420 5324 15.
1455 5269 1523 5326 11
1543 5268 1587 5340 ).
1617 5271 1818 5327 Idcirco
1842 5287 2016 5343 neque
2042 5272 2242 5329 iudicis

664 5357 814 5426 signa
841 5359 1142 5426 petentibus
1172 5358 1364 5427 dabat,
1395 5361 1519 5432 quia
1560 5361 1637 5416 ilti
1666 5371 1934 5419 tentantes
1964 5364 2240 5435 petebant.

663 5451 853 5504 Annon
886 5458 944 5503 ut
970 5449 1120 5516 olim,
1143 5450 1220 5505 sic
1241 5467 1378 5508 nune
1405 5467 1616 5526 quoque
1641 5454 1788 5527 signa
1819 5464 2003 5526 petere
2033 5465 2239 5513 tentan-

664 5543 796 5596 tium
821 5550 905 5597 est
922 5541 948 5594 i
973 5540 1104 5596 Nam
1127 5551 1250 5597 sunt
1275 5541 1536 5615 hodieque
1563 5546 1654 5617 qui
1679 5558 1922 5618 quaerunt
1949 5565 2014 5606 se
2032 5548 2235 5619 dicunt,

666 5632 770 5688 Cur
801 5647 905 5689 non
930 5633 1088 5689 etiam
1121 5649 1262 5691 nunc
1289 5635 1439 5710 signa
1467 5637 1922 5706 Ιαιιῗβηύιὸι
1949 5655 2012 5701 es
2039 5650 2096 5706 ιιι
2121 5657 2240 5702 esse

730 5763 747 5852 :
783 5761 1680 5885 tit,“ti’2:‘t=m:'°°“"‘

2320 1162 2506 1232 debes,
2539 1164 2582 1219 si
2609 1179 2758 1220 amas
2779 1164 3052 1222 Christum
3073 1175 3133 1222 ut
3161 1181 3345 1223 amare
3378 1183 3472 1238 par
3506 1175 3611 1234 est,
3637 1183 3744 1223 non
3773 1183 3906 1239 opus

2321 1253 2490 1312 babes
2513 1256 2677 1327 signis
2720 1274 2734 1311 :
2784 1256 2900 1313 hinc
2922 1258 3065 1313 enim
3095 1257 3412 1314 inﬁdelibus.
3440 1258 3654 1315 dantur.
3682 1258 3788 1315 Cur
3810 1258 3907 1316 Ju-

2323 1347 2475 1413 dmis,
2526 1349 2754 1420 inquies,
2797 1365 2903 1406 non
2943 1351 3066 1406 data
3114 1353 3282 1407 sunt?
3314 1352 3440 1407 Data
3473 1362 3618 1409 certe
3661 1363 3830 1409 sunt:
3863 1354 3909 1409 si

2324 1440 2540 1512 quando
2566 1456 2697 1498 vero
2727 1453 2976 1514 petentes
3000 1459 3106 1500 non
3153 1445 3478 1513 acceperint,
3512 1445 3643 1500 illud
3671 1446 3792 1502 ideo
3835 1446 3913 1501 ia-

2323 1541 2468 1590 ctum
2492 1543 2594 1601 est,
2620 1537 2763 1606 quod
2787 1551 2891 1592 non
2918 1547 2974 1591 ut
2996 1537 3064 1592 ab
3090 1536 3404 1592 inﬁdelitate
3427 1537 3783 1594 liberarentur
3798 1538 3914 1594 haec

2326 1624 2624 1694 petiissent,
2647 1626 2740 1681 sed
2770 1636 2824 1682 ut
2855 1642 2974 1682 sese
2996 1629 3164 1698 magis
3187 1629 3238 1682 in
3263 1628 3493 1699 nequitia
3511 1628 3913 1685 conﬁrmarent.

2327 1715 2478 1788 (Cap.
2507 1718 2566 1789 ὅ)
2593 1719 2645 1774 1.
2669 1718 2738 1772 Et
2773 1730 2880 1774 erat
2909 1720 3058 1774 homo
3086 1736 3149 1774 ea:
3175 1719 3451 1775 Phariswis
3481 1719 3794 1776 Nicodemus
3825 1737 3915 1776 no-

2326 1809 2480 1873 mine,
2500 1810 2734 1878 princeps
2748 1809 3047 1880 Judworum
3069 1827 3088 1865 :
3107 1811 3161 1866 2.
3188 1811 3268 1864 hic
3296 1812 3426 1866 venit
3453 1811 3522 1864 ad
3543 1810 3721 1866 Jesum
3749 1822 3914 1866 nocte.

2329 1897 2426 1968 Hic
2454 1899 2582 1955 etin
2615 1901 2792 1956 medio
2820 1902 3110 1972 Evangelio
3149 1901 3420 1957 Christum
3452 1901 3741 1959 defendere
3764 1902 3919 1958 vide-

2331 2001 2452 2057 tur;
2485 1991 2560 2046 ait
2583 1992 2725 2047 enim
2762 2014 2776 2049 :
2805 1991 2910 2048 Lea:
2936 2003 3108 2049 nostra
3131 1995 3379 2048 neminem
3400 1993 3620 2064 judicat,
3645 1994 3744 2048 nisi
3768 1994 3914 2063 prius

2328 2085 2502 2138 audiat
2525 2085 2588 2139 ab
2610 2101 2670 2138 eo
2695 2085 2869 2156 (Joan.
2901 2085 2952 2140 7.
2985 2086 3096 2156 51).
3131 2085 3401 2141 Adversus
3429 2086 3568 2141 hunc
3593 2084 3763 2141 Judaei
3785 2084 3923 2141 indic

2328 2174 2629 2245 gnahantur
2664 2176 2904 2231 dicentes
2936 2195 2950 2230 :
2983 2175 3254 2249 Interroga
3296 2189 3343 2232 et
3390 2179 3504 2232 vide
3529 2179 3650 2249 quia
3676 2177 3925 2250 propheta

2330 2285 2393 2324 ex
2418 2268 2634 2324 Galilwa
2673 2286 2774 2324 non
2818 2271 3037 2325 surrexit
3065 2271 3084 2341 (
3115 2269 3252 2325 Ibid.
3283 2287 3329 2324 υ.
3364 2271 3434 2326 52
3461 2267 3502 2342 ).
3546 2271 3672 2326 Post
3705 2285 3923 2325 crucem

2331 2360 2492 2415 etiam
2521 2375 2764 2432 magnam
2785 2377 2882 2432 pro
2900 2361 3161 2417 Dominici
3184 2363 3425 2432 corporis
3441 2363 3714 2432 sepultura
3737 2377 3925 2417 curant

2334 2452 2594 2508 adhibuit.
2637 2452 2803 2519 Venit,
2854 2454 3046 2523 inquit,
3095 2453 3434 2517 Nicodemus,
3479 2455 3566 2526 qui
3609 2464 3811 2510 uenerat
3859 2455 3927 2508 ad

2339 2544 2613 2600 Dominum
2663 2556 2828 2613 nocte,
2881 2546 3048 2616 ferens
3097 2547 3369 2600 mixturam
3422 2547 3670 2618 unguenti
3707 2554 3754 2602 et
3786 2547 3928 2602 aloes

2335 2639 2482 2710 quasi
2509 2639 2663 2693 libras
2682 2643 2881 2692 centum
2909 2637 3088 2709 (Joan.
3111 2638 3201 2693 19.
3230 2635 3345 2711 39).
3369 2637 3466 2693 ilic
3490 2639 3598 2708 jam
3623 2653 3764 2694 nunc
3790 2638 3929 2695 bene

2338 2731 2562 2787 aﬁ’eetus
2583 2740 2699 2788 erat
2721 2747 2845 2802 erga
2875 2731 3172 2797 Christum,
3213 2747 3311 2787 nec.
3339 2741 3516 2786 tamen
3539 2743 3797 2801 quantum
3833 2745 3930 2800 par

2335 2831 2470 2889 erat,
2501 2837 2672 2892 neque
2698 2837 2764 2876 eo
2803 2837 2910 2893 quo
2939 2821 3220 2892 Oportebat
3261 2821 3461 2885 animo,
3501 2820 3595 2876 sed
3635 2820 3809 2876 adhuc
3836 2819 3931 2892 εἰμ-

2336 2915 2486 2970 daica
2514 2913 2877 2969 imbecillitate
2901 2913 3259 2969 detinebatur.
3287 2912 3411 2968 ldeo
3433 2922 3591 2968 noctu
3619 2911 3783 2979 venit,
3803 2912 3929 2981 quia

2338 3006 2572 3062 interdiu
2597 3006 2648 3063 id
2679 3006 2853 3062 facere
2881 3005 3220 3061 formidabat.
3240 3004 3346 3059 Sed
3365 3005 3624 3075 benignus
3649 3004 3788 3059 Deus
3804 3018 3930 3059 eum

2341 3113 2518 3168 neque
2543 3099 2758 3169 repulit.
2791 3113 2963 3168 neque
2991 3096 3285 3168 redarguit,
3315 3111 3415 3152 nec
3436 3096 3678 3150 doctrina
3707 3110 3802 3150 sua
3830 3096 3933 3164 pri-

2343 3188 2486 3243 vavit
2514 3202 2735 3243 :verum
2767 3203 2888 3244 cum
2921 3186 3336 3242 mansuetudine
3366 3201 3555 3257 magna
3586 3186 3760 3257 ipsum
3792 3185 3934 3242 allo-

2340 3279 2539 3349 quitur,
2567 3277 2923 3347 sublimiaque
2944 3278 3045 3348 ipsi
3073 3277 3322 3347 dogmata
3350 3277 3559 3347 aperit;
3591 3277 3935 3347 mnigmatice

2339 3368 2554 3439 quidem
2577 3409 2592 3434 ,
2623 3369 2901 3439 aperitque
2929 3377 3130 3424 tamen.
3174 3368 3340 3424 Multo
3376 3369 3546 3439 magis
3579 3369 3721 3422 enim
3780 3369 3934 3423 venia

2338 3459 2531 3530 dignus
2558 3460 2650 3515 ille
2669 3468 2806 3527 erat,
2830 3475 2987 3530 quam
3011 3460 3047 3515 ii
3073 3459 3164 3530 qui
3188 3459 3418 3530 maligne
3431 3459 3661 3529 idipsum
3679 3458 3933 3529 agebant.

2344 3551 2424 3607 llli
2451 3553 2593 3608 enim
2615 3554 2760 3609 omni
2785 3562 2910 3608 sunt
2931 3553 3281 3608 excusatione
3298 3551 3533 3622 indigni;
3567 3551 3654 3606 hic
3681 3567 3809 3607 vero
3835 3552 3938 3609 im-

2345 3641 2651 3713 probandus
2679 3642 2894 3714 quidem
2915 3651 3053 3711 erat,
3083 3641 3178 3698 sed
3201 3658 3308 3698 non
3346 3650 3647 3710 tantopere.
3677 3640 3784 3697 Cur
3803 3658 3939 3714 ergo

2344 3735 2665 3804 evangelista
2694 3732 2827 3787 nihil
2857 3734 2960 3788 tale
2981 3734 3049 3788 de
3070 3734 3160 3789 illo
3181 3733 3358 3788 dixit?
3387 3732 3757 3802 Dixitquidem
3783 3733 3935 3800 alibi,

2346 3838 2411 3879 ex
2441 3823 2770 3893 principibus
2796 3825 2992 3879 multos
3014 3823 3066 3878 in
3096 3824 3243 3879 illum
3286 3823 3583 3879 credidisse
3614 3822 3814 3894 (Joan.
3843 3825 3937 3880 i2.

2343 3916 2471 3986 48);
2502 3915 2595 3972 sed
2623 3925 2839 3987 propter
2861 3916 3075 3972 Judzeos
3097 3932 3201 3972 non
3232 3915 3380 3972 illum
3403 3916 3680 3972 confessos
3699 3930 3842 3983 esse,
3871 3934 3941 3974 ne

2345 4017 2494 4065 extra
2521 4022 2842 4080 synagogam
2869 4008 3206 4079 ejicerentur.
3234 4009 3330 4073 llic
3354 4024 3485 4065 vero
3511 4010 3691 4064 omnia
3717 4010 3817 4064 ista
3845 4026 3942 4081 per

2346 4099 2491 4156 illum
2546 4111 2707 4174 npctu
2753 4101 2955 4155 aditum
3015 4101 3394 4156 subindicavit.
3441 4100 3581 4170 Quid
3637 4116 3768 4172 ergo
3815 4102 3941 4158 ait?

2345 4192 2530 4256 Rabbi,
2553 4195 2740 4248 scimus
2764 4193 2901 4262 quod
2925 4211 2957 4246 a
2976 4192 3086 4247 Deo
3105 4194 3283 4248 venisti
3312 4195 3548 4264 magister
3579 4210 3598 4249 :
3628 4211 3772 4248 nemo
3802 4197 3942 4251 enim

2345 4294 2506 4354 potest
2525 4290 2694 4354 facere
2737 4287 2845 4338 Iure
2885 4286 3031 4355 signa
3071 4301 3185 4356 qua:
3218 4295 3271 4338 tu
3297 4287 3446 4356 facis,
3475 4287 3576 4340 nisi
3616 4288 3769 4358 fuerit
3801 4286 3943 4345 Deus

2346 4390 2459 4428 cum
2479 4391 2557 4430 εο.
3332 4423 3338 4429 .

2416 4466 2472 4522 2.
2505 4466 2692 4523 Adhuc
2716 4465 3040 4524 Nieodemus
3067 4467 3212 4524 humi
3245 4468 3411 4538 repit,
3440 4467 3616 4524 adhuc
3643 4470 3941 4527 humanam

2346 4559 2414 4617 de
2441 4560 2657 4616 Christo
2683 4561 3006 4617 sententiam
3036 4562 3213 4628 habet,
3243 4569 3300 4617 et
3326 4562 3395 4618 de
3427 4562 3516 4619 illo
3541 4563 3695 4634 quasi
3723 4562 3792 4619 de
3813 4581 3945 4634 pro-

2347 4652 2510 4725 pheta
2566 4654 2834 4725 loquitur,
2863 4654 3022 4709 .niltil
3077 4654 3243 4709 altum
3286 4669 3350 4710 ex
3391 4655 3557 4725 signis
3599 4655 3940 4725 coniectans.

2348 4745 2583 4810 Scimus,
2613 4745 2823 4815 inquit,
2874 4746 3011 4814 quod
3057 4760 3088 4798 a
3130 4743 3240 4799 Deo
3282 4745 3459 4799 venisti
3511 4747 3768 4817 magister.
3828 4745 3943 4804 Cur

2347 4851 2476 4906 ergo
2506 4845 2664 4890 noctu
2689 4843 2744 4891 et
2768 4836 2906 4892 clam
2931 4834 3080 4890 venis
3106 4835 3172 4889 ad
3204 4851 3326 4891 eum
3357 4837 3445 4906 qui
3469 4837 3648 4896 divina
3676 4836 3939 4908 loquitur,

2349 4927 2470 4997 quia
2523 4942 2553 4981 a
2607 4927 2714 4981 Deo
2751 4927 2931 4982 venit?
2970 4941 3068 4983 cur
3099 4942 3202 4982 non
3242 4944 3364 4983 eum
3407 4927 3599 4984 ﬁducia
3650 4930 3944 5001 loqueris?

2349 5016 2544 5073 Verum
2575 5017 2674 5074 hoc
2702 5033 2806 5073 non
2836 5019 2972 5074 dixit
2995 5018 3151 5075 Jesus
3179 5020 3220 5086 ‘,
3247 5035 3422 5090 neque
3448 5021 3718 5092 redarguit
3742 5021 3898 5076 illum
3926 5041 3939 5076 :

2352 5108 2615 5165 Calamum
2645 5110 2778 5165 enim
2801 5123 3192 5181 conquassatum
3212 5128 3314 5166 non
3331 5115 3636 5184 confringet,
3665 5113 3859 5183 inquit,
3892 5125 3942 5169 ct

2347 5202 2540 5272 tignum
2568 5201 2823 5273 fumigans
2872 5217 2973 5256 non
3013 5203 3292 5273 cntingat
3341 5201 3491 5274 (Isai.
3530 5203 3620 5260 b2.
3655 5206 3707 5259 5.
3742 5203 3938 5259 Matth.

2347 5291 2432 5348 i2.
2461 5291 2594 5365 20).
2627 5291 2768 5348 Idem
2796 5307 3008 5365 quoque
3037 5308 3248 5349 rursum
3267 5336 3282 5361 ,
3326 5291 3449 5348 Non
3495 5294 3797 5359 contendet,
3849 5297 3940 5352 in—

2344 5385 2489 5456 quit,
2524 5401 2682 5454 neque
2706 5384 2944 5440 clamabit
2972 5387 2991 5455 (
3016 5385 3202 5440 Matth.
3251 5385 3338 5441 l2.
3387 5387 3493 5456 19)
3521 5405 3537 5452 ;
3569 5401 3634 5442 ac
3679 5401 3894 5443 rursum
3923 5430 3940 5456 ,

2355 5477 2476 5534 Non
2504 5478 2618 5532 mi
2645 5487 2699 5532 ut
2714 5478 2943 5549 judicent
2968 5479 3246 5541 mundum;
3273 5479 3362 5533 sed
3404 5489 3460 5532 ut
3504 5479 3701 5533 solum
3744 5479 3939 5550 faciam

2346 5570 2592 5624 mundum
2621 5568 2813 5640 (Joan.
2843 5569 2930 5625 £2.
2958 5570 3082 5640 b7).
3114 5569 3279 5624 Nemo
3309 5580 3470 5641 potest
3496 5570 3770 5643 δαέρα
3797 5572 3940 5640 {arc-

2348 5677 2438 5730 η,
2463 5676 2575 5730 q-
2603 5669 2654 5716 tu
2686 5662 2812 5732 facis
2835 5662 2953 5726 ,nisi
2985 5663 3139 5732 fuam
3165 5657 3306 5716 Deus
3329 5675 3444 5715 cum
3484 5673 3566 5719 ω.
3615 5661 3807 5720 ωας
3849 5662 3939 5719 ille

2410 5835 2427 5869 ι
2465 5828 3580 5896 ιιιεινίιιεείωμιῡιίιιι-ηωαιι
3675 5906 3677 5908 η

3503 6259 3511 6268 .
3587 6222 3756 6285 ἠδίκει

3442 6296 3482 6325 ru.
3497 6275 3562 6325 Ξῗῖῗ
3723 6281 3778 6312 δ”

3502 6331 3538 6348 ηἵν

3495 6386 3502 6391 .
3521 6369 3574 6404 λζξ
3635 6377 3648 6392 ν
3723 6387 3726 6391 .
3753 6399 3762 6402 _
3775 6365 3780 6370 ’
