  <div class='ocr_page' id='page_1' title='image "/cluster/home/n/w/nwhite01/storage/ocr_20150623/59/uva.x004914832/146.png"; bbox 0 0 4120 6516; ppageno 0'>
   <div class='ocr_carea' id='block_1_1' title="bbox 290 461 395 520">
    <p class='ocr_par' dir='ltr' id='par_1_1' title="bbox 290 461 395 520">
     <span class='ocr_line' id='line_1_1' title="bbox 290 461 395 520; baseline 0.029 -3"><span class='ocrx_word' id='word_1_1' title='bbox 290 461 395 520; x_wconf 63' lang='grc'><strong>115</strong></span> 
     </span>
    </p>
   </div>
   <div class='ocr_carea' id='block_1_2' title="bbox 295 565 1930 640">
    <p class='ocr_par' dir='ltr' id='par_1_2' title="bbox 295 565 1930 640">
     <span class='ocr_line' id='line_1_2' title="bbox 295 565 1930 640; baseline -0.007 -9"><span class='ocrx_word' id='word_1_2' title='bbox 295 574 615 632; x_wconf 85' lang='lat' dir='ltr'><strong>secundum</strong></span> <span class='ocrx_word' id='word_1_3' title='bbox 654 573 1038 629; x_wconf 70' lang='lat' dir='ltr'><strong>haereticorum</strong></span> <span class='ocrx_word' id='word_1_4' title='bbox 1069 568 1386 624; x_wconf 86' lang='lat' dir='ltr'><strong>sententiam</strong></span> <span class='ocrx_word' id='word_1_5' title='bbox 1419 567 1681 640; x_wconf 92' lang='lat' dir='ltr'><strong>loquitur,</strong></span> <span class='ocrx_word' id='word_1_6' title='bbox 1714 566 1803 639; x_wconf 89' lang='lat' dir='ltr'><strong>qui</strong></span> <span class='ocrx_word' id='word_1_7' title='bbox 1845 565 1930 622; x_wconf 86' lang='lat' dir='ltr'><strong>di-</strong></span> 
     </span>
    </p>
   </div>
   <div class='ocr_carea' id='block_1_3' title="bbox 303 660 1932 736">
    <p class='ocr_par' dir='ltr' id='par_1_3' title="bbox 303 660 1932 736">
     <span class='ocr_line' id='line_1_3' title="bbox 303 660 1932 736; baseline -0.007 -11"><span class='ocrx_word' id='word_1_8' title='bbox 303 673 379 725; x_wconf 88' lang='lat' dir='ltr'><strong>cit</strong></span> <span class='ocrx_word' id='word_1_9' title='bbox 400 711 417 736; x_wconf 88' lang='lat'><strong>,</strong></span> <span class='ocrx_word' id='word_1_10' title='bbox 447 668 520 725; x_wconf 87' lang='lat' dir='ltr'><strong>ab</strong></span> <span class='ocrx_word' id='word_1_11' title='bbox 550 668 664 723; x_wconf 79' lang='lat' dir='ltr'><strong>alio</strong></span> <span class='ocrx_word' id='word_1_12' title='bbox 688 668 898 723; x_wconf 78' lang='lat' dir='ltr'><strong>moveri</strong></span> <span class='ocrx_word' id='word_1_13' title='bbox 923 709 938 733; x_wconf 91' lang='lat'><strong>,</strong></span> <span class='ocrx_word' id='word_1_14' title='bbox 970 673 1020 720; x_wconf 91' lang='lat' dir='ltr'><strong>et</strong></span> <span class='ocrx_word' id='word_1_15' title='bbox 1045 663 1269 719; x_wconf 91' lang='lat' dir='ltr'><strong>aliorum</strong></span> <span class='ocrx_word' id='word_1_16' title='bbox 1296 677 1398 732; x_wconf 89' lang='lat' dir='ltr'><strong>ope</strong></span> <span class='ocrx_word' id='word_1_17' title='bbox 1427 663 1667 732; x_wconf 77' lang='lat' dir='ltr'><strong>indigere</strong></span> <span class='ocrx_word' id='word_1_18' title='bbox 1689 705 1704 729; x_wconf 93' lang='lat'><strong>,</strong></span> <span class='ocrx_word' id='word_1_19' title='bbox 1736 670 1793 716; x_wconf 91' lang='lat' dir='ltr'><strong>ut</strong></span> <span class='ocrx_word' id='word_1_20' title='bbox 1829 660 1932 715; x_wconf 92' lang='lat' dir='ltr'><strong>hoc</strong></span> 
     </span>
    </p>
   </div>
   <div class='ocr_carea' id='block_1_4' title="bbox 311 753 1932 831">
    <p class='ocr_par' dir='ltr' id='par_1_4' title="bbox 311 753 1932 831">
     <span class='ocr_line' id='line_1_4' title="bbox 311 753 1932 831; baseline -0.007 -13"><span class='ocrx_word' id='word_1_21' title='bbox 311 761 504 818; x_wconf 79' lang='lat' dir='ltr'><strong>faciat.</strong></span> <span class='ocrx_word' id='word_1_22' title='bbox 542 760 688 829; x_wconf 91' lang='lat' dir='ltr'><strong>Quid</strong></span> <span class='ocrx_word' id='word_1_23' title='bbox 724 775 855 831; x_wconf 88' lang='lat' dir='ltr'><strong>ergo</strong></span> <span class='ocrx_word' id='word_1_24' title='bbox 895 756 1177 812; x_wconf 76' lang='lat' dir='ltr'><strong>Christus?</strong></span> <span class='ocrx_word' id='word_1_25' title='bbox 1220 755 1353 810; x_wconf 74' lang='lat' dir='ltr'><strong>Vide</strong></span> <span class='ocrx_word' id='word_1_26' title='bbox 1396 753 1742 825; x_wconf 66' lang='lat' dir='ltr'><strong>indulgentias</strong></span> <span class='ocrx_word' id='word_1_27' title='bbox 1790 753 1932 808; x_wconf 88' lang='lat' dir='ltr'><strong>illius</strong></span> 
     </span>
    </p>
   </div>
   <div class='ocr_carea' id='block_1_5' title="bbox 324 847 1923 924">
    <p class='ocr_par' dir='ltr' id='par_1_5' title="bbox 324 847 1923 924">
     <span class='ocr_line' id='line_1_5' title="bbox 324 847 1923 924; baseline -0.004 -17"><span class='ocrx_word' id='word_1_28' title='bbox 324 852 782 924; x_wconf 72' lang='lat' dir='ltr'><strong>magnitudinem.</strong></span> <span class='ocrx_word' id='word_1_29' title='bbox 813 849 928 904; x_wconf 75' lang='lat' dir='ltr'><strong>Non</strong></span> <span class='ocrx_word' id='word_1_30' title='bbox 959 849 1112 916; x_wconf 85' lang='lat' dir='ltr'><strong>dixit,</strong></span> <span class='ocrx_word' id='word_1_31' title='bbox 1145 848 1389 903; x_wconf 82' lang='lat' dir='ltr'><strong>Aliorum</strong></span> <span class='ocrx_word' id='word_1_32' title='bbox 1418 847 1623 901; x_wconf 88' lang='lat' dir='ltr'><strong>auxilio</strong></span> <span class='ocrx_word' id='word_1_33' title='bbox 1650 861 1755 900; x_wconf 93' lang='lat' dir='ltr'><strong>non</strong></span> <span class='ocrx_word' id='word_1_34' title='bbox 1773 859 1923 916; x_wconf 88' lang='lat' dir='ltr'><strong>egeo,</strong></span> 
     </span>
    </p>
   </div>
   <div class='ocr_carea' id='block_1_6' title="bbox 326 936 1928 1013">
    <p class='ocr_par' dir='ltr' id='par_1_6' title="bbox 326 936 1928 1013">
     <span class='ocr_line' id='line_1_6' title="bbox 326 936 1928 1013; baseline -0.003 -16"><span class='ocrx_word' id='word_1_35' title='bbox 326 942 419 997; x_wconf 86' lang='lat' dir='ltr'><strong>sed</strong></span> <span class='ocrx_word' id='word_1_36' title='bbox 450 958 578 998; x_wconf 92' lang='lat' dir='ltr'><strong>cum</strong></span> <span class='ocrx_word' id='word_1_37' title='bbox 613 949 881 1013; x_wconf 81' lang='lat' dir='ltr'><strong>potestate</strong></span> <span class='ocrx_word' id='word_1_38' title='bbox 911 940 1089 994; x_wconf 86' lang='lat' dir='ltr'><strong>omnia</strong></span> <span class='ocrx_word' id='word_1_39' title='bbox 1120 939 1257 995; x_wconf 81' lang='lat' dir='ltr'><strong>facio</strong></span> <span class='ocrx_word' id='word_1_40' title='bbox 1291 956 1305 992; x_wconf 88' lang='lat'><strong>:</strong></span> <span class='ocrx_word' id='word_1_41' title='bbox 1338 953 1462 993; x_wconf 88' lang='lat' dir='ltr'><strong>nam</strong></span> <span class='ocrx_word' id='word_1_42' title='bbox 1489 952 1648 993; x_wconf 86' lang='lat' dir='ltr'><strong>verus</strong></span> <span class='ocrx_word' id='word_1_43' title='bbox 1672 953 1789 993; x_wconf 89' lang='lat' dir='ltr'><strong>sum</strong></span> <span class='ocrx_word' id='word_1_44' title='bbox 1834 936 1928 992; x_wconf 87' lang='lat' dir='ltr'><strong>Dei</strong></span> 
     </span>
    </p>
   </div>
   <div class='ocr_carea' id='block_1_7' title="bbox 324 1031 1924 1104">
    <p class='ocr_par' dir='ltr' id='par_1_7' title="bbox 324 1031 1924 1104">
     <span class='ocr_line' id='line_1_7' title="bbox 324 1031 1924 1104; baseline -0.003 -12"><span class='ocrx_word' id='word_1_45' title='bbox 324 1036 517 1103; x_wconf 77' lang='lat' dir='ltr'><strong>Filius,</strong></span> <span class='ocrx_word' id='word_1_46' title='bbox 550 1047 606 1094; x_wconf 93' lang='lat' dir='ltr'><strong>et</strong></span> <span class='ocrx_word' id='word_1_47' title='bbox 635 1034 881 1092; x_wconf 70' lang='lat' dir='ltr'><strong>eamdem</strong></span> <span class='ocrx_word' id='word_1_48' title='bbox 914 1048 1072 1104; x_wconf 89' lang='lat' dir='ltr'><strong>quam</strong></span> <span class='ocrx_word' id='word_1_49' title='bbox 1105 1033 1331 1089; x_wconf 75' lang='lat' dir='ltr'><strong>Genitor</strong></span> <span class='ocrx_word' id='word_1_50' title='bbox 1359 1041 1680 1103; x_wconf 90' lang='lat' dir='ltr'><strong>potestatem</strong></span> <span class='ocrx_word' id='word_1_51' title='bbox 1714 1031 1924 1087; x_wconf 84' lang='lat' dir='ltr'><strong>habeo:</strong></span> 
     </span>
    </p>
   </div>
   <div class='ocr_carea' id='block_1_8' title="bbox 323 1123 1925 1191">
    <p class='ocr_par' dir='ltr' id='par_1_8' title="bbox 323 1123 1925 1191">
     <span class='ocr_line' id='line_1_8' title="bbox 323 1123 1925 1191; baseline -0.004 -6"><span class='ocrx_word' id='word_1_52' title='bbox 323 1129 543 1185; x_wconf 91' lang='lat' dir='ltr'><strong>interim</strong></span> <span class='ocrx_word' id='word_1_53' title='bbox 575 1143 704 1182; x_wconf 82' lang='lat' dir='ltr'><strong>vero</strong></span> <span class='ocrx_word' id='word_1_54' title='bbox 734 1125 786 1180; x_wconf 91' lang='lat' dir='ltr'><strong>id</strong></span> <span class='ocrx_word' id='word_1_55' title='bbox 818 1124 1015 1181; x_wconf 75' lang='lat' dir='ltr'><strong>efferre</strong></span> <span class='ocrx_word' id='word_1_56' title='bbox 1042 1124 1245 1191; x_wconf 83' lang='lat' dir='ltr'><strong>noluit,</strong></span> <span class='ocrx_word' id='word_1_57' title='bbox 1293 1132 1350 1179; x_wconf 90' lang='lat' dir='ltr'><strong>ut</strong></span> <span class='ocrx_word' id='word_1_58' title='bbox 1397 1123 1633 1179; x_wconf 84' lang='lat' dir='ltr'><strong>audienti</strong></span> <span class='ocrx_word' id='word_1_59' title='bbox 1675 1137 1794 1180; x_wconf 84' lang='lat' dir='ltr'><strong>sese</strong></span> <span class='ocrx_word' id='word_1_60' title='bbox 1837 1138 1925 1178; x_wconf 84' lang='lat' dir='ltr'><strong>ac-</strong></span> 
     </span>
    </p>
   </div>
   <div class='ocr_carea' id='block_1_9' title="bbox 323 1212 1926 1290">
    <p class='ocr_par' dir='ltr' id='par_1_9' title="bbox 323 1212 1926 1290">
     <span class='ocr_line' id='line_1_9' title="bbox 323 1212 1926 1290; baseline -0.001 -15"><span class='ocrx_word' id='word_1_61' title='bbox 323 1219 716 1277; x_wconf 85' lang='lat' dir='ltr'><strong>commodaret.</strong></span> <span class='ocrx_word' id='word_1_62' title='bbox 745 1220 878 1276; x_wconf 81' lang='lat' dir='ltr'><strong>Nam</strong></span> <span class='ocrx_word' id='word_1_63' title='bbox 908 1212 1049 1290; x_wconf 86' lang='lat' dir='ltr'><strong>quod</strong></span> <span class='ocrx_word' id='word_1_64' title='bbox 1074 1234 1292 1290; x_wconf 90' lang='lat' dir='ltr'><strong>semper</strong></span> <span class='ocrx_word' id='word_1_65' title='bbox 1319 1220 1443 1275; x_wconf 83' lang='lat' dir='ltr'><strong>dico</strong></span> <span class='ocrx_word' id='word_1_66' title='bbox 1467 1260 1482 1285; x_wconf 90' lang='lat'><strong>,</strong></span> <span class='ocrx_word' id='word_1_67' title='bbox 1521 1219 1620 1275; x_wconf 90' lang='lat' dir='ltr'><strong>hoc</strong></span> <span class='ocrx_word' id='word_1_68' title='bbox 1649 1233 1791 1274; x_wconf 91' lang='lat' dir='ltr'><strong>nunc</strong></span> <span class='ocrx_word' id='word_1_69' title='bbox 1837 1232 1926 1274; x_wconf 88' lang='lat' dir='ltr'><strong>re-</strong></span> 
     </span>
    </p>
   </div>
   <div class='ocr_carea' id='block_1_10' title="bbox 323 1310 1927 1384">
    <p class='ocr_par' dir='ltr' id='par_1_10' title="bbox 323 1310 1927 1384">
     <span class='ocr_line' id='line_1_10' title="bbox 323 1310 1927 1384; baseline -0.002 -16"><span class='ocrx_word' id='word_1_70' title='bbox 323 1323 503 1384; x_wconf 84' lang='lat' dir='ltr'><strong>petam</strong></span> <span class='ocrx_word' id='word_1_71' title='bbox 531 1354 546 1376; x_wconf 90' lang='lat'><strong>,</strong></span> <span class='ocrx_word' id='word_1_72' title='bbox 575 1311 627 1366; x_wconf 91' lang='lat' dir='ltr'><strong>id</strong></span> <span class='ocrx_word' id='word_1_73' title='bbox 655 1311 928 1367; x_wconf 83' lang='lat' dir='ltr'><strong>Christum</strong></span> <span class='ocrx_word' id='word_1_74' title='bbox 958 1312 1169 1366; x_wconf 87' lang='lat' dir='ltr'><strong>interim</strong></span> <span class='ocrx_word' id='word_1_75' title='bbox 1199 1311 1468 1367; x_wconf 87' lang='lat' dir='ltr'><strong>studuisse</strong></span> <span class='ocrx_word' id='word_1_76' title='bbox 1487 1353 1502 1378; x_wconf 92' lang='lat'><strong>,</strong></span> <span class='ocrx_word' id='word_1_77' title='bbox 1532 1325 1637 1366; x_wconf 93' lang='lat' dir='ltr'><strong>non</strong></span> <span class='ocrx_word' id='word_1_78' title='bbox 1671 1319 1727 1365; x_wconf 91' lang='lat' dir='ltr'><strong>ut</strong></span> <span class='ocrx_word' id='word_1_79' title='bbox 1754 1310 1927 1381; x_wconf 86' lang='lat' dir='ltr'><strong>digni-</strong></span> 
     </span>
    </p>
   </div>
   <div class='ocr_carea' id='block_1_11' title="bbox 323 1402 1924 1476">
    <p class='ocr_par' dir='ltr' id='par_1_11' title="bbox 323 1402 1924 1476">
     <span class='ocr_line' id='line_1_11' title="bbox 323 1402 1924 1476; baseline 0 -17"><span class='ocrx_word' id='word_1_80' title='bbox 323 1415 486 1460; x_wconf 76' lang='lat' dir='ltr'><strong>tatem</strong></span> <span class='ocrx_word' id='word_1_81' title='bbox 520 1418 671 1458; x_wconf 87' lang='lat' dir='ltr'><strong>suam</strong></span> <span class='ocrx_word' id='word_1_82' title='bbox 701 1404 999 1471; x_wconf 86' lang='lat' dir='ltr'><strong>revelaret,</strong></span> <span class='ocrx_word' id='word_1_83' title='bbox 1047 1403 1140 1460; x_wconf 88' lang='lat' dir='ltr'><strong>sed</strong></span> <span class='ocrx_word' id='word_1_84' title='bbox 1187 1412 1244 1458; x_wconf 92' lang='lat' dir='ltr'><strong>ut</strong></span> <span class='ocrx_word' id='word_1_85' title='bbox 1289 1402 1638 1476; x_wconf 87' lang='lat' dir='ltr'><strong>persuaderet</strong></span> <span class='ocrx_word' id='word_1_86' title='bbox 1686 1417 1745 1458; x_wconf 87' lang='lat' dir='ltr'><strong>se</strong></span> <span class='ocrx_word' id='word_1_87' title='bbox 1792 1403 1924 1459; x_wconf 88' lang='lat' dir='ltr'><strong>nihil</strong></span> 
     </span>
    </p>
   </div>
   <div class='ocr_carea' id='block_1_12' title="bbox 323 1495 1924 1568">
    <p class='ocr_par' dir='ltr' id='par_1_12' title="bbox 323 1495 1924 1568">
     <span class='ocr_line' id='line_1_12' title="bbox 323 1495 1924 1568; baseline 0 -16"><span class='ocrx_word' id='word_1_88' title='bbox 323 1505 513 1552; x_wconf 79' lang='lat' dir='ltr'><strong>Contra</strong></span> <span class='ocrx_word' id='word_1_89' title='bbox 545 1495 719 1550; x_wconf 84' lang='lat' dir='ltr'><strong>Patris</strong></span> <span class='ocrx_word' id='word_1_90' title='bbox 752 1495 1081 1551; x_wconf 75' lang='lat' dir='ltr'><strong>voluntatem</strong></span> <span class='ocrx_word' id='word_1_91' title='bbox 1113 1495 1314 1553; x_wconf 87' lang='lat' dir='ltr'><strong>facere.</strong></span> <span class='ocrx_word' id='word_1_92' title='bbox 1361 1496 1597 1568; x_wconf 84' lang='lat' dir='ltr'><strong>Ideoque</strong></span> <span class='ocrx_word' id='word_1_93' title='bbox 1640 1497 1692 1551; x_wconf 90' lang='lat' dir='ltr'><strong>in</strong></span> <span class='ocrx_word' id='word_1_94' title='bbox 1745 1496 1924 1553; x_wconf 80' lang='lat' dir='ltr'><strong>verbis</strong></span> 
     </span>
    </p>
   </div>
   <div class='ocr_carea' id='block_1_13' title="bbox 323 1586 1918 1657">
    <p class='ocr_par' dir='ltr' id='par_1_13' title="bbox 323 1586 1918 1657">
     <span class='ocr_line' id='line_1_13' title="bbox 323 1586 1918 1657; baseline 0.001 -16"><span class='ocrx_word' id='word_1_95' title='bbox 323 1601 466 1657; x_wconf 73' lang='lat' dir='ltr'><strong>saepe</strong></span> <span class='ocrx_word' id='word_1_96' title='bbox 494 1586 805 1642; x_wconf 80' lang='lat' dir='ltr'><strong>moderatus</strong></span> <span class='ocrx_word' id='word_1_97' title='bbox 828 1586 1254 1656; x_wconf 88' lang='lat' dir='ltr'><strong>deprehenditur</strong></span> <span class='ocrx_word' id='word_1_98' title='bbox 1276 1628 1291 1654; x_wconf 91' lang='lat'><strong>,</strong></span> <span class='ocrx_word' id='word_1_99' title='bbox 1327 1587 1378 1642; x_wconf 93' lang='lat' dir='ltr'><strong>in</strong></span> <span class='ocrx_word' id='word_1_100' title='bbox 1406 1587 1571 1644; x_wconf 86' lang='lat' dir='ltr'><strong>rebus</strong></span> <span class='ocrx_word' id='word_1_101' title='bbox 1613 1603 1719 1643; x_wconf 91' lang='lat' dir='ltr'><strong>non</strong></span> <span class='ocrx_word' id='word_1_102' title='bbox 1771 1588 1918 1644; x_wconf 92' lang='lat' dir='ltr'><strong>item.</strong></span> 
     </span>
    </p>
   </div>
   <div class='ocr_carea' id='block_1_14' title="bbox 321 1677 1925 1748">
    <p class='ocr_par' dir='ltr' id='par_1_14' title="bbox 321 1677 1925 1748">
     <span class='ocr_line' id='line_1_14' title="bbox 321 1677 1925 1748; baseline 0.001 -15"><span class='ocrx_word' id='word_1_103' title='bbox 321 1678 454 1733; x_wconf 90' lang='lat' dir='ltr'><strong>Cum</strong></span> <span class='ocrx_word' id='word_1_104' title='bbox 485 1679 633 1733; x_wconf 90' lang='lat' dir='ltr'><strong>enim</strong></span> <span class='ocrx_word' id='word_1_105' title='bbox 661 1678 918 1733; x_wconf 88' lang='lat' dir='ltr'><strong>miracula</strong></span> <span class='ocrx_word' id='word_1_106' title='bbox 948 1677 1100 1745; x_wconf 87' lang='lat' dir='ltr'><strong>edit,</strong></span> <span class='ocrx_word' id='word_1_107' title='bbox 1127 1692 1250 1734; x_wconf 92' lang='lat' dir='ltr'><strong>cum</strong></span> <span class='ocrx_word' id='word_1_108' title='bbox 1281 1687 1548 1748; x_wconf 83' lang='lat' dir='ltr'><strong>potestate</strong></span> <span class='ocrx_word' id='word_1_109' title='bbox 1577 1678 1756 1734; x_wconf 81' lang='lat' dir='ltr'><strong>omnia</strong></span> <span class='ocrx_word' id='word_1_110' title='bbox 1797 1678 1925 1735; x_wconf 84' lang='lat' dir='ltr'><strong>facit</strong></span> 
     </span>
    </p>
   </div>
   <div class='ocr_carea' id='block_1_15' title="bbox 320 1767 1920 1841">
    <p class='ocr_par' dir='ltr' id='par_1_15' title="bbox 320 1767 1920 1841">
     <span class='ocr_line' id='line_1_15' title="bbox 320 1767 1920 1841; baseline 0.003 -18"><span class='ocrx_word' id='word_1_111' title='bbox 320 1769 506 1824; x_wconf 90' lang='lat' dir='ltr'><strong>dicens</strong></span> <span class='ocrx_word' id='word_1_112' title='bbox 537 1785 550 1822; x_wconf 89' lang='lat'><strong>:</strong></span> <span class='ocrx_word' id='word_1_113' title='bbox 594 1767 740 1834; x_wconf 85' lang='lat' dir='ltr'><strong>Volo,</strong></span> <span class='ocrx_word' id='word_1_114' title='bbox 770 1768 1038 1823; x_wconf 88' lang='lat' dir='ltr'><strong>mundare.</strong></span> <span class='ocrx_word' id='word_1_115' title='bbox 1071 1767 1311 1834; x_wconf 79' lang='lat' dir='ltr'><strong>Talitlta,</strong></span> <span class='ocrx_word' id='word_1_116' title='bbox 1339 1786 1490 1841; x_wconf 81' lang='lat' dir='ltr'><strong>surge</strong></span> <span class='ocrx_word' id='word_1_117' title='bbox 1515 1769 1708 1841; x_wconf 76' lang='lat' dir='ltr'><strong>(Marc.</strong></span> <span class='ocrx_word' id='word_1_118' title='bbox 1744 1771 1796 1826; x_wconf 86' lang='grc'><strong>1.</strong></span> <span class='ocrx_word' id='word_1_119' title='bbox 1828 1771 1920 1828; x_wconf 65' lang='lat' dir='ltr'><strong>ll.</strong></span> 
     </span>
    </p>
   </div>
   <div class='ocr_carea' id='block_1_16' title="bbox 320 1859 1920 1936">
    <p class='ocr_par' dir='ltr' id='par_1_16' title="bbox 320 1859 1920 1936">
     <span class='ocr_line' id='line_1_16' title="bbox 320 1859 1920 1936; baseline 0.003 -22"><span class='ocrx_word' id='word_1_120' title='bbox 320 1871 365 1914; x_wconf 82' lang='lat' dir='ltr'><strong>et</strong></span> <span class='ocrx_word' id='word_1_121' title='bbox 413 1861 466 1916; x_wconf 81' lang='lat'><strong>5.</strong></span> <span class='ocrx_word' id='word_1_122' title='bbox 498 1861 622 1932; x_wconf 71' lang='grc'><strong>41).</strong></span> <span class='ocrx_word' id='word_1_123' title='bbox 667 1859 902 1916; x_wconf 77' lang='lat' dir='ltr'><strong>Extende</strong></span> <span class='ocrx_word' id='word_1_124' title='bbox 946 1878 1172 1915; x_wconf 87' lang='lat' dir='ltr'><strong>manum.</strong></span> <span class='ocrx_word' id='word_1_125' title='bbox 1205 1860 1544 1918; x_wconf 84' lang='lat' dir='ltr'><strong>Dimittuntur</strong></span> <span class='ocrx_word' id='word_1_126' title='bbox 1589 1864 1678 1918; x_wconf 88' lang='lat' dir='ltr'><strong>tibi</strong></span> <span class='ocrx_word' id='word_1_127' title='bbox 1715 1874 1920 1936; x_wconf 87' lang='lat' dir='ltr'><strong>peccata</strong></span> 
     </span>
    </p>
   </div>
   <div class='ocr_carea' id='block_1_17' title="bbox 320 1949 1920 2028">
    <p class='ocr_par' dir='ltr' id='par_1_17' title="bbox 320 1949 1920 2028">
     <span class='ocr_line' id='line_1_17' title="bbox 320 1949 1920 2028; baseline 0.006 -27"><span class='ocrx_word' id='word_1_128' title='bbox 320 1949 548 2016; x_wconf 75' lang='lat' dir='ltr'><strong>(Matth.</strong></span> <span class='ocrx_word' id='word_1_129' title='bbox 581 1951 667 2006; x_wconf 72' lang='lat' dir='ltr'><strong>l2.</strong></span> <span class='ocrx_word' id='word_1_130' title='bbox 701 1952 786 2007; x_wconf 76' lang='grc'><strong>13.</strong></span> <span class='ocrx_word' id='word_1_131' title='bbox 823 1961 871 2006; x_wconf 86' lang='lat' dir='ltr'><strong>et</strong></span> <span class='ocrx_word' id='word_1_132' title='bbox 899 1952 952 2008; x_wconf 89' lang='lat'><strong>9.</strong></span> <span class='ocrx_word' id='word_1_133' title='bbox 983 1951 1075 2024; x_wconf 82' lang='lat'><strong>5).</strong></span> <span class='ocrx_word' id='word_1_134' title='bbox 1109 1951 1261 2021; x_wconf 90' lang='lat' dir='ltr'><strong>Tace,</strong></span> <span class='ocrx_word' id='word_1_135' title='bbox 1285 1953 1585 2010; x_wconf 73' lang='lat' dir='ltr'><strong>obmutesce.</strong></span> <span class='ocrx_word' id='word_1_136' title='bbox 1614 1954 1761 2011; x_wconf 81' lang='lat' dir='ltr'><strong>Tolle</strong></span> <span class='ocrx_word' id='word_1_137' title='bbox 1797 1974 1920 2028; x_wconf 84' lang='lat' dir='ltr'><strong>gra-</strong></span> 
     </span>
    </p>
   </div>
   <div class='ocr_carea' id='block_1_18' title="bbox 318 2036 1921 2119">
    <p class='ocr_par' dir='ltr' id='par_1_18' title="bbox 318 2036 1921 2119">
     <span class='ocr_line' id='line_1_18' title="bbox 318 2036 1921 2119; baseline 0.006 -25"><span class='ocrx_word' id='word_1_138' title='bbox 318 2042 491 2096; x_wconf 81' lang='lat' dir='ltr'><strong>batum</strong></span> <span class='ocrx_word' id='word_1_139' title='bbox 532 2052 691 2111; x_wconf 84' lang='lat' dir='ltr'><strong>tuum,</strong></span> <span class='ocrx_word' id='word_1_140' title='bbox 720 2053 767 2097; x_wconf 88' lang='lat' dir='ltr'><strong>et</strong></span> <span class='ocrx_word' id='word_1_141' title='bbox 791 2036 918 2098; x_wconf 78' lang='lat' dir='ltr'><strong>vade</strong></span> <span class='ocrx_word' id='word_1_142' title='bbox 953 2044 1007 2099; x_wconf 87' lang='lat' dir='ltr'><strong>in</strong></span> <span class='ocrx_word' id='word_1_143' title='bbox 1033 2044 1240 2100; x_wconf 86' lang='lat' dir='ltr'><strong>domum</strong></span> <span class='ocrx_word' id='word_1_144' title='bbox 1279 2053 1417 2100; x_wconf 86' lang='lat' dir='ltr'><strong>tuam</strong></span> <span class='ocrx_word' id='word_1_145' title='bbox 1449 2045 1655 2119; x_wconf 71' lang='lat' dir='ltr'><strong>(Marc.</strong></span> <span class='ocrx_word' id='word_1_146' title='bbox 1679 2048 1732 2104; x_wconf 78' lang='grc'><strong>4.</strong></span> <span class='ocrx_word' id='word_1_147' title='bbox 1757 2048 1844 2105; x_wconf 81' lang='grc'><strong>59.</strong></span> <span class='ocrx_word' id='word_1_148' title='bbox 1874 2059 1921 2104; x_wconf 87' lang='lat' dir='ltr'><strong>et</strong></span> 
     </span>
    </p>
   </div>
   <div class='ocr_carea' id='block_1_19' title="bbox 316 2118 1916 2212">
    <p class='ocr_par' dir='ltr' id='par_1_19' title="bbox 316 2118 1916 2212">
     <span class='ocr_line' id='line_1_19' title="bbox 316 2118 1916 2212; baseline 0.003 -22"><span class='ocrx_word' id='word_1_149' title='bbox 316 2136 372 2190; x_wconf 73' lang='lat'><strong>2.</strong></span> <span class='ocrx_word' id='word_1_150' title='bbox 397 2135 510 2205; x_wconf 83' lang='grc'><strong>11).</strong></span> <span class='ocrx_word' id='word_1_151' title='bbox 533 2135 643 2191; x_wconf 83' lang='lat' dir='ltr'><strong>Tibi</strong></span> <span class='ocrx_word' id='word_1_152' title='bbox 661 2136 799 2200; x_wconf 88' lang='lat' dir='ltr'><strong>dico,</strong></span> <span class='ocrx_word' id='word_1_153' title='bbox 818 2118 1010 2191; x_wconf 83' lang='lat' dir='ltr'><strong>malum</strong></span> <span class='ocrx_word' id='word_1_154' title='bbox 1033 2137 1360 2204; x_wconf 68' lang='lat' dir='ltr'><strong>daemonium,</strong></span> <span class='ocrx_word' id='word_1_155' title='bbox 1381 2118 1484 2194; x_wconf 73' lang='lat' dir='ltr'><strong>Exi</strong></span> <span class='ocrx_word' id='word_1_156' title='bbox 1507 2140 1570 2194; x_wconf 87' lang='lat' dir='ltr'><strong>ab</strong></span> <span class='ocrx_word' id='word_1_157' title='bbox 1593 2141 1704 2212; x_wconf 91' lang='lat' dir='ltr'><strong>ipso</strong></span> <span class='ocrx_word' id='word_1_158' title='bbox 1722 2139 1916 2212; x_wconf 76' lang='lat' dir='ltr'><strong>(Marc.</strong></span> 
     </span>
    </p>
   </div>
   <div class='ocr_carea' id='block_1_20' title="bbox 317 2225 1919 2304">
    <p class='ocr_par' dir='ltr' id='par_1_20' title="bbox 317 2225 1919 2304">
     <span class='ocr_line' id='line_1_20' title="bbox 317 2225 1919 2304; baseline 0.005 -24"><span class='ocrx_word' id='word_1_159' title='bbox 317 2226 370 2280; x_wconf 78' lang='lat'><strong>5.</strong></span> <span class='ocrx_word' id='word_1_160' title='bbox 403 2227 481 2298; x_wconf 92' lang='lat'><strong>8).</strong></span> <span class='ocrx_word' id='word_1_161' title='bbox 516 2225 634 2281; x_wconf 79' lang='lat' dir='ltr'><strong>Fiat</strong></span> <span class='ocrx_word' id='word_1_162' title='bbox 665 2229 753 2282; x_wconf 84' lang='lat' dir='ltr'><strong>tibi</strong></span> <span class='ocrx_word' id='word_1_163' title='bbox 777 2228 905 2284; x_wconf 88' lang='lat' dir='ltr'><strong>sicut</strong></span> <span class='ocrx_word' id='word_1_164' title='bbox 930 2230 1004 2284; x_wconf 83' lang='lat' dir='ltr'><strong>vis</strong></span> <span class='ocrx_word' id='word_1_165' title='bbox 1027 2231 1045 2302; x_wconf 88' lang='lat'><strong>(</strong></span> <span class='ocrx_word' id='word_1_166' title='bbox 1066 2228 1256 2284; x_wconf 74' lang='lat' dir='ltr'><strong>Matth.</strong></span> <span class='ocrx_word' id='word_1_167' title='bbox 1284 2230 1372 2286; x_wconf 83' lang='grc'><strong>15.</strong></span> <span class='ocrx_word' id='word_1_168' title='bbox 1404 2228 1520 2304; x_wconf 64' lang='grc' dir='ltr'><strong>τε).</strong></span> <span class='ocrx_word' id='word_1_169' title='bbox 1551 2230 1612 2287; x_wconf 87' lang='lat' dir='ltr'><strong>Si</strong></span> <span class='ocrx_word' id='word_1_170' title='bbox 1639 2233 1753 2303; x_wconf 83' lang='lat' dir='ltr'><strong>quis</strong></span> <span class='ocrx_word' id='word_1_171' title='bbox 1782 2231 1919 2288; x_wconf 83' lang='lat' dir='ltr'><strong>vobis</strong></span> 
     </span>
    </p>
   </div>
   <div class='ocr_carea' id='block_1_21' title="bbox 313 2317 1910 2395">
    <p class='ocr_par' dir='ltr' id='par_1_21' title="bbox 313 2317 1910 2395">
     <span class='ocr_line' id='line_1_21' title="bbox 313 2317 1910 2395; baseline 0.004 -24"><span class='ocrx_word' id='word_1_172' title='bbox 313 2317 504 2372; x_wconf 72' lang='lat' dir='ltr'><strong>dixerit</strong></span> <span class='ocrx_word' id='word_1_173' title='bbox 551 2319 783 2389; x_wconf 86' lang='lat' dir='ltr'><strong>aliquid,</strong></span> <span class='ocrx_word' id='word_1_174' title='bbox 837 2319 988 2375; x_wconf 82' lang='lat' dir='ltr'><strong>dicite</strong></span> <span class='ocrx_word' id='word_1_175' title='bbox 1030 2321 1152 2392; x_wconf 84' lang='lat' dir='ltr'><strong>quia</strong></span> <span class='ocrx_word' id='word_1_176' title='bbox 1192 2319 1446 2377; x_wconf 84' lang='lat' dir='ltr'><strong>Dominus</strong></span> <span class='ocrx_word' id='word_1_177' title='bbox 1476 2322 1556 2378; x_wconf 84' lang='lat' dir='ltr'><strong>Itis</strong></span> <span class='ocrx_word' id='word_1_178' title='bbox 1586 2340 1716 2395; x_wconf 82' lang='lat' dir='ltr'><strong>Opus</strong></span> <span class='ocrx_word' id='word_1_179' title='bbox 1743 2323 1910 2380; x_wconf 74' lang='lat' dir='ltr'><strong>liabet.</strong></span> 
     </span>
    </p>
   </div>
   <div class='ocr_carea' id='block_1_22' title="bbox 315 2407 1912 2488">
    <p class='ocr_par' dir='ltr' id='par_1_22' title="bbox 315 2407 1912 2488">
     <span class='ocr_line' id='line_1_22' title="bbox 315 2407 1912 2488; baseline 0.005 -27"><span class='ocrx_word' id='word_1_180' title='bbox 315 2415 333 2475; x_wconf 83' lang='lat'><strong>(</strong></span> <span class='ocrx_word' id='word_1_181' title='bbox 364 2407 532 2465; x_wconf 64' lang='lat' dir='ltr'><strong>lare.</strong></span> <span class='ocrx_word' id='word_1_182' title='bbox 566 2410 648 2464; x_wconf 85' lang='grc'><strong>11.</strong></span> <span class='ocrx_word' id='word_1_183' title='bbox 678 2410 713 2466; x_wconf 78' lang='grc'><strong>5</strong></span> <span class='ocrx_word' id='word_1_184' title='bbox 734 2411 776 2482; x_wconf 93' lang='grc'><strong>).</strong></span> <span class='ocrx_word' id='word_1_185' title='bbox 815 2408 982 2465; x_wconf 83' lang='lat' dir='ltr'><strong>Hodie</strong></span> <span class='ocrx_word' id='word_1_186' title='bbox 1025 2428 1218 2467; x_wconf 83' lang='lat' dir='ltr'><strong>mecum</strong></span> <span class='ocrx_word' id='word_1_187' title='bbox 1245 2414 1344 2468; x_wconf 87' lang='lat' dir='ltr'><strong>eris</strong></span> <span class='ocrx_word' id='word_1_188' title='bbox 1371 2414 1423 2468; x_wconf 87' lang='lat' dir='ltr'><strong>in</strong></span> <span class='ocrx_word' id='word_1_189' title='bbox 1461 2415 1704 2485; x_wconf 85' lang='lat' dir='ltr'><strong>paradiso</strong></span> <span class='ocrx_word' id='word_1_190' title='bbox 1741 2414 1759 2488; x_wconf 95' lang='lat'><strong>(</strong></span> <span class='ocrx_word' id='word_1_191' title='bbox 1787 2414 1912 2470; x_wconf 86' lang='lat' dir='ltr'><strong>Luc.</strong></span> 
     </span>
    </p>
   </div>
   <div class='ocr_carea' id='block_1_23' title="bbox 310 2496 1912 2577">
    <p class='ocr_par' dir='ltr' id='par_1_23' title="bbox 310 2496 1912 2577">
     <span class='ocr_line' id='line_1_23' title="bbox 310 2496 1912 2577; baseline 0.005 -24"><span class='ocrx_word' id='word_1_192' title='bbox 310 2496 403 2554; x_wconf 73' lang='lat'><strong>9.3.</strong></span> <span class='ocrx_word' id='word_1_193' title='bbox 437 2499 509 2555; x_wconf 71' lang='grc'><strong>43</strong></span> <span class='ocrx_word' id='word_1_194' title='bbox 529 2502 576 2571; x_wconf 81' lang='grc'><strong>).</strong></span> <span class='ocrx_word' id='word_1_195' title='bbox 600 2499 829 2555; x_wconf 76' lang='lat' dir='ltr'><strong>Audistis</strong></span> <span class='ocrx_word' id='word_1_196' title='bbox 860 2502 980 2572; x_wconf 89' lang='lat' dir='ltr'><strong>quia</strong></span> <span class='ocrx_word' id='word_1_197' title='bbox 1000 2502 1192 2558; x_wconf 86' lang='lat' dir='ltr'><strong>dictum</strong></span> <span class='ocrx_word' id='word_1_198' title='bbox 1215 2513 1290 2559; x_wconf 88' lang='lat' dir='ltr'><strong>est</strong></span> <span class='ocrx_word' id='word_1_199' title='bbox 1311 2505 1534 2577; x_wconf 87' lang='lat' dir='ltr'><strong>antiquis</strong></span> <span class='ocrx_word' id='word_1_200' title='bbox 1553 2547 1568 2572; x_wconf 92' lang='lat'><strong>,</strong></span> <span class='ocrx_word' id='word_1_201' title='bbox 1616 2504 1738 2560; x_wconf 86' lang='lat' dir='ltr'><strong>Non</strong></span> <span class='ocrx_word' id='word_1_202' title='bbox 1777 2508 1912 2561; x_wconf 87' lang='lat' dir='ltr'><strong>occi-</strong></span> 
     </span>
    </p>
   </div>
   <div class='ocr_carea' id='block_1_24' title="bbox 310 2589 1916 2668">
    <p class='ocr_par' dir='ltr' id='par_1_24' title="bbox 310 2589 1916 2668">
     <span class='ocr_line' id='line_1_24' title="bbox 310 2589 1916 2668; baseline 0.006 -24"><span class='ocrx_word' id='word_1_203' title='bbox 310 2589 398 2644; x_wconf 82' lang='lat' dir='ltr'><strong>des</strong></span> <span class='ocrx_word' id='word_1_204' title='bbox 423 2607 441 2644; x_wconf 88' lang='lat'><strong><em>:</em></strong></span> <span class='ocrx_word' id='word_1_205' title='bbox 460 2606 552 2662; x_wconf 82' lang='lat' dir='ltr'><strong>ego</strong></span> <span class='ocrx_word' id='word_1_206' title='bbox 573 2600 741 2646; x_wconf 81' lang='lat' dir='ltr'><strong>autem</strong></span> <span class='ocrx_word' id='word_1_207' title='bbox 771 2591 886 2647; x_wconf 86' lang='lat' dir='ltr'><strong>dico</strong></span> <span class='ocrx_word' id='word_1_208' title='bbox 910 2593 1047 2648; x_wconf 73' lang='lat' dir='ltr'><strong>vobis</strong></span> <span class='ocrx_word' id='word_1_209' title='bbox 1067 2633 1082 2661; x_wconf 92' lang='lat'><strong>,</strong></span> <span class='ocrx_word' id='word_1_210' title='bbox 1110 2595 1232 2665; x_wconf 83' lang='lat' dir='ltr'><strong>quia</strong></span> <span class='ocrx_word' id='word_1_211' title='bbox 1263 2597 1349 2668; x_wconf 87' lang='lat' dir='ltr'><strong>qui</strong></span> <span class='ocrx_word' id='word_1_212' title='bbox 1371 2597 1615 2651; x_wconf 83' lang='lat' dir='ltr'><strong>irascitur</strong></span> <span class='ocrx_word' id='word_1_213' title='bbox 1641 2597 1792 2668; x_wconf 80' lang='lat' dir='ltr'><strong>fratri</strong></span> <span class='ocrx_word' id='word_1_214' title='bbox 1822 2615 1916 2653; x_wconf 90' lang='lat' dir='ltr'><strong>suo</strong></span> 
     </span>
    </p>
   </div>
   <div class='ocr_carea' id='block_1_25' title="bbox 308 2685 1910 2762">
    <p class='ocr_par' dir='ltr' id='par_1_25' title="bbox 308 2685 1910 2762">
     <span class='ocr_line' id='line_1_25' title="bbox 308 2685 1910 2762; baseline 0.009 -27"><span class='ocrx_word' id='word_1_215' title='bbox 308 2693 510 2749; x_wconf 87' lang='lat' dir='ltr'><strong>temere,</strong></span> <span class='ocrx_word' id='word_1_216' title='bbox 531 2700 647 2740; x_wconf 84' lang='lat' dir='ltr'><strong>reus</strong></span> <span class='ocrx_word' id='word_1_217' title='bbox 661 2687 754 2739; x_wconf 86' lang='lat' dir='ltr'><strong>erit</strong></span> <span class='ocrx_word' id='word_1_218' title='bbox 764 2687 967 2757; x_wconf 84' lang='lat' dir='ltr'><strong>judicio</strong></span> <span class='ocrx_word' id='word_1_219' title='bbox 987 2685 1199 2760; x_wconf 70' lang='lat' dir='ltr'><strong>(Matth.</strong></span> <span class='ocrx_word' id='word_1_220' title='bbox 1227 2688 1314 2745; x_wconf 87' lang='grc'><strong>15.</strong></span> <span class='ocrx_word' id='word_1_221' title='bbox 1335 2688 1424 2744; x_wconf 75' lang='grc'><strong>21.</strong></span> <span class='ocrx_word' id='word_1_222' title='bbox 1455 2689 1570 2762; x_wconf 75' lang='lat'><strong>22).</strong></span> <span class='ocrx_word' id='word_1_223' title='bbox 1604 2689 1775 2746; x_wconf 84' lang='lat' dir='ltr'><strong>Venite</strong></span> <span class='ocrx_word' id='word_1_224' title='bbox 1798 2705 1910 2762; x_wconf 84' lang='lat' dir='ltr'><strong>post</strong></span> 
     </span>
    </p>
   </div>
   <div class='ocr_carea' id='block_1_26' title="bbox 307 2778 1910 2861">
    <p class='ocr_par' dir='ltr' id='par_1_26' title="bbox 307 2778 1910 2861">
     <span class='ocr_line' id='line_1_26' title="bbox 307 2778 1910 2861; baseline 0.007 -32"><span class='ocrx_word' id='word_1_225' title='bbox 307 2792 407 2842; x_wconf 82' lang='lat' dir='ltr'><strong>me,</strong></span> <span class='ocrx_word' id='word_1_226' title='bbox 436 2785 483 2832; x_wconf 85' lang='lat' dir='ltr'><strong>et</strong></span> <span class='ocrx_word' id='word_1_227' title='bbox 509 2778 697 2850; x_wconf 78' lang='lat' dir='ltr'><strong>faciam</strong></span> <span class='ocrx_word' id='word_1_228' title='bbox 739 2796 826 2835; x_wconf 80' lang='lat' dir='ltr'><strong>vos</strong></span> <span class='ocrx_word' id='word_1_229' title='bbox 867 2781 1138 2851; x_wconf 81' lang='lat' dir='ltr'><strong>piscatores</strong></span> <span class='ocrx_word' id='word_1_230' title='bbox 1173 2782 1433 2838; x_wconf 76' lang='lat' dir='ltr'><strong>hominum</strong></span> <span class='ocrx_word' id='word_1_231' title='bbox 1464 2783 1679 2854; x_wconf 73' lang='lat' dir='ltr'><strong>(Matth.</strong></span> <span class='ocrx_word' id='word_1_232' title='bbox 1702 2785 1757 2840; x_wconf 75' lang='grc'><strong>4.</strong></span> <span class='ocrx_word' id='word_1_233' title='bbox 1790 2785 1910 2861; x_wconf 84' lang='grc'><strong>19).</strong></span> 
     </span>
    </p>
   </div>
   <div class='ocr_carea' id='block_1_27' title="bbox 310 2867 1912 2946">
    <p class='ocr_par' dir='ltr' id='par_1_27' title="bbox 310 2867 1912 2946">
     <span class='ocr_line' id='line_1_27' title="bbox 310 2867 1912 2946; baseline 0.007 -21"><span class='ocrx_word' id='word_1_234' title='bbox 310 2867 520 2940; x_wconf 83' lang='lat' dir='ltr'><strong>Ubique</strong></span> <span class='ocrx_word' id='word_1_235' title='bbox 547 2881 696 2928; x_wconf 89' lang='lat' dir='ltr'><strong>certe</strong></span> <span class='ocrx_word' id='word_1_236' title='bbox 723 2887 972 2944; x_wconf 87' lang='lat' dir='ltr'><strong>magnam</strong></span> <span class='ocrx_word' id='word_1_237' title='bbox 1005 2874 1250 2932; x_wconf 79' lang='lat' dir='ltr'><strong>videmus</strong></span> <span class='ocrx_word' id='word_1_238' title='bbox 1276 2876 1394 2946; x_wconf 90' lang='lat' dir='ltr'><strong>ejus</strong></span> <span class='ocrx_word' id='word_1_239' title='bbox 1414 2879 1809 2935; x_wconf 86' lang='lat' dir='ltr'><strong>auctoritatem.</strong></span> <span class='ocrx_word' id='word_1_240' title='bbox 1857 2881 1912 2936; x_wconf 90' lang='lat' dir='ltr'><strong>ln</strong></span> 
     </span>
    </p>
   </div>
   <div class='ocr_carea' id='block_1_28' title="bbox 304 2957 1912 3039">
    <p class='ocr_par' dir='ltr' id='par_1_28' title="bbox 304 2957 1912 3039">
     <span class='ocr_line' id='line_1_28' title="bbox 304 2957 1912 3039; baseline 0.007 -26"><span class='ocrx_word' id='word_1_241' title='bbox 304 2957 470 3015; x_wconf 81' lang='lat' dir='ltr'><strong>rebus</strong></span> <span class='ocrx_word' id='word_1_242' title='bbox 514 2961 658 3017; x_wconf 89' lang='lat' dir='ltr'><strong>enim</strong></span> <span class='ocrx_word' id='word_1_243' title='bbox 705 2978 867 3018; x_wconf 88' lang='lat' dir='ltr'><strong>nemo</strong></span> <span class='ocrx_word' id='word_1_244' title='bbox 910 2979 974 3020; x_wconf 89' lang='lat' dir='ltr'><strong>ea</strong></span> <span class='ocrx_word' id='word_1_245' title='bbox 1018 2979 1138 3036; x_wconf 73' lang='lat' dir='ltr'><strong>qua:</strong></span> <span class='ocrx_word' id='word_1_246' title='bbox 1177 2964 1315 3021; x_wconf 89' lang='lat' dir='ltr'><strong>facta</strong></span> <span class='ocrx_word' id='word_1_247' title='bbox 1360 2977 1486 3023; x_wconf 91' lang='lat' dir='ltr'><strong>sunt</strong></span> <span class='ocrx_word' id='word_1_248' title='bbox 1511 2969 1912 3039; x_wconf 85' lang='lat' dir='ltr'><strong>reprehendere</strong></span> 
     </span>
    </p>
   </div>
   <div class='ocr_carea' id='block_1_29' title="bbox 306 3051 1912 3131">
    <p class='ocr_par' dir='ltr' id='par_1_29' title="bbox 306 3051 1912 3131">
     <span class='ocr_line' id='line_1_29' title="bbox 306 3051 1912 3131; baseline 0.009 -26"><span class='ocrx_word' id='word_1_249' title='bbox 306 3053 503 3120; x_wconf 85' lang='lat' dir='ltr'><strong>possit.</strong></span> <span class='ocrx_word' id='word_1_250' title='bbox 532 3051 817 3120; x_wconf 84' lang='lat' dir='ltr'><strong>Quomodo</strong></span> <span class='ocrx_word' id='word_1_251' title='bbox 849 3057 1062 3125; x_wconf 82' lang='lat' dir='ltr'><strong>possit?</strong></span> <span class='ocrx_word' id='word_1_252' title='bbox 1091 3057 1222 3112; x_wconf 82' lang='lat' dir='ltr'><strong>Nam</strong></span> <span class='ocrx_word' id='word_1_253' title='bbox 1250 3059 1295 3114; x_wconf 93' lang='lat' dir='ltr'><strong>si</strong></span> <span class='ocrx_word' id='word_1_254' title='bbox 1327 3075 1389 3114; x_wconf 90' lang='lat' dir='ltr'><strong>ea</strong></span> <span class='ocrx_word' id='word_1_255' title='bbox 1415 3077 1536 3131; x_wconf 65' lang='lat' dir='ltr'><strong>quae</strong></span> <span class='ocrx_word' id='word_1_256' title='bbox 1567 3062 1659 3119; x_wconf 90' lang='lat' dir='ltr'><strong>ille</strong></span> <span class='ocrx_word' id='word_1_257' title='bbox 1697 3063 1912 3121; x_wconf 88' lang='lat' dir='ltr'><strong>dicebat</strong></span> 
     </span>
    </p>
   </div>
   <div class='ocr_carea' id='block_1_30' title="bbox 303 3143 1910 3224">
    <p class='ocr_par' dir='ltr' id='par_1_30' title="bbox 303 3143 1910 3224">
     <span class='ocr_line' id='line_1_30' title="bbox 303 3143 1910 3224; baseline 0.009 -29"><span class='ocrx_word' id='word_1_258' title='bbox 303 3158 410 3198; x_wconf 91' lang='lat' dir='ltr'><strong>non</strong></span> <span class='ocrx_word' id='word_1_259' title='bbox 436 3143 686 3200; x_wconf 82' lang='lat' dir='ltr'><strong>etl’ectum</strong></span> <span class='ocrx_word' id='word_1_260' title='bbox 715 3153 768 3201; x_wconf 91' lang='lat' dir='ltr'><strong>et</strong></span> <span class='ocrx_word' id='word_1_261' title='bbox 800 3146 960 3202; x_wconf 86' lang='lat' dir='ltr'><strong>finem</strong></span> <span class='ocrx_word' id='word_1_262' title='bbox 1003 3159 1334 3219; x_wconf 83' lang='lat' dir='ltr'><strong>consequuta</strong></span> <span class='ocrx_word' id='word_1_263' title='bbox 1381 3162 1599 3219; x_wconf 88' lang='lat' dir='ltr'><strong>essent,</strong></span> <span class='ocrx_word' id='word_1_264' title='bbox 1649 3155 1910 3224; x_wconf 91' lang='lat' dir='ltr'><strong>potuisset</strong></span> 
     </span>
    </p>
   </div>
   <div class='ocr_carea' id='block_1_31' title="bbox 299 3235 1902 3315">
    <p class='ocr_par' dir='ltr' id='par_1_31' title="bbox 299 3235 1902 3315">
     <span class='ocr_line' id='line_1_31' title="bbox 299 3235 1902 3315; baseline 0.008 -27"><span class='ocrx_word' id='word_1_265' title='bbox 299 3236 425 3305; x_wconf 85' lang='lat' dir='ltr'><strong>quis</strong></span> <span class='ocrx_word' id='word_1_266' title='bbox 477 3235 660 3291; x_wconf 82' lang='lat' dir='ltr'><strong>dicere</strong></span> <span class='ocrx_word' id='word_1_267' title='bbox 709 3247 980 3308; x_wconf 64' lang='lat' dir='ltr'><strong>praecepta</strong></span> <span class='ocrx_word' id='word_1_268' title='bbox 1034 3239 1122 3294; x_wconf 87' lang='lat' dir='ltr'><strong>illa</strong></span> <span class='ocrx_word' id='word_1_269' title='bbox 1167 3255 1233 3296; x_wconf 92' lang='lat' dir='ltr'><strong>ex</strong></span> <span class='ocrx_word' id='word_1_270' title='bbox 1256 3245 1563 3314; x_wconf 82' lang='lat' dir='ltr'><strong>arrogantia</strong></span> <span class='ocrx_word' id='word_1_271' title='bbox 1595 3246 1902 3315; x_wconf 85' lang='lat' dir='ltr'><strong>prodiisse:</strong></span> 
     </span>
    </p>
   </div>
   <div class='ocr_carea' id='block_1_32' title="bbox 299 3328 1906 3397">
    <p class='ocr_par' dir='ltr' id='par_1_32' title="bbox 299 3328 1906 3397">
     <span class='ocr_line' id='line_1_32' title="bbox 299 3328 1906 3397; baseline 0.011 -20"><span class='ocrx_word' id='word_1_272' title='bbox 299 3328 424 3397; x_wconf 87' lang='lat' dir='ltr'><strong>quia</strong></span> <span class='ocrx_word' id='word_1_273' title='bbox 455 3343 586 3383; x_wconf 85' lang='lat' dir='ltr'><strong>vero</strong></span> <span class='ocrx_word' id='word_1_274' title='bbox 613 3329 931 3386; x_wconf 85' lang='lat' dir='ltr'><strong>eveniebant</strong></span> <span class='ocrx_word' id='word_1_275' title='bbox 952 3369 967 3394; x_wconf 85' lang='lat'><strong>,</strong></span> <span class='ocrx_word' id='word_1_276' title='bbox 1008 3332 1085 3388; x_wconf 88' lang='lat' dir='ltr'><strong>rei</strong></span> <span class='ocrx_word' id='word_1_277' title='bbox 1117 3335 1315 3389; x_wconf 88' lang='lat' dir='ltr'><strong>veritas</strong></span> <span class='ocrx_word' id='word_1_278' title='bbox 1338 3335 1458 3390; x_wconf 90' lang='lat' dir='ltr'><strong>illos</strong></span> <span class='ocrx_word' id='word_1_279' title='bbox 1491 3337 1571 3392; x_wconf 85' lang='lat' dir='ltr'><strong>vel</strong></span> <span class='ocrx_word' id='word_1_280' title='bbox 1606 3337 1800 3394; x_wconf 88' lang='lat' dir='ltr'><strong>invitos</strong></span> <span class='ocrx_word' id='word_1_281' title='bbox 1839 3339 1906 3396; x_wconf 92' lang='lat' dir='ltr'><strong>ad</strong></span> 
     </span>
    </p>
   </div>
   <div class='ocr_carea' id='block_1_33' title="bbox 300 3419 1903 3500">
    <p class='ocr_par' dir='ltr' id='par_1_33' title="bbox 300 3419 1903 3500">
     <span class='ocr_line' id='line_1_33' title="bbox 300 3419 1903 3500; baseline 0.01 -28"><span class='ocrx_word' id='word_1_282' title='bbox 300 3419 578 3474; x_wconf 84' lang='lat' dir='ltr'><strong>silentium</strong></span> <span class='ocrx_word' id='word_1_283' title='bbox 612 3422 992 3492; x_wconf 88' lang='lat' dir='ltr'><strong>compellebat.</strong></span> <span class='ocrx_word' id='word_1_284' title='bbox 1027 3423 1081 3478; x_wconf 91' lang='lat' dir='ltr'><strong>In</strong></span> <span class='ocrx_word' id='word_1_285' title='bbox 1110 3425 1289 3481; x_wconf 87' lang='lat' dir='ltr'><strong>verbis</strong></span> <span class='ocrx_word' id='word_1_286' title='bbox 1313 3439 1489 3483; x_wconf 90' lang='lat' dir='ltr'><strong>autem</strong></span> <span class='ocrx_word' id='word_1_287' title='bbox 1515 3471 1528 3495; x_wconf 94' lang='lat'><strong>,</strong></span> <span class='ocrx_word' id='word_1_288' title='bbox 1562 3429 1903 3500; x_wconf 90' lang='lat' dir='ltr'><strong>impudentes</strong></span> 
     </span>
    </p>
   </div>
   <div class='ocr_carea' id='block_1_34' title="bbox 296 3515 1903 3593">
    <p class='ocr_par' dir='ltr' id='par_1_34' title="bbox 296 3515 1903 3593">
     <span class='ocr_line' id='line_1_34' title="bbox 296 3515 1903 3593; baseline 0.011 -31"><span class='ocrx_word' id='word_1_289' title='bbox 296 3523 420 3564; x_wconf 88' lang='lat' dir='ltr'><strong>cum</strong></span> <span class='ocrx_word' id='word_1_290' title='bbox 447 3521 669 3577; x_wconf 85' lang='lat' dir='ltr'><strong>essent,</strong></span> <span class='ocrx_word' id='word_1_291' title='bbox 701 3522 950 3581; x_wconf 85' lang='lat' dir='ltr'><strong>poterant</strong></span> <span class='ocrx_word' id='word_1_292' title='bbox 983 3515 1131 3571; x_wconf 89' lang='lat' dir='ltr'><strong>illum</strong></span> <span class='ocrx_word' id='word_1_293' title='bbox 1177 3527 1232 3571; x_wconf 93' lang='lat' dir='ltr'><strong>ut</strong></span> <span class='ocrx_word' id='word_1_294' title='bbox 1267 3529 1608 3590; x_wconf 79' lang='lat' dir='ltr'><strong>arrogantem</strong></span> <span class='ocrx_word' id='word_1_295' title='bbox 1659 3537 1903 3593; x_wconf 89' lang='lat' dir='ltr'><strong>carpere.</strong></span> 
     </span>
    </p>
   </div>
   <div class='ocr_carea' id='block_1_35' title="bbox 370 3601 1906 3688">
    <p class='ocr_par' dir='ltr' id='par_1_35' title="bbox 370 3601 1906 3688">
     <span class='ocr_line' id='line_1_35' title="bbox 370 3601 1906 3688; baseline 0.012 -32"><span class='ocrx_word' id='word_1_296' title='bbox 370 3601 474 3656; x_wconf 85' lang='lat' dir='ltr'><strong>Cur</strong></span> <span class='ocrx_word' id='word_1_297' title='bbox 500 3603 730 3660; x_wconf 75' lang='lat' dir='ltr'><strong>Christus</strong></span> <span class='ocrx_word' id='word_1_298' title='bbox 758 3608 1076 3678; x_wconf 77' lang='lat' dir='ltr'><strong>tenigntatice</strong></span> <span class='ocrx_word' id='word_1_299' title='bbox 1113 3609 1398 3667; x_wconf 85' lang='lat' dir='ltr'><strong>Nicodemo</strong></span> <span class='ocrx_word' id='word_1_300' title='bbox 1437 3614 1712 3686; x_wconf 85' lang='lat' dir='ltr'><strong>loquatur;</strong></span> <span class='ocrx_word' id='word_1_301' title='bbox 1747 3619 1906 3688; x_wconf 84' lang='lat' dir='ltr'><strong>ipsius</strong></span> 
     </span>
    </p>
   </div>
   <div class='ocr_carea' id='block_1_36' title="bbox 296 3696 1902 3782">
    <p class='ocr_par' dir='ltr' id='par_1_36' title="bbox 296 3696 1902 3782">
     <span class='ocr_line' id='line_1_36' title="bbox 296 3696 1902 3782; baseline 0.008 -33"><span class='ocrx_word' id='word_1_302' title='bbox 296 3696 559 3751; x_wconf 70' lang='lat' dir='ltr'><strong>uerborum</strong></span> <span class='ocrx_word' id='word_1_303' title='bbox 575 3700 1042 3769; x_wconf 72' lang='lat' dir='ltr'><strong>explanatio—Ita</strong></span> <span class='ocrx_word' id='word_1_304' title='bbox 1067 3720 1206 3760; x_wconf 91' lang='lat' dir='ltr'><strong>nunc</strong></span> <span class='ocrx_word' id='word_1_305' title='bbox 1231 3705 1579 3763; x_wconf 83' lang='lat' dir='ltr'><strong>Nicodemum</strong></span> <span class='ocrx_word' id='word_1_306' title='bbox 1602 3709 1902 3782; x_wconf 76' lang='lat' dir='ltr'><strong>alloquens,</strong></span> 
     </span>
    </p>
   </div>
   <div class='ocr_carea' id='block_1_37' title="bbox 295 3787 1901 3873">
    <p class='ocr_par' dir='ltr' id='par_1_37' title="bbox 295 3787 1901 3873">
     <span class='ocr_line' id='line_1_37' title="bbox 295 3787 1901 3873; baseline 0.011 -32"><span class='ocrx_word' id='word_1_307' title='bbox 295 3787 426 3844; x_wconf 92' lang='lat' dir='ltr'><strong>nihil</strong></span> <span class='ocrx_word' id='word_1_308' title='bbox 454 3789 685 3846; x_wconf 84' lang='lat' dir='ltr'><strong>sublime</strong></span> <span class='ocrx_word' id='word_1_309' title='bbox 713 3801 898 3861; x_wconf 83' lang='lat' dir='ltr'><strong>aperte</strong></span> <span class='ocrx_word' id='word_1_310' title='bbox 927 3794 1087 3863; x_wconf 90' lang='lat' dir='ltr'><strong>dicit,</strong></span> <span class='ocrx_word' id='word_1_311' title='bbox 1126 3795 1222 3852; x_wconf 88' lang='lat' dir='ltr'><strong>sed</strong></span> <span class='ocrx_word' id='word_1_312' title='bbox 1264 3812 1362 3868; x_wconf 90' lang='lat' dir='ltr'><strong>per</strong></span> <span class='ocrx_word' id='word_1_313' title='bbox 1401 3800 1684 3872; x_wconf 63' lang='lat' dir='ltr'><strong>aenigmata</strong></span> <span class='ocrx_word' id='word_1_314' title='bbox 1728 3803 1901 3873; x_wconf 85' lang='lat' dir='ltr'><strong>ipsum</strong></span> 
     </span>
    </p>
   </div>
   <div class='ocr_carea' id='block_1_38' title="bbox 293 3879 1901 3964">
    <p class='ocr_par' dir='ltr' id='par_1_38' title="bbox 293 3879 1901 3964">
     <span class='ocr_line' id='line_1_38' title="bbox 293 3879 1901 3964; baseline 0.009 -30"><span class='ocrx_word' id='word_1_315' title='bbox 293 3879 362 3935; x_wconf 87' lang='lat' dir='ltr'><strong>ab</strong></span> <span class='ocrx_word' id='word_1_316' title='bbox 388 3880 573 3936; x_wconf 87' lang='lat' dir='ltr'><strong>humili</strong></span> <span class='ocrx_word' id='word_1_317' title='bbox 611 3885 876 3940; x_wconf 84' lang='lat' dir='ltr'><strong>sententia</strong></span> <span class='ocrx_word' id='word_1_318' title='bbox 919 3885 1167 3955; x_wconf 86' lang='lat' dir='ltr'><strong>deducit,</strong></span> <span class='ocrx_word' id='word_1_319' title='bbox 1215 3890 1508 3946; x_wconf 90' lang='lat' dir='ltr'><strong>ostendens</strong></span> <span class='ocrx_word' id='word_1_320' title='bbox 1552 3906 1611 3947; x_wconf 89' lang='lat' dir='ltr'><strong>se</strong></span> <span class='ocrx_word' id='word_1_321' title='bbox 1649 3892 1751 3947; x_wconf 86' lang='lat' dir='ltr'><strong>sibi</strong></span> <span class='ocrx_word' id='word_1_322' title='bbox 1800 3893 1901 3964; x_wconf 85' lang='lat' dir='ltr'><strong>ipsi</strong></span> 
     </span>
    </p>
   </div>
   <div class='ocr_carea' id='block_1_39' title="bbox 292 3971 1902 4048">
    <p class='ocr_par' dir='ltr' id='par_1_39' title="bbox 292 3971 1902 4048">
     <span class='ocr_line' id='line_1_39' title="bbox 292 3971 1902 4048; baseline 0.009 -21"><span class='ocrx_word' id='word_1_323' title='bbox 292 3971 544 4030; x_wconf 85' lang='lat' dir='ltr'><strong>sufficere</strong></span> <span class='ocrx_word' id='word_1_324' title='bbox 579 3975 648 4030; x_wconf 87' lang='lat' dir='ltr'><strong>ad</strong></span> <span class='ocrx_word' id='word_1_325' title='bbox 693 3977 945 4032; x_wconf 90' lang='lat' dir='ltr'><strong>miracula</strong></span> <span class='ocrx_word' id='word_1_326' title='bbox 994 3980 1272 4048; x_wconf 90' lang='lat' dir='ltr'><strong>patranda.</strong></span> <span class='ocrx_word' id='word_1_327' title='bbox 1320 3981 1621 4039; x_wconf 78' lang='lat' dir='ltr'><strong>Perfectum</strong></span> <span class='ocrx_word' id='word_1_328' title='bbox 1662 3986 1806 4041; x_wconf 90' lang='lat' dir='ltr'><strong>enim</strong></span> <span class='ocrx_word' id='word_1_329' title='bbox 1838 3987 1902 4043; x_wconf 87' lang='lat' dir='ltr'><strong>il-</strong></span> 
     </span>
    </p>
   </div>
   <div class='ocr_carea' id='block_1_40' title="bbox 294 4066 1900 4146">
    <p class='ocr_par' dir='ltr' id='par_1_40' title="bbox 294 4066 1900 4146">
     <span class='ocr_line' id='line_1_40' title="bbox 294 4066 1900 4146; baseline 0.011 -27"><span class='ocrx_word' id='word_1_330' title='bbox 294 4066 402 4121; x_wconf 91' lang='lat' dir='ltr'><strong>lum</strong></span> <span class='ocrx_word' id='word_1_331' title='bbox 443 4067 609 4124; x_wconf 86' lang='lat' dir='ltr'><strong>Pater</strong></span> <span class='ocrx_word' id='word_1_332' title='bbox 650 4071 866 4139; x_wconf 86' lang='lat' dir='ltr'><strong>genuit,</strong></span> <span class='ocrx_word' id='word_1_333' title='bbox 901 4071 1112 4143; x_wconf 85' lang='lat' dir='ltr'><strong>sibique</strong></span> <span class='ocrx_word' id='word_1_334' title='bbox 1144 4073 1241 4144; x_wconf 89' lang='lat' dir='ltr'><strong>ipsi</strong></span> <span class='ocrx_word' id='word_1_335' title='bbox 1273 4075 1654 4146; x_wconf 82' lang='lat' dir='ltr'><strong>sufficientem,</strong></span> <span class='ocrx_word' id='word_1_336' title='bbox 1688 4089 1742 4136; x_wconf 92' lang='lat' dir='ltr'><strong>et</strong></span> <span class='ocrx_word' id='word_1_337' title='bbox 1768 4081 1900 4136; x_wconf 91' lang='lat' dir='ltr'><strong>nihil</strong></span> 
     </span>
    </p>
   </div>
   <div class='ocr_carea' id='block_1_41' title="bbox 290 4159 1901 4244">
    <p class='ocr_par' dir='ltr' id='par_1_41' title="bbox 290 4159 1901 4244">
     <span class='ocr_line' id='line_1_41' title="bbox 290 4159 1901 4244; baseline 0.011 -31"><span class='ocrx_word' id='word_1_338' title='bbox 290 4159 666 4232; x_wconf 86' lang='lat' dir='ltr'><strong>imperfectum</strong></span> <span class='ocrx_word' id='word_1_339' title='bbox 717 4162 1021 4220; x_wconf 81' lang='lat' dir='ltr'><strong>habentem.</strong></span> <span class='ocrx_word' id='word_1_340' title='bbox 1092 4166 1196 4222; x_wconf 85' lang='lat' dir='ltr'><strong>Sed</strong></span> <span class='ocrx_word' id='word_1_341' title='bbox 1243 4168 1519 4225; x_wconf 88' lang='lat' dir='ltr'><strong>videamus</strong></span> <span class='ocrx_word' id='word_1_342' title='bbox 1574 4187 1682 4242; x_wconf 87' lang='lat' dir='ltr'><strong>quo</strong></span> <span class='ocrx_word' id='word_1_343' title='bbox 1747 4184 1901 4244; x_wconf 88' lang='lat' dir='ltr'><strong>pacto</strong></span> 
     </span>
    </p>
   </div>
   <div class='ocr_carea' id='block_1_42' title="bbox 291 4250 1899 4336">
    <p class='ocr_par' dir='ltr' id='par_1_42' title="bbox 291 4250 1899 4336">
     <span class='ocr_line' id='line_1_42' title="bbox 291 4250 1899 4336; baseline 0.011 -32"><span class='ocrx_word' id='word_1_344' title='bbox 291 4250 393 4308; x_wconf 88' lang='lat' dir='ltr'><strong>hoc</strong></span> <span class='ocrx_word' id='word_1_345' title='bbox 431 4252 526 4307; x_wconf 93' lang='lat' dir='ltr'><strong>ille</strong></span> <span class='ocrx_word' id='word_1_346' title='bbox 556 4253 858 4310; x_wconf 84' lang='lat' dir='ltr'><strong>c0nlirmet.</strong></span> <span class='ocrx_word' id='word_1_347' title='bbox 891 4256 1041 4311; x_wconf 80' lang='lat' dir='ltr'><strong>Dixit</strong></span> <span class='ocrx_word' id='word_1_348' title='bbox 1068 4258 1155 4313; x_wconf 91' lang='lat' dir='ltr'><strong>ille</strong></span> <span class='ocrx_word' id='word_1_349' title='bbox 1189 4276 1201 4311; x_wconf 94' lang='lat'>:</span> <span class='ocrx_word' id='word_1_350' title='bbox 1236 4259 1399 4314; x_wconf 84' lang='lat' dir='ltr'><strong>Rabbi</strong></span> <span class='ocrx_word' id='word_1_351' title='bbox 1421 4302 1434 4326; x_wconf 92' lang='lat'><strong>,</strong></span> <span class='ocrx_word' id='word_1_352' title='bbox 1482 4257 1668 4318; x_wconf 72' lang='lat' dir='ltr'><strong>scimus</strong></span> <span class='ocrx_word' id='word_1_353' title='bbox 1709 4266 1830 4336; x_wconf 84' lang='lat' dir='ltr'><strong>quia</strong></span> <span class='ocrx_word' id='word_1_354' title='bbox 1866 4284 1899 4322; x_wconf 90' lang='lat' dir='ltr'><strong>a</strong></span> 
     </span>
    </p>
   </div>
   <div class='ocr_carea' id='block_1_43' title="bbox 287 4341 1902 4426">
    <p class='ocr_par' dir='ltr' id='par_1_43' title="bbox 287 4341 1902 4426">
     <span class='ocr_line' id='line_1_43' title="bbox 287 4341 1902 4426; baseline 0.01 -30"><span class='ocrx_word' id='word_1_355' title='bbox 287 4341 401 4397; x_wconf 87' lang='lat' dir='ltr'><strong>Deo</strong></span> <span class='ocrx_word' id='word_1_356' title='bbox 423 4345 607 4399; x_wconf 75' lang='lat' dir='ltr'><strong>venisti</strong></span> <span class='ocrx_word' id='word_1_357' title='bbox 633 4348 890 4416; x_wconf 83' lang='lat' dir='ltr'><strong>magister,</strong></span> <span class='ocrx_word' id='word_1_358' title='bbox 921 4358 967 4401; x_wconf 91' lang='lat' dir='ltr'><strong>et</strong></span> <span class='ocrx_word' id='word_1_359' title='bbox 989 4349 1125 4417; x_wconf 87' lang='lat' dir='ltr'><strong>quod</strong></span> <span class='ocrx_word' id='word_1_360' title='bbox 1152 4366 1297 4405; x_wconf 86' lang='lat' dir='ltr'><strong>nemo</strong></span> <span class='ocrx_word' id='word_1_361' title='bbox 1326 4362 1487 4422; x_wconf 81' lang='lat' dir='ltr'><strong>potest</strong></span> <span class='ocrx_word' id='word_1_362' title='bbox 1517 4359 1683 4426; x_wconf 82' lang='lat' dir='ltr'><strong>facere</strong></span> <span class='ocrx_word' id='word_1_363' title='bbox 1710 4374 1822 4425; x_wconf 66' lang='lat' dir='ltr'><strong>qua»:</strong></span> <span class='ocrx_word' id='word_1_364' title='bbox 1847 4368 1902 4413; x_wconf 89' lang='lat' dir='ltr'><strong>tu</strong></span> 
     </span>
    </p>
   </div>
   <div class='ocr_carea' id='block_1_44' title="bbox 293 4435 1898 4521">
    <p class='ocr_par' dir='ltr' id='par_1_44' title="bbox 293 4435 1898 4521">
     <span class='ocr_line' id='line_1_44' title="bbox 293 4435 1898 4521; baseline 0.015 -38"><span class='ocrx_word' id='word_1_365' title='bbox 293 4435 422 4502; x_wconf 81' lang='lat' dir='ltr'><strong>fucis</strong></span> <span class='ocrx_word' id='word_1_366' title='bbox 443 4477 458 4499; x_wconf 90' lang='lat'><strong>,</strong></span> <span class='ocrx_word' id='word_1_367' title='bbox 487 4437 585 4490; x_wconf 84' lang='lat' dir='ltr'><strong>nisi</strong></span> <span class='ocrx_word' id='word_1_368' title='bbox 611 4436 765 4506; x_wconf 75' lang='lat' dir='ltr'><strong>fuerit</strong></span> <span class='ocrx_word' id='word_1_369' title='bbox 793 4437 930 4493; x_wconf 87' lang='lat' dir='ltr'><strong>Deus</strong></span> <span class='ocrx_word' id='word_1_370' title='bbox 959 4457 1075 4494; x_wconf 88' lang='lat' dir='ltr'><strong>cum</strong></span> <span class='ocrx_word' id='word_1_371' title='bbox 1112 4457 1190 4496; x_wconf 87' lang='lat' dir='ltr'><strong>eo.</strong></span> <span class='ocrx_word' id='word_1_372' title='bbox 1234 4443 1570 4502; x_wconf 78' lang='lat' dir='ltr'><strong>Existimavit</strong></span> <span class='ocrx_word' id='word_1_373' title='bbox 1604 4462 1663 4504; x_wconf 88' lang='lat' dir='ltr'><strong>se</strong></span> <span class='ocrx_word' id='word_1_374' title='bbox 1707 4464 1898 4521; x_wconf 82' lang='lat' dir='ltr'><strong>magna</strong></span> 
     </span>
    </p>
   </div>
   <div class='ocr_carea' id='block_1_45' title="bbox 287 4527 1899 4611">
    <p class='ocr_par' dir='ltr' id='par_1_45' title="bbox 287 4527 1899 4611">
     <span class='ocr_line' id='line_1_45' title="bbox 287 4527 1899 4611; baseline 0.012 -32"><span class='ocrx_word' id='word_1_375' title='bbox 287 4527 557 4599; x_wconf 68' lang='lat' dir='ltr'><strong>quaepiam</strong></span> <span class='ocrx_word' id='word_1_376' title='bbox 602 4527 671 4584; x_wconf 89' lang='lat' dir='ltr'><strong>de</strong></span> <span class='ocrx_word' id='word_1_377' title='bbox 715 4529 931 4586; x_wconf 87' lang='lat' dir='ltr'><strong>Christo</strong></span> <span class='ocrx_word' id='word_1_378' title='bbox 977 4532 1197 4590; x_wconf 75' lang='lat' dir='ltr'><strong>dixisse.</strong></span> <span class='ocrx_word' id='word_1_379' title='bbox 1251 4536 1388 4604; x_wconf 87' lang='lat' dir='ltr'><strong>Quid</strong></span> <span class='ocrx_word' id='word_1_380' title='bbox 1433 4554 1564 4611; x_wconf 90' lang='lat' dir='ltr'><strong>ergo</strong></span> <span class='ocrx_word' id='word_1_381' title='bbox 1612 4540 1899 4599; x_wconf 86' lang='lat' dir='ltr'><strong>Christus?</strong></span> 
     </span>
    </p>
   </div>
   <div class='ocr_carea' id='block_1_46' title="bbox 288 4618 1900 4706">
    <p class='ocr_par' dir='ltr' id='par_1_46' title="bbox 288 4618 1900 4706">
     <span class='ocr_line' id='line_1_46' title="bbox 288 4618 1900 4706; baseline 0.008 -30"><span class='ocrx_word' id='word_1_382' title='bbox 288 4618 596 4677; x_wconf 68' lang='lat' dir='ltr'><strong>ostendens</strong></span> <span class='ocrx_word' id='word_1_383' title='bbox 639 4621 786 4678; x_wconf 89' lang='lat' dir='ltr'><strong>illum</strong></span> <span class='ocrx_word' id='word_1_384' title='bbox 833 4640 899 4679; x_wconf 93' lang='lat' dir='ltr'><strong>ne</strong></span> <span class='ocrx_word' id='word_1_385' title='bbox 944 4625 1012 4680; x_wconf 90' lang='lat' dir='ltr'><strong>ad</strong></span> <span class='ocrx_word' id='word_1_386' title='bbox 1059 4627 1241 4682; x_wconf 89' lang='lat' dir='ltr'><strong>limina</strong></span> <span class='ocrx_word' id='word_1_387' title='bbox 1283 4631 1498 4700; x_wconf 87' lang='lat' dir='ltr'><strong>quidem</strong></span> <span class='ocrx_word' id='word_1_388' title='bbox 1541 4649 1679 4689; x_wconf 68' lang='lat' dir='ltr'><strong>verte</strong></span> <span class='ocrx_word' id='word_1_389' title='bbox 1716 4637 1900 4706; x_wconf 87' lang='lat' dir='ltr'><strong>cogni-</strong></span> 
     </span>
    </p>
   </div>
   <div class='ocr_carea' id='block_1_47' title="bbox 290 4711 1898 4791">
    <p class='ocr_par' dir='ltr' id='par_1_47' title="bbox 290 4711 1898 4791">
     <span class='ocr_line' id='line_1_47' title="bbox 290 4711 1898 4791; baseline 0.012 -26"><span class='ocrx_word' id='word_1_390' title='bbox 290 4711 454 4767; x_wconf 84' lang='lat' dir='ltr'><strong>tionis</strong></span> <span class='ocrx_word' id='word_1_391' title='bbox 483 4715 780 4770; x_wconf 82' lang='lat' dir='ltr'><strong>accessisse</strong></span> <span class='ocrx_word' id='word_1_392' title='bbox 798 4755 812 4781; x_wconf 88' lang='lat'><strong>,</strong></span> <span class='ocrx_word' id='word_1_393' title='bbox 841 4731 943 4772; x_wconf 85' lang='lat' dir='ltr'><strong>nec</strong></span> <span class='ocrx_word' id='word_1_394' title='bbox 972 4719 1052 4772; x_wconf 91' lang='lat' dir='ltr'><strong>vel</strong></span> <span class='ocrx_word' id='word_1_395' title='bbox 1083 4719 1135 4773; x_wconf 93' lang='lat' dir='ltr'><strong>in</strong></span> <span class='ocrx_word' id='word_1_396' title='bbox 1165 4721 1429 4777; x_wconf 89' lang='lat' dir='ltr'><strong>vestibulo</strong></span> <span class='ocrx_word' id='word_1_397' title='bbox 1453 4738 1593 4791; x_wconf 91' lang='lat' dir='ltr'><strong>esse,</strong></span> <span class='ocrx_word' id='word_1_398' title='bbox 1622 4726 1715 4780; x_wconf 86' lang='lat' dir='ltr'><strong>sed</strong></span> <span class='ocrx_word' id='word_1_399' title='bbox 1743 4737 1898 4784; x_wconf 82' lang='lat' dir='ltr'><strong>extra</strong></span> 
     </span>
    </p>
   </div>
   <div class='ocr_carea' id='block_1_48' title="bbox 289 4805 1900 4884">
    <p class='ocr_par' dir='ltr' id='par_1_48' title="bbox 289 4805 1900 4884">
     <span class='ocr_line' id='line_1_48' title="bbox 289 4805 1900 4884; baseline 0.011 -27"><span class='ocrx_word' id='word_1_400' title='bbox 289 4806 492 4874; x_wconf 82' lang='lat' dir='ltr'><strong>regiam</strong></span> <span class='ocrx_word' id='word_1_401' title='bbox 516 4805 789 4872; x_wconf 81' lang='lat' dir='ltr'><strong>aberrare,</strong></span> <span class='ocrx_word' id='word_1_402' title='bbox 814 4817 866 4863; x_wconf 89' lang='lat' dir='ltr'><strong>et</strong></span> <span class='ocrx_word' id='word_1_403' title='bbox 893 4824 1016 4864; x_wconf 90' lang='lat' dir='ltr'><strong>eum</strong></span> <span class='ocrx_word' id='word_1_404' title='bbox 1041 4818 1096 4865; x_wconf 90' lang='lat' dir='ltr'><strong>et</strong></span> <span class='ocrx_word' id='word_1_405' title='bbox 1121 4811 1284 4866; x_wconf 89' lang='lat' dir='ltr'><strong>alium</strong></span> <span class='ocrx_word' id='word_1_406' title='bbox 1307 4817 1550 4884; x_wconf 86' lang='lat' dir='ltr'><strong>quemvis</strong></span> <span class='ocrx_word' id='word_1_407' title='bbox 1582 4815 1696 4872; x_wconf 82' lang='lat' dir='ltr'><strong>inec</strong></span> <span class='ocrx_word' id='word_1_408' title='bbox 1723 4818 1900 4875; x_wconf 86' lang='lat' dir='ltr'><strong>dicen-</strong></span> 
     </span>
    </p>
   </div>
   <div class='ocr_carea' id='block_1_49' title="bbox 290 4899 1895 4982">
    <p class='ocr_par' dir='ltr' id='par_1_49' title="bbox 290 4899 1895 4982">
     <span class='ocr_line' id='line_1_49' title="bbox 290 4899 1895 4982; baseline 0.009 -31"><span class='ocrx_word' id='word_1_409' title='bbox 290 4906 398 4952; x_wconf 87' lang='lat' dir='ltr'><strong>tem</strong></span> <span class='ocrx_word' id='word_1_410' title='bbox 418 4941 434 4964; x_wconf 94' lang='lat'><strong>,</strong></span> <span class='ocrx_word' id='word_1_411' title='bbox 469 4899 702 4954; x_wconf 87' lang='lat' dir='ltr'><strong>necdum</strong></span> <span class='ocrx_word' id='word_1_412' title='bbox 725 4900 791 4954; x_wconf 88' lang='lat' dir='ltr'><strong>ad</strong></span> <span class='ocrx_word' id='word_1_413' title='bbox 823 4916 1003 4957; x_wconf 80' lang='lat' dir='ltr'><strong>veram</strong></span> <span class='ocrx_word' id='word_1_414' title='bbox 1030 4905 1492 4975; x_wconf 88' lang='lat' dir='ltr'><strong>appropinquasse</strong></span> <span class='ocrx_word' id='word_1_415' title='bbox 1518 4909 1782 4978; x_wconf 79' lang='lat' dir='ltr'><strong>notitiam,</strong></span> <span class='ocrx_word' id='word_1_416' title='bbox 1805 4912 1895 4982; x_wconf 89' lang='lat' dir='ltr'><strong>qui</strong></span> 
     </span>
    </p>
   </div>
   <div class='ocr_carea' id='block_1_50' title="bbox 291 4989 1894 5072">
    <p class='ocr_par' dir='ltr' id='par_1_50' title="bbox 291 4989 1894 5072">
     <span class='ocr_line' id='line_1_50' title="bbox 291 4989 1894 5072; baseline 0.012 -30"><span class='ocrx_word' id='word_1_417' title='bbox 291 4989 453 5046; x_wconf 87' lang='lat' dir='ltr'><strong>talem</strong></span> <span class='ocrx_word' id='word_1_418' title='bbox 484 4990 555 5046; x_wconf 90' lang='lat' dir='ltr'><strong>de</strong></span> <span class='ocrx_word' id='word_1_419' title='bbox 593 4990 880 5062; x_wconf 88' lang='lat' dir='ltr'><strong>Unigenito</strong></span> <span class='ocrx_word' id='word_1_420' title='bbox 906 4995 1212 5064; x_wconf 83' lang='lat' dir='ltr'><strong>opinionem</strong></span> <span class='ocrx_word' id='word_1_421' title='bbox 1243 4997 1465 5054; x_wconf 84' lang='lat' dir='ltr'><strong>haberet</strong></span> <span class='ocrx_word' id='word_1_422' title='bbox 1495 5018 1508 5054; x_wconf 88' lang='lat'><strong>:</strong></span> <span class='ocrx_word' id='word_1_423' title='bbox 1539 5001 1662 5072; x_wconf 90' lang='lat' dir='ltr'><strong>quid</strong></span> <span class='ocrx_word' id='word_1_424' title='bbox 1696 5004 1805 5059; x_wconf 87' lang='lat' dir='ltr'><strong>ait?</strong></span> <span class='ocrx_word' id='word_1_425' title='bbox 1841 5005 1894 5061; x_wconf 82' lang='grc'><strong>5.</strong></span> 
     </span>
    </p>
   </div>
   <div class='ocr_carea' id='block_1_51' title="bbox 288 5084 1898 5164">
    <p class='ocr_par' dir='ltr' id='par_1_51' title="bbox 288 5084 1898 5164">
     <span class='ocr_line' id='line_1_51' title="bbox 288 5084 1898 5164; baseline 0.011 -28"><span class='ocrx_word' id='word_1_426' title='bbox 288 5084 472 5150; x_wconf 76' lang='lat' dir='ltr'><strong>Amen,</strong></span> <span class='ocrx_word' id='word_1_427' title='bbox 505 5099 652 5137; x_wconf 86' lang='lat' dir='ltr'><strong>amen</strong></span> <span class='ocrx_word' id='word_1_428' title='bbox 674 5085 786 5137; x_wconf 89' lang='lat' dir='ltr'><strong>dico</strong></span> <span class='ocrx_word' id='word_1_429' title='bbox 809 5086 914 5152; x_wconf 87' lang='lat' dir='ltr'><strong>tibi,</strong></span> <span class='ocrx_word' id='word_1_430' title='bbox 940 5088 1037 5141; x_wconf 88' lang='lat' dir='ltr'><strong>nisi</strong></span> <span class='ocrx_word' id='word_1_431' title='bbox 1058 5090 1168 5158; x_wconf 87' lang='lat' dir='ltr'><strong>quis</strong></span> <span class='ocrx_word' id='word_1_432' title='bbox 1189 5099 1339 5144; x_wconf 84' lang='lat' dir='ltr'><strong>natus</strong></span> <span class='ocrx_word' id='word_1_433' title='bbox 1361 5095 1511 5163; x_wconf 81' lang='lat' dir='ltr'><strong>fuerit</strong></span> <span class='ocrx_word' id='word_1_434' title='bbox 1537 5093 1772 5164; x_wconf 82' lang='lat' dir='ltr'><strong>desuper,</strong></span> <span class='ocrx_word' id='word_1_435' title='bbox 1798 5115 1898 5153; x_wconf 88' lang='lat' dir='ltr'><strong>non</strong></span> 
     </span>
    </p>
   </div>
   <div class='ocr_carea' id='block_1_52' title="bbox 289 5175 1898 5250">
    <p class='ocr_par' dir='ltr' id='par_1_52' title="bbox 289 5175 1898 5250">
     <span class='ocr_line' id='line_1_52' title="bbox 289 5175 1898 5250; baseline 0.01 -22"><span class='ocrx_word' id='word_1_436' title='bbox 289 5185 452 5244; x_wconf 84' lang='lat' dir='ltr'><strong>potest</strong></span> <span class='ocrx_word' id='word_1_437' title='bbox 483 5175 654 5230; x_wconf 82' lang='lat' dir='ltr'><strong>videre</strong></span> <span class='ocrx_word' id='word_1_438' title='bbox 680 5193 891 5248; x_wconf 76' lang='lat' dir='ltr'><strong>regnum</strong></span> <span class='ocrx_word' id='word_1_439' title='bbox 924 5178 1054 5244; x_wconf 53' lang='lat' dir='ltr'><strong>Dii;</strong></span> <span class='ocrx_word' id='word_1_440' title='bbox 1087 5180 1188 5236; x_wconf 89' lang='lat' dir='ltr'><strong>hoc</strong></span> <span class='ocrx_word' id='word_1_441' title='bbox 1217 5190 1335 5250; x_wconf 86' lang='lat' dir='ltr'><strong>est,</strong></span> <span class='ocrx_word' id='word_1_442' title='bbox 1369 5183 1478 5238; x_wconf 84' lang='lat' dir='ltr'><strong>Nisi</strong></span> <span class='ocrx_word' id='word_1_443' title='bbox 1509 5195 1563 5239; x_wconf 91' lang='lat' dir='ltr'><strong>tu</strong></span> <span class='ocrx_word' id='word_1_444' title='bbox 1596 5199 1751 5242; x_wconf 81' lang='lat' dir='ltr'><strong>nutus</strong></span> <span class='ocrx_word' id='word_1_445' title='bbox 1779 5187 1898 5244; x_wconf 86' lang='lat' dir='ltr'><strong>fue-</strong></span> 
     </span>
    </p>
   </div>
   <div class='ocr_carea' id='block_1_53' title="bbox 289 5269 1898 5350">
    <p class='ocr_par' dir='ltr' id='par_1_53' title="bbox 289 5269 1898 5350">
     <span class='ocr_line' id='line_1_53' title="bbox 289 5269 1898 5350; baseline 0.009 -26"><span class='ocrx_word' id='word_1_446' title='bbox 289 5271 363 5325; x_wconf 85' lang='lat' dir='ltr'><strong>ris</strong></span> <span class='ocrx_word' id='word_1_447' title='bbox 393 5269 646 5341; x_wconf 89' lang='lat' dir='ltr'><strong>desuper,</strong></span> <span class='ocrx_word' id='word_1_448' title='bbox 675 5281 727 5326; x_wconf 91' lang='lat' dir='ltr'><strong>et</strong></span> <span class='ocrx_word' id='word_1_449' title='bbox 752 5283 1053 5329; x_wconf 87' lang='lat' dir='ltr'><strong>accuratam</strong></span> <span class='ocrx_word' id='word_1_450' title='bbox 1085 5274 1396 5346; x_wconf 59' lang='lat' dir='ltr'><strong>dogmatum</strong></span> <span class='ocrx_word' id='word_1_451' title='bbox 1423 5281 1782 5350; x_wconf 85' lang='lat' dir='ltr'><strong>cognitionem</strong></span> <span class='ocrx_word' id='word_1_452' title='bbox 1809 5299 1898 5338; x_wconf 92' lang='lat' dir='ltr'><strong>ac-</strong></span> 
     </span>
    </p>
   </div>
   <div class='ocr_carea' id='block_1_54' title="bbox 286 5361 1894 5442">
    <p class='ocr_par' dir='ltr' id='par_1_54' title="bbox 286 5361 1894 5442">
     <span class='ocr_line' id='line_1_54' title="bbox 286 5361 1894 5442; baseline 0.009 -27"><span class='ocrx_word' id='word_1_453' title='bbox 286 5361 521 5433; x_wconf 84' lang='lat' dir='ltr'><strong>ceperis,</strong></span> <span class='ocrx_word' id='word_1_454' title='bbox 554 5362 684 5418; x_wconf 87' lang='lat' dir='ltr'><strong>foris</strong></span> <span class='ocrx_word' id='word_1_455' title='bbox 707 5364 945 5430; x_wconf 89' lang='lat' dir='ltr'><strong>aberras,</strong></span> <span class='ocrx_word' id='word_1_456' title='bbox 973 5378 1026 5422; x_wconf 92' lang='lat' dir='ltr'><strong>et</strong></span> <span class='ocrx_word' id='word_1_457' title='bbox 1055 5369 1238 5438; x_wconf 90' lang='lat' dir='ltr'><strong>procul</strong></span> <span class='ocrx_word' id='word_1_458' title='bbox 1271 5384 1330 5424; x_wconf 90' lang='lat' dir='ltr'><strong>es</strong></span> <span class='ocrx_word' id='word_1_459' title='bbox 1359 5386 1386 5424; x_wconf 90' lang='lat' dir='ltr'><strong>a</strong></span> <span class='ocrx_word' id='word_1_460' title='bbox 1424 5387 1589 5442; x_wconf 84' lang='lat' dir='ltr'><strong>regno</strong></span> <span class='ocrx_word' id='word_1_461' title='bbox 1619 5373 1894 5430; x_wconf 60' lang='lat' dir='ltr'><strong>oculorum.</strong></span> 
     </span>
    </p>
   </div>
   <div class='ocr_carea' id='block_1_55' title="bbox 293 5452 1897 5524">
    <p class='ocr_par' dir='ltr' id='par_1_55' title="bbox 293 5452 1897 5524">
     <span class='ocr_line' id='line_1_55' title="bbox 293 5452 1897 5524; baseline 0.01 -17"><span class='ocrx_word' id='word_1_462' title='bbox 293 5452 489 5508; x_wconf 74' lang='lat' dir='ltr'><strong>Verum</strong></span> <span class='ocrx_word' id='word_1_463' title='bbox 520 5453 570 5508; x_wconf 91' lang='lat' dir='ltr'><strong>id</strong></span> <span class='ocrx_word' id='word_1_464' title='bbox 598 5456 710 5510; x_wconf 87' lang='lat' dir='ltr'><strong>&#39;non</strong></span> <span class='ocrx_word' id='word_1_465' title='bbox 741 5455 886 5511; x_wconf 88' lang='lat' dir='ltr'><strong>clare</strong></span> <span class='ocrx_word' id='word_1_466' title='bbox 915 5457 1079 5524; x_wconf 84' lang='lat' dir='ltr'><strong>dicit;</strong></span> <span class='ocrx_word' id='word_1_467' title='bbox 1120 5469 1175 5514; x_wconf 93' lang='lat' dir='ltr'><strong>et</strong></span> <span class='ocrx_word' id='word_1_468' title='bbox 1215 5469 1271 5515; x_wconf 89' lang='lat' dir='ltr'><strong>ut</strong></span> <span class='ocrx_word' id='word_1_469' title='bbox 1301 5463 1476 5518; x_wconf 89' lang='lat' dir='ltr'><strong>minus</strong></span> <span class='ocrx_word' id='word_1_470' title='bbox 1510 5462 1798 5522; x_wconf 84' lang='lat' dir='ltr'><strong>onerosum</strong></span> <span class='ocrx_word' id='word_1_471' title='bbox 1847 5467 1897 5523; x_wconf 89' lang='lat' dir='ltr'><strong>id</strong></span> 
     </span>
    </p>
   </div>
   <div class='ocr_carea' id='block_1_56' title="bbox 286 5545 1893 5627">
    <p class='ocr_par' dir='ltr' id='par_1_56' title="bbox 286 5545 1893 5627">
     <span class='ocr_line' id='line_1_56' title="bbox 286 5545 1893 5627; baseline 0.011 -31"><span class='ocrx_word' id='word_1_472' title='bbox 286 5545 429 5616; x_wconf 87' lang='lat' dir='ltr'><strong>quod</strong></span> <span class='ocrx_word' id='word_1_473' title='bbox 456 5547 740 5603; x_wconf 87' lang='lat' dir='ltr'><strong>dicebatur</strong></span> <span class='ocrx_word' id='word_1_474' title='bbox 764 5559 940 5616; x_wconf 79' lang='lat' dir='ltr'><strong>eSSel,</strong></span> <span class='ocrx_word' id='word_1_475' title='bbox 993 5566 1100 5606; x_wconf 90' lang='lat' dir='ltr'><strong>non</strong></span> <span class='ocrx_word' id='word_1_476' title='bbox 1140 5552 1312 5621; x_wconf 84' lang='lat' dir='ltr'><strong>ipsum</strong></span> <span class='ocrx_word' id='word_1_477' title='bbox 1357 5565 1541 5624; x_wconf 87' lang='lat' dir='ltr'><strong>aperte</strong></span> <span class='ocrx_word' id='word_1_478' title='bbox 1583 5556 1893 5627; x_wconf 79' lang='lat' dir='ltr'><strong>alloquitur,</strong></span> 
     </span>
    </p>
   </div>
   <div class='ocr_carea' id='block_1_57' title="bbox 284 5636 1895 5719">
    <p class='ocr_par' dir='ltr' id='par_1_57' title="bbox 284 5636 1895 5719">
     <span class='ocr_line' id='line_1_57' title="bbox 284 5636 1895 5719; baseline 0.008 -28"><span class='ocrx_word' id='word_1_479' title='bbox 284 5636 380 5691; x_wconf 79' lang='lat' dir='ltr'><strong>sed</strong></span> <span class='ocrx_word' id='word_1_480' title='bbox 413 5636 831 5696; x_wconf 88' lang='lat' dir='ltr'><strong>indcterminate</strong></span> <span class='ocrx_word' id='word_1_481' title='bbox 859 5640 1021 5707; x_wconf 91' lang='lat' dir='ltr'><strong>dicit,</strong></span> <span class='ocrx_word' id='word_1_482' title='bbox 1057 5640 1177 5698; x_wconf 80' lang='lat' dir='ltr'><strong>Nisi</strong></span> <span class='ocrx_word' id='word_1_483' title='bbox 1205 5647 1320 5716; x_wconf 84' lang='lat' dir='ltr'><strong>quis</strong></span> <span class='ocrx_word' id='word_1_484' title='bbox 1351 5659 1500 5702; x_wconf 85' lang='lat' dir='ltr'><strong>natus</strong></span> <span class='ocrx_word' id='word_1_485' title='bbox 1532 5650 1723 5719; x_wconf 81' lang='lat' dir='ltr'><strong>fuerit;</strong></span> <span class='ocrx_word' id='word_1_486' title='bbox 1753 5666 1816 5706; x_wconf 85' lang='lat' dir='ltr'><strong>ac</strong></span> <span class='ocrx_word' id='word_1_487' title='bbox 1852 5651 1895 5704; x_wconf 89' lang='lat' dir='ltr'><strong>si</strong></span> 
     </span>
    </p>
   </div>
   <div class='ocr_carea' id='block_1_58' title="bbox 289 5731 1897 5808">
    <p class='ocr_par' dir='ltr' id='par_1_58' title="bbox 289 5731 1897 5808">
     <span class='ocr_line' id='line_1_58' title="bbox 289 5731 1897 5808; baseline 0.011 -27"><span class='ocrx_word' id='word_1_488' title='bbox 289 5731 486 5788; x_wconf 87' lang='lat' dir='ltr'><strong>diceret</strong></span> <span class='ocrx_word' id='word_1_489' title='bbox 533 5751 546 5788; x_wconf 89' lang='lat'><strong>:</strong></span> <span class='ocrx_word' id='word_1_490' title='bbox 590 5732 718 5788; x_wconf 89' lang='lat' dir='ltr'><strong>Sive</strong></span> <span class='ocrx_word' id='word_1_491' title='bbox 749 5742 838 5800; x_wconf 92' lang='lat' dir='ltr'><strong>tu,</strong></span> <span class='ocrx_word' id='word_1_492' title='bbox 871 5735 985 5795; x_wconf 84' lang='lat' dir='ltr'><strong>sive</strong></span> <span class='ocrx_word' id='word_1_493' title='bbox 1013 5738 1186 5808; x_wconf 87' lang='lat' dir='ltr'><strong>quivis</strong></span> <span class='ocrx_word' id='word_1_494' title='bbox 1217 5739 1352 5795; x_wconf 88' lang='lat' dir='ltr'><strong>alius</strong></span> <span class='ocrx_word' id='word_1_495' title='bbox 1385 5739 1500 5796; x_wconf 77' lang='lat' dir='ltr'><strong>lucc</strong></span> <span class='ocrx_word' id='word_1_496' title='bbox 1541 5741 1608 5799; x_wconf 90' lang='lat' dir='ltr'><strong>de</strong></span> <span class='ocrx_word' id='word_1_497' title='bbox 1648 5759 1735 5800; x_wconf 92' lang='lat' dir='ltr'><strong>me</strong></span> <span class='ocrx_word' id='word_1_498' title='bbox 1775 5761 1897 5801; x_wconf 84' lang='lat' dir='ltr'><strong>sen-</strong></span> 
     </span>
    </p>
   </div>
   <div class='ocr_carea' id='block_1_59' title="bbox 291 5824 1897 5896">
    <p class='ocr_par' dir='ltr' id='par_1_59' title="bbox 291 5824 1897 5896">
     <span class='ocr_line' id='line_1_59' title="bbox 291 5824 1897 5896; baseline 0.014 -24"><span class='ocrx_word' id='word_1_499' title='bbox 291 5826 412 5889; x_wconf 82' lang='lat' dir='ltr'><strong>nn,</strong></span> <span class='ocrx_word' id='word_1_500' title='bbox 463 5824 508 5879; x_wconf 80' lang='lat' dir='ltr'><strong>is</strong></span> <span class='ocrx_word' id='word_1_501' title='bbox 549 5833 705 5880; x_wconf 83' lang='lat' dir='ltr'><strong>extra</strong></span> <span class='ocrx_word' id='word_1_502' title='bbox 749 5840 972 5896; x_wconf 88' lang='lat' dir='ltr'><strong>regnum</strong></span> <span class='ocrx_word' id='word_1_503' title='bbox 1012 5836 1113 5884; x_wconf 89' lang='lat' dir='ltr'><strong>est.</strong></span> <span class='ocrx_word' id='word_1_504' title='bbox 1145 5828 1252 5884; x_wconf 79' lang='lat' dir='ltr'><strong>Nisi</strong></span> <span class='ocrx_word' id='word_1_505' title='bbox 1287 5833 1428 5886; x_wconf 88' lang='lat' dir='ltr'><strong>enim</strong></span> <span class='ocrx_word' id='word_1_506' title='bbox 1462 5831 1575 5890; x_wconf 73' lang='lat' dir='ltr'><strong>hcce</strong></span> <span class='ocrx_word' id='word_1_507' title='bbox 1603 5835 1687 5890; x_wconf 84' lang='lat' dir='ltr'><strong>illa</strong></span> <span class='ocrx_word' id='word_1_508' title='bbox 1720 5847 1897 5894; x_wconf 88' lang='lat' dir='ltr'><strong>mente</strong></span> 
     </span>
    </p>
   </div>
   <div class='ocr_carea' id='block_1_60' title="bbox 287 5921 1892 5994">
    <p class='ocr_par' dir='ltr' id='par_1_60' title="bbox 287 5921 1892 5994">
     <span class='ocr_line' id='line_1_60' title="bbox 287 5921 1892 5994; baseline 0.008 -20"><span class='ocrx_word' id='word_1_509' title='bbox 287 5922 504 5980; x_wconf 73' lang='lat' dir='ltr'><strong>ditiSset</strong></span> <span class='ocrx_word' id='word_1_510' title='bbox 527 5967 540 5990; x_wconf 87' lang='lat'><strong>,</strong></span> <span class='ocrx_word' id='word_1_511' title='bbox 597 5921 884 5992; x_wconf 65' lang='lat' dir='ltr'><strong>responsio</strong></span> <span class='ocrx_word' id='word_1_512' title='bbox 926 5938 1028 5977; x_wconf 89' lang='lat' dir='ltr'><strong>non</strong></span> <span class='ocrx_word' id='word_1_513' title='bbox 1058 5924 1121 5978; x_wconf 84' lang='lat' dir='ltr'><strong>ad</strong></span> <span class='ocrx_word' id='word_1_514' title='bbox 1153 5935 1482 5994; x_wconf 84' lang='lat' dir='ltr'><strong>propositum</strong></span> <span class='ocrx_word' id='word_1_515' title='bbox 1513 5939 1655 5985; x_wconf 73' lang='lat' dir='ltr'><strong>esset</strong></span> <span class='ocrx_word' id='word_1_516' title='bbox 1710 5929 1821 5987; x_wconf 86' lang='lat' dir='ltr'><strong>lloc</strong></span> <span class='ocrx_word' id='word_1_517' title='bbox 1850 5933 1892 5987; x_wconf 87' lang='lat' dir='ltr'><strong>si</strong></span> 
     </span>
    </p>
   </div>
   <div class='ocr_carea' id='block_1_61' title="bbox 1321 417 2609 514">
    <p class='ocr_par' dir='ltr' id='par_1_61' title="bbox 1321 417 2609 514">
     <span class='ocr_line' id='line_1_61' title="bbox 1321 417 2609 514; baseline 0.003 -4"><span class='ocrx_word' id='word_1_518' title='bbox 1321 417 1390 510; x_wconf 73' lang='lat' dir='ltr'><strong>in</strong></span> <span class='ocrx_word' id='word_1_519' title='bbox 1431 453 1750 513; x_wconf 73' lang='lat' dir='ltr'><strong>tOANNEM</strong></span> <span class='ocrx_word' id='word_1_520' title='bbox 1789 451 2022 510; x_wconf 81' lang='lat' dir='ltr'><strong>nontL.</strong></span> <span class='ocrx_word' id='word_1_521' title='bbox 2069 451 2262 509; x_wconf 59' lang='grc' dir='ltr'><strong>χειν.</strong></span> <span class='ocrx_word' id='word_1_522' title='bbox 2305 453 2374 510; x_wconf 91' lang='lat' dir='ltr'><strong>al.</strong></span> <span class='ocrx_word' id='word_1_523' title='bbox 2419 454 2609 514; x_wconf 59' lang='grc' dir='ltr'>χχιιι.</span> 
     </span>
    </p>
   </div>
   <div class='ocr_carea' id='block_1_62' title="bbox 3533 470 3635 527">
    <p class='ocr_par' dir='ltr' id='par_1_62' title="bbox 3533 470 3635 527">
     <span class='ocr_line' id='line_1_62' title="bbox 3533 470 3635 527; baseline 0.01 -1"><span class='ocrx_word' id='word_1_524' title='bbox 3533 470 3635 527; x_wconf 71' lang='lat' dir='ltr'><strong>NB</strong></span> 
     </span>
    </p>
   </div>
   <div class='ocr_carea' id='block_1_63' title="bbox 2041 565 3634 640">
    <p class='ocr_par' dir='ltr' id='par_1_63' title="bbox 2041 565 3634 640">
     <span class='ocr_line' id='line_1_63' title="bbox 2041 565 3634 640; baseline 0.012 -19"><span class='ocrx_word' id='word_1_525' title='bbox 2041 565 2209 623; x_wconf 72' lang='lat' dir='ltr'><strong>Judaei</strong></span> <span class='ocrx_word' id='word_1_526' title='bbox 2237 567 2553 636; x_wconf 85' lang='lat' dir='ltr'><strong>audiissent,</strong></span> <span class='ocrx_word' id='word_1_527' title='bbox 2573 573 2880 633; x_wconf 86' lang='lat' dir='ltr'><strong>deridentes</strong></span> <span class='ocrx_word' id='word_1_528' title='bbox 2908 577 3198 636; x_wconf 81' lang='lat' dir='ltr'><strong>discessuri</strong></span> <span class='ocrx_word' id='word_1_529' title='bbox 3219 591 3390 638; x_wconf 84' lang='lat' dir='ltr'><strong>erant.</strong></span> <span class='ocrx_word' id='word_1_530' title='bbox 3416 583 3512 639; x_wconf 85' lang='lat' dir='ltr'><strong>ille</strong></span> <span class='ocrx_word' id='word_1_531' title='bbox 3536 601 3634 640; x_wconf 84' lang='lat' dir='ltr'><strong>au-</strong></span> 
     </span>
    </p>
   </div>
   <div class='ocr_carea' id='block_1_64' title="bbox 2038 658 3638 739">
    <p class='ocr_par' dir='ltr' id='par_1_64' title="bbox 2038 658 3638 739">
     <span class='ocr_line' id='line_1_64' title="bbox 2038 658 3638 739; baseline 0.011 -25"><span class='ocrx_word' id='word_1_532' title='bbox 2038 667 2145 715; x_wconf 91' lang='lat' dir='ltr'><strong>tem</strong></span> <span class='ocrx_word' id='word_1_533' title='bbox 2176 658 2416 718; x_wconf 88' lang='lat' dir='ltr'><strong>discendi</strong></span> <span class='ocrx_word' id='word_1_534' title='bbox 2446 663 2680 720; x_wconf 90' lang='lat' dir='ltr'><strong>studium</strong></span> <span class='ocrx_word' id='word_1_535' title='bbox 2707 682 2820 739; x_wconf 77' lang='lat' dir='ltr'><strong>pra:</strong></span> <span class='ocrx_word' id='word_1_536' title='bbox 2845 682 2903 725; x_wconf 86' lang='lat' dir='ltr'><strong>se</strong></span> <span class='ocrx_word' id='word_1_537' title='bbox 2927 671 3066 727; x_wconf 88' lang='lat' dir='ltr'><strong>tulit.</strong></span> <span class='ocrx_word' id='word_1_538' title='bbox 3095 671 3219 729; x_wconf 88' lang='lat' dir='ltr'><strong>ideo</strong></span> <span class='ocrx_word' id='word_1_539' title='bbox 3243 674 3385 730; x_wconf 90' lang='lat' dir='ltr'><strong>enim</strong></span> <span class='ocrx_word' id='word_1_540' title='bbox 3408 674 3638 732; x_wconf 81' lang='lat' dir='ltr'><strong>obscure</strong></span> 
     </span>
    </p>
   </div>
   <div class='ocr_carea' id='block_1_65' title="bbox 2037 754 3638 826">
    <p class='ocr_par' dir='ltr' id='par_1_65' title="bbox 2037 754 3638 826">
     <span class='ocr_line' id='line_1_65' title="bbox 2037 754 3638 826; baseline 0.01 -20"><span class='ocrx_word' id='word_1_541' title='bbox 2037 767 2181 824; x_wconf 71' lang='lat' dir='ltr'><strong>saepe</strong></span> <span class='ocrx_word' id='word_1_542' title='bbox 2225 754 2461 826; x_wconf 89' lang='lat' dir='ltr'><strong>loquitur</strong></span> <span class='ocrx_word' id='word_1_543' title='bbox 2508 756 2786 823; x_wconf 83' lang='lat' dir='ltr'><strong>Christus.</strong></span> <span class='ocrx_word' id='word_1_544' title='bbox 2839 769 2896 818; x_wconf 91' lang='lat' dir='ltr'><strong>ut</strong></span> <span class='ocrx_word' id='word_1_545' title='bbox 2937 764 3209 821; x_wconf 88' lang='lat' dir='ltr'><strong>auditores</strong></span> <span class='ocrx_word' id='word_1_546' title='bbox 3254 777 3308 821; x_wconf 90' lang='lat' dir='ltr'><strong>et</strong></span> <span class='ocrx_word' id='word_1_547' title='bbox 3356 767 3422 823; x_wconf 86' lang='lat' dir='ltr'><strong>ad</strong></span> <span class='ocrx_word' id='word_1_548' title='bbox 3471 767 3638 824; x_wconf 84' lang='lat' dir='ltr'><strong>inter-</strong></span> 
     </span>
    </p>
   </div>
   <div class='ocr_carea' id='block_1_66' title="bbox 2035 845 3640 932">
    <p class='ocr_par' dir='ltr' id='par_1_66' title="bbox 2035 845 3640 932">
     <span class='ocr_line' id='line_1_66' title="bbox 2035 845 3640 932; baseline 0.011 -32"><span class='ocrx_word' id='word_1_549' title='bbox 2035 845 2330 917; x_wconf 87' lang='lat' dir='ltr'><strong>rogandum</strong></span> <span class='ocrx_word' id='word_1_550' title='bbox 2376 851 2769 920; x_wconf 84' lang='lat' dir='ltr'><strong>promptiores,</strong></span> <span class='ocrx_word' id='word_1_551' title='bbox 2831 863 2885 910; x_wconf 90' lang='lat' dir='ltr'><strong>et</strong></span> <span class='ocrx_word' id='word_1_552' title='bbox 2926 853 2994 910; x_wconf 89' lang='lat' dir='ltr'><strong>ad</strong></span> <span class='ocrx_word' id='word_1_553' title='bbox 3043 858 3372 926; x_wconf 81' lang='lat' dir='ltr'><strong>operandam</strong></span> <span class='ocrx_word' id='word_1_554' title='bbox 3416 859 3640 932; x_wconf 86' lang='lat' dir='ltr'><strong>expedi-</strong></span> 
     </span>
    </p>
   </div>
   <div class='ocr_carea' id='block_1_67' title="bbox 2037 937 3638 1023">
    <p class='ocr_par' dir='ltr' id='par_1_67' title="bbox 2037 937 3638 1023">
     <span class='ocr_line' id='line_1_67' title="bbox 2037 937 3638 1023; baseline 0.011 -32"><span class='ocrx_word' id='word_1_555' title='bbox 2037 937 2200 994; x_wconf 88' lang='lat' dir='ltr'><strong>tiores</strong></span> <span class='ocrx_word' id='word_1_556' title='bbox 2222 939 2431 997; x_wconf 87' lang='lat' dir='ltr'><strong>reddat.</strong></span> <span class='ocrx_word' id='word_1_557' title='bbox 2452 941 2586 999; x_wconf 83' lang='lat' dir='ltr'><strong>Nam</strong></span> <span class='ocrx_word' id='word_1_558' title='bbox 2606 944 2748 1015; x_wconf 87' lang='lat' dir='ltr'><strong>quod</strong></span> <span class='ocrx_word' id='word_1_559' title='bbox 2771 945 2917 1003; x_wconf 89' lang='lat' dir='ltr'><strong>clare</strong></span> <span class='ocrx_word' id='word_1_560' title='bbox 2935 947 3150 1017; x_wconf 86' lang='lat' dir='ltr'><strong>dicitur,</strong></span> <span class='ocrx_word' id='word_1_561' title='bbox 3170 949 3469 1006; x_wconf 89' lang='lat' dir='ltr'><strong>auditorem</strong></span> <span class='ocrx_word' id='word_1_562' title='bbox 3493 967 3638 1023; x_wconf 66' lang='lat' dir='ltr'><strong>stupe</strong></span> 
     </span>
    </p>
   </div>
   <div class='ocr_carea' id='block_1_68' title="bbox 2032 1027 3636 1106">
    <p class='ocr_par' dir='ltr' id='par_1_68' title="bbox 2032 1027 3636 1106">
     <span class='ocr_line' id='line_1_68' title="bbox 2032 1027 3636 1106; baseline 0.011 -24"><span class='ocrx_word' id='word_1_563' title='bbox 2032 1027 2201 1101; x_wconf 87' lang='lat' dir='ltr'><strong>fugit;</strong></span> <span class='ocrx_word' id='word_1_564' title='bbox 2228 1032 2372 1102; x_wconf 91' lang='lat' dir='ltr'><strong>quod</strong></span> <span class='ocrx_word' id='word_1_565' title='bbox 2403 1041 2583 1090; x_wconf 88' lang='lat' dir='ltr'><strong>autem</strong></span> <span class='ocrx_word' id='word_1_566' title='bbox 2613 1036 2903 1093; x_wconf 84' lang='lat' dir='ltr'><strong>obscurum</strong></span> <span class='ocrx_word' id='word_1_567' title='bbox 2927 1049 3030 1106; x_wconf 91' lang='lat' dir='ltr'><strong>est,</strong></span> <span class='ocrx_word' id='word_1_568' title='bbox 3061 1043 3402 1097; x_wconf 86' lang='lat' dir='ltr'><strong>attentioretn</strong></span> <span class='ocrx_word' id='word_1_569' title='bbox 3430 1045 3636 1100; x_wconf 88' lang='lat' dir='ltr'><strong>studio-</strong></span> 
     </span>
    </p>
   </div>
   <div class='ocr_carea' id='block_1_69' title="bbox 2031 1123 3637 1204">
    <p class='ocr_par' dir='ltr' id='par_1_69' title="bbox 2031 1123 3637 1204">
     <span class='ocr_line' id='line_1_69' title="bbox 2031 1123 3637 1204; baseline 0.01 -26"><span class='ocrx_word' id='word_1_570' title='bbox 2031 1123 2340 1196; x_wconf 90' lang='lat' dir='ltr'><strong>sioremque</strong></span> <span class='ocrx_word' id='word_1_571' title='bbox 2369 1126 2563 1182; x_wconf 90' lang='lat' dir='ltr'><strong>reddit.</strong></span> <span class='ocrx_word' id='word_1_572' title='bbox 2604 1128 2716 1185; x_wconf 86' lang='lat' dir='ltr'><strong>Hoc</strong></span> <span class='ocrx_word' id='word_1_573' title='bbox 2756 1141 2935 1187; x_wconf 87' lang='lat' dir='ltr'><strong>autem</strong></span> <span class='ocrx_word' id='word_1_574' title='bbox 2978 1134 3244 1204; x_wconf 87' lang='lat' dir='ltr'><strong>significat</strong></span> <span class='ocrx_word' id='word_1_575' title='bbox 3277 1153 3290 1189; x_wconf 88' lang='lat'><strong>:</strong></span> <span class='ocrx_word' id='word_1_576' title='bbox 3324 1135 3435 1193; x_wconf 79' lang='lat' dir='ltr'><strong>Nisi</strong></span> <span class='ocrx_word' id='word_1_577' title='bbox 3479 1147 3637 1194; x_wconf 89' lang='lat' dir='ltr'><strong>natus</strong></span> 
     </span>
    </p>
   </div>
   <div class='ocr_carea' id='block_1_70' title="bbox 2032 1214 3630 1303">
    <p class='ocr_par' dir='ltr' id='par_1_70' title="bbox 2032 1214 3630 1303">
     <span class='ocr_line' id='line_1_70' title="bbox 2032 1214 3630 1303; baseline 0.009 -32"><span class='ocrx_word' id='word_1_578' title='bbox 2032 1214 2198 1273; x_wconf 88' lang='lat' dir='ltr'><strong>fueris</strong></span> <span class='ocrx_word' id='word_1_579' title='bbox 2226 1218 2479 1290; x_wconf 88' lang='lat' dir='ltr'><strong>desuper,</strong></span> <span class='ocrx_word' id='word_1_580' title='bbox 2511 1221 2614 1278; x_wconf 90' lang='lat' dir='ltr'><strong>nisi</strong></span> <span class='ocrx_word' id='word_1_581' title='bbox 2647 1237 2743 1294; x_wconf 88' lang='lat' dir='ltr'><strong>per</strong></span> <span class='ocrx_word' id='word_1_582' title='bbox 2769 1224 3038 1281; x_wconf 82' lang='lat' dir='ltr'><strong>lavacrum</strong></span> <span class='ocrx_word' id='word_1_583' title='bbox 3066 1229 3490 1301; x_wconf 87' lang='lat' dir='ltr'><strong>regenerationis</strong></span> <span class='ocrx_word' id='word_1_584' title='bbox 3516 1231 3630 1303; x_wconf 65' lang='lat' dir='ltr'><strong>Spi.</strong></span> 
     </span>
    </p>
   </div>
   <div class='ocr_carea' id='block_1_71' title="bbox 2030 1309 3637 1393">
    <p class='ocr_par' dir='ltr' id='par_1_71' title="bbox 2030 1309 3637 1393">
     <span class='ocr_line' id='line_1_71' title="bbox 2030 1309 3637 1393; baseline 0.009 -31"><span class='ocrx_word' id='word_1_585' title='bbox 2030 1309 2191 1365; x_wconf 89' lang='lat' dir='ltr'><strong>ritum</strong></span> <span class='ocrx_word' id='word_1_586' title='bbox 2221 1311 2514 1382; x_wconf 89' lang='lat' dir='ltr'><strong>acceperis,</strong></span> <span class='ocrx_word' id='word_1_587' title='bbox 2548 1328 2654 1370; x_wconf 92' lang='lat' dir='ltr'><strong>non</strong></span> <span class='ocrx_word' id='word_1_588' title='bbox 2683 1324 2838 1386; x_wconf 89' lang='lat' dir='ltr'><strong>potes</strong></span> <span class='ocrx_word' id='word_1_589' title='bbox 2862 1317 2929 1372; x_wconf 90' lang='lat' dir='ltr'><strong>ad</strong></span> <span class='ocrx_word' id='word_1_590' title='bbox 2960 1322 3161 1375; x_wconf 79' lang='lat' dir='ltr'><strong>rectam</strong></span> <span class='ocrx_word' id='word_1_591' title='bbox 3198 1319 3268 1376; x_wconf 89' lang='lat' dir='ltr'><strong>de</strong></span> <span class='ocrx_word' id='word_1_592' title='bbox 3309 1337 3396 1378; x_wconf 91' lang='lat' dir='ltr'><strong>me</strong></span> <span class='ocrx_word' id='word_1_593' title='bbox 3425 1323 3637 1393; x_wconf 85' lang='lat' dir='ltr'><strong>opinio-</strong></span> 
     </span>
    </p>
   </div>
   <div class='ocr_carea' id='block_1_72' title="bbox 2029 1405 3634 1482">
    <p class='ocr_par' dir='ltr' id='par_1_72' title="bbox 2029 1405 3634 1482">
     <span class='ocr_line' id='line_1_72' title="bbox 2029 1405 3634 1482; baseline 0.009 -26"><span class='ocrx_word' id='word_1_594' title='bbox 2029 1416 2152 1457; x_wconf 89' lang='lat' dir='ltr'><strong>nem</strong></span> <span class='ocrx_word' id='word_1_595' title='bbox 2180 1405 2484 1474; x_wconf 80' lang='lat' dir='ltr'><strong>pervenire.</strong></span> <span class='ocrx_word' id='word_1_596' title='bbox 2519 1406 2647 1463; x_wconf 70' lang='lat' dir='ltr'><strong>Hmc</strong></span> <span class='ocrx_word' id='word_1_597' title='bbox 2687 1416 2775 1464; x_wconf 91' lang='lat' dir='ltr'><strong>tua</strong></span> <span class='ocrx_word' id='word_1_598' title='bbox 2816 1410 3000 1480; x_wconf 92' lang='lat' dir='ltr'><strong>opinio</strong></span> <span class='ocrx_word' id='word_1_599' title='bbox 3037 1427 3145 1468; x_wconf 93' lang='lat' dir='ltr'><strong>non</strong></span> <span class='ocrx_word' id='word_1_600' title='bbox 3171 1413 3498 1482; x_wconf 82' lang='lat' dir='ltr'><strong>spiritualis,</strong></span> <span class='ocrx_word' id='word_1_601' title='bbox 3540 1415 3634 1472; x_wconf 80' lang='lat' dir='ltr'><strong>sed</strong></span> 
     </span>
    </p>
   </div>
   <div class='ocr_carea' id='block_1_73' title="bbox 2028 1494 3633 1572">
    <p class='ocr_par' dir='ltr' id='par_1_73' title="bbox 2028 1494 3633 1572">
     <span class='ocr_line' id='line_1_73' title="bbox 2028 1494 3633 1572; baseline 0.008 -23"><span class='ocrx_word' id='word_1_602' title='bbox 2028 1494 2388 1562; x_wconf 85' lang='lat' dir='ltr'><strong>animalisest</strong></span> <span class='ocrx_word' id='word_1_603' title='bbox 2410 1497 2450 1552; x_wconf 75' lang='grc' dir='ltr'><strong>ί.</strong></span> <span class='ocrx_word' id='word_1_604' title='bbox 2482 1498 2599 1555; x_wconf 85' lang='grc' dir='ltr'>Νοιι</span> <span class='ocrx_word' id='word_1_605' title='bbox 2632 1509 2809 1558; x_wconf 77' lang='lat' dir='ltr'><strong>tamen</strong></span> <span class='ocrx_word' id='word_1_606' title='bbox 2838 1502 2920 1558; x_wconf 89' lang='lat' dir='ltr'><strong>his</strong></span> <span class='ocrx_word' id='word_1_607' title='bbox 2951 1503 3130 1560; x_wconf 82' lang='lat' dir='ltr'><strong>verbis</strong></span> <span class='ocrx_word' id='word_1_608' title='bbox 3154 1519 3286 1560; x_wconf 87' lang='lat' dir='ltr'><strong>usus</strong></span> <span class='ocrx_word' id='word_1_609' title='bbox 3313 1516 3395 1563; x_wconf 89' lang='lat' dir='ltr'><strong>est</strong></span> <span class='ocrx_word' id='word_1_610' title='bbox 3416 1546 3431 1572; x_wconf 92' lang='lat'><strong>,</strong></span> <span class='ocrx_word' id='word_1_611' title='bbox 3473 1522 3540 1562; x_wconf 90' lang='lat' dir='ltr'><strong>ne</strong></span> <span class='ocrx_word' id='word_1_612' title='bbox 3567 1506 3633 1562; x_wconf 87' lang='lat' dir='ltr'><strong>il-</strong></span> 
     </span>
    </p>
   </div>
   <div class='ocr_carea' id='block_1_74' title="bbox 2027 1584 3635 1665">
    <p class='ocr_par' dir='ltr' id='par_1_74' title="bbox 2027 1584 3635 1665">
     <span class='ocr_line' id='line_1_74' title="bbox 2027 1584 3635 1665; baseline 0.01 -25"><span class='ocrx_word' id='word_1_613' title='bbox 2027 1584 2137 1641; x_wconf 92' lang='lat' dir='ltr'><strong>lum</strong></span> <span class='ocrx_word' id='word_1_614' title='bbox 2179 1601 2277 1658; x_wconf 91' lang='lat' dir='ltr'><strong>pro</strong></span> <span class='ocrx_word' id='word_1_615' title='bbox 2317 1587 2576 1647; x_wconf 77' lang='lat' dir='ltr'><strong>facultate</strong></span> <span class='ocrx_word' id='word_1_616' title='bbox 2621 1606 2717 1649; x_wconf 90' lang='lat' dir='ltr'><strong>sua</strong></span> <span class='ocrx_word' id='word_1_617' title='bbox 2763 1593 3070 1665; x_wconf 81' lang='lat' dir='ltr'><strong>loquean</strong></span> <span class='ocrx_word' id='word_1_618' title='bbox 3115 1604 3382 1665; x_wconf 86' lang='lat' dir='ltr'><strong>terreret;</strong></span> <span class='ocrx_word' id='word_1_619' title='bbox 3428 1597 3523 1655; x_wconf 82' lang='lat' dir='ltr'><strong>sed</strong></span> <span class='ocrx_word' id='word_1_620' title='bbox 3566 1600 3635 1656; x_wconf 79' lang='lat' dir='ltr'><strong>ad</strong></span> 
     </span>
    </p>
   </div>
   <div class='ocr_carea' id='block_1_75' title="bbox 2028 1677 3632 1763">
    <p class='ocr_par' dir='ltr' id='par_1_75' title="bbox 2028 1677 3632 1763">
     <span class='ocr_line' id='line_1_75' title="bbox 2028 1677 3632 1763; baseline 0.009 -30"><span class='ocrx_word' id='word_1_621' title='bbox 2028 1677 2290 1750; x_wconf 84' lang='lat' dir='ltr'><strong>majorem</strong></span> <span class='ocrx_word' id='word_1_622' title='bbox 2338 1680 2487 1737; x_wconf 91' lang='lat' dir='ltr'><strong>illum</strong></span> <span class='ocrx_word' id='word_1_623' title='bbox 2526 1686 2890 1756; x_wconf 90' lang='lat' dir='ltr'><strong>cognitionem</strong></span> <span class='ocrx_word' id='word_1_624' title='bbox 2936 1689 3054 1744; x_wconf 88' lang='lat' dir='ltr'><strong>sine</strong></span> <span class='ocrx_word' id='word_1_625' title='bbox 3094 1690 3404 1760; x_wconf 90' lang='lat' dir='ltr'><strong>suspicione</strong></span> <span class='ocrx_word' id='word_1_626' title='bbox 3441 1692 3632 1763; x_wconf 67' lang='lat' dir='ltr'><strong>erigit.</strong></span> 
     </span>
    </p>
   </div>
   <div class='ocr_carea' id='block_1_76' title="bbox 2026 1770 3633 1855">
    <p class='ocr_par' dir='ltr' id='par_1_76' title="bbox 2026 1770 3633 1855">
     <span class='ocr_line' id='line_1_76' title="bbox 2026 1770 3633 1855; baseline 0.009 -29"><span class='ocrx_word' id='word_1_627' title='bbox 2026 1784 2149 1827; x_wconf 90' lang='lat' dir='ltr'><strong>cum</strong></span> <span class='ocrx_word' id='word_1_628' title='bbox 2181 1770 2338 1841; x_wconf 90' lang='lat' dir='ltr'><strong>dicit,</strong></span> <span class='ocrx_word' id='word_1_629' title='bbox 2368 1773 2490 1831; x_wconf 87' lang='lat' dir='ltr'><strong>Nisi</strong></span> <span class='ocrx_word' id='word_1_630' title='bbox 2513 1778 2626 1847; x_wconf 89' lang='lat' dir='ltr'><strong>quis</strong></span> <span class='ocrx_word' id='word_1_631' title='bbox 2651 1789 2857 1836; x_wconf 82' lang='lat' dir='ltr'><strong>renatus</strong></span> <span class='ocrx_word' id='word_1_632' title='bbox 2881 1783 3039 1853; x_wconf 80' lang='lat' dir='ltr'><strong>fuerit</strong></span> <span class='ocrx_word' id='word_1_633' title='bbox 3074 1783 3311 1855; x_wconf 85' lang='lat' dir='ltr'><strong>desuper.</strong></span> <span class='ocrx_word' id='word_1_634' title='bbox 3359 1784 3491 1842; x_wconf 91' lang='lat' dir='ltr'><strong>Illud</strong></span> <span class='ocrx_word' id='word_1_635' title='bbox 3522 1782 3633 1840; x_wconf 72' lang='lat' dir='ltr'><strong>De-</strong></span> 
     </span>
    </p>
   </div>
   <div class='ocr_carea' id='block_1_77' title="bbox 2025 1861 3633 1948">
    <p class='ocr_par' dir='ltr' id='par_1_77' title="bbox 2025 1861 3633 1948">
     <span class='ocr_line' id='line_1_77' title="bbox 2025 1861 3633 1948; baseline 0.011 -31"><span class='ocrx_word' id='word_1_636' title='bbox 2025 1878 2198 1936; x_wconf 85' lang='lat' dir='ltr'><strong>super,</strong></span> <span class='ocrx_word' id='word_1_637' title='bbox 2235 1866 2486 1937; x_wconf 90' lang='lat' dir='ltr'><strong>quidam,</strong></span> <span class='ocrx_word' id='word_1_638' title='bbox 2519 1869 2587 1925; x_wconf 92' lang='lat' dir='ltr'><strong>de</strong></span> <span class='ocrx_word' id='word_1_639' title='bbox 2615 1871 2772 1938; x_wconf 63' lang='lat' dir='ltr'><strong>caelo,</strong></span> <span class='ocrx_word' id='word_1_640' title='bbox 2804 1872 2992 1930; x_wconf 91' lang='lat' dir='ltr'><strong>dicunt</strong></span> <span class='ocrx_word' id='word_1_641' title='bbox 3018 1861 3358 1948; x_wconf 77' lang='lat' dir='ltr'><strong>significare;</strong></span> <span class='ocrx_word' id='word_1_642' title='bbox 3385 1878 3475 1934; x_wconf 86' lang='lat' dir='ltr'><strong>alii</strong></span> <span class='ocrx_word' id='word_1_643' title='bbox 3506 1893 3633 1936; x_wconf 87' lang='lat' dir='ltr'><strong>vero</strong></span> 
     </span>
    </p>
   </div>
   <div class='ocr_carea' id='block_1_78' title="bbox 2026 1956 3630 2042">
    <p class='ocr_par' dir='ltr' id='par_1_78' title="bbox 2026 1956 3630 2042">
     <span class='ocr_line' id='line_1_78' title="bbox 2026 1956 3630 2042; baseline 0.012 -33"><span class='ocrx_word' id='word_1_644' title='bbox 2026 1969 2055 2010; x_wconf 89' lang='lat' dir='ltr'><strong>a</strong></span> <span class='ocrx_word' id='word_1_645' title='bbox 2087 1956 2375 2030; x_wconf 89' lang='lat' dir='ltr'><strong>principio.</strong></span> <span class='ocrx_word' id='word_1_646' title='bbox 2409 1960 2458 2016; x_wconf 89' lang='lat' dir='ltr'><strong>ls</strong></span> <span class='ocrx_word' id='word_1_647' title='bbox 2487 1961 2632 2017; x_wconf 92' lang='lat' dir='ltr'><strong>enim</strong></span> <span class='ocrx_word' id='word_1_648' title='bbox 2665 1964 2757 2035; x_wconf 90' lang='lat' dir='ltr'><strong>qui</strong></span> <span class='ocrx_word' id='word_1_649' title='bbox 2788 1980 2894 2022; x_wconf 93' lang='lat' dir='ltr'><strong>non</strong></span> <span class='ocrx_word' id='word_1_650' title='bbox 2924 1967 3004 2024; x_wconf 91' lang='lat' dir='ltr'><strong>sic</strong></span> <span class='ocrx_word' id='word_1_651' title='bbox 3033 1976 3192 2025; x_wconf 88' lang='lat' dir='ltr'><strong>natus</strong></span> <span class='ocrx_word' id='word_1_652' title='bbox 3221 1967 3402 2037; x_wconf 84' lang='lat' dir='ltr'><strong>fuerit,</strong></span> <span class='ocrx_word' id='word_1_653' title='bbox 3435 1970 3630 2042; x_wconf 80' lang='lat' dir='ltr'><strong>inquit.</strong></span> 
     </span>
    </p>
   </div>
   <div class='ocr_carea' id='block_1_79' title="bbox 2026 2053 3628 2136">
    <p class='ocr_par' dir='ltr' id='par_1_79' title="bbox 2026 2053 3628 2136">
     <span class='ocr_line' id='line_1_79' title="bbox 2026 2053 3628 2136; baseline 0.01 -33"><span class='ocrx_word' id='word_1_654' title='bbox 2026 2065 2132 2104; x_wconf 92' lang='lat' dir='ltr'><strong>non</strong></span> <span class='ocrx_word' id='word_1_655' title='bbox 2165 2061 2340 2122; x_wconf 88' lang='lat' dir='ltr'><strong>potest</strong></span> <span class='ocrx_word' id='word_1_656' title='bbox 2371 2053 2552 2113; x_wconf 89' lang='lat' dir='ltr'><strong>videre</strong></span> <span class='ocrx_word' id='word_1_657' title='bbox 2580 2072 2802 2129; x_wconf 81' lang='lat' dir='ltr'><strong>regnum</strong></span> <span class='ocrx_word' id='word_1_658' title='bbox 2847 2059 2976 2126; x_wconf 90' lang='lat' dir='ltr'><strong>Dei;</strong></span> <span class='ocrx_word' id='word_1_659' title='bbox 3009 2062 3247 2133; x_wconf 88' lang='lat' dir='ltr'><strong>seipsum</strong></span> <span class='ocrx_word' id='word_1_660' title='bbox 3286 2064 3594 2136; x_wconf 85' lang='lat' dir='ltr'><strong>significans</strong></span> <span class='ocrx_word' id='word_1_661' title='bbox 3615 2107 3628 2129; x_wconf 91' lang='lat'><strong>,</strong></span> 
     </span>
    </p>
   </div>
   <div class='ocr_carea' id='block_1_80' title="bbox 2023 2145 3633 2226">
    <p class='ocr_par' dir='ltr' id='par_1_80' title="bbox 2023 2145 3633 2226">
     <span class='ocr_line' id='line_1_80' title="bbox 2023 2145 3633 2226; baseline 0.011 -29"><span class='ocrx_word' id='word_1_662' title='bbox 2023 2152 2076 2198; x_wconf 92' lang='lat' dir='ltr'><strong>et</strong></span> <span class='ocrx_word' id='word_1_663' title='bbox 2104 2145 2398 2203; x_wconf 89' lang='lat' dir='ltr'><strong>ostendens</strong></span> <span class='ocrx_word' id='word_1_664' title='bbox 2423 2148 2475 2205; x_wconf 93' lang='lat' dir='ltr'><strong>id</strong></span> <span class='ocrx_word' id='word_1_665' title='bbox 2506 2166 2610 2206; x_wconf 89' lang='lat' dir='ltr'><strong>non</strong></span> <span class='ocrx_word' id='word_1_666' title='bbox 2633 2167 2756 2209; x_wconf 89' lang='lat' dir='ltr'><strong>esse</strong></span> <span class='ocrx_word' id='word_1_667' title='bbox 2775 2155 2915 2225; x_wconf 92' lang='lat' dir='ltr'><strong>quod</strong></span> <span class='ocrx_word' id='word_1_668' title='bbox 2938 2155 3115 2212; x_wconf 90' lang='lat' dir='ltr'><strong>solum</strong></span> <span class='ocrx_word' id='word_1_669' title='bbox 3136 2156 3372 2226; x_wconf 88' lang='lat' dir='ltr'><strong>videtur,</strong></span> <span class='ocrx_word' id='word_1_670' title='bbox 3392 2159 3485 2215; x_wconf 91' lang='lat' dir='ltr'><strong>sed</strong></span> <span class='ocrx_word' id='word_1_671' title='bbox 3512 2159 3633 2215; x_wconf 87' lang='lat' dir='ltr'><strong>aliis</strong></span> 
     </span>
    </p>
   </div>
   <div class='ocr_carea' id='block_1_81' title="bbox 2024 2239 3635 2308">
    <p class='ocr_par' dir='ltr' id='par_1_81' title="bbox 2024 2239 3635 2308">
     <span class='ocr_line' id='line_1_81' title="bbox 2024 2239 3635 2308; baseline 0.011 -19"><span class='ocrx_word' id='word_1_672' title='bbox 2024 2249 2160 2306; x_wconf 81' lang='lat' dir='ltr'><strong>Opus</strong></span> <span class='ocrx_word' id='word_1_673' title='bbox 2185 2251 2306 2294; x_wconf 87' lang='lat' dir='ltr'><strong>esse</strong></span> <span class='ocrx_word' id='word_1_674' title='bbox 2332 2239 2521 2308; x_wconf 88' lang='lat' dir='ltr'><strong>oculis,</strong></span> <span class='ocrx_word' id='word_1_675' title='bbox 2553 2252 2611 2298; x_wconf 92' lang='lat' dir='ltr'><strong>ut</strong></span> <span class='ocrx_word' id='word_1_676' title='bbox 2640 2243 2886 2301; x_wconf 88' lang='lat' dir='ltr'><strong>Christus</strong></span> <span class='ocrx_word' id='word_1_677' title='bbox 2912 2246 3175 2304; x_wconf 89' lang='lat' dir='ltr'><strong>videatur.</strong></span> <span class='ocrx_word' id='word_1_678' title='bbox 3205 2249 3295 2304; x_wconf 88' lang='lat' dir='ltr'><strong>llis</strong></span> <span class='ocrx_word' id='word_1_679' title='bbox 3322 2250 3518 2307; x_wconf 87' lang='lat' dir='ltr'><strong>auditis</strong></span> <span class='ocrx_word' id='word_1_680' title='bbox 3541 2251 3635 2306; x_wconf 85' lang='lat' dir='ltr'><strong>Ni-</strong></span> 
     </span>
    </p>
   </div>
   <div class='ocr_carea' id='block_1_82' title="bbox 2022 2327 3633 2410">
    <p class='ocr_par' dir='ltr' id='par_1_82' title="bbox 2022 2327 3633 2410">
     <span class='ocr_line' id='line_1_82' title="bbox 2022 2327 3633 2410; baseline 0.009 -27"><span class='ocrx_word' id='word_1_681' title='bbox 2022 2327 2282 2387; x_wconf 89' lang='lat' dir='ltr'><strong>codemus</strong></span> <span class='ocrx_word' id='word_1_682' title='bbox 2311 2332 2386 2387; x_wconf 85' lang='lat' dir='ltr'><strong>ait</strong></span> <span class='ocrx_word' id='word_1_683' title='bbox 2418 2353 2431 2388; x_wconf 90' lang='lat'>:</span> <span class='ocrx_word' id='word_1_684' title='bbox 2465 2335 2517 2390; x_wconf 79' lang='grc' dir='ltr'>ι.</span> <span class='ocrx_word' id='word_1_685' title='bbox 2555 2335 2822 2403; x_wconf 84' lang='lat' dir='ltr'><strong>Quomodo</strong></span> <span class='ocrx_word' id='word_1_686' title='bbox 2849 2348 3011 2410; x_wconf 86' lang='lat' dir='ltr'><strong>potest</strong></span> <span class='ocrx_word' id='word_1_687' title='bbox 3038 2341 3189 2395; x_wconf 80' lang='lat' dir='ltr'><strong>homo</strong></span> <span class='ocrx_word' id='word_1_688' title='bbox 3218 2342 3390 2409; x_wconf 81' lang='lat' dir='ltr'><strong>nasci,</strong></span> <span class='ocrx_word' id='word_1_689' title='bbox 3426 2359 3540 2397; x_wconf 85' lang='lat' dir='ltr'><strong>cum</strong></span> <span class='ocrx_word' id='word_1_690' title='bbox 3569 2345 3633 2399; x_wconf 86' lang='lat' dir='ltr'><strong>sit</strong></span> 
     </span>
    </p>
   </div>
   <div class='ocr_carea' id='block_1_83' title="bbox 2022 2426 3628 2502">
    <p class='ocr_par' dir='ltr' id='par_1_83' title="bbox 2022 2426 3628 2502">
     <span class='ocr_line' id='line_1_83' title="bbox 2022 2426 3628 2502; baseline 0.009 -24"><span class='ocrx_word' id='word_1_691' title='bbox 2022 2426 2214 2480; x_wconf 71' lang='lat' dir='ltr'><strong>senex?</strong></span> <span class='ocrx_word' id='word_1_692' title='bbox 2253 2426 2422 2483; x_wconf 78' lang='lat' dir='ltr'><strong>Babbi</strong></span> <span class='ocrx_word' id='word_1_693' title='bbox 2451 2445 2577 2484; x_wconf 91' lang='lat' dir='ltr'><strong>eum</strong></span> <span class='ocrx_word' id='word_1_694' title='bbox 2605 2431 2848 2501; x_wconf 88' lang='lat' dir='ltr'><strong>appellas</strong></span> <span class='ocrx_word' id='word_1_695' title='bbox 2867 2475 2881 2500; x_wconf 98' lang='lat'><strong>,</strong></span> <span class='ocrx_word' id='word_1_696' title='bbox 2925 2442 2979 2489; x_wconf 92' lang='lat' dir='ltr'><strong>et</strong></span> <span class='ocrx_word' id='word_1_697' title='bbox 3007 2449 3039 2489; x_wconf 89' lang='lat' dir='ltr'><strong>a</strong></span> <span class='ocrx_word' id='word_1_698' title='bbox 3068 2433 3178 2490; x_wconf 89' lang='lat' dir='ltr'><strong>Deo</strong></span> <span class='ocrx_word' id='word_1_699' title='bbox 3205 2435 3418 2491; x_wconf 90' lang='lat' dir='ltr'><strong>venisse</strong></span> <span class='ocrx_word' id='word_1_700' title='bbox 3457 2436 3594 2492; x_wconf 84' lang='lat' dir='ltr'><strong>dicis</strong></span> <span class='ocrx_word' id='word_1_701' title='bbox 3614 2478 3628 2502; x_wconf 89' lang='lat'><strong>,</strong></span> 
     </span>
    </p>
   </div>
   <div class='ocr_carea' id='block_1_84' title="bbox 2023 2517 3627 2599">
    <p class='ocr_par' dir='ltr' id='par_1_84' title="bbox 2023 2517 3627 2599">
     <span class='ocr_line' id='line_1_84' title="bbox 2023 2517 3627 2599; baseline 0.008 -29"><span class='ocrx_word' id='word_1_702' title='bbox 2023 2531 2122 2572; x_wconf 90' lang='lat' dir='ltr'><strong>nec</strong></span> <span class='ocrx_word' id='word_1_703' title='bbox 2150 2517 2269 2587; x_wconf 87' lang='lat' dir='ltr'><strong>ejus</strong></span> <span class='ocrx_word' id='word_1_704' title='bbox 2296 2519 2462 2576; x_wconf 90' lang='lat' dir='ltr'><strong>verba</strong></span> <span class='ocrx_word' id='word_1_705' title='bbox 2489 2519 2749 2591; x_wconf 87' lang='lat' dir='ltr'><strong>admittis,</strong></span> <span class='ocrx_word' id='word_1_706' title='bbox 2777 2524 3086 2597; x_wconf 89' lang='lat' dir='ltr'><strong>dietumque</strong></span> <span class='ocrx_word' id='word_1_707' title='bbox 3111 2527 3321 2597; x_wconf 89' lang='lat' dir='ltr'><strong>profers</strong></span> <span class='ocrx_word' id='word_1_708' title='bbox 3349 2526 3627 2599; x_wconf 82' lang='lat' dir='ltr'><strong>magistro,</strong></span> 
     </span>
    </p>
   </div>
   <div class='ocr_carea' id='block_1_85' title="bbox 2020 2606 3627 2687">
    <p class='ocr_par' dir='ltr' id='par_1_85' title="bbox 2020 2606 3627 2687">
     <span class='ocr_line' id='line_1_85' title="bbox 2020 2606 3627 2687; baseline 0.009 -26"><span class='ocrx_word' id='word_1_709' title='bbox 2020 2606 2162 2678; x_wconf 89' lang='lat' dir='ltr'><strong>quod</strong></span> <span class='ocrx_word' id='word_1_710' title='bbox 2204 2610 2375 2680; x_wconf 91' lang='lat' dir='ltr'><strong>possit</strong></span> <span class='ocrx_word' id='word_1_711' title='bbox 2412 2627 2660 2685; x_wconf 85' lang='lat' dir='ltr'><strong>magnam</strong></span> <span class='ocrx_word' id='word_1_712' title='bbox 2700 2614 2894 2672; x_wconf 86' lang='lat' dir='ltr'><strong>afferre</strong></span> <span class='ocrx_word' id='word_1_713' title='bbox 2932 2618 3435 2687; x_wconf 84' lang='lat' dir='ltr'><strong>perturbationem?</strong></span> <span class='ocrx_word' id='word_1_714' title='bbox 3490 2618 3627 2675; x_wconf 88' lang='lat' dir='ltr'><strong>lllttd</strong></span> 
     </span>
    </p>
   </div>
   <div class='ocr_carea' id='block_1_86' title="bbox 2020 2701 3629 2772">
    <p class='ocr_par' dir='ltr' id='par_1_86' title="bbox 2020 2701 3629 2772">
     <span class='ocr_line' id='line_1_86' title="bbox 2020 2701 3629 2772; baseline 0.007 -15"><span class='ocrx_word' id='word_1_715' title='bbox 2020 2701 2162 2757; x_wconf 89' lang='lat' dir='ltr'><strong>enim</strong></span> <span class='ocrx_word' id='word_1_716' title='bbox 2185 2742 2200 2768; x_wconf 92' lang='lat'><strong>,</strong></span> <span class='ocrx_word' id='word_1_717' title='bbox 2249 2701 2517 2770; x_wconf 84' lang='lat' dir='ltr'><strong>Quomodo</strong></span> <span class='ocrx_word' id='word_1_718' title='bbox 2538 2749 2552 2772; x_wconf 94' lang='lat'><strong>,</strong></span> <span class='ocrx_word' id='word_1_719' title='bbox 2587 2722 2693 2762; x_wconf 89' lang='lat' dir='ltr'><strong>non</strong></span> <span class='ocrx_word' id='word_1_720' title='bbox 2723 2707 3010 2765; x_wconf 87' lang='lat' dir='ltr'><strong>admodum</strong></span> <span class='ocrx_word' id='word_1_721' title='bbox 3041 2710 3380 2768; x_wconf 89' lang='lat' dir='ltr'><strong>credentium</strong></span> <span class='ocrx_word' id='word_1_722' title='bbox 3411 2712 3629 2768; x_wconf 83' lang='lat' dir='ltr'><strong>dubita-</strong></span> 
     </span>
    </p>
   </div>
   <div class='ocr_carea' id='block_1_87' title="bbox 2021 2795 3624 2874">
    <p class='ocr_par' dir='ltr' id='par_1_87' title="bbox 2021 2795 3624 2874">
     <span class='ocr_line' id='line_1_87' title="bbox 2021 2795 3624 2874; baseline 0.007 -25"><span class='ocrx_word' id='word_1_723' title='bbox 2021 2795 2219 2850; x_wconf 89' lang='lat' dir='ltr'><strong>tionem</strong></span> <span class='ocrx_word' id='word_1_724' title='bbox 2246 2795 2423 2864; x_wconf 77' lang='lat' dir='ltr'><strong>effert,</strong></span> <span class='ocrx_word' id='word_1_725' title='bbox 2458 2798 2552 2855; x_wconf 86' lang='lat' dir='ltr'><strong>sed</strong></span> <span class='ocrx_word' id='word_1_726' title='bbox 2582 2815 2768 2857; x_wconf 91' lang='lat' dir='ltr'><strong>eorum</strong></span> <span class='ocrx_word' id='word_1_727' title='bbox 2799 2801 2891 2874; x_wconf 90' lang='lat' dir='ltr'><strong>qui</strong></span> <span class='ocrx_word' id='word_1_728' title='bbox 2919 2802 3097 2860; x_wconf 89' lang='lat' dir='ltr'><strong>adhuc</strong></span> <span class='ocrx_word' id='word_1_729' title='bbox 3127 2805 3355 2861; x_wconf 85' lang='lat' dir='ltr'><strong>terrenis</strong></span> <span class='ocrx_word' id='word_1_730' title='bbox 3394 2805 3624 2862; x_wconf 68' lang='lat' dir='ltr'><strong>bwrent.</strong></span> 
     </span>
    </p>
   </div>
   <div class='ocr_carea' id='block_1_88' title="bbox 2016 2888 3627 2971">
    <p class='ocr_par' dir='ltr' id='par_1_88' title="bbox 2016 2888 3627 2971">
     <span class='ocr_line' id='line_1_88' title="bbox 2016 2888 3627 2971; baseline 0.007 -28"><span class='ocrx_word' id='word_1_731' title='bbox 2016 2888 2148 2944; x_wconf 83' lang='lat' dir='ltr'><strong>Nam</strong></span> <span class='ocrx_word' id='word_1_732' title='bbox 2183 2888 2314 2945; x_wconf 86' lang='lat' dir='ltr'><strong>Sara</strong></span> <span class='ocrx_word' id='word_1_733' title='bbox 2343 2889 2464 2947; x_wconf 89' lang='lat' dir='ltr'><strong>ideo</strong></span> <span class='ocrx_word' id='word_1_734' title='bbox 2491 2893 2645 2960; x_wconf 90' lang='lat' dir='ltr'><strong>risit,</strong></span> <span class='ocrx_word' id='word_1_735' title='bbox 2686 2895 2842 2965; x_wconf 85' lang='lat' dir='ltr'><strong>quia,</strong></span> <span class='ocrx_word' id='word_1_736' title='bbox 2883 2892 3169 2968; x_wconf 83' lang='lat' dir='ltr'><strong>quomodo,</strong></span> <span class='ocrx_word' id='word_1_737' title='bbox 3211 2898 3346 2955; x_wconf 80' lang='lat' dir='ltr'><strong>dixit</strong></span> <span class='ocrx_word' id='word_1_738' title='bbox 3380 2919 3394 2956; x_wconf 91' lang='lat'><strong>:</strong></span> <span class='ocrx_word' id='word_1_739' title='bbox 3427 2899 3627 2971; x_wconf 83' lang='lat' dir='ltr'><strong>aliique</strong></span> 
     </span>
    </p>
   </div>
   <div class='ocr_carea' id='block_1_89' title="bbox 2018 2980 3458 3054">
    <p class='ocr_par' dir='ltr' id='par_1_89' title="bbox 2018 2980 3458 3054">
     <span class='ocr_line' id='line_1_89' title="bbox 2018 2980 3458 3054; baseline 0.008 -20"><span class='ocrx_word' id='word_1_740' title='bbox 2018 2980 2168 3035; x_wconf 91' lang='lat' dir='ltr'><strong>multi</strong></span> <span class='ocrx_word' id='word_1_741' title='bbox 2198 2980 2300 3037; x_wconf 88' lang='lat' dir='ltr'><strong>hac</strong></span> <span class='ocrx_word' id='word_1_742' title='bbox 2326 2983 2747 3054; x_wconf 88' lang='lat' dir='ltr'><strong>interrogatione</strong></span> <span class='ocrx_word' id='word_1_743' title='bbox 2777 2987 2891 3053; x_wconf 90' lang='lat' dir='ltr'><strong>usi,</strong></span> <span class='ocrx_word' id='word_1_744' title='bbox 2924 3003 2952 3041; x_wconf 88' lang='lat' dir='ltr'><strong>a</strong></span> <span class='ocrx_word' id='word_1_745' title='bbox 2987 2988 3094 3044; x_wconf 86' lang='lat' dir='ltr'><strong>fide</strong></span> <span class='ocrx_word' id='word_1_746' title='bbox 3122 2990 3458 3048; x_wconf 88' lang='lat' dir='ltr'><strong>exciderunt.</strong></span> 
     </span>
    </p>
   </div>
   <div class='ocr_carea' id='block_1_90' title="bbox 2076 3073 3626 3144">
    <p class='ocr_par' dir='ltr' id='par_1_90' title="bbox 2076 3073 3626 3144">
     <span class='ocr_line' id='line_1_90' title="bbox 2076 3073 3626 3144; baseline 0.008 -13"><span class='ocrx_word' id='word_1_747' title='bbox 2076 3075 2128 3131; x_wconf 80' lang='lat'><strong>&#39;5.</strong></span> <span class='ocrx_word' id='word_1_748' title='bbox 2145 3073 2209 3130; x_wconf 84' lang='lat' dir='ltr'><strong>In</strong></span> <span class='ocrx_word' id='word_1_749' title='bbox 2227 3076 2373 3131; x_wconf 85' lang='lat' dir='ltr'><strong>rebus</strong></span> <span class='ocrx_word' id='word_1_750' title='bbox 2386 3078 2569 3133; x_wconf 83' lang='lat' dir='ltr'><strong>divinis</strong></span> <span class='ocrx_word' id='word_1_751' title='bbox 2583 3095 2684 3134; x_wconf 86' lang='lat' dir='ltr'><strong>non</strong></span> <span class='ocrx_word' id='word_1_752' title='bbox 2701 3081 2910 3136; x_wconf 85' lang='lat' dir='ltr'><strong>nimiam</strong></span> <span class='ocrx_word' id='word_1_753' title='bbox 2926 3084 3266 3140; x_wconf 82' lang='lat' dir='ltr'><strong>curiositatem</strong></span> <span class='ocrx_word' id='word_1_754' title='bbox 3283 3086 3626 3144; x_wconf 77' lang='lat' dir='ltr'><strong>adhibendam</strong></span> 
     </span>
    </p>
   </div>
   <div class='ocr_carea' id='block_1_91' title="bbox 2013 3167 3620 3244">
    <p class='ocr_par' dir='ltr' id='par_1_91' title="bbox 2013 3167 3620 3244">
     <span class='ocr_line' id='line_1_91' title="bbox 2013 3167 3620 3244; baseline 0.011 -25"><span class='ocrx_word' id='word_1_755' title='bbox 2013 3169 2373 3239; x_wconf 69' lang='lat' dir='ltr'><strong>esse,eremplo</strong></span> <span class='ocrx_word' id='word_1_756' title='bbox 2388 3167 2658 3226; x_wconf 85' lang='lat' dir='ltr'><strong>Nicodemi</strong></span> <span class='ocrx_word' id='word_1_757' title='bbox 2678 3174 3222 3244; x_wconf 60' lang='lat' dir='ltr'><strong>comprobatum—Sic</strong></span> <span class='ocrx_word' id='word_1_758' title='bbox 3243 3188 3298 3236; x_wconf 88' lang='lat' dir='ltr'><strong>et</strong></span> <span class='ocrx_word' id='word_1_759' title='bbox 3313 3177 3547 3237; x_wconf 64' lang='lat' dir='ltr'><strong>haeretici</strong></span> <span class='ocrx_word' id='word_1_760' title='bbox 3569 3184 3620 3237; x_wconf 88' lang='lat' dir='ltr'><strong>in</strong></span> 
     </span>
    </p>
   </div>
   <div class='ocr_carea' id='block_1_92' title="bbox 2013 3263 3622 3342">
    <p class='ocr_par' dir='ltr' id='par_1_92' title="bbox 2013 3263 3622 3342">
     <span class='ocr_line' id='line_1_92' title="bbox 2013 3263 3622 3342; baseline 0.011 -29"><span class='ocrx_word' id='word_1_761' title='bbox 2013 3273 2109 3314; x_wconf 86' lang='lat' dir='ltr'><strong>sua</strong></span> <span class='ocrx_word' id='word_1_762' title='bbox 2133 3269 2372 3330; x_wconf 84' lang='lat' dir='ltr'><strong>perstant</strong></span> <span class='ocrx_word' id='word_1_763' title='bbox 2402 3263 2615 3330; x_wconf 75' lang='lat' dir='ltr'><strong>hu-resi,</strong></span> <span class='ocrx_word' id='word_1_764' title='bbox 2645 3266 2760 3335; x_wconf 90' lang='lat' dir='ltr'><strong>pari</strong></span> <span class='ocrx_word' id='word_1_765' title='bbox 2791 3267 2952 3323; x_wconf 91' lang='lat' dir='ltr'><strong>modo</strong></span> <span class='ocrx_word' id='word_1_766' title='bbox 2977 3268 3408 3342; x_wconf 82' lang='lat' dir='ltr'><strong>interrogantes;</strong></span> <span class='ocrx_word' id='word_1_767' title='bbox 3437 3274 3622 3331; x_wconf 81' lang='lat' dir='ltr'><strong>dicunt</strong></span> 
     </span>
    </p>
   </div>
   <div class='ocr_carea' id='block_1_93' title="bbox 2012 3353 3617 3433">
    <p class='ocr_par' dir='ltr' id='par_1_93' title="bbox 2012 3353 3617 3433">
     <span class='ocr_line' id='line_1_93' title="bbox 2012 3353 3617 3433; baseline 0.009 -25"><span class='ocrx_word' id='word_1_768' title='bbox 2012 3353 2154 3408; x_wconf 86' lang='lat' dir='ltr'><strong>enim</strong></span> <span class='ocrx_word' id='word_1_769' title='bbox 2177 3353 2288 3422; x_wconf 87' lang='lat' dir='ltr'><strong>alii,</strong></span> <span class='ocrx_word' id='word_1_770' title='bbox 2312 3355 2594 3425; x_wconf 90' lang='lat' dir='ltr'><strong>Quomodo</strong></span> <span class='ocrx_word' id='word_1_771' title='bbox 2612 3357 2919 3415; x_wconf 89' lang='lat' dir='ltr'><strong>incarnatus</strong></span> <span class='ocrx_word' id='word_1_772' title='bbox 2939 3361 3054 3416; x_wconf 83' lang='lat' dir='ltr'><strong>est?</strong></span> <span class='ocrx_word' id='word_1_773' title='bbox 3083 3362 3193 3430; x_wconf 89' lang='lat' dir='ltr'><strong>alii,</strong></span> <span class='ocrx_word' id='word_1_774' title='bbox 3213 3364 3495 3433; x_wconf 87' lang='lat' dir='ltr'><strong>Quomodo</strong></span> <span class='ocrx_word' id='word_1_775' title='bbox 3517 3384 3584 3422; x_wconf 86' lang='lat' dir='ltr'><strong>na</strong></span> <span class='ocrx_word' id='word_1_776' title='bbox 3599 3399 3617 3409; x_wconf 74' lang='grc' dir='ltr'><strong><em>ο</em></strong></span> 
     </span>
    </p>
   </div>
   <div class='ocr_carea' id='block_1_94' title="bbox 2014 3449 3618 3524">
    <p class='ocr_par' dir='ltr' id='par_1_94' title="bbox 2014 3449 3618 3524">
     <span class='ocr_line' id='line_1_94' title="bbox 2014 3449 3618 3524; baseline 0.008 -21"><span class='ocrx_word' id='word_1_777' title='bbox 2014 3449 2134 3504; x_wconf 90' lang='lat' dir='ltr'><strong>tus?</strong></span> <span class='ocrx_word' id='word_1_778' title='bbox 2155 3450 2646 3524; x_wconf 82' lang='lat' dir='ltr'><strong>cogitationumque</strong></span> <span class='ocrx_word' id='word_1_779' title='bbox 2664 3467 2882 3510; x_wconf 89' lang='lat' dir='ltr'><strong>suarum</strong></span> <span class='ocrx_word' id='word_1_780' title='bbox 2906 3455 3200 3512; x_wconf 85' lang='lat' dir='ltr'><strong>infirmitati</strong></span> <span class='ocrx_word' id='word_1_781' title='bbox 3230 3459 3546 3515; x_wconf 85' lang='lat' dir='ltr'><strong>immensam</strong></span> <span class='ocrx_word' id='word_1_782' title='bbox 3565 3463 3618 3516; x_wconf 84' lang='lat' dir='ltr'><strong>il-</strong></span> 
     </span>
    </p>
   </div>
   <div class='ocr_carea' id='block_1_95' title="bbox 2011 3539 3618 3615">
    <p class='ocr_par' dir='ltr' id='par_1_95' title="bbox 2011 3539 3618 3615">
     <span class='ocr_line' id='line_1_95' title="bbox 2011 3539 3618 3615; baseline 0.008 -21"><span class='ocrx_word' id='word_1_783' title='bbox 2011 3539 2116 3594; x_wconf 87' lang='lat' dir='ltr'><strong>lam</strong></span> <span class='ocrx_word' id='word_1_784' title='bbox 2140 3540 2429 3611; x_wconf 88' lang='lat' dir='ltr'><strong>subjiciunt</strong></span> <span class='ocrx_word' id='word_1_785' title='bbox 2454 3543 2829 3600; x_wconf 87' lang='lat' dir='ltr'><strong>substantiam.</strong></span> <span class='ocrx_word' id='word_1_786' title='bbox 2847 3545 2976 3615; x_wconf 68' lang='lat' dir='ltr'><strong>Qua:</strong></span> <span class='ocrx_word' id='word_1_787' title='bbox 2998 3562 3119 3602; x_wconf 92' lang='lat' dir='ltr'><strong>cum</strong></span> <span class='ocrx_word' id='word_1_788' title='bbox 3147 3549 3402 3614; x_wconf 80' lang='lat' dir='ltr'><strong>sciamus,</strong></span> <span class='ocrx_word' id='word_1_789' title='bbox 3423 3549 3587 3607; x_wconf 88' lang='lat' dir='ltr'><strong>intem</strong></span> <span class='ocrx_word' id='word_1_790' title='bbox 3603 3585 3618 3598; x_wconf 84' lang='lat'><strong>-</strong></span> 
     </span>
    </p>
   </div>
   <div class='ocr_carea' id='block_1_96' title="bbox 2012 3634 3614 3714">
    <p class='ocr_par' dir='ltr' id='par_1_96' title="bbox 2012 3634 3614 3714">
     <span class='ocr_line' id='line_1_96' title="bbox 2012 3634 3614 3714; baseline 0.007 -25"><span class='ocrx_word' id='word_1_791' title='bbox 2012 3634 2269 3703; x_wconf 83' lang='lat' dir='ltr'><strong>pestivam</strong></span> <span class='ocrx_word' id='word_1_792' title='bbox 2289 3635 2429 3691; x_wconf 90' lang='lat' dir='ltr'><strong>illam</strong></span> <span class='ocrx_word' id='word_1_793' title='bbox 2448 3638 2814 3695; x_wconf 89' lang='lat' dir='ltr'><strong>curiositatem</strong></span> <span class='ocrx_word' id='word_1_794' title='bbox 2830 3641 2994 3697; x_wconf 90' lang='lat' dir='ltr'><strong>vitare</strong></span> <span class='ocrx_word' id='word_1_795' title='bbox 3016 3648 3249 3712; x_wconf 84' lang='lat' dir='ltr'><strong>oportet.</strong></span> <span class='ocrx_word' id='word_1_796' title='bbox 3265 3645 3450 3714; x_wconf 87' lang='lat' dir='ltr'><strong>Neque</strong></span> <span class='ocrx_word' id='word_1_797' title='bbox 3472 3647 3614 3702; x_wconf 87' lang='lat' dir='ltr'><strong>enim</strong></span> 
     </span>
    </p>
   </div>
   <div class='ocr_carea' id='block_1_97' title="bbox 2008 3727 3614 3810">
    <p class='ocr_par' dir='ltr' id='par_1_97' title="bbox 2008 3727 3614 3810">
     <span class='ocr_line' id='line_1_97' title="bbox 2008 3727 3614 3810; baseline 0.009 -29"><span class='ocrx_word' id='word_1_798' title='bbox 2008 3727 2280 3797; x_wconf 90' lang='lat' dir='ltr'><strong>quomodo</strong></span> <span class='ocrx_word' id='word_1_799' title='bbox 2305 3727 2420 3785; x_wconf 76' lang='lat' dir='ltr'><strong>hazc</strong></span> <span class='ocrx_word' id='word_1_800' title='bbox 2460 3727 2601 3786; x_wconf 83' lang='lat' dir='ltr'><strong>facta</strong></span> <span class='ocrx_word' id='word_1_801' title='bbox 2652 3733 2760 3787; x_wconf 90' lang='lat' dir='ltr'><strong>sint</strong></span> <span class='ocrx_word' id='word_1_802' title='bbox 2790 3733 2962 3788; x_wconf 87' lang='lat' dir='ltr'><strong>scient</strong></span> <span class='ocrx_word' id='word_1_803' title='bbox 2989 3751 3241 3806; x_wconf 83' lang='lat' dir='ltr'><strong>umquam</strong></span> <span class='ocrx_word' id='word_1_804' title='bbox 3270 3737 3302 3793; x_wconf 95' lang='lat' dir='ltr'><strong>ii</strong></span> <span class='ocrx_word' id='word_1_805' title='bbox 3332 3739 3419 3810; x_wconf 89' lang='lat' dir='ltr'><strong>qui</strong></span> <span class='ocrx_word' id='word_1_806' title='bbox 3451 3739 3614 3795; x_wconf 82' lang='lat' dir='ltr'><strong>hasce</strong></span> 
     </span>
    </p>
   </div>
   <div class='ocr_carea' id='block_1_98' title="bbox 2007 3823 3614 3894">
    <p class='ocr_par' dir='ltr' id='par_1_98' title="bbox 2007 3823 3614 3894">
     <span class='ocr_line' id='line_1_98' title="bbox 2007 3823 3614 3894; baseline 0.007 -21"><span class='ocrx_word' id='word_1_807' title='bbox 2007 3831 2227 3877; x_wconf 89' lang='lat' dir='ltr'><strong>movent</strong></span> <span class='ocrx_word' id='word_1_808' title='bbox 2246 3823 2594 3894; x_wconf 61' lang='lat' dir='ltr'><strong>quaestiones,</strong></span> <span class='ocrx_word' id='word_1_809' title='bbox 2614 3833 2668 3880; x_wconf 91' lang='lat' dir='ltr'><strong>et</strong></span> <span class='ocrx_word' id='word_1_810' title='bbox 2687 3841 2714 3879; x_wconf 89' lang='lat' dir='ltr'><strong>a</strong></span> <span class='ocrx_word' id='word_1_811' title='bbox 2734 3835 2878 3882; x_wconf 89' lang='lat' dir='ltr'><strong>recta</strong></span> <span class='ocrx_word' id='word_1_812' title='bbox 2899 3825 3001 3881; x_wconf 87' lang='lat' dir='ltr'><strong>fide</strong></span> <span class='ocrx_word' id='word_1_813' title='bbox 3022 3827 3291 3885; x_wconf 87' lang='lat' dir='ltr'><strong>excident.</strong></span> <span class='ocrx_word' id='word_1_814' title='bbox 3314 3830 3438 3886; x_wconf 88' lang='lat' dir='ltr'><strong>ldeo</strong></span> <span class='ocrx_word' id='word_1_815' title='bbox 3456 3830 3614 3888; x_wconf 83' lang='lat' dir='ltr'><strong>Nico-</strong></span> 
     </span>
    </p>
   </div>
   <div class='ocr_carea' id='block_1_99' title="bbox 2010 3913 3610 3992">
    <p class='ocr_par' dir='ltr' id='par_1_99' title="bbox 2010 3913 3610 3992">
     <span class='ocr_line' id='line_1_99' title="bbox 2010 3913 3610 3992; baseline 0.009 -23"><span class='ocrx_word' id='word_1_816' title='bbox 2010 3913 2201 3971; x_wconf 89' lang='lat' dir='ltr'><strong>demus</strong></span> <span class='ocrx_word' id='word_1_817' title='bbox 2225 3916 2354 3973; x_wconf 90' lang='lat' dir='ltr'><strong>dum</strong></span> <span class='ocrx_word' id='word_1_818' title='bbox 2379 3918 2575 3974; x_wconf 90' lang='lat' dir='ltr'><strong>dubius</strong></span> <span class='ocrx_word' id='word_1_819' title='bbox 2598 3920 2814 3976; x_wconf 90' lang='lat' dir='ltr'><strong>modum</strong></span> <span class='ocrx_word' id='word_1_820' title='bbox 2841 3922 3033 3992; x_wconf 71' lang='lat' dir='ltr'><strong>qumrit</strong></span> <span class='ocrx_word' id='word_1_821' title='bbox 3059 3923 3077 3990; x_wconf 89' lang='lat'><strong>(</strong></span> <span class='ocrx_word' id='word_1_822' title='bbox 3098 3923 3360 3981; x_wconf 84' lang='lat' dir='ltr'><strong>intellexit</strong></span> <span class='ocrx_word' id='word_1_823' title='bbox 3385 3928 3526 3982; x_wconf 89' lang='lat' dir='ltr'><strong>enim</strong></span> <span class='ocrx_word' id='word_1_824' title='bbox 3551 3946 3610 3984; x_wconf 86' lang='lat' dir='ltr'><strong>ea</strong></span> 
     </span>
    </p>
   </div>
   <div class='ocr_carea' id='block_1_100' title="bbox 2007 4007 3614 4085">
    <p class='ocr_par' dir='ltr' id='par_1_100' title="bbox 2007 4007 3614 4085">
     <span class='ocr_line' id='line_1_100' title="bbox 2007 4007 3614 4085; baseline 0.009 -27"><span class='ocrx_word' id='word_1_825' title='bbox 2007 4022 2127 4077; x_wconf 85' lang='lat' dir='ltr'><strong>quae</strong></span> <span class='ocrx_word' id='word_1_826' title='bbox 2153 4007 2401 4064; x_wconf 89' lang='lat' dir='ltr'><strong>Christus</strong></span> <span class='ocrx_word' id='word_1_827' title='bbox 2425 4010 2635 4067; x_wconf 88' lang='lat' dir='ltr'><strong>dicebat</strong></span> <span class='ocrx_word' id='word_1_828' title='bbox 2669 4011 2736 4067; x_wconf 80' lang='lat' dir='ltr'><strong>ad</strong></span> <span class='ocrx_word' id='word_1_829' title='bbox 2765 4028 2826 4068; x_wconf 90' lang='lat' dir='ltr'><strong>se</strong></span> <span class='ocrx_word' id='word_1_830' title='bbox 2853 4023 3101 4083; x_wconf 86' lang='lat' dir='ltr'><strong>spectare</strong></span> <span class='ocrx_word' id='word_1_831' title='bbox 3116 4014 3161 4085; x_wconf 90' lang='lat'><strong>),</strong></span> <span class='ocrx_word' id='word_1_832' title='bbox 3195 4015 3459 4083; x_wconf 82' lang='lat' dir='ltr'><strong>turbatur,</strong></span> <span class='ocrx_word' id='word_1_833' title='bbox 3492 4022 3614 4073; x_wconf 81' lang='lat' dir='ltr'><strong>cali-</strong></span> 
     </span>
    </p>
   </div>
   <div class='ocr_carea' id='block_1_101' title="bbox 2003 4100 3613 4178">
    <p class='ocr_par' dir='ltr' id='par_1_101' title="bbox 2003 4100 3613 4178">
     <span class='ocr_line' id='line_1_101' title="bbox 2003 4100 3613 4178; baseline 0.006 -25"><span class='ocrx_word' id='word_1_834' title='bbox 2003 4100 2128 4170; x_wconf 90' lang='lat' dir='ltr'><strong>gine</strong></span> <span class='ocrx_word' id='word_1_835' title='bbox 2156 4100 2390 4172; x_wconf 88' lang='lat' dir='ltr'><strong>repletus</strong></span> <span class='ocrx_word' id='word_1_836' title='bbox 2417 4101 2614 4170; x_wconf 69' lang='lat' dir='ltr'><strong>haeret,</strong></span> <span class='ocrx_word' id='word_1_837' title='bbox 2643 4112 2830 4175; x_wconf 87' lang='lat' dir='ltr'><strong>utpote</strong></span> <span class='ocrx_word' id='word_1_838' title='bbox 2867 4106 2956 4178; x_wconf 90' lang='lat' dir='ltr'><strong>qui</strong></span> <span class='ocrx_word' id='word_1_839' title='bbox 2998 4122 3058 4163; x_wconf 89' lang='lat' dir='ltr'><strong>se</strong></span> <span class='ocrx_word' id='word_1_840' title='bbox 3097 4106 3374 4164; x_wconf 89' lang='lat' dir='ltr'><strong>hominem</strong></span> <span class='ocrx_word' id='word_1_841' title='bbox 3409 4107 3613 4164; x_wconf 83' lang='lat' dir='ltr'><strong>adiisse</strong></span> 
     </span>
    </p>
   </div>
   <div class='ocr_carea' id='block_1_102' title="bbox 2006 4193 3616 4279">
    <p class='ocr_par' dir='ltr' id='par_1_102' title="bbox 2006 4193 3616 4279">
     <span class='ocr_line' id='line_1_102' title="bbox 2006 4193 3616 4279; baseline 0.011 -35"><span class='ocrx_word' id='word_1_842' title='bbox 2006 4200 2184 4262; x_wconf 90' lang='lat' dir='ltr'><strong>putet,</strong></span> <span class='ocrx_word' id='word_1_843' title='bbox 2219 4201 2274 4249; x_wconf 92' lang='lat' dir='ltr'><strong>et</strong></span> <span class='ocrx_word' id='word_1_844' title='bbox 2302 4193 2504 4264; x_wconf 89' lang='lat' dir='ltr'><strong>majora</strong></span> <span class='ocrx_word' id='word_1_845' title='bbox 2536 4195 2720 4251; x_wconf 89' lang='lat' dir='ltr'><strong>audiat</strong></span> <span class='ocrx_word' id='word_1_846' title='bbox 2747 4213 2905 4268; x_wconf 88' lang='lat' dir='ltr'><strong>quam</strong></span> <span class='ocrx_word' id='word_1_847' title='bbox 2934 4214 3054 4270; x_wconf 67' lang='lat' dir='ltr'><strong>quas</strong></span> <span class='ocrx_word' id='word_1_848' title='bbox 3087 4199 3154 4256; x_wconf 87' lang='lat' dir='ltr'><strong>ad</strong></span> <span class='ocrx_word' id='word_1_849' title='bbox 3187 4201 3460 4259; x_wconf 86' lang='lat' dir='ltr'><strong>hominem</strong></span> <span class='ocrx_word' id='word_1_850' title='bbox 3486 4222 3616 4279; x_wconf 83' lang='lat' dir='ltr'><strong>per-</strong></span> 
     </span>
    </p>
   </div>
   <div class='ocr_carea' id='block_1_103' title="bbox 2007 4285 3609 4376">
    <p class='ocr_par' dir='ltr' id='par_1_103' title="bbox 2007 4285 3609 4376">
     <span class='ocr_line' id='line_1_103' title="bbox 2007 4285 3609 4376; baseline 0.008 -36"><span class='ocrx_word' id='word_1_851' title='bbox 2007 4285 2180 4342; x_wconf 79' lang='lat' dir='ltr'><strong>tinere</strong></span> <span class='ocrx_word' id='word_1_852' title='bbox 2240 4287 2481 4356; x_wconf 86' lang='lat' dir='ltr'><strong>possint,</strong></span> <span class='ocrx_word' id='word_1_853' title='bbox 2531 4303 2760 4359; x_wconf 72' lang='lat' dir='ltr'><strong>qumque</strong></span> <span class='ocrx_word' id='word_1_854' title='bbox 2805 4305 2980 4376; x_wconf 45' lang='lat' dir='ltr'><strong>nemo.</strong></span> <span class='ocrx_word' id='word_1_855' title='bbox 3009 4306 3264 4363; x_wconf 91' lang='lat' dir='ltr'><strong>umquam</strong></span> <span class='ocrx_word' id='word_1_856' title='bbox 3313 4293 3545 4348; x_wconf 67' lang='lat' dir='ltr'><strong>audierit</strong></span> <span class='ocrx_word' id='word_1_857' title='bbox 3594 4315 3609 4353; x_wconf 89' lang='lat'><strong>:</strong></span> 
     </span>
    </p>
   </div>
   <div class='ocr_carea' id='block_1_104' title="bbox 2006 4378 3611 4452">
    <p class='ocr_par' dir='ltr' id='par_1_104' title="bbox 2006 4378 3611 4452">
     <span class='ocr_line' id='line_1_104' title="bbox 2006 4378 3611 4452; baseline 0.007 -21"><span class='ocrx_word' id='word_1_858' title='bbox 2006 4388 2242 4433; x_wconf 91' lang='lat' dir='ltr'><strong>mentem</strong></span> <span class='ocrx_word' id='word_1_859' title='bbox 2269 4378 2486 4450; x_wconf 89' lang='lat' dir='ltr'><strong>quidem</strong></span> <span class='ocrx_word' id='word_1_860' title='bbox 2515 4381 2673 4452; x_wconf 87' lang='lat' dir='ltr'><strong>erigit</strong></span> <span class='ocrx_word' id='word_1_861' title='bbox 2693 4380 2760 4436; x_wconf 91' lang='lat' dir='ltr'><strong>ad</strong></span> <span class='ocrx_word' id='word_1_862' title='bbox 2783 4379 3049 4438; x_wconf 88' lang='lat' dir='ltr'><strong>dictorum</strong></span> <span class='ocrx_word' id='word_1_863' title='bbox 3077 4383 3486 4452; x_wconf 90' lang='lat' dir='ltr'><strong>sublimitatem,</strong></span> <span class='ocrx_word' id='word_1_864' title='bbox 3515 4389 3611 4443; x_wconf 88' lang='lat' dir='ltr'><strong>sed</strong></span> 
     </span>
    </p>
   </div>
   <div class='ocr_carea' id='block_1_105' title="bbox 2005 4470 3612 4552">
    <p class='ocr_par' dir='ltr' id='par_1_105' title="bbox 2005 4470 3612 4552">
     <span class='ocr_line' id='line_1_105' title="bbox 2005 4470 3612 4552; baseline 0.008 -27"><span class='ocrx_word' id='word_1_865' title='bbox 2005 4470 2410 4539; x_wconf 88' lang='lat' dir='ltr'><strong>obtenebratur,</strong></span> <span class='ocrx_word' id='word_1_866' title='bbox 2442 4489 2540 4529; x_wconf 89' lang='lat' dir='ltr'><strong>nec</strong></span> <span class='ocrx_word' id='word_1_867' title='bbox 2561 4477 2859 4532; x_wconf 88' lang='lat' dir='ltr'><strong>consistere</strong></span> <span class='ocrx_word' id='word_1_868' title='bbox 2880 4485 3094 4548; x_wconf 87' lang='lat' dir='ltr'><strong>potest:</strong></span> <span class='ocrx_word' id='word_1_869' title='bbox 3118 4477 3354 4552; x_wconf 91' lang='lat' dir='ltr'><strong>undique</strong></span> <span class='ocrx_word' id='word_1_870' title='bbox 3378 4481 3612 4538; x_wconf 85' lang='lat' dir='ltr'><strong>circnm-</strong></span> 
     </span>
    </p>
   </div>
   <div class='ocr_carea' id='block_1_106' title="bbox 2007 4562 3615 4642">
    <p class='ocr_par' dir='ltr' id='par_1_106' title="bbox 2007 4562 3615 4642">
     <span class='ocr_line' id='line_1_106' title="bbox 2007 4562 3615 4642; baseline 0.009 -26"><span class='ocrx_word' id='word_1_871' title='bbox 2007 4562 2192 4628; x_wconf 85' lang='lat' dir='ltr'><strong>fertur,</strong></span> <span class='ocrx_word' id='word_1_872' title='bbox 2221 4572 2276 4617; x_wconf 91' lang='lat' dir='ltr'><strong>et</strong></span> <span class='ocrx_word' id='word_1_873' title='bbox 2302 4563 2608 4636; x_wconf 89' lang='lat' dir='ltr'><strong>frequenter</strong></span> <span class='ocrx_word' id='word_1_874' title='bbox 2631 4581 2697 4622; x_wconf 84' lang='lat' dir='ltr'><strong>ex</strong></span> <span class='ocrx_word' id='word_1_875' title='bbox 2729 4566 2833 4624; x_wconf 88' lang='lat' dir='ltr'><strong>fide</strong></span> <span class='ocrx_word' id='word_1_876' title='bbox 2858 4569 3074 4625; x_wconf 87' lang='lat' dir='ltr'><strong>excidit.</strong></span> <span class='ocrx_word' id='word_1_877' title='bbox 3113 4569 3344 4642; x_wconf 91' lang='lat' dir='ltr'><strong>Ideoque</strong></span> <span class='ocrx_word' id='word_1_878' title='bbox 3374 4575 3615 4641; x_wconf 82' lang='lat' dir='ltr'><strong>persistit</strong></span> 
     </span>
    </p>
   </div>
   <div class='ocr_carea' id='block_1_107' title="bbox 2006 4655 3609 4726">
    <p class='ocr_par' dir='ltr' id='par_1_107' title="bbox 2006 4655 3609 4726">
     <span class='ocr_line' id='line_1_107' title="bbox 2006 4655 3609 4726; baseline 0.011 -18"><span class='ocrx_word' id='word_1_879' title='bbox 2006 4655 2355 4724; x_wconf 85' lang='lat' dir='ltr'><strong>impossibilia</strong></span> <span class='ocrx_word' id='word_1_880' title='bbox 2399 4665 2615 4713; x_wconf 86' lang='lat' dir='ltr'><strong>teutans</strong></span> <span class='ocrx_word' id='word_1_881' title='bbox 2640 4700 2656 4726; x_wconf 91' lang='lat'><strong>,</strong></span> <span class='ocrx_word' id='word_1_882' title='bbox 2698 4669 2756 4714; x_wconf 90' lang='lat' dir='ltr'><strong>ut</strong></span> <span class='ocrx_word' id='word_1_883' title='bbox 2782 4660 2967 4717; x_wconf 82' lang='lat' dir='ltr'><strong>Jesum</strong></span> <span class='ocrx_word' id='word_1_884' title='bbox 2995 4663 3060 4718; x_wconf 88' lang='lat' dir='ltr'><strong>ad</strong></span> <span class='ocrx_word' id='word_1_885' title='bbox 3093 4663 3376 4721; x_wconf 88' lang='lat' dir='ltr'><strong>clariorem</strong></span> <span class='ocrx_word' id='word_1_886' title='bbox 3405 4667 3609 4724; x_wconf 81' lang='lat' dir='ltr'><strong>doctri-</strong></span> 
     </span>
    </p>
   </div>
   <div class='ocr_carea' id='block_1_108' title="bbox 2005 4747 3616 4825">
    <p class='ocr_par' dir='ltr' id='par_1_108' title="bbox 2005 4747 3616 4825">
     <span class='ocr_line' id='line_1_108' title="bbox 2005 4747 3616 4825; baseline 0.008 -23"><span class='ocrx_word' id='word_1_887' title='bbox 2005 4763 2127 4802; x_wconf 87' lang='lat' dir='ltr'><strong>nam</strong></span> <span class='ocrx_word' id='word_1_888' title='bbox 2157 4756 2363 4804; x_wconf 80' lang='lat' dir='ltr'><strong>evocet.</strong></span> <span class='ocrx_word' id='word_1_889' title='bbox 2397 4747 2666 4820; x_wconf 81' lang='lat' dir='ltr'><strong>Numquid</strong></span> <span class='ocrx_word' id='word_1_890' title='bbox 2698 4762 2876 4821; x_wconf 86' lang='lat' dir='ltr'><strong>potest,</strong></span> <span class='ocrx_word' id='word_1_891' title='bbox 2914 4754 3102 4825; x_wconf 89' lang='lat' dir='ltr'><strong>inquit,</strong></span> <span class='ocrx_word' id='word_1_892' title='bbox 3125 4757 3275 4813; x_wconf 80' lang='lat' dir='ltr'><strong>homo</strong></span> <span class='ocrx_word' id='word_1_893' title='bbox 3305 4759 3359 4812; x_wconf 88' lang='lat' dir='ltr'><strong>in</strong></span> <span class='ocrx_word' id='word_1_894' title='bbox 3391 4771 3616 4816; x_wconf 75' lang='lat' dir='ltr'><strong>ventrem</strong></span> 
     </span>
    </p>
   </div>
   <div class='ocr_carea' id='block_1_109' title="bbox 2005 4841 3609 4920">
    <p class='ocr_par' dir='ltr' id='par_1_109' title="bbox 2005 4841 3609 4920">
     <span class='ocr_line' id='line_1_109' title="bbox 2005 4841 3609 4920; baseline 0.011 -28"><span class='ocrx_word' id='word_1_895' title='bbox 2005 4841 2184 4895; x_wconf 86' lang='lat' dir='ltr'><strong>matris</strong></span> <span class='ocrx_word' id='word_1_896' title='bbox 2218 4856 2325 4896; x_wconf 72' lang='lat' dir='ltr'><strong>sua:</strong></span> <span class='ocrx_word' id='word_1_897' title='bbox 2364 4842 2544 4898; x_wconf 85' lang='lat' dir='ltr'><strong>iterato</strong></span> <span class='ocrx_word' id='word_1_898' title='bbox 2588 4844 2799 4898; x_wconf 87' lang='lat' dir='ltr'><strong>introire</strong></span> <span class='ocrx_word' id='word_1_899' title='bbox 2833 4856 2880 4901; x_wconf 88' lang='lat' dir='ltr'><strong>et</strong></span> <span class='ocrx_word' id='word_1_900' title='bbox 2919 4848 3103 4903; x_wconf 72' lang='lat' dir='ltr'><strong>nasci?</strong></span> <span class='ocrx_word' id='word_1_901' title='bbox 3149 4851 3573 4909; x_wconf 81' lang='lat' dir='ltr'><strong>Animadvertite</strong></span> <span class='ocrx_word' id='word_1_902' title='bbox 3596 4899 3609 4920; x_wconf 88' lang='lat'><strong>,</strong></span> 
     </span>
    </p>
   </div>
   <div class='ocr_carea' id='block_1_110' title="bbox 2003 4930 3613 5014">
    <p class='ocr_par' dir='ltr' id='par_1_110' title="bbox 2003 4930 3613 5014">
     <span class='ocr_line' id='line_1_110' title="bbox 2003 4930 3613 5014; baseline 0.011 -30"><span class='ocrx_word' id='word_1_903' title='bbox 2003 4930 2220 5002; x_wconf 88' lang='lat' dir='ltr'><strong>quando</strong></span> <span class='ocrx_word' id='word_1_904' title='bbox 2237 4932 2356 5002; x_wconf 85' lang='lat' dir='ltr'><strong>quis</strong></span> <span class='ocrx_word' id='word_1_905' title='bbox 2376 4933 2608 5004; x_wconf 86' lang='lat' dir='ltr'><strong>propriis</strong></span> <span class='ocrx_word' id='word_1_906' title='bbox 2629 4937 3044 5008; x_wconf 80' lang='lat' dir='ltr'><strong>cogitationibus</strong></span> <span class='ocrx_word' id='word_1_907' title='bbox 3064 4940 3373 5011; x_wconf 72' lang='lat' dir='ltr'><strong>spiritualia.</strong></span> <span class='ocrx_word' id='word_1_908' title='bbox 3391 4948 3613 5014; x_wconf 53' lang='lat' dir='ltr'><strong>permit.</strong></span> 
     </span>
    </p>
   </div>
   <div class='ocr_carea' id='block_1_111' title="bbox 2005 5024 3612 5098">
    <p class='ocr_par' dir='ltr' id='par_1_111' title="bbox 2005 5024 3612 5098">
     <span class='ocr_line' id='line_1_111' title="bbox 2005 5024 3612 5098; baseline 0.007 -19"><span class='ocrx_word' id='word_1_909' title='bbox 2005 5024 2097 5092; x_wconf 91' lang='lat' dir='ltr'><strong>tit,</strong></span> <span class='ocrx_word' id='word_1_910' title='bbox 2139 5025 2412 5096; x_wconf 92' lang='lat' dir='ltr'><strong>quomodo</strong></span> <span class='ocrx_word' id='word_1_911' title='bbox 2449 5027 2671 5082; x_wconf 87' lang='lat' dir='ltr'><strong>ridicula</strong></span> <span class='ocrx_word' id='word_1_912' title='bbox 2715 5029 2975 5098; x_wconf 87' lang='lat' dir='ltr'><strong>proferat;</strong></span> <span class='ocrx_word' id='word_1_913' title='bbox 3011 5047 3074 5088; x_wconf 80' lang='lat' dir='ltr'><strong>ac</strong></span> <span class='ocrx_word' id='word_1_914' title='bbox 3105 5031 3338 5090; x_wconf 86' lang='lat' dir='ltr'><strong>delirare</strong></span> <span class='ocrx_word' id='word_1_915' title='bbox 3368 5037 3612 5092; x_wconf 88' lang='lat' dir='ltr'><strong>videatur</strong></span> 
     </span>
    </p>
   </div>
   <div class='ocr_carea' id='block_1_112' title="bbox 2005 5117 3610 5192">
    <p class='ocr_par' dir='ltr' id='par_1_112' title="bbox 2005 5117 3610 5192">
     <span class='ocr_line' id='line_1_112' title="bbox 2005 5117 3610 5192; baseline 0.007 -21"><span class='ocrx_word' id='word_1_916' title='bbox 2005 5127 2060 5171; x_wconf 91' lang='lat' dir='ltr'><strong>ut</strong></span> <span class='ocrx_word' id='word_1_917' title='bbox 2085 5117 2287 5185; x_wconf 86' lang='lat' dir='ltr'><strong>ebrius,</strong></span> <span class='ocrx_word' id='word_1_918' title='bbox 2310 5118 2522 5188; x_wconf 87' lang='lat' dir='ltr'><strong>quando</strong></span> <span class='ocrx_word' id='word_1_919' title='bbox 2545 5132 2739 5190; x_wconf 74' lang='lat' dir='ltr'><strong>praeter</strong></span> <span class='ocrx_word' id='word_1_920' title='bbox 2761 5121 2854 5177; x_wconf 85' lang='lat' dir='ltr'><strong>Déi</strong></span> <span class='ocrx_word' id='word_1_921' title='bbox 2879 5123 3154 5192; x_wconf 89' lang='lat' dir='ltr'><strong>placitum,</strong></span> <span class='ocrx_word' id='word_1_922' title='bbox 3178 5125 3318 5181; x_wconf 86' lang='lat' dir='ltr'><strong>dicta</strong></span> <span class='ocrx_word' id='word_1_923' title='bbox 3345 5127 3610 5184; x_wconf 80' lang='lat' dir='ltr'><strong>curiosius</strong></span> 
     </span>
    </p>
   </div>
   <div class='ocr_carea' id='block_1_113' title="bbox 2005 5212 3608 5292">
    <p class='ocr_par' dir='ltr' id='par_1_113' title="bbox 2005 5212 3608 5292">
     <span class='ocr_line' id='line_1_113' title="bbox 2005 5212 3608 5292; baseline 0.009 -30"><span class='ocrx_word' id='word_1_924' title='bbox 2005 5217 2298 5273; x_wconf 84' lang='lat' dir='ltr'><strong>scrutatur,</strong></span> <span class='ocrx_word' id='word_1_925' title='bbox 2331 5225 2504 5280; x_wconf 89' lang='lat' dir='ltr'><strong>neque</strong></span> <span class='ocrx_word' id='word_1_926' title='bbox 2535 5212 2656 5267; x_wconf 85' lang='lat' dir='ltr'><strong>fidei</strong></span> <span class='ocrx_word' id='word_1_927' title='bbox 2689 5228 2965 5268; x_wconf 84' lang='lat' dir='ltr'><strong>assensum</strong></span> <span class='ocrx_word' id='word_1_928' title='bbox 2995 5216 3240 5287; x_wconf 82' lang='lat' dir='ltr'><strong>praebet?</strong></span> <span class='ocrx_word' id='word_1_929' title='bbox 3269 5218 3485 5274; x_wconf 84' lang='lat' dir='ltr'><strong>Andivit</strong></span> <span class='ocrx_word' id='word_1_930' title='bbox 3515 5237 3608 5292; x_wconf 79' lang='lat' dir='ltr'><strong>ge-</strong></span> 
     </span>
    </p>
   </div>
   <div class='ocr_carea' id='block_1_114' title="bbox 2006 5301 3607 5378">
    <p class='ocr_par' dir='ltr' id='par_1_114' title="bbox 2006 5301 3607 5378">
     <span class='ocr_line' id='line_1_114' title="bbox 2006 5301 3607 5378; baseline 0.01 -25"><span class='ocrx_word' id='word_1_931' title='bbox 2006 5301 2340 5356; x_wconf 88' lang='lat' dir='ltr'><strong>nerationem</strong></span> <span class='ocrx_word' id='word_1_932' title='bbox 2361 5344 2375 5368; x_wconf 91' lang='lat'><strong>,</strong></span> <span class='ocrx_word' id='word_1_933' title='bbox 2408 5318 2506 5358; x_wconf 91' lang='lat' dir='ltr'><strong>nec</strong></span> <span class='ocrx_word' id='word_1_934' title='bbox 2537 5304 2794 5360; x_wconf 89' lang='lat' dir='ltr'><strong>intellexit</strong></span> <span class='ocrx_word' id='word_1_935' title='bbox 2819 5321 2936 5361; x_wconf 90' lang='lat' dir='ltr'><strong>eam</strong></span> <span class='ocrx_word' id='word_1_936' title='bbox 2965 5307 3296 5377; x_wconf 87' lang='lat' dir='ltr'><strong>spiritualcm</strong></span> <span class='ocrx_word' id='word_1_937' title='bbox 3327 5326 3481 5378; x_wconf 79' lang='lat' dir='ltr'><strong>esse;</strong></span> <span class='ocrx_word' id='word_1_938' title='bbox 3516 5315 3607 5369; x_wconf 89' lang='lat' dir='ltr'><strong>sed</strong></span> 
     </span>
    </p>
   </div>
   <div class='ocr_carea' id='block_1_115' title="bbox 2004 5394 3606 5473">
    <p class='ocr_par' dir='ltr' id='par_1_115' title="bbox 2004 5394 3606 5473">
     <span class='ocr_line' id='line_1_115' title="bbox 2004 5394 3606 5473; baseline 0.008 -26"><span class='ocrx_word' id='word_1_939' title='bbox 2004 5394 2057 5447; x_wconf 90' lang='lat' dir='ltr'><strong>in</strong></span> <span class='ocrx_word' id='word_1_940' title='bbox 2090 5395 2269 5448; x_wconf 78' lang='lat' dir='ltr'><strong>carnis</strong></span> <span class='ocrx_word' id='word_1_941' title='bbox 2300 5396 2554 5450; x_wconf 84' lang='lat' dir='ltr'><strong>vilitatem</strong></span> <span class='ocrx_word' id='word_1_942' title='bbox 2586 5397 2784 5452; x_wconf 87' lang='lat' dir='ltr'><strong>dictum</strong></span> <span class='ocrx_word' id='word_1_943' title='bbox 2822 5401 3110 5469; x_wconf 88' lang='lat' dir='ltr'><strong>pertraxit,</strong></span> <span class='ocrx_word' id='word_1_944' title='bbox 3154 5410 3467 5473; x_wconf 88' lang='lat' dir='ltr'><strong>tantumque</strong></span> <span class='ocrx_word' id='word_1_945' title='bbox 3502 5415 3606 5461; x_wconf 88' lang='lat' dir='ltr'><strong>tam</strong></span> 
     </span>
    </p>
   </div>
   <div class='ocr_carea' id='block_1_116' title="bbox 2005 5487 3604 5557">
    <p class='ocr_par' dir='ltr' id='par_1_116' title="bbox 2005 5487 3604 5557">
     <span class='ocr_line' id='line_1_116' title="bbox 2005 5487 3604 5557; baseline 0.009 -17"><span class='ocrx_word' id='word_1_946' title='bbox 2005 5487 2233 5542; x_wconf 86' lang='lat' dir='ltr'><strong>sublime</strong></span> <span class='ocrx_word' id='word_1_947' title='bbox 2262 5488 2454 5557; x_wconf 88' lang='lat' dir='ltr'><strong>dogma</strong></span> <span class='ocrx_word' id='word_1_948' title='bbox 2485 5491 2550 5545; x_wconf 85' lang='lat' dir='ltr'><strong>ad</strong></span> <span class='ocrx_word' id='word_1_949' title='bbox 2585 5494 2875 5548; x_wconf 86' lang='lat' dir='ltr'><strong>naturalem</strong></span> <span class='ocrx_word' id='word_1_950' title='bbox 2910 5509 3087 5550; x_wconf 89' lang='lat' dir='ltr'><strong>rerum</strong></span> <span class='ocrx_word' id='word_1_951' title='bbox 3128 5498 3321 5554; x_wconf 86' lang='lat' dir='ltr'><strong>seriem</strong></span> <span class='ocrx_word' id='word_1_952' title='bbox 3361 5499 3604 5555; x_wconf 88' lang='lat' dir='ltr'><strong>deduxit.</strong></span> 
     </span>
    </p>
   </div>
   <div class='ocr_carea' id='block_1_117' title="bbox 2007 5580 3605 5658">
    <p class='ocr_par' dir='ltr' id='par_1_117' title="bbox 2007 5580 3605 5658">
     <span class='ocr_line' id='line_1_117' title="bbox 2007 5580 3605 5658; baseline 0.008 -23"><span class='ocrx_word' id='word_1_953' title='bbox 2007 5580 2127 5635; x_wconf 87' lang='lat' dir='ltr'><strong>Ideo</strong></span> <span class='ocrx_word' id='word_1_954' title='bbox 2152 5597 2318 5653; x_wconf 80' lang='lat' dir='ltr'><strong>nugas</strong></span> <span class='ocrx_word' id='word_1_955' title='bbox 2339 5591 2392 5638; x_wconf 90' lang='lat' dir='ltr'><strong>et</strong></span> <span class='ocrx_word' id='word_1_956' title='bbox 2415 5585 2665 5640; x_wconf 86' lang='lat' dir='ltr'><strong>ridiculas</strong></span> <span class='ocrx_word' id='word_1_957' title='bbox 2685 5587 3014 5656; x_wconf 62' lang='lat' dir='ltr'><strong>quaestiones</strong></span> <span class='ocrx_word' id='word_1_958' title='bbox 3032 5591 3142 5658; x_wconf 90' lang='lat' dir='ltr'><strong>jam</strong></span> <span class='ocrx_word' id='word_1_959' title='bbox 3161 5593 3605 5648; x_wconf 81' lang='lat' dir='ltr'><strong>comminiscitur.</strong></span> 
     </span>
    </p>
   </div>
   <div class='ocr_carea' id='block_1_118' title="bbox 2008 5672 3609 5752">
    <p class='ocr_par' dir='ltr' id='par_1_118' title="bbox 2008 5672 3609 5752">
     <span class='ocr_line' id='line_1_118' title="bbox 2008 5672 3609 5752; baseline 0.009 -28"><span class='ocrx_word' id='word_1_960' title='bbox 2008 5673 2210 5728; x_wconf 86' lang='lat' dir='ltr'><strong>Idcirco</strong></span> <span class='ocrx_word' id='word_1_961' title='bbox 2241 5672 2437 5728; x_wconf 86' lang='lat' dir='ltr'><strong>Paulus</strong></span> <span class='ocrx_word' id='word_1_962' title='bbox 2463 5675 2678 5730; x_wconf 87' lang='lat' dir='ltr'><strong>dicebat</strong></span> <span class='ocrx_word' id='word_1_963' title='bbox 2723 5693 2736 5729; x_wconf 87' lang='lat'><strong>:</strong></span> <span class='ocrx_word' id='word_1_964' title='bbox 2782 5678 3032 5733; x_wconf 77' lang='lat' dir='ltr'><strong>Animalis</strong></span> <span class='ocrx_word' id='word_1_965' title='bbox 3074 5680 3224 5736; x_wconf 82' lang='lat' dir='ltr'><strong>homo</strong></span> <span class='ocrx_word' id='word_1_966' title='bbox 3267 5699 3366 5735; x_wconf 86' lang='lat' dir='ltr'><strong>non</strong></span> <span class='ocrx_word' id='word_1_967' title='bbox 3400 5683 3609 5752; x_wconf 78' lang='lat' dir='ltr'><strong>percipit</strong></span> 
     </span>
    </p>
   </div>
   <div class='ocr_carea' id='block_1_119' title="bbox 2006 5763 3606 5840">
    <p class='ocr_par' dir='ltr' id='par_1_119' title="bbox 2006 5763 3606 5840">
     <span class='ocr_line' id='line_1_119' title="bbox 2006 5763 3606 5840; baseline 0.006 -23"><span class='ocrx_word' id='word_1_968' title='bbox 2006 5781 2064 5817; x_wconf 84' lang='lat' dir='ltr'><strong>ea</strong></span> <span class='ocrx_word' id='word_1_969' title='bbox 2092 5778 2207 5834; x_wconf 68' lang='lat' dir='ltr'><strong>qua</strong></span> <span class='ocrx_word' id='word_1_970' title='bbox 2234 5774 2351 5817; x_wconf 87' lang='lat' dir='ltr'><strong>sunt</strong></span> <span class='ocrx_word' id='word_1_971' title='bbox 2393 5763 2619 5834; x_wconf 83' lang='lat' dir='ltr'><strong>Spiritus</strong></span> <span class='ocrx_word' id='word_1_972' title='bbox 2651 5768 2738 5836; x_wconf 94' lang='lat' dir='ltr'><strong>(I.</strong></span> <span class='ocrx_word' id='word_1_973' title='bbox 2787 5767 2903 5822; x_wconf 81' lang='lat' dir='ltr'><strong>Cor.</strong></span> <span class='ocrx_word' id='word_1_974' title='bbox 2951 5769 3002 5822; x_wconf 78' lang='grc'><strong>9..</strong></span> <span class='ocrx_word' id='word_1_975' title='bbox 3053 5771 3180 5840; x_wconf 79' lang='grc' dir='ltr'><strong>Η).</strong></span> <span class='ocrx_word' id='word_1_976' title='bbox 3228 5771 3606 5828; x_wconf 70' lang='lat' dir='ltr'><strong>Verumtamen</strong></span> 
     </span>
    </p>
   </div>
   <div class='ocr_carea' id='block_1_120' title="bbox 2071 5876 3606 5953">
    <p class='ocr_par' dir='ltr' id='par_1_120' title="bbox 2071 5876 3606 5953">
     <span class='ocr_line' id='line_1_120' title="bbox 2071 5876 3606 5953; baseline 0.009 -28"><span class='ocrx_word' id='word_1_977' title='bbox 2071 5879 2086 5910; x_wconf 77' lang='grc' dir='ltr'>ί</span> <span class='ocrx_word' id='word_1_978' title='bbox 2114 5877 2388 5953; x_wconf 57' lang='grc' dir='ltr'>δμερὶειιιιι-</span> <span class='ocrx_word' id='word_1_979' title='bbox 2411 5876 2613 5953; x_wconf 51' lang='lat' dir='ltr'><strong>sasinus</strong></span> <span class='ocrx_word' id='word_1_980' title='bbox 2639 5878 2924 5953; x_wconf 73' lang='lat' dir='ltr'><strong>legendum.</strong></span> <span class='ocrx_word' id='word_1_981' title='bbox 2940 5895 3030 5932; x_wconf 87' lang='lat' dir='ltr'><strong>non</strong></span> <span class='ocrx_word' id='word_1_982' title='bbox 3053 5882 3279 5937; x_wconf 78' lang='lat' dir='ltr'><strong>animalis</strong></span> <span class='ocrx_word' id='word_1_983' title='bbox 3297 5895 3384 5942; x_wconf 76' lang='lat' dir='ltr'><strong>est.</strong></span> <span class='ocrx_word' id='word_1_984' title='bbox 3405 5893 3488 5937; x_wconf 78' lang='lat' dir='ltr'><strong>sed</strong></span> <span class='ocrx_word' id='word_1_985' title='bbox 3513 5905 3606 5953; x_wconf 73' lang='lat' dir='ltr'><strong>spr-</strong></span> 
     </span>
    </p>
   </div>
   <div class='ocr_carea' id='block_1_121' title="bbox 2008 5937 3025 6001">
    <p class='ocr_par' dir='ltr' id='par_1_121' title="bbox 2008 5937 3025 6001">
     <span class='ocr_line' id='line_1_121' title="bbox 2008 5937 3025 6001; baseline 0.01 -17"><span class='ocrx_word' id='word_1_986' title='bbox 2008 5937 2219 5990; x_wconf 53' lang='lat' dir='ltr'><strong>rittmlis?</strong></span> <span class='ocrx_word' id='word_1_987' title='bbox 2247 5938 2349 6001; x_wconf 68' lang='lat' dir='ltr'><strong>figo</strong></span> <span class='ocrx_word' id='word_1_988' title='bbox 2376 5941 2491 5989; x_wconf 86' lang='lat' dir='ltr'><strong>nihil</strong></span> <span class='ocrx_word' id='word_1_989' title='bbox 2519 5937 2799 5992; x_wconf 72' lang='lat' dir='ltr'><strong>mutandum</strong></span> <span class='ocrx_word' id='word_1_990' title='bbox 2825 5937 3025 5994; x_wconf 67' lang='lat' dir='ltr'><strong>censeo.</strong></span> 
     </span>
    </p>
   </div>
  </div>
