  <div class='ocr_page' id='page_1' title='image "/cluster/home/n/w/nwhite01/storage/ocr_20150623/59/uva.x004914832/147.png"; bbox 0 0 4120 6568; ppageno 0'>
   <div class='ocr_carea' id='block_1_1' title="bbox 566 437 662 490">
    <p class='ocr_par' dir='ltr' id='par_1_1' title="bbox 566 437 662 490">
     <span class='ocr_line' id='line_1_1' title="bbox 566 437 662 490; baseline -0.021 0"><span class='ocrx_word' id='word_1_1' title='bbox 566 437 662 490; x_wconf 72' lang='grc' dir='ltr'><strong>ΗΊ</strong></span> 
     </span>
    </p>
   </div>
   <div class='ocr_carea' id='block_1_2' title="bbox 563 537 2135 610">
    <p class='ocr_par' dir='ltr' id='par_1_2' title="bbox 563 537 2135 610">
     <span class='ocr_line' id='line_1_2' title="bbox 563 537 2135 610; baseline -0.01 -4"><span class='ocrx_word' id='word_1_2' title='bbox 563 551 648 606; x_wconf 89' lang='lat' dir='ltr'><strong>hie</strong></span> <span class='ocrx_word' id='word_1_3' title='bbox 678 550 838 604; x_wconf 88' lang='lat' dir='ltr'><strong>etiam</strong></span> <span class='ocrx_word' id='word_1_4' title='bbox 867 544 1190 601; x_wconf 85' lang='lat' dir='ltr'><strong>Nicodetnus</strong></span> <span class='ocrx_word' id='word_1_5' title='bbox 1216 541 1568 597; x_wconf 84' lang='lat' dir='ltr'><strong>reverentiam</strong></span> <span class='ocrx_word' id='word_1_6' title='bbox 1591 554 1712 610; x_wconf 87' lang='lat' dir='ltr'><strong>erga</strong></span> <span class='ocrx_word' id='word_1_7' title='bbox 1738 537 2006 593; x_wconf 84' lang='lat' dir='ltr'><strong>Christum</strong></span> <span class='ocrx_word' id='word_1_8' title='bbox 2031 553 2135 591; x_wconf 82' lang='lat' dir='ltr'><strong>ser-</strong></span> 
     </span>
    </p>
   </div>
   <div class='ocr_carea' id='block_1_3' title="bbox 563 628 2140 707">
    <p class='ocr_par' dir='ltr' id='par_1_3' title="bbox 563 628 2140 707">
     <span class='ocr_line' id='line_1_3' title="bbox 563 628 2140 707; baseline -0.006 -15"><span class='ocrx_word' id='word_1_9' title='bbox 563 650 670 693; x_wconf 86' lang='lat' dir='ltr'><strong>vat.</strong></span> <span class='ocrx_word' id='word_1_10' title='bbox 701 637 882 707; x_wconf 85' lang='lat' dir='ltr'><strong>Neque</strong></span> <span class='ocrx_word' id='word_1_11' title='bbox 906 635 1047 690; x_wconf 90' lang='lat' dir='ltr'><strong>enim</strong></span> <span class='ocrx_word' id='word_1_12' title='bbox 1075 631 1270 688; x_wconf 89' lang='lat' dir='ltr'><strong>dictum</strong></span> <span class='ocrx_word' id='word_1_13' title='bbox 1304 631 1499 696; x_wconf 88' lang='lat' dir='ltr'><strong>irrisit,</strong></span> <span class='ocrx_word' id='word_1_14' title='bbox 1532 629 1625 685; x_wconf 88' lang='lat' dir='ltr'><strong>sed</strong></span> <span class='ocrx_word' id='word_1_15' title='bbox 1671 628 1992 700; x_wconf 91' lang='lat' dir='ltr'><strong>impossibile</strong></span> <span class='ocrx_word' id='word_1_16' title='bbox 2020 642 2140 682; x_wconf 64' lang='lat' dir='ltr'><strong>esse</strong></span> 
     </span>
    </p>
   </div>
   <div class='ocr_carea' id='block_1_4' title="bbox 560 720 2138 800">
    <p class='ocr_par' dir='ltr' id='par_1_4' title="bbox 560 720 2138 800">
     <span class='ocr_line' id='line_1_4' title="bbox 560 720 2138 800; baseline -0.005 -17"><span class='ocrx_word' id='word_1_17' title='bbox 560 741 750 800; x_wconf 85' lang='lat' dir='ltr'><strong>putans</strong></span> <span class='ocrx_word' id='word_1_18' title='bbox 775 726 938 780; x_wconf 93' lang='lat' dir='ltr'><strong>siluit.</strong></span> <span class='ocrx_word' id='word_1_19' title='bbox 975 724 1088 779; x_wconf 88' lang='lat' dir='ltr'><strong>Duo</strong></span> <span class='ocrx_word' id='word_1_20' title='bbox 1119 738 1345 793; x_wconf 82' lang='lat' dir='ltr'><strong>namque</strong></span> <span class='ocrx_word' id='word_1_21' title='bbox 1371 722 1753 778; x_wconf 81' lang='lat' dir='ltr'><strong>dubitationem</strong></span> <span class='ocrx_word' id='word_1_22' title='bbox 1779 720 1970 776; x_wconf 69' lang='lat' dir='ltr'><strong>adferre</strong></span> <span class='ocrx_word' id='word_1_23' title='bbox 1997 731 2138 790; x_wconf 84' lang='lat' dir='ltr'><strong>pote-</strong></span> 
     </span>
    </p>
   </div>
   <div class='ocr_carea' id='block_1_5' title="bbox 559 814 2135 889">
    <p class='ocr_par' dir='ltr' id='par_1_5' title="bbox 559 814 2135 889">
     <span class='ocr_line' id='line_1_5' title="bbox 559 814 2135 889; baseline -0.005 -13"><span class='ocrx_word' id='word_1_24' title='bbox 559 829 671 877; x_wconf 90' lang='lat' dir='ltr'><strong>rant</strong></span> <span class='ocrx_word' id='word_1_25' title='bbox 693 861 709 886; x_wconf 93' lang='lat'><strong>,</strong></span> <span class='ocrx_word' id='word_1_26' title='bbox 739 817 1016 889; x_wconf 74' lang='lat' dir='ltr'><strong>generatio</strong></span> <span class='ocrx_word' id='word_1_27' title='bbox 1045 816 1184 882; x_wconf 79' lang='lat' dir='ltr'><strong>talis,</strong></span> <span class='ocrx_word' id='word_1_28' title='bbox 1213 823 1267 872; x_wconf 89' lang='lat' dir='ltr'><strong>et</strong></span> <span class='ocrx_word' id='word_1_29' title='bbox 1292 831 1531 886; x_wconf 79' lang='lat' dir='ltr'><strong>regnum.</strong></span> <span class='ocrx_word' id='word_1_30' title='bbox 1561 814 1801 870; x_wconf 86' lang='lat' dir='ltr'><strong>Nondum</strong></span> <span class='ocrx_word' id='word_1_31' title='bbox 1829 814 1968 870; x_wconf 91' lang='lat' dir='ltr'><strong>enim</strong></span> <span class='ocrx_word' id='word_1_32' title='bbox 1992 817 2135 884; x_wconf 89' lang='lat' dir='ltr'><strong>regni</strong></span> 
     </span>
    </p>
   </div>
   <div class='ocr_carea' id='block_1_6' title="bbox 558 905 2137 980">
    <p class='ocr_par' dir='ltr' id='par_1_6' title="bbox 558 905 2137 980">
     <span class='ocr_line' id='line_1_6' title="bbox 558 905 2137 980; baseline -0.003 -16"><span class='ocrx_word' id='word_1_33' title='bbox 558 926 750 965; x_wconf 89' lang='lat' dir='ltr'><strong>nomen</strong></span> <span class='ocrx_word' id='word_1_34' title='bbox 777 908 913 980; x_wconf 90' lang='lat' dir='ltr'><strong>apud</strong></span> <span class='ocrx_word' id='word_1_35' title='bbox 941 907 1156 964; x_wconf 72' lang='lat' dir='ltr'><strong>Judteos</strong></span> <span class='ocrx_word' id='word_1_36' title='bbox 1179 906 1414 961; x_wconf 86' lang='lat' dir='ltr'><strong>auditum</strong></span> <span class='ocrx_word' id='word_1_37' title='bbox 1444 905 1633 971; x_wconf 80' lang='lat' dir='ltr'><strong>fuerat,</strong></span> <span class='ocrx_word' id='word_1_38' title='bbox 1663 921 1836 975; x_wconf 88' lang='lat' dir='ltr'><strong>neque</strong></span> <span class='ocrx_word' id='word_1_39' title='bbox 1865 905 2137 977; x_wconf 80' lang='lat' dir='ltr'><strong>generatio</strong></span> 
     </span>
    </p>
   </div>
   <div class='ocr_carea' id='block_1_7' title="bbox 557 997 2135 1073">
    <p class='ocr_par' dir='ltr' id='par_1_7' title="bbox 557 997 2135 1073">
     <span class='ocr_line' id='line_1_7' title="bbox 557 997 2135 1073; baseline -0.004 -16"><span class='ocrx_word' id='word_1_40' title='bbox 557 1001 879 1073; x_wconf 89' lang='lat' dir='ltr'><strong>lmjusmodi.</strong></span> <span class='ocrx_word' id='word_1_41' title='bbox 911 1000 1015 1056; x_wconf 89' lang='lat' dir='ltr'><strong>Sed</strong></span> <span class='ocrx_word' id='word_1_42' title='bbox 1041 999 1252 1056; x_wconf 90' lang='lat' dir='ltr'><strong>interim</strong></span> <span class='ocrx_word' id='word_1_43' title='bbox 1286 999 1336 1052; x_wconf 90' lang='lat' dir='ltr'><strong>in</strong></span> <span class='ocrx_word' id='word_1_44' title='bbox 1369 997 1530 1069; x_wconf 85' lang='lat' dir='ltr'><strong>priori</strong></span> <span class='ocrx_word' id='word_1_45' title='bbox 1557 998 1828 1064; x_wconf 87' lang='lat' dir='ltr'><strong>consistit,</strong></span> <span class='ocrx_word' id='word_1_46' title='bbox 1855 997 1995 1067; x_wconf 88' lang='lat' dir='ltr'><strong>quod</strong></span> <span class='ocrx_word' id='word_1_47' title='bbox 2020 997 2135 1066; x_wconf 72' lang='lat' dir='ltr'><strong>eius</strong></span> 
     </span>
    </p>
   </div>
   <div class='ocr_carea' id='block_1_8' title="bbox 558 1093 1390 1164">
    <p class='ocr_par' dir='ltr' id='par_1_8' title="bbox 558 1093 1390 1164">
     <span class='ocr_line' id='line_1_8' title="bbox 558 1093 1390 1164; baseline -0.006 -13"><span class='ocrx_word' id='word_1_48' title='bbox 558 1106 790 1151; x_wconf 87' lang='lat' dir='ltr'><strong>mentem</strong></span> <span class='ocrx_word' id='word_1_49' title='bbox 819 1096 1049 1151; x_wconf 78' lang='lat' dir='ltr'><strong>maxime</strong></span> <span class='ocrx_word' id='word_1_50' title='bbox 1073 1093 1390 1164; x_wconf 74' lang='lat' dir='ltr'><strong>exagitabat.</strong></span> 
     </span>
    </p>
   </div>
   <div class='ocr_carea' id='block_1_9' title="bbox 625 1180 2132 1240">
    <p class='ocr_par' dir='ltr' id='par_1_9' title="bbox 625 1180 2132 1240">
     <span class='ocr_line' id='line_1_9' title="bbox 625 1180 2132 1240; baseline -0.003 -1"><span class='ocrx_word' id='word_1_51' title='bbox 625 1184 809 1240; x_wconf 78' lang='lat' dir='ltr'><strong>Divina</strong></span> <span class='ocrx_word' id='word_1_52' title='bbox 830 1185 1091 1240; x_wconf 83' lang='lat' dir='ltr'><strong>ratiocinio</strong></span> <span class='ocrx_word' id='word_1_53' title='bbox 1114 1201 1212 1238; x_wconf 87' lang='lat' dir='ltr'><strong>non</strong></span> <span class='ocrx_word' id='word_1_54' title='bbox 1234 1182 1524 1238; x_wconf 78' lang='lat' dir='ltr'><strong>scrutanda.</strong></span> <span class='ocrx_word' id='word_1_55' title='bbox 1560 1180 1715 1235; x_wconf 84' lang='lat' dir='ltr'><strong>Pravi</strong></span> <span class='ocrx_word' id='word_1_56' title='bbox 1736 1198 1895 1236; x_wconf 83' lang='lat' dir='ltr'><strong>mores</strong></span> <span class='ocrx_word' id='word_1_57' title='bbox 1920 1192 2132 1234; x_wconf 86' lang='lat' dir='ltr'><strong>mentem</strong></span> 
     </span>
    </p>
   </div>
   <div class='ocr_carea' id='block_1_10' title="bbox 549 1267 2132 1342">
    <p class='ocr_par' dir='ltr' id='par_1_10' title="bbox 549 1267 2132 1342">
     <span class='ocr_line' id='line_1_10' title="bbox 549 1267 2132 1342; baseline -0.003 -14"><span class='ocrx_word' id='word_1_58' title='bbox 549 1277 836 1329; x_wconf 73' lang='lat' dir='ltr'><strong>otscurant.</strong></span> <span class='ocrx_word' id='word_1_59' title='bbox 883 1273 1184 1328; x_wconf 78' lang='lat' dir='ltr'><strong>Diuitiarum</strong></span> <span class='ocrx_word' id='word_1_60' title='bbox 1213 1267 1446 1338; x_wconf 63' lang='lat' dir='ltr'><strong>&#39;damna;</strong></span> <span class='ocrx_word' id='word_1_61' title='bbox 1501 1272 1632 1327; x_wconf 81' lang='lat' dir='ltr'><strong>bona</strong></span> <span class='ocrx_word' id='word_1_62' title='bbox 1681 1273 2024 1342; x_wconf 79' lang='lat' dir='ltr'><strong>eleemosyme.</strong></span> <span class='ocrx_word' id='word_1_63' title='bbox 2059 1300 2132 1311; x_wconf 90' lang='lat'><strong>--</strong></span> 
     </span>
    </p>
   </div>
   <div class='ocr_carea' id='block_1_11' title="bbox 549 1364 2123 1432">
    <p class='ocr_par' dir='ltr' id='par_1_11' title="bbox 549 1364 2123 1432">
     <span class='ocr_line' id='line_1_11' title="bbox 549 1364 2123 1432; baseline -0.001 -12"><span class='ocrx_word' id='word_1_64' title='bbox 549 1366 675 1421; x_wconf 72' lang='lat' dir='ltr'><strong>llmc</strong></span> <span class='ocrx_word' id='word_1_65' title='bbox 713 1381 832 1421; x_wconf 91' lang='lat' dir='ltr'><strong>cum</strong></span> <span class='ocrx_word' id='word_1_66' title='bbox 871 1366 1131 1432; x_wconf 77' lang='lat' dir='ltr'><strong>sciamus,</strong></span> <span class='ocrx_word' id='word_1_67' title='bbox 1170 1380 1237 1421; x_wconf 89' lang='lat' dir='ltr'><strong>ne</strong></span> <span class='ocrx_word' id='word_1_68' title='bbox 1272 1365 1548 1420; x_wconf 86' lang='lat' dir='ltr'><strong>ratiocinio</strong></span> <span class='ocrx_word' id='word_1_69' title='bbox 1587 1364 1769 1419; x_wconf 82' lang='lat' dir='ltr'><strong>divma</strong></span> <span class='ocrx_word' id='word_1_70' title='bbox 1796 1374 2123 1428; x_wconf 85' lang='lat' dir='ltr'><strong>scrutemur,</strong></span> 
     </span>
    </p>
   </div>
   <div class='ocr_carea' id='block_1_12' title="bbox 552 1455 2123 1528">
    <p class='ocr_par' dir='ltr' id='par_1_12' title="bbox 552 1455 2123 1528">
     <span class='ocr_line' id='line_1_12' title="bbox 552 1455 2123 1528; baseline -0.002 -17"><span class='ocrx_word' id='word_1_71' title='bbox 552 1473 722 1528; x_wconf 89' lang='lat' dir='ltr'><strong>neque</strong></span> <span class='ocrx_word' id='word_1_72' title='bbox 765 1457 830 1512; x_wconf 89' lang='lat' dir='ltr'><strong>ad</strong></span> <span class='ocrx_word' id='word_1_73' title='bbox 874 1458 1167 1513; x_wconf 81' lang='lat' dir='ltr'><strong>naturalem</strong></span> <span class='ocrx_word' id='word_1_74' title='bbox 1220 1472 1395 1512; x_wconf 89' lang='lat' dir='ltr'><strong>rerum</strong></span> <span class='ocrx_word' id='word_1_75' title='bbox 1440 1457 1632 1511; x_wconf 88' lang='lat' dir='ltr'><strong>seriem</strong></span> <span class='ocrx_word' id='word_1_76' title='bbox 1677 1455 1764 1509; x_wconf 93' lang='lat' dir='ltr'><strong>illa</strong></span> <span class='ocrx_word' id='word_1_77' title='bbox 1805 1455 2123 1521; x_wconf 83' lang='lat' dir='ltr'><strong>referamus,</strong></span> 
     </span>
    </p>
   </div>
   <div class='ocr_carea' id='block_1_13' title="bbox 551 1544 2126 1616">
    <p class='ocr_par' dir='ltr' id='par_1_13' title="bbox 551 1544 2126 1616">
     <span class='ocr_line' id='line_1_13' title="bbox 551 1544 2126 1616; baseline -0.002 -16"><span class='ocrx_word' id='word_1_78' title='bbox 551 1549 631 1604; x_wconf 73' lang='lat' dir='ltr'><strong>vel</strong></span> <span class='ocrx_word' id='word_1_79' title='bbox 673 1551 896 1604; x_wconf 85' lang='lat' dir='ltr'><strong>naturali</strong></span> <span class='ocrx_word' id='word_1_80' title='bbox 942 1549 1241 1604; x_wconf 87' lang='lat' dir='ltr'><strong>necessitati</strong></span> <span class='ocrx_word' id='word_1_81' title='bbox 1288 1547 1668 1616; x_wconf 80' lang='lat' dir='ltr'><strong>subjiciamus;</strong></span> <span class='ocrx_word' id='word_1_82' title='bbox 1711 1544 1803 1600; x_wconf 88' lang='lat' dir='ltr'><strong>sed</strong></span> <span class='ocrx_word' id='word_1_83' title='bbox 1837 1545 1919 1613; x_wconf 88' lang='lat' dir='ltr'><strong>pie</strong></span> <span class='ocrx_word' id='word_1_84' title='bbox 1949 1545 2126 1599; x_wconf 90' lang='lat' dir='ltr'><strong>omnia</strong></span> 
     </span>
    </p>
   </div>
   <div class='ocr_carea' id='block_1_14' title="bbox 547 1638 2128 1713">
    <p class='ocr_par' dir='ltr' id='par_1_14' title="bbox 547 1638 2128 1713">
     <span class='ocr_line' id='line_1_14' title="bbox 547 1638 2128 1713; baseline -0.003 -16"><span class='ocrx_word' id='word_1_85' title='bbox 547 1643 861 1713; x_wconf 85' lang='lat' dir='ltr'><strong>cogitemus,</strong></span> <span class='ocrx_word' id='word_1_86' title='bbox 892 1640 1172 1697; x_wconf 86' lang='lat' dir='ltr'><strong>credentes</strong></span> <span class='ocrx_word' id='word_1_87' title='bbox 1200 1640 1487 1710; x_wconf 76' lang='lat' dir='ltr'><strong>Scriptura:</strong></span> <span class='ocrx_word' id='word_1_88' title='bbox 1518 1639 1692 1693; x_wconf 91' lang='lat' dir='ltr'><strong>dictis.</strong></span> <span class='ocrx_word' id='word_1_89' title='bbox 1723 1638 1852 1692; x_wconf 88' lang='lat' dir='ltr'><strong>Nam</strong></span> <span class='ocrx_word' id='word_1_90' title='bbox 1884 1638 2128 1692; x_wconf 75' lang='lat' dir='ltr'><strong>curiosus</strong></span> 
     </span>
    </p>
   </div>
   <div class='ocr_carea' id='block_1_15' title="bbox 549 1728 2122 1803">
    <p class='ocr_par' dir='ltr' id='par_1_15' title="bbox 549 1728 2122 1803">
     <span class='ocr_line' id='line_1_15' title="bbox 549 1728 2122 1803; baseline -0.001 -16"><span class='ocrx_word' id='word_1_91' title='bbox 549 1733 826 1803; x_wconf 79' lang='lat' dir='ltr'><strong>indagator</strong></span> <span class='ocrx_word' id='word_1_92' title='bbox 852 1733 979 1787; x_wconf 86' lang='lat' dir='ltr'><strong>nihil</strong></span> <span class='ocrx_word' id='word_1_93' title='bbox 1009 1733 1261 1796; x_wconf 91' lang='lat' dir='ltr'><strong>lueratur,</strong></span> <span class='ocrx_word' id='word_1_94' title='bbox 1290 1745 1352 1786; x_wconf 91' lang='lat' dir='ltr'><strong>ac</strong></span> <span class='ocrx_word' id='word_1_95' title='bbox 1375 1741 1726 1801; x_wconf 63' lang='lat' dir='ltr'><strong>praeterquam</strong></span> <span class='ocrx_word' id='word_1_96' title='bbox 1749 1729 1887 1798; x_wconf 91' lang='lat' dir='ltr'><strong>quod</strong></span> <span class='ocrx_word' id='word_1_97' title='bbox 1913 1728 1960 1783; x_wconf 93' lang='lat' dir='ltr'><strong>id</strong></span> <span class='ocrx_word' id='word_1_98' title='bbox 1983 1730 2122 1799; x_wconf 89' lang='lat' dir='ltr'><strong>quod</strong></span> 
     </span>
    </p>
   </div>
   <div class='ocr_carea' id='block_1_16' title="bbox 544 1821 2120 1894">
    <p class='ocr_par' dir='ltr' id='par_1_16' title="bbox 544 1821 2120 1894">
     <span class='ocr_line' id='line_1_16' title="bbox 544 1821 2120 1894; baseline -0.002 -17"><span class='ocrx_word' id='word_1_99' title='bbox 544 1824 734 1894; x_wconf 60' lang='lat' dir='ltr'><strong>quarrit</strong></span> <span class='ocrx_word' id='word_1_100' title='bbox 764 1839 868 1879; x_wconf 91' lang='lat' dir='ltr'><strong>non</strong></span> <span class='ocrx_word' id='word_1_101' title='bbox 900 1825 1166 1889; x_wconf 90' lang='lat' dir='ltr'><strong>inveniet,</strong></span> <span class='ocrx_word' id='word_1_102' title='bbox 1213 1832 1481 1878; x_wconf 80' lang='lat' dir='ltr'><strong>extremas</strong></span> <span class='ocrx_word' id='word_1_103' title='bbox 1523 1822 1681 1876; x_wconf 90' lang='lat' dir='ltr'><strong>etiam</strong></span> <span class='ocrx_word' id='word_1_104' title='bbox 1730 1821 1877 1876; x_wconf 88' lang='lat' dir='ltr'><strong>dabit</strong></span> <span class='ocrx_word' id='word_1_105' title='bbox 1916 1836 2120 1891; x_wconf 70' lang='lat' dir='ltr'><strong>poenae.</strong></span> 
     </span>
    </p>
   </div>
   <div class='ocr_carea' id='block_1_17' title="bbox 543 1911 2116 1986">
    <p class='ocr_par' dir='ltr' id='par_1_17' title="bbox 543 1911 2116 1986">
     <span class='ocr_line' id='line_1_17' title="bbox 543 1911 2116 1986; baseline -0.001 -17"><span class='ocrx_word' id='word_1_106' title='bbox 543 1916 710 1970; x_wconf 76' lang='lat' dir='ltr'><strong>Audis</strong></span> <span class='ocrx_word' id='word_1_107' title='bbox 734 1915 944 1970; x_wconf 84' lang='lat' dir='ltr'><strong>Patrem</strong></span> <span class='ocrx_word' id='word_1_108' title='bbox 973 1916 1217 1986; x_wconf 89' lang='lat' dir='ltr'><strong>genuisse</strong></span> <span class='ocrx_word' id='word_1_109' title='bbox 1246 1933 1257 1968; x_wconf 92' lang='lat'>:</span> <span class='ocrx_word' id='word_1_110' title='bbox 1291 1915 1340 1970; x_wconf 88' lang='lat' dir='ltr'><strong>id</strong></span> <span class='ocrx_word' id='word_1_111' title='bbox 1371 1913 1510 1984; x_wconf 91' lang='lat' dir='ltr'><strong>quod</strong></span> <span class='ocrx_word' id='word_1_112' title='bbox 1539 1911 1732 1968; x_wconf 90' lang='lat' dir='ltr'><strong>audisti</strong></span> <span class='ocrx_word' id='word_1_113' title='bbox 1761 1913 1954 1979; x_wconf 89' lang='lat' dir='ltr'><strong>crede;</strong></span> <span class='ocrx_word' id='word_1_114' title='bbox 1985 1929 2116 1978; x_wconf 83' lang='lat' dir='ltr'><strong>quo-</strong></span> 
     </span>
    </p>
   </div>
   <div class='ocr_carea' id='block_1_18' title="bbox 540 2005 2118 2078">
    <p class='ocr_par' dir='ltr' id='par_1_18' title="bbox 540 2005 2118 2078">
     <span class='ocr_line' id='line_1_18' title="bbox 540 2005 2118 2078; baseline -0.001 -16"><span class='ocrx_word' id='word_1_115' title='bbox 540 2008 699 2063; x_wconf 89' lang='lat' dir='ltr'><strong>modo</strong></span> <span class='ocrx_word' id='word_1_116' title='bbox 741 2019 915 2064; x_wconf 90' lang='lat' dir='ltr'><strong>autem</strong></span> <span class='ocrx_word' id='word_1_117' title='bbox 942 2049 956 2074; x_wconf 92' lang='lat'><strong>,</strong></span> <span class='ocrx_word' id='word_1_118' title='bbox 1006 2022 1072 2062; x_wconf 92' lang='lat' dir='ltr'><strong>ne</strong></span> <span class='ocrx_word' id='word_1_119' title='bbox 1101 2022 1306 2078; x_wconf 64' lang='lat' dir='ltr'><strong>quaeras</strong></span> <span class='ocrx_word' id='word_1_120' title='bbox 1329 2048 1343 2074; x_wconf 95' lang='lat'><strong>,</strong></span> <span class='ocrx_word' id='word_1_121' title='bbox 1376 2021 1546 2075; x_wconf 88' lang='lat' dir='ltr'><strong>neque</strong></span> <span class='ocrx_word' id='word_1_122' title='bbox 1575 2005 1695 2060; x_wconf 89' lang='lat' dir='ltr'><strong>ideo</strong></span> <span class='ocrx_word' id='word_1_123' title='bbox 1723 2007 2118 2076; x_wconf 85' lang='lat' dir='ltr'><strong>generationem</strong></span> 
     </span>
    </p>
   </div>
   <div class='ocr_carea' id='block_1_19' title="bbox 537 2096 2118 2169">
    <p class='ocr_par' dir='ltr' id='par_1_19' title="bbox 537 2096 2118 2169">
     <span class='ocr_line' id='line_1_19' title="bbox 537 2096 2118 2169; baseline -0.001 -16"><span class='ocrx_word' id='word_1_124' title='bbox 537 2099 772 2169; x_wconf 78' lang='lat' dir='ltr'><strong>abneges</strong></span> <span class='ocrx_word' id='word_1_125' title='bbox 797 2119 810 2154; x_wconf 89' lang='lat'><strong>:</strong></span> <span class='ocrx_word' id='word_1_126' title='bbox 837 2099 937 2154; x_wconf 89' lang='lat' dir='ltr'><strong>hoc</strong></span> <span class='ocrx_word' id='word_1_127' title='bbox 965 2100 1104 2154; x_wconf 89' lang='lat' dir='ltr'><strong>enim</strong></span> <span class='ocrx_word' id='word_1_128' title='bbox 1135 2107 1389 2154; x_wconf 78' lang='lat' dir='ltr'><strong>extremm</strong></span> <span class='ocrx_word' id='word_1_129' title='bbox 1416 2096 1765 2166; x_wconf 86' lang='lat' dir='ltr'><strong>improbitatis</strong></span> <span class='ocrx_word' id='word_1_130' title='bbox 1795 2105 1959 2153; x_wconf 84' lang='lat' dir='ltr'><strong>esset.</strong></span> <span class='ocrx_word' id='word_1_131' title='bbox 1987 2096 2118 2151; x_wconf 86' lang='lat' dir='ltr'><strong>Nam</strong></span> 
     </span>
    </p>
   </div>
   <div class='ocr_carea' id='block_1_20' title="bbox 537 2187 2113 2260">
    <p class='ocr_par' dir='ltr' id='par_1_20' title="bbox 537 2187 2113 2260">
     <span class='ocr_line' id='line_1_20' title="bbox 537 2187 2113 2260; baseline -0.002 -15"><span class='ocrx_word' id='word_1_132' title='bbox 537 2193 579 2245; x_wconf 92' lang='lat' dir='ltr'><strong>si</strong></span> <span class='ocrx_word' id='word_1_133' title='bbox 622 2190 940 2246; x_wconf 86' lang='lat' dir='ltr'><strong>Nieodemus</strong></span> <span class='ocrx_word' id='word_1_134' title='bbox 965 2191 1141 2245; x_wconf 89' lang='lat' dir='ltr'><strong>audita</strong></span> <span class='ocrx_word' id='word_1_135' title='bbox 1171 2189 1548 2260; x_wconf 82' lang='lat' dir='ltr'><strong>generatione,</strong></span> <span class='ocrx_word' id='word_1_136' title='bbox 1582 2204 1686 2243; x_wconf 93' lang='lat' dir='ltr'><strong>non</strong></span> <span class='ocrx_word' id='word_1_137' title='bbox 1716 2189 1801 2254; x_wconf 84' lang='lat' dir='ltr'><strong>illa</strong></span> <span class='ocrx_word' id='word_1_138' title='bbox 1832 2187 2078 2243; x_wconf 82' lang='lat' dir='ltr'><strong>inetl‘abili</strong></span> <span class='ocrx_word' id='word_1_139' title='bbox 2099 2230 2113 2254; x_wconf 91' lang='lat'><strong>,</strong></span> 
     </span>
    </p>
   </div>
   <div class='ocr_carea' id='block_1_21' title="bbox 537 2280 2114 2353">
    <p class='ocr_par' dir='ltr' id='par_1_21' title="bbox 537 2280 2114 2353">
     <span class='ocr_line' id='line_1_21' title="bbox 537 2280 2114 2353; baseline -0.001 -17"><span class='ocrx_word' id='word_1_140' title='bbox 537 2282 630 2338; x_wconf 91' lang='lat' dir='ltr'><strong>sed</strong></span> <span class='ocrx_word' id='word_1_141' title='bbox 674 2282 772 2337; x_wconf 90' lang='lat' dir='ltr'><strong>hac</strong></span> <span class='ocrx_word' id='word_1_142' title='bbox 808 2283 1152 2353; x_wconf 85' lang='lat' dir='ltr'><strong>generatione</strong></span> <span class='ocrx_word' id='word_1_143' title='bbox 1181 2280 1471 2335; x_wconf 89' lang='lat' dir='ltr'><strong>secundum</strong></span> <span class='ocrx_word' id='word_1_144' title='bbox 1509 2281 1769 2351; x_wconf 87' lang='lat' dir='ltr'><strong>gratiam;</strong></span> <span class='ocrx_word' id='word_1_145' title='bbox 1819 2282 1941 2352; x_wconf 85' lang='lat' dir='ltr'><strong>quia</strong></span> <span class='ocrx_word' id='word_1_146' title='bbox 1984 2281 2114 2336; x_wconf 84' lang='lat' dir='ltr'><strong>nihil</strong></span> 
     </span>
    </p>
   </div>
   <div class='ocr_carea' id='block_1_22' title="bbox 535 2371 2117 2444">
    <p class='ocr_par' dir='ltr' id='par_1_22' title="bbox 535 2371 2117 2444">
     <span class='ocr_line' id='line_1_22' title="bbox 535 2371 2117 2444; baseline 0 -16"><span class='ocrx_word' id='word_1_147' title='bbox 535 2389 781 2444; x_wconf 90' lang='lat' dir='ltr'><strong>magnum</strong></span> <span class='ocrx_word' id='word_1_148' title='bbox 825 2373 894 2429; x_wconf 89' lang='lat' dir='ltr'><strong>de</strong></span> <span class='ocrx_word' id='word_1_149' title='bbox 941 2373 1026 2428; x_wconf 86' lang='lat' dir='ltr'><strong>illa</strong></span> <span class='ocrx_word' id='word_1_150' title='bbox 1071 2373 1350 2443; x_wconf 82' lang='lat' dir='ltr'><strong>cogitavit,</strong></span> <span class='ocrx_word' id='word_1_151' title='bbox 1403 2371 1497 2426; x_wconf 88' lang='lat' dir='ltr'><strong>sed</strong></span> <span class='ocrx_word' id='word_1_152' title='bbox 1545 2373 1773 2427; x_wconf 87' lang='lat' dir='ltr'><strong>humana</strong></span> <span class='ocrx_word' id='word_1_153' title='bbox 1817 2382 2017 2427; x_wconf 83' lang='lat' dir='ltr'><strong>tantum</strong></span> <span class='ocrx_word' id='word_1_154' title='bbox 2062 2383 2117 2428; x_wconf 90' lang='lat' dir='ltr'><strong>et</strong></span> 
     </span>
    </p>
   </div>
   <div class='ocr_carea' id='block_1_23' title="bbox 534 2464 2117 2536">
    <p class='ocr_par' dir='ltr' id='par_1_23' title="bbox 534 2464 2117 2536">
     <span class='ocr_line' id='line_1_23' title="bbox 534 2464 2117 2536; baseline 0 -16"><span class='ocrx_word' id='word_1_155' title='bbox 534 2478 742 2523; x_wconf 88' lang='lat' dir='ltr'><strong>terrena</strong></span> <span class='ocrx_word' id='word_1_156' title='bbox 771 2475 1102 2522; x_wconf 91' lang='lat' dir='ltr'><strong>commentus</strong></span> <span class='ocrx_word' id='word_1_157' title='bbox 1133 2476 1244 2530; x_wconf 86' lang='lat' dir='ltr'><strong>est,</strong></span> <span class='ocrx_word' id='word_1_158' title='bbox 1283 2466 1333 2520; x_wconf 94' lang='lat' dir='ltr'><strong>in</strong></span> <span class='ocrx_word' id='word_1_159' title='bbox 1360 2465 1578 2520; x_wconf 92' lang='lat' dir='ltr'><strong>dubium</strong></span> <span class='ocrx_word' id='word_1_160' title='bbox 1605 2474 1659 2519; x_wconf 88' lang='lat' dir='ltr'><strong>et</strong></span> <span class='ocrx_word' id='word_1_161' title='bbox 1685 2464 1962 2536; x_wconf 89' lang='lat' dir='ltr'><strong>caliginem</strong></span> <span class='ocrx_word' id='word_1_162' title='bbox 1988 2481 2117 2521; x_wconf 69' lang='lat' dir='ltr'><strong>enu-</strong></span> 
     </span>
    </p>
   </div>
   <div class='ocr_carea' id='block_1_24' title="bbox 527 2558 2114 2630">
    <p class='ocr_par' dir='ltr' id='par_1_24' title="bbox 527 2558 2114 2630">
     <span class='ocr_line' id='line_1_24' title="bbox 527 2558 2114 2630; baseline -0.001 -15"><span class='ocrx_word' id='word_1_163' title='bbox 527 2561 703 2630; x_wconf 90' lang='lat' dir='ltr'><strong>jectus</strong></span> <span class='ocrx_word' id='word_1_164' title='bbox 731 2570 813 2616; x_wconf 92' lang='lat' dir='ltr'><strong>est</strong></span> <span class='ocrx_word' id='word_1_165' title='bbox 838 2578 851 2612; x_wconf 87' lang='lat'><strong>:</strong></span> <span class='ocrx_word' id='word_1_166' title='bbox 874 2560 960 2630; x_wconf 90' lang='lat' dir='ltr'><strong>qui</strong></span> <span class='ocrx_word' id='word_1_167' title='bbox 993 2559 1318 2614; x_wconf 82' lang='lat' dir='ltr'><strong>tremendam</strong></span> <span class='ocrx_word' id='word_1_168' title='bbox 1351 2558 1494 2612; x_wconf 90' lang='lat' dir='ltr'><strong>illam</strong></span> <span class='ocrx_word' id='word_1_169' title='bbox 1525 2558 1962 2627; x_wconf 89' lang='lat' dir='ltr'><strong>generationem,</strong></span> <span class='ocrx_word' id='word_1_170' title='bbox 1995 2574 2114 2628; x_wconf 73' lang='lat' dir='ltr'><strong>qua:</strong></span> 
     </span>
    </p>
   </div>
   <div class='ocr_carea' id='block_1_25' title="bbox 528 2653 2114 2721">
    <p class='ocr_par' dir='ltr' id='par_1_25' title="bbox 528 2653 2114 2721">
     <span class='ocr_line' id='line_1_25' title="bbox 528 2653 2114 2721; baseline -0.003 -12"><span class='ocrx_word' id='word_1_171' title='bbox 528 2662 581 2709; x_wconf 88' lang='lat' dir='ltr'><strong>ct</strong></span> <span class='ocrx_word' id='word_1_172' title='bbox 624 2653 880 2708; x_wconf 88' lang='lat' dir='ltr'><strong>rationem</strong></span> <span class='ocrx_word' id='word_1_173' title='bbox 923 2654 975 2708; x_wconf 86' lang='lat' dir='ltr'><strong>et</strong></span> <span class='ocrx_word' id='word_1_174' title='bbox 1020 2661 1251 2707; x_wconf 89' lang='lat' dir='ltr'><strong>mentem</strong></span> <span class='ocrx_word' id='word_1_175' title='bbox 1283 2666 1496 2706; x_wconf 86' lang='lat' dir='ltr'><strong>omnem</strong></span> <span class='ocrx_word' id='word_1_176' title='bbox 1542 2660 1858 2721; x_wconf 76' lang='lat' dir='ltr'><strong>exsuperat,</strong></span> <span class='ocrx_word' id='word_1_177' title='bbox 1902 2653 2114 2710; x_wconf 86' lang='lat' dir='ltr'><strong>curiose</strong></span> 
     </span>
    </p>
   </div>
   <div class='ocr_carea' id='block_1_26' title="bbox 528 2739 2114 2811">
    <p class='ocr_par' dir='ltr' id='par_1_26' title="bbox 528 2739 2114 2811">
     <span class='ocr_line' id='line_1_26' title="bbox 528 2739 2114 2811; baseline 0 -13"><span class='ocrx_word' id='word_1_178' title='bbox 528 2752 831 2798; x_wconf 85' lang='lat' dir='ltr'><strong>scrutantur</strong></span> <span class='ocrx_word' id='word_1_179' title='bbox 860 2750 914 2798; x_wconf 90' lang='lat' dir='ltr'><strong>et</strong></span> <span class='ocrx_word' id='word_1_180' title='bbox 941 2742 1255 2811; x_wconf 88' lang='lat' dir='ltr'><strong>explorant,</strong></span> <span class='ocrx_word' id='word_1_181' title='bbox 1289 2749 1488 2809; x_wconf 89' lang='lat' dir='ltr'><strong>quanto</strong></span> <span class='ocrx_word' id='word_1_182' title='bbox 1514 2740 1775 2808; x_wconf 90' lang='lat' dir='ltr'><strong>supplicio</strong></span> <span class='ocrx_word' id='word_1_183' title='bbox 1806 2739 1949 2810; x_wconf 77' lang='lat' dir='ltr'><strong>digni</strong></span> <span class='ocrx_word' id='word_1_184' title='bbox 1994 2741 2114 2798; x_wconf 79' lang='lat' dir='ltr'><strong>fue-</strong></span> 
     </span>
    </p>
   </div>
   <div class='ocr_carea' id='block_1_27' title="bbox 527 2831 2107 2902">
    <p class='ocr_par' dir='ltr' id='par_1_27' title="bbox 527 2831 2107 2902">
     <span class='ocr_line' id='line_1_27' title="bbox 527 2831 2107 2902; baseline 0 -14"><span class='ocrx_word' id='word_1_185' title='bbox 527 2836 665 2890; x_wconf 81' lang='lat' dir='ltr'><strong>rint?</strong></span> <span class='ocrx_word' id='word_1_186' title='bbox 703 2833 844 2888; x_wconf 84' lang='lat' dir='ltr'><strong>Nihil</strong></span> <span class='ocrx_word' id='word_1_187' title='bbox 874 2834 1013 2888; x_wconf 88' lang='lat' dir='ltr'><strong>enim</strong></span> <span class='ocrx_word' id='word_1_188' title='bbox 1045 2843 1216 2886; x_wconf 88' lang='lat' dir='ltr'><strong>tantas</strong></span> <span class='ocrx_word' id='word_1_189' title='bbox 1247 2833 1386 2902; x_wconf 86' lang='lat' dir='ltr'><strong>parit</strong></span> <span class='ocrx_word' id='word_1_190' title='bbox 1414 2831 1659 2886; x_wconf 86' lang='lat' dir='ltr'><strong>tenebras</strong></span> <span class='ocrx_word' id='word_1_191' title='bbox 1683 2873 1698 2898; x_wconf 96' lang='lat'><strong>,</strong></span> <span class='ocrx_word' id='word_1_192' title='bbox 1745 2842 1969 2902; x_wconf 87' lang='lat' dir='ltr'><strong>quantas</strong></span> <span class='ocrx_word' id='word_1_193' title='bbox 2007 2833 2107 2888; x_wconf 84' lang='lat' dir='ltr'><strong>bu-</strong></span> 
     </span>
    </p>
   </div>
   <div class='ocr_carea' id='block_1_28' title="bbox 526 2924 2109 2994">
    <p class='ocr_par' dir='ltr' id='par_1_28' title="bbox 526 2924 2109 2994">
     <span class='ocr_line' id='line_1_28' title="bbox 526 2924 2109 2994; baseline -0.001 -13"><span class='ocrx_word' id='word_1_194' title='bbox 526 2941 678 2981; x_wconf 86' lang='lat' dir='ltr'><strong>mana</strong></span> <span class='ocrx_word' id='word_1_195' title='bbox 707 2927 862 2988; x_wconf 81' lang='lat' dir='ltr'><strong>ratio,</strong></span> <span class='ocrx_word' id='word_1_196' title='bbox 892 2941 1009 2994; x_wconf 70' lang='lat' dir='ltr'><strong>qure</strong></span> <span class='ocrx_word' id='word_1_197' title='bbox 1040 2934 1250 2979; x_wconf 89' lang='lat' dir='ltr'><strong>terrena</strong></span> <span class='ocrx_word' id='word_1_198' title='bbox 1278 2939 1492 2993; x_wconf 80' lang='lat' dir='ltr'><strong>semper</strong></span> <span class='ocrx_word' id='word_1_199' title='bbox 1521 2924 1786 2990; x_wconf 86' lang='lat' dir='ltr'><strong>loquitur,</strong></span> <span class='ocrx_word' id='word_1_200' title='bbox 1820 2939 1993 2994; x_wconf 87' lang='lat' dir='ltr'><strong>neque</strong></span> <span class='ocrx_word' id='word_1_201' title='bbox 2019 2940 2109 2979; x_wconf 89' lang='lat' dir='ltr'><strong>su-</strong></span> 
     </span>
    </p>
   </div>
   <div class='ocr_carea' id='block_1_29' title="bbox 527 3013 2108 3087">
    <p class='ocr_par' dir='ltr' id='par_1_29' title="bbox 527 3013 2108 3087">
     <span class='ocr_line' id='line_1_29' title="bbox 527 3013 2108 3087; baseline 0 -15"><span class='ocrx_word' id='word_1_202' title='bbox 527 3032 740 3087; x_wconf 89' lang='lat' dir='ltr'><strong>pernam</strong></span> <span class='ocrx_word' id='word_1_203' title='bbox 765 3015 1201 3070; x_wconf 90' lang='lat' dir='ltr'><strong>illuminationcm</strong></span> <span class='ocrx_word' id='word_1_204' title='bbox 1225 3013 1476 3068; x_wconf 89' lang='lat' dir='ltr'><strong>admittit.</strong></span> <span class='ocrx_word' id='word_1_205' title='bbox 1498 3013 1693 3069; x_wconf 90' lang='lat' dir='ltr'><strong>Luteas</strong></span> <span class='ocrx_word' id='word_1_206' title='bbox 1713 3015 1800 3084; x_wconf 88' lang='lat' dir='ltr'><strong>qui</strong></span> <span class='ocrx_word' id='word_1_207' title='bbox 1809 3030 1910 3084; x_wconf 88' lang='lat' dir='ltr'><strong>ppc</strong></span> <span class='ocrx_word' id='word_1_208' title='bbox 1932 3026 2108 3072; x_wconf 78' lang='lat' dir='ltr'><strong>versnt</strong></span> 
     </span>
    </p>
   </div>
   <div class='ocr_carea' id='block_1_30' title="bbox 521 3105 2106 3180">
    <p class='ocr_par' dir='ltr' id='par_1_30' title="bbox 521 3105 2106 3180">
     <span class='ocr_line' id='line_1_30' title="bbox 521 3105 2106 3180; baseline -0.001 -16"><span class='ocrx_word' id='word_1_209' title='bbox 521 3118 579 3164; x_wconf 90' lang='lat' dir='ltr'><strong>et</strong></span> <span class='ocrx_word' id='word_1_210' title='bbox 605 3119 843 3162; x_wconf 85' lang='lat' dir='ltr'><strong>terrenas</strong></span> <span class='ocrx_word' id='word_1_211' title='bbox 875 3106 1239 3176; x_wconf 88' lang='lat' dir='ltr'><strong>cogitationes.</strong></span> <span class='ocrx_word' id='word_1_212' title='bbox 1288 3105 1412 3159; x_wconf 88' lang='lat' dir='ltr'><strong>ideo</strong></span> <span class='ocrx_word' id='word_1_213' title='bbox 1441 3105 1685 3174; x_wconf 89' lang='lat' dir='ltr'><strong>supernis</strong></span> <span class='ocrx_word' id='word_1_214' title='bbox 1712 3106 2106 3180; x_wconf 14' lang='lat' dir='ltr'><strong>nobistlluentis</strong></span> 
     </span>
    </p>
   </div>
   <div class='ocr_carea' id='block_1_31' title="bbox 520 3195 2104 3270">
    <p class='ocr_par' dir='ltr' id='par_1_31' title="bbox 520 3195 2104 3270">
     <span class='ocr_line' id='line_1_31' title="bbox 520 3195 2104 3270; baseline -0.001 -16"><span class='ocrx_word' id='word_1_215' title='bbox 520 3209 604 3254; x_wconf 84' lang='lat' dir='ltr'><strong>est</strong></span> <span class='ocrx_word' id='word_1_216' title='bbox 629 3214 782 3270; x_wconf 90' lang='lat' dir='ltr'><strong>opus,</strong></span> <span class='ocrx_word' id='word_1_217' title='bbox 815 3206 872 3251; x_wconf 90' lang='lat' dir='ltr'><strong>ut</strong></span> <span class='ocrx_word' id='word_1_218' title='bbox 903 3198 1014 3251; x_wconf 90' lang='lat' dir='ltr'><strong>luto</strong></span> <span class='ocrx_word' id='word_1_219' title='bbox 1045 3197 1308 3266; x_wconf 90' lang='lat' dir='ltr'><strong>deposito,</strong></span> <span class='ocrx_word' id='word_1_220' title='bbox 1342 3195 1596 3266; x_wconf 88' lang='lat' dir='ltr'><strong>quidquid</strong></span> <span class='ocrx_word' id='word_1_221' title='bbox 1624 3196 1675 3248; x_wconf 93' lang='lat' dir='ltr'><strong>in</strong></span> <span class='ocrx_word' id='word_1_222' title='bbox 1709 3205 1888 3251; x_wconf 89' lang='lat' dir='ltr'><strong>mente</strong></span> <span class='ocrx_word' id='word_1_223' title='bbox 1916 3214 2104 3267; x_wconf 91' lang='lat' dir='ltr'><strong>purum</strong></span> 
     </span>
    </p>
   </div>
   <div class='ocr_carea' id='block_1_32' title="bbox 519 3286 2102 3355">
    <p class='ocr_par' dir='ltr' id='par_1_32' title="bbox 519 3286 2102 3355">
     <span class='ocr_line' id='line_1_32' title="bbox 519 3286 2102 3355; baseline -0.003 -9"><span class='ocrx_word' id='word_1_224' title='bbox 519 3301 603 3346; x_wconf 87' lang='lat' dir='ltr'><strong>est</strong></span> <span class='ocrx_word' id='word_1_225' title='bbox 631 3305 842 3344; x_wconf 90' lang='lat' dir='ltr'><strong>sursum</strong></span> <span class='ocrx_word' id='word_1_226' title='bbox 876 3288 1105 3354; x_wconf 81' lang='lat' dir='ltr'><strong>feratur,</strong></span> <span class='ocrx_word' id='word_1_227' title='bbox 1137 3297 1190 3342; x_wconf 90' lang='lat' dir='ltr'><strong>et</strong></span> <span class='ocrx_word' id='word_1_228' title='bbox 1219 3302 1336 3341; x_wconf 91' lang='lat' dir='ltr'><strong>cum</strong></span> <span class='ocrx_word' id='word_1_229' title='bbox 1366 3286 1560 3340; x_wconf 77' lang='lat' dir='ltr'><strong>divinis</strong></span> <span class='ocrx_word' id='word_1_230' title='bbox 1588 3286 1925 3355; x_wconf 78' lang='lat' dir='ltr'><strong>dogmatibus</strong></span> <span class='ocrx_word' id='word_1_231' title='bbox 1950 3303 2102 3342; x_wconf 89' lang='lat' dir='ltr'><strong>com-</strong></span> 
     </span>
    </p>
   </div>
   <div class='ocr_carea' id='block_1_33' title="bbox 523 3377 2100 3447">
    <p class='ocr_par' dir='ltr' id='par_1_33' title="bbox 523 3377 2100 3447">
     <span class='ocr_line' id='line_1_33' title="bbox 523 3377 2100 3447; baseline -0.001 -11"><span class='ocrx_word' id='word_1_232' title='bbox 523 3383 828 3436; x_wconf 90' lang='lat' dir='ltr'><strong>misccatur.</strong></span> <span class='ocrx_word' id='word_1_233' title='bbox 863 3378 992 3432; x_wconf 90' lang='lat' dir='ltr'><strong>lllud</strong></span> <span class='ocrx_word' id='word_1_234' title='bbox 1027 3393 1150 3432; x_wconf 84' lang='lat' dir='ltr'><strong>vero</strong></span> <span class='ocrx_word' id='word_1_235' title='bbox 1182 3387 1305 3432; x_wconf 90' lang='lat' dir='ltr'><strong>tunc</strong></span> <span class='ocrx_word' id='word_1_236' title='bbox 1330 3377 1610 3447; x_wconf 84' lang='lat' dir='ltr'><strong>contingit,</strong></span> <span class='ocrx_word' id='word_1_237' title='bbox 1640 3392 1759 3431; x_wconf 91' lang='lat' dir='ltr'><strong>cum</strong></span> <span class='ocrx_word' id='word_1_238' title='bbox 1788 3387 1838 3431; x_wconf 91' lang='lat' dir='ltr'><strong>ct</strong></span> <span class='ocrx_word' id='word_1_239' title='bbox 1868 3379 2100 3435; x_wconf 89' lang='lat' dir='ltr'><strong>animam</strong></span> 
     </span>
    </p>
   </div>
   <div class='ocr_carea' id='block_1_34' title="bbox 521 3467 2096 3542">
    <p class='ocr_par' dir='ltr' id='par_1_34' title="bbox 521 3467 2096 3542">
     <span class='ocr_line' id='line_1_34' title="bbox 521 3467 2096 3542; baseline 0.002 -20"><span class='ocrx_word' id='word_1_240' title='bbox 521 3473 739 3542; x_wconf 81' lang='lat' dir='ltr'><strong>probant</strong></span> <span class='ocrx_word' id='word_1_241' title='bbox 786 3479 840 3526; x_wconf 88' lang='lat' dir='ltr'><strong>et</strong></span> <span class='ocrx_word' id='word_1_242' title='bbox 885 3479 1082 3525; x_wconf 87' lang='lat' dir='ltr'><strong>rectam</strong></span> <span class='ocrx_word' id='word_1_243' title='bbox 1115 3471 1272 3522; x_wconf 82' lang='lat' dir='ltr'><strong>vitam</strong></span> <span class='ocrx_word' id='word_1_244' title='bbox 1306 3467 1642 3522; x_wconf 79' lang='lat' dir='ltr'><strong>exhibemus.</strong></span> <span class='ocrx_word' id='word_1_245' title='bbox 1696 3467 1879 3524; x_wconf 82' lang='lat' dir='ltr'><strong>Potest</strong></span> <span class='ocrx_word' id='word_1_246' title='bbox 1919 3471 2096 3537; x_wconf 90' lang='lat' dir='ltr'><strong>enim,</strong></span> 
     </span>
    </p>
   </div>
   <div class='ocr_carea' id='block_1_35' title="bbox 517 3559 2095 3634">
    <p class='ocr_par' dir='ltr' id='par_1_35' title="bbox 517 3559 2095 3634">
     <span class='ocr_line' id='line_1_35' title="bbox 517 3559 2095 3634; baseline 0.001 -17"><span class='ocrx_word' id='word_1_247' title='bbox 517 3573 691 3634; x_wconf 88' lang='lat' dir='ltr'><strong>potest</strong></span> <span class='ocrx_word' id='word_1_248' title='bbox 723 3563 904 3632; x_wconf 90' lang='lat' dir='ltr'><strong>utique</strong></span> <span class='ocrx_word' id='word_1_249' title='bbox 933 3576 1035 3616; x_wconf 91' lang='lat' dir='ltr'><strong>non</strong></span> <span class='ocrx_word' id='word_1_250' title='bbox 1065 3577 1128 3616; x_wconf 87' lang='lat' dir='ltr'><strong>ex</strong></span> <span class='ocrx_word' id='word_1_251' title='bbox 1158 3561 1528 3629; x_wconf 86' lang='lat' dir='ltr'><strong>intempeStiva</strong></span> <span class='ocrx_word' id='word_1_252' title='bbox 1566 3559 1724 3613; x_wconf 90' lang='lat' dir='ltr'><strong>modo</strong></span> <span class='ocrx_word' id='word_1_253' title='bbox 1754 3560 2060 3618; x_wconf 87' lang='lat' dir='ltr'><strong>curiositate</strong></span> <span class='ocrx_word' id='word_1_254' title='bbox 2081 3605 2095 3629; x_wconf 90' lang='lat'><strong>,</strong></span> 
     </span>
    </p>
   </div>
   <div class='ocr_carea' id='block_1_36' title="bbox 513 3654 2092 3722">
    <p class='ocr_par' dir='ltr' id='par_1_36' title="bbox 513 3654 2092 3722">
     <span class='ocr_line' id='line_1_36' title="bbox 513 3654 2092 3722; baseline 0 -12"><span class='ocrx_word' id='word_1_255' title='bbox 513 3656 607 3711; x_wconf 88' lang='lat' dir='ltr'><strong>sed</strong></span> <span class='ocrx_word' id='word_1_256' title='bbox 634 3656 790 3711; x_wconf 81' lang='lat' dir='ltr'><strong>etiam</strong></span> <span class='ocrx_word' id='word_1_257' title='bbox 810 3671 875 3709; x_wconf 86' lang='lat' dir='ltr'><strong>ex</strong></span> <span class='ocrx_word' id='word_1_258' title='bbox 905 3669 1110 3709; x_wconf 91' lang='lat' dir='ltr'><strong>morum</strong></span> <span class='ocrx_word' id='word_1_259' title='bbox 1141 3654 1396 3722; x_wconf 83' lang='lat' dir='ltr'><strong>pravitate</strong></span> <span class='ocrx_word' id='word_1_260' title='bbox 1422 3666 1572 3707; x_wconf 90' lang='lat' dir='ltr'><strong>mens</strong></span> <span class='ocrx_word' id='word_1_261' title='bbox 1594 3660 1772 3707; x_wconf 73' lang='lat' dir='ltr'><strong>nostra</strong></span> <span class='ocrx_word' id='word_1_262' title='bbox 1796 3655 2092 3710; x_wconf 90' lang='lat' dir='ltr'><strong>obscurari.</strong></span> 
     </span>
    </p>
   </div>
   <div class='ocr_carea' id='block_1_37' title="bbox 517 3741 2095 3814">
    <p class='ocr_par' dir='ltr' id='par_1_37' title="bbox 517 3741 2095 3814">
     <span class='ocr_line' id='line_1_37' title="bbox 517 3741 2095 3814; baseline -0.002 -12"><span class='ocrx_word' id='word_1_263' title='bbox 517 3748 716 3802; x_wconf 76' lang='lat' dir='ltr'><strong>idcirco</strong></span> <span class='ocrx_word' id='word_1_264' title='bbox 757 3746 949 3801; x_wconf 81' lang='lat' dir='ltr'><strong>Paulus</strong></span> <span class='ocrx_word' id='word_1_265' title='bbox 991 3744 1281 3800; x_wconf 78' lang='lat' dir='ltr'><strong>Corinthiis</strong></span> <span class='ocrx_word' id='word_1_266' title='bbox 1323 3742 1576 3798; x_wconf 86' lang='lat' dir='ltr'><strong>dicebat:</strong></span> <span class='ocrx_word' id='word_1_267' title='bbox 1613 3741 1713 3795; x_wconf 88' lang='lat' dir='ltr'><strong>Lac</strong></span> <span class='ocrx_word' id='word_1_268' title='bbox 1744 3745 1880 3797; x_wconf 80' lang='lat' dir='ltr'><strong>vobis</strong></span> <span class='ocrx_word' id='word_1_269' title='bbox 1923 3756 2095 3814; x_wconf 78' lang='lat' dir='ltr'><strong>potum</strong></span> 
     </span>
    </p>
   </div>
   <div class='ocr_carea' id='block_1_38' title="bbox 1302 423 3116 484">
    <p class='ocr_par' dir='ltr' id='par_1_38' title="bbox 1302 423 3116 484">
     <span class='ocr_line' id='line_1_38' title="bbox 1302 423 3116 484; baseline -0.003 0"><span class='ocrx_word' id='word_1_270' title='bbox 1302 429 1358 484; x_wconf 87' lang='lat' dir='ltr'><strong>S.</strong></span> <span class='ocrx_word' id='word_1_271' title='bbox 1399 424 1674 481; x_wconf 74' lang='lat' dir='ltr'><strong>JUANNIS</strong></span> <span class='ocrx_word' id='word_1_272' title='bbox 1712 423 2185 480; x_wconf 74' lang='lat' dir='ltr'><strong>CllllYSOS&#39;l&#39;OMl</strong></span> <span class='ocrx_word' id='word_1_273' title='bbox 2227 423 2540 478; x_wconf 70' lang='lat' dir='ltr'><strong>AliCllllil’.</strong></span> <span class='ocrx_word' id='word_1_274' title='bbox 2581 423 3116 482; x_wconf 68' lang='lat' dir='ltr'><strong>CON:S&#39;l&#39;.‘u\&quot;l‘iNOl’.</strong></span> 
     </span>
    </p>
   </div>
   <div class='ocr_carea' id='block_1_39' title="bbox 3736 433 3837 486">
    <p class='ocr_par' dir='ltr' id='par_1_39' title="bbox 3736 433 3837 486">
     <span class='ocr_line' id='line_1_39' title="bbox 3736 433 3837 486; baseline 0 -1"><span class='ocrx_word' id='word_1_275' title='bbox 3736 433 3837 486; x_wconf 73' lang='lat'><strong>128</strong></span> 
     </span>
    </p>
   </div>
   <div class='ocr_carea' id='block_1_40' title="bbox 2249 536 3835 610">
    <p class='ocr_par' dir='ltr' id='par_1_40' title="bbox 2249 536 3835 610">
     <span class='ocr_line' id='line_1_40' title="bbox 2249 536 3835 610; baseline 0.005 -22"><span class='ocrx_word' id='word_1_276' title='bbox 2249 537 2398 603; x_wconf 82' lang='lat' dir='ltr'><strong>dedi,</strong></span> <span class='ocrx_word' id='word_1_277' title='bbox 2439 554 2536 591; x_wconf 85' lang='lat' dir='ltr'><strong>non</strong></span> <span class='ocrx_word' id='word_1_278' title='bbox 2564 554 2748 592; x_wconf 85' lang='lat' dir='ltr'><strong>escam.</strong></span> <span class='ocrx_word' id='word_1_279' title='bbox 2785 536 3024 592; x_wconf 81' lang='lat' dir='ltr'><strong>Nondum</strong></span> <span class='ocrx_word' id='word_1_280' title='bbox 3053 540 3186 592; x_wconf 77' lang='lat' dir='ltr'><strong>enim</strong></span> <span class='ocrx_word' id='word_1_281' title='bbox 3211 540 3480 610; x_wconf 80' lang='lat' dir='ltr'><strong>poteratis;</strong></span> <span class='ocrx_word' id='word_1_282' title='bbox 3512 541 3599 595; x_wconf 79' lang='lat' dir='ltr'><strong>sed</strong></span> <span class='ocrx_word' id='word_1_283' title='bbox 3621 558 3681 594; x_wconf 88' lang='lat' dir='ltr'><strong>ne</strong></span> <span class='ocrx_word' id='word_1_284' title='bbox 3705 561 3835 596; x_wconf 82' lang='lat' dir='ltr'><strong>nunc</strong></span> 
     </span>
    </p>
   </div>
   <div class='ocr_carea' id='block_1_41' title="bbox 2245 629 3832 698">
    <p class='ocr_par' dir='ltr' id='par_1_41' title="bbox 2245 629 3832 698">
     <span class='ocr_line' id='line_1_41' title="bbox 2245 629 3832 698; baseline 0.004 -20"><span class='ocrx_word' id='word_1_285' title='bbox 2245 629 2445 695; x_wconf 79' lang='lat' dir='ltr'><strong>quidem</strong></span> <span class='ocrx_word' id='word_1_286' title='bbox 2495 629 2928 698; x_wconf 68' lang='lat' dir='ltr'><strong>potestismdltuc</strong></span> <span class='ocrx_word' id='word_1_287' title='bbox 2973 631 3105 682; x_wconf 86' lang='lat' dir='ltr'><strong>enim</strong></span> <span class='ocrx_word' id='word_1_288' title='bbox 3153 630 3382 684; x_wconf 82' lang='lat' dir='ltr'><strong>carnales</strong></span> <span class='ocrx_word' id='word_1_289' title='bbox 3428 632 3562 685; x_wconf 82' lang='lat' dir='ltr'><strong>estis.</strong></span> <span class='ocrx_word' id='word_1_290' title='bbox 3607 633 3732 686; x_wconf 83' lang='lat' dir='ltr'><strong>Cum</strong></span> <span class='ocrx_word' id='word_1_291' title='bbox 3771 635 3832 686; x_wconf 76' lang='lat' dir='ltr'><strong>sit</strong></span> 
     </span>
    </p>
   </div>
   <div class='ocr_carea' id='block_1_42' title="bbox 2244 719 3829 792">
    <p class='ocr_par' dir='ltr' id='par_1_42' title="bbox 2244 719 3829 792">
     <span class='ocr_line' id='line_1_42' title="bbox 2244 719 3829 792; baseline 0.003 -20"><span class='ocrx_word' id='word_1_292' title='bbox 2244 719 2376 774; x_wconf 82' lang='lat' dir='ltr'><strong>inter</strong></span> <span class='ocrx_word' id='word_1_293' title='bbox 2400 737 2485 774; x_wconf 84' lang='lat' dir='ltr'><strong>vos</strong></span> <span class='ocrx_word' id='word_1_294' title='bbox 2507 723 2643 775; x_wconf 72' lang='lat' dir='ltr'><strong>zelus</strong></span> <span class='ocrx_word' id='word_1_295' title='bbox 2673 733 2717 774; x_wconf 88' lang='lat' dir='ltr'><strong>ct</strong></span> <span class='ocrx_word' id='word_1_296' title='bbox 2740 724 3011 786; x_wconf 79' lang='lat' dir='ltr'><strong>contentio,</strong></span> <span class='ocrx_word' id='word_1_297' title='bbox 3037 738 3205 775; x_wconf 87' lang='lat' dir='ltr'><strong>nonne</strong></span> <span class='ocrx_word' id='word_1_298' title='bbox 3229 724 3458 777; x_wconf 83' lang='lat' dir='ltr'><strong>carnales</strong></span> <span class='ocrx_word' id='word_1_299' title='bbox 3475 723 3591 777; x_wconf 85' lang='lat' dir='ltr'><strong>estis</strong></span> <span class='ocrx_word' id='word_1_300' title='bbox 3614 725 3689 792; x_wconf 88' lang='grc' dir='ltr'><strong>(Ι.</strong></span> <span class='ocrx_word' id='word_1_301' title='bbox 3711 724 3829 778; x_wconf 70' lang='grc' dir='ltr'><strong>(ζον.</strong></span> 
     </span>
    </p>
   </div>
   <div class='ocr_carea' id='block_1_43' title="bbox 2245 813 3829 883">
    <p class='ocr_par' dir='ltr' id='par_1_43' title="bbox 2245 813 3829 883">
     <span class='ocr_line' id='line_1_43' title="bbox 2245 813 3829 883; baseline 0 -15"><span class='ocrx_word' id='word_1_302' title='bbox 2245 813 2296 868; x_wconf 81' lang='lat'><strong>3.</strong></span> <span class='ocrx_word' id='word_1_303' title='bbox 2345 813 2394 866; x_wconf 77' lang='lat'><strong>2.</strong></span> <span class='ocrx_word' id='word_1_304' title='bbox 2432 813 2530 882; x_wconf 59' lang='grc' dir='ltr'><strong>εν</strong></span> <span class='ocrx_word' id='word_1_305' title='bbox 2575 813 2630 868; x_wconf 91' lang='lat' dir='ltr'><strong>lu</strong></span> <span class='ocrx_word' id='word_1_306' title='bbox 2674 813 2909 882; x_wconf 79' lang='lat' dir='ltr'><strong>Epistola</strong></span> <span class='ocrx_word' id='word_1_307' title='bbox 2955 828 3166 883; x_wconf 90' lang='lat' dir='ltr'><strong>quoque</strong></span> <span class='ocrx_word' id='word_1_308' title='bbox 3208 813 3275 868; x_wconf 87' lang='lat' dir='ltr'><strong>ad</strong></span> <span class='ocrx_word' id='word_1_309' title='bbox 3320 814 3575 869; x_wconf 73' lang='lat' dir='ltr'><strong>llcbrzeos</strong></span> <span class='ocrx_word' id='word_1_310' title='bbox 3610 823 3663 869; x_wconf 90' lang='lat' dir='ltr'><strong>et</strong></span> <span class='ocrx_word' id='word_1_311' title='bbox 3707 815 3829 868; x_wconf 87' lang='lat' dir='ltr'><strong>alibi</strong></span> 
     </span>
    </p>
   </div>
   <div class='ocr_carea' id='block_1_44' title="bbox 2242 905 3828 975">
    <p class='ocr_par' dir='ltr' id='par_1_44' title="bbox 2242 905 3828 975">
     <span class='ocr_line' id='line_1_44' title="bbox 2242 905 3828 975; baseline 0.002 -17"><span class='ocrx_word' id='word_1_312' title='bbox 2242 918 2384 975; x_wconf 71' lang='lat' dir='ltr'><strong>sarpe</strong></span> <span class='ocrx_word' id='word_1_313' title='bbox 2413 906 2550 974; x_wconf 88' lang='lat' dir='ltr'><strong>apud</strong></span> <span class='ocrx_word' id='word_1_314' title='bbox 2601 906 2821 961; x_wconf 86' lang='lat' dir='ltr'><strong>Paulum</strong></span> <span class='ocrx_word' id='word_1_315' title='bbox 2867 905 2982 960; x_wconf 69' lang='lat' dir='ltr'><strong>lucc</strong></span> <span class='ocrx_word' id='word_1_316' title='bbox 3009 905 3206 960; x_wconf 88' lang='lat' dir='ltr'><strong>dicitur</strong></span> <span class='ocrx_word' id='word_1_317' title='bbox 3249 921 3368 962; x_wconf 87' lang='lat' dir='ltr'><strong>esse</strong></span> <span class='ocrx_word' id='word_1_318' title='bbox 3416 923 3698 975; x_wconf 79' lang='lat' dir='ltr'><strong>pravorum</strong></span> <span class='ocrx_word' id='word_1_319' title='bbox 3729 907 3828 961; x_wconf 83' lang='lat' dir='ltr'><strong>do-</strong></span> 
     </span>
    </p>
   </div>
   <div class='ocr_carea' id='block_1_45' title="bbox 2240 985 3826 1066">
    <p class='ocr_par' dir='ltr' id='par_1_45' title="bbox 2240 985 3826 1066">
     <span class='ocr_line' id='line_1_45' title="bbox 2240 985 3826 1066; baseline 0.004 -22"><span class='ocrx_word' id='word_1_320' title='bbox 2240 1003 2471 1064; x_wconf 86' lang='lat' dir='ltr'><strong>gmatum</strong></span> <span class='ocrx_word' id='word_1_321' title='bbox 2490 1009 2668 1050; x_wconf 90' lang='lat' dir='ltr'><strong>causa.</strong></span> <span class='ocrx_word' id='word_1_322' title='bbox 2686 996 2874 1050; x_wconf 81' lang='lat' dir='ltr'><strong>Anima</strong></span> <span class='ocrx_word' id='word_1_323' title='bbox 2892 996 3031 1050; x_wconf 90' lang='lat' dir='ltr'><strong>enim</strong></span> <span class='ocrx_word' id='word_1_324' title='bbox 3046 995 3318 1051; x_wconf 86' lang='lat' dir='ltr'><strong>al‘lectibns</strong></span> <span class='ocrx_word' id='word_1_325' title='bbox 3340 997 3518 1050; x_wconf 87' lang='lat' dir='ltr'><strong>dedita</strong></span> <span class='ocrx_word' id='word_1_326' title='bbox 3534 1014 3637 1050; x_wconf 86' lang='lat' dir='ltr'><strong>tlott</strong></span> <span class='ocrx_word' id='word_1_327' title='bbox 3655 985 3826 1066; x_wconf 84' lang='lat' dir='ltr'><strong>potest</strong></span> 
     </span>
    </p>
   </div>
   <div class='ocr_carea' id='block_1_46' title="bbox 2239 1085 3827 1158">
    <p class='ocr_par' dir='ltr' id='par_1_46' title="bbox 2239 1085 3827 1158">
     <span class='ocr_line' id='line_1_46' title="bbox 2239 1085 3827 1158; baseline 0.004 -20"><span class='ocrx_word' id='word_1_328' title='bbox 2239 1085 2363 1154; x_wconf 93' lang='lat' dir='ltr'><strong>quid</strong></span> <span class='ocrx_word' id='word_1_329' title='bbox 2393 1102 2638 1156; x_wconf 89' lang='lat' dir='ltr'><strong>magnum</strong></span> <span class='ocrx_word' id='word_1_330' title='bbox 2662 1096 2751 1141; x_wconf 92' lang='lat' dir='ltr'><strong>aut</strong></span> <span class='ocrx_word' id='word_1_331' title='bbox 2772 1102 3091 1156; x_wconf 84' lang='lat' dir='ltr'><strong>generosum</strong></span> <span class='ocrx_word' id='word_1_332' title='bbox 3114 1088 3303 1142; x_wconf 86' lang='lat' dir='ltr'><strong>intueri</strong></span> <span class='ocrx_word' id='word_1_333' title='bbox 3327 1105 3340 1153; x_wconf 92' lang='lat'><strong>;</strong></span> <span class='ocrx_word' id='word_1_334' title='bbox 3369 1089 3462 1142; x_wconf 88' lang='lat' dir='ltr'><strong>sed</strong></span> <span class='ocrx_word' id='word_1_335' title='bbox 3482 1104 3577 1144; x_wconf 89' lang='lat' dir='ltr'><strong>ceu</strong></span> <span class='ocrx_word' id='word_1_336' title='bbox 3597 1089 3827 1158; x_wconf 82' lang='lat' dir='ltr'><strong>quadam</strong></span> 
     </span>
    </p>
   </div>
   <div class='ocr_carea' id='block_1_47' title="bbox 2240 1178 3825 1252">
    <p class='ocr_par' dir='ltr' id='par_1_47' title="bbox 2240 1178 3825 1252">
     <span class='ocr_line' id='line_1_47' title="bbox 2240 1178 3825 1252; baseline 0.004 -22"><span class='ocrx_word' id='word_1_337' title='bbox 2240 1178 2554 1248; x_wconf 89' lang='lat' dir='ltr'><strong>lippitudine</strong></span> <span class='ocrx_word' id='word_1_338' title='bbox 2584 1181 2888 1249; x_wconf 83' lang='lat' dir='ltr'><strong>perturbata</strong></span> <span class='ocrx_word' id='word_1_339' title='bbox 2911 1223 2926 1243; x_wconf 89' lang='lat'><strong>,</strong></span> <span class='ocrx_word' id='word_1_340' title='bbox 2959 1180 3296 1236; x_wconf 81' lang='lat' dir='ltr'><strong>densissimis</strong></span> <span class='ocrx_word' id='word_1_341' title='bbox 3324 1182 3556 1237; x_wconf 80' lang='lat' dir='ltr'><strong>tenebris</strong></span> <span class='ocrx_word' id='word_1_342' title='bbox 3584 1183 3825 1252; x_wconf 81' lang='lat' dir='ltr'><strong>subjecta</strong></span> 
     </span>
    </p>
   </div>
   <div class='ocr_carea' id='block_1_48' title="bbox 2236 1269 3824 1342">
    <p class='ocr_par' dir='ltr' id='par_1_48' title="bbox 2236 1269 3824 1342">
     <span class='ocr_line' id='line_1_48' title="bbox 2236 1269 3824 1342; baseline 0.004 -20"><span class='ocrx_word' id='word_1_343' title='bbox 2236 1276 2340 1322; x_wconf 86' lang='lat' dir='ltr'><strong>est.</strong></span> <span class='ocrx_word' id='word_1_344' title='bbox 2390 1269 2761 1341; x_wconf 78' lang='lat' dir='ltr'><strong>Expurgemus</strong></span> <span class='ocrx_word' id='word_1_345' title='bbox 2803 1273 2979 1342; x_wconf 88' lang='lat' dir='ltr'><strong>itaque</strong></span> <span class='ocrx_word' id='word_1_346' title='bbox 3024 1273 3415 1342; x_wconf 81' lang='lat' dir='ltr'><strong>nosmetipsos,</strong></span> <span class='ocrx_word' id='word_1_347' title='bbox 3463 1274 3824 1328; x_wconf 82' lang='lat' dir='ltr'><strong>illmniuenius</strong></span> 
     </span>
    </p>
   </div>
   <div class='ocr_carea' id='block_1_49' title="bbox 2236 1358 3825 1434">
    <p class='ocr_par' dir='ltr' id='par_1_49' title="bbox 2236 1358 3825 1434">
     <span class='ocr_line' id='line_1_49' title="bbox 2236 1358 3825 1434; baseline 0.005 -22"><span class='ocrx_word' id='word_1_348' title='bbox 2236 1358 2384 1414; x_wconf 82' lang='lat' dir='ltr'><strong>luce&#39;</strong></span> <span class='ocrx_word' id='word_1_349' title='bbox 2414 1362 2754 1431; x_wconf 90' lang='lat' dir='ltr'><strong>cognitionis,</strong></span> <span class='ocrx_word' id='word_1_350' title='bbox 2782 1378 2848 1419; x_wconf 85' lang='lat' dir='ltr'><strong>Ite</strong></span> <span class='ocrx_word' id='word_1_351' title='bbox 2869 1378 3052 1418; x_wconf 85' lang='lat' dir='ltr'><strong>Semen</strong></span> <span class='ocrx_word' id='word_1_352' title='bbox 3083 1365 3132 1417; x_wconf 88' lang='lat' dir='ltr'><strong>in</strong></span> <span class='ocrx_word' id='word_1_353' title='bbox 3159 1365 3340 1433; x_wconf 84' lang='lat' dir='ltr'><strong>spinas</strong></span> <span class='ocrx_word' id='word_1_354' title='bbox 3361 1365 3640 1432; x_wconf 83' lang='lat' dir='ltr'><strong>jaciamtts.</strong></span> <span class='ocrx_word' id='word_1_355' title='bbox 3666 1371 3825 1434; x_wconf 72' lang='lat' dir='ltr'><strong>Qua:-</strong></span> 
     </span>
    </p>
   </div>
   <div class='ocr_carea' id='block_1_50' title="bbox 2235 1450 3820 1526">
    <p class='ocr_par' dir='ltr' id='par_1_50' title="bbox 2235 1450 3820 1526">
     <span class='ocr_line' id='line_1_50' title="bbox 2235 1450 3820 1526; baseline 0.004 -25"><span class='ocrx_word' id='word_1_356' title='bbox 2235 1465 2354 1503; x_wconf 89' lang='lat' dir='ltr'><strong>nam</strong></span> <span class='ocrx_word' id='word_1_357' title='bbox 2387 1450 2503 1508; x_wconf 68' lang='lat' dir='ltr'><strong>haec</strong></span> <span class='ocrx_word' id='word_1_358' title='bbox 2519 1453 2587 1507; x_wconf 92' lang='lat' dir='ltr'><strong>sit</strong></span> <span class='ocrx_word' id='word_1_359' title='bbox 2607 1454 2877 1522; x_wconf 86' lang='lat' dir='ltr'><strong>spinarum</strong></span> <span class='ocrx_word' id='word_1_360' title='bbox 2901 1456 3054 1526; x_wconf 88' lang='lat' dir='ltr'><strong>copia</strong></span> <span class='ocrx_word' id='word_1_361' title='bbox 3080 1457 3264 1520; x_wconf 88' lang='lat' dir='ltr'><strong>nostis,</strong></span> <span class='ocrx_word' id='word_1_362' title='bbox 3289 1457 3388 1511; x_wconf 90' lang='lat' dir='ltr'><strong>etsi</strong></span> <span class='ocrx_word' id='word_1_363' title='bbox 3413 1473 3509 1513; x_wconf 92' lang='lat' dir='ltr'><strong>nos</strong></span> <span class='ocrx_word' id='word_1_364' title='bbox 3530 1468 3820 1512; x_wconf 85' lang='lat' dir='ltr'><strong>taceamus.</strong></span> 
     </span>
    </p>
   </div>
   <div class='ocr_carea' id='block_1_51' title="bbox 2233 1541 3823 1619">
    <p class='ocr_par' dir='ltr' id='par_1_51' title="bbox 2233 1541 3823 1619">
     <span class='ocr_line' id='line_1_51' title="bbox 2233 1541 3823 1619; baseline 0.004 -23"><span class='ocrx_word' id='word_1_365' title='bbox 2233 1541 2386 1611; x_wconf 63' lang='lat' dir='ltr'><strong>Sa&#39;pe</strong></span> <span class='ocrx_word' id='word_1_366' title='bbox 2417 1560 2646 1616; x_wconf 84' lang='lat' dir='ltr'><strong>namque</strong></span> <span class='ocrx_word' id='word_1_367' title='bbox 2674 1545 2944 1602; x_wconf 87' lang='lat' dir='ltr'><strong>Christum</strong></span> <span class='ocrx_word' id='word_1_368' title='bbox 2975 1548 3198 1603; x_wconf 88' lang='lat' dir='ltr'><strong>audistis</strong></span> <span class='ocrx_word' id='word_1_369' title='bbox 3227 1552 3504 1619; x_wconf 74' lang='lat' dir='ltr'><strong>pnesentis</strong></span> <span class='ocrx_word' id='word_1_370' title='bbox 3527 1551 3647 1604; x_wconf 70' lang='lat' dir='ltr'><strong>vita:</strong></span> <span class='ocrx_word' id='word_1_371' title='bbox 3673 1549 3823 1605; x_wconf 82' lang='lat' dir='ltr'><strong>solli-</strong></span> 
     </span>
    </p>
   </div>
   <div class='ocr_carea' id='block_1_52' title="bbox 2231 1635 3822 1712">
    <p class='ocr_par' dir='ltr' id='par_1_52' title="bbox 2231 1635 3822 1712">
     <span class='ocr_line' id='line_1_52' title="bbox 2231 1635 3822 1712; baseline 0.004 -22"><span class='ocrx_word' id='word_1_372' title='bbox 2231 1635 2543 1704; x_wconf 86' lang='lat' dir='ltr'><strong>citudinem,</strong></span> <span class='ocrx_word' id='word_1_373' title='bbox 2575 1639 2986 1711; x_wconf 85' lang='lat' dir='ltr'><strong>divitiarumque</strong></span> <span class='ocrx_word' id='word_1_374' title='bbox 3016 1643 3273 1696; x_wconf 84' lang='lat' dir='ltr'><strong>fallaciam</strong></span> <span class='ocrx_word' id='word_1_375' title='bbox 3301 1645 3574 1712; x_wconf 87' lang='lat' dir='ltr'><strong>spinarum</strong></span> <span class='ocrx_word' id='word_1_376' title='bbox 3603 1644 3822 1697; x_wconf 86' lang='lat' dir='ltr'><strong>nomine</strong></span> 
     </span>
    </p>
   </div>
   <div class='ocr_carea' id='block_1_53' title="bbox 2229 1734 3819 1804">
    <p class='ocr_par' dir='ltr' id='par_1_53' title="bbox 2229 1734 3819 1804">
     <span class='ocr_line' id='line_1_53' title="bbox 2229 1734 3819 1804; baseline 0.005 -22"><span class='ocrx_word' id='word_1_377' title='bbox 2229 1741 2548 1797; x_wconf 72' lang='lat' dir='ltr'><strong>vocantem;</strong></span> <span class='ocrx_word' id='word_1_378' title='bbox 2578 1744 2629 1787; x_wconf 92' lang='lat' dir='ltr'><strong>et</strong></span> <span class='ocrx_word' id='word_1_379' title='bbox 2653 1734 2774 1803; x_wconf 89' lang='lat' dir='ltr'><strong>jure</strong></span> <span class='ocrx_word' id='word_1_380' title='bbox 2796 1735 3030 1804; x_wconf 84' lang='lat' dir='ltr'><strong>quidem.</strong></span> <span class='ocrx_word' id='word_1_381' title='bbox 3057 1735 3516 1802; x_wconf 83' lang='lat' dir='ltr'><strong>Quemadmodum</strong></span> <span class='ocrx_word' id='word_1_382' title='bbox 3547 1736 3686 1790; x_wconf 90' lang='lat' dir='ltr'><strong>enim</strong></span> <span class='ocrx_word' id='word_1_383' title='bbox 3713 1735 3819 1790; x_wconf 79' lang='lat' dir='ltr'><strong>ilbe</strong></span> 
     </span>
    </p>
   </div>
   <div class='ocr_carea' id='block_1_54' title="bbox 2229 1817 3821 1896">
    <p class='ocr_par' dir='ltr' id='par_1_54' title="bbox 2229 1817 3821 1896">
     <span class='ocr_line' id='line_1_54' title="bbox 2229 1817 3821 1896; baseline 0.008 -25"><span class='ocrx_word' id='word_1_384' title='bbox 2229 1817 2570 1877; x_wconf 76' lang='lat' dir='ltr'><strong>infructuosa:</strong></span> <span class='ocrx_word' id='word_1_385' title='bbox 2601 1833 2754 1889; x_wconf 80' lang='lat' dir='ltr'><strong>sntit,</strong></span> <span class='ocrx_word' id='word_1_386' title='bbox 2787 1825 2854 1879; x_wconf 89' lang='lat' dir='ltr'><strong>ita</strong></span> <span class='ocrx_word' id='word_1_387' title='bbox 2884 1835 2936 1879; x_wconf 91' lang='lat' dir='ltr'><strong>et</strong></span> <span class='ocrx_word' id='word_1_388' title='bbox 2963 1826 3188 1891; x_wconf 66' lang='lat' dir='ltr'><strong>divitiae;</strong></span> <span class='ocrx_word' id='word_1_389' title='bbox 3237 1837 3292 1880; x_wconf 88' lang='lat' dir='ltr'><strong>ut</strong></span> <span class='ocrx_word' id='word_1_390' title='bbox 3323 1827 3426 1880; x_wconf 75' lang='lat' dir='ltr'><strong>illa:</strong></span> <span class='ocrx_word' id='word_1_391' title='bbox 3458 1837 3732 1896; x_wconf 86' lang='lat' dir='ltr'><strong>tangentes</strong></span> <span class='ocrx_word' id='word_1_392' title='bbox 3758 1842 3821 1883; x_wconf 87' lang='lat' dir='ltr'><strong>se</strong></span> 
     </span>
    </p>
   </div>
   <div class='ocr_carea' id='block_1_55' title="bbox 2227 1910 3815 1988">
    <p class='ocr_par' dir='ltr' id='par_1_55' title="bbox 2227 1910 3815 1988">
     <span class='ocr_line' id='line_1_55' title="bbox 2227 1910 3815 1988; baseline 0.007 -26"><span class='ocrx_word' id='word_1_393' title='bbox 2227 1910 2482 1979; x_wconf 87' lang='lat' dir='ltr'><strong>lacerant,</strong></span> <span class='ocrx_word' id='word_1_394' title='bbox 2511 1915 2588 1969; x_wconf 91' lang='lat' dir='ltr'><strong>sic</strong></span> <span class='ocrx_word' id='word_1_395' title='bbox 2615 1923 2669 1970; x_wconf 92' lang='lat' dir='ltr'><strong>et</strong></span> <span class='ocrx_word' id='word_1_396' title='bbox 2699 1915 2811 1970; x_wconf 65' lang='lat' dir='ltr'><strong>haec</strong></span> <span class='ocrx_word' id='word_1_397' title='bbox 2838 1917 2960 1970; x_wconf 89' lang='lat' dir='ltr'><strong>vitia</strong></span> <span class='ocrx_word' id='word_1_398' title='bbox 2983 1919 3214 1972; x_wconf 89' lang='lat' dir='ltr'><strong>animam</strong></span> <span class='ocrx_word' id='word_1_399' title='bbox 3239 1936 3252 1972; x_wconf 90' lang='lat'><strong>:</strong></span> <span class='ocrx_word' id='word_1_400' title='bbox 3276 1933 3339 1973; x_wconf 92' lang='lat' dir='ltr'><strong>ac</strong></span> <span class='ocrx_word' id='word_1_401' title='bbox 3363 1920 3815 1988; x_wconf 88' lang='lat' dir='ltr'><strong>quemadmodum</strong></span> 
     </span>
    </p>
   </div>
   <div class='ocr_carea' id='block_1_56' title="bbox 2224 2003 3816 2080">
    <p class='ocr_par' dir='ltr' id='par_1_56' title="bbox 2224 2003 3816 2080">
     <span class='ocr_line' id='line_1_56' title="bbox 2224 2003 3816 2080; baseline 0.006 -24"><span class='ocrx_word' id='word_1_402' title='bbox 2224 2003 2394 2074; x_wconf 69' lang='lat' dir='ltr'><strong>spina:</strong></span> <span class='ocrx_word' id='word_1_403' title='bbox 2440 2005 2560 2075; x_wconf 90' lang='lat' dir='ltr'><strong>igne</strong></span> <span class='ocrx_word' id='word_1_404' title='bbox 2601 2006 2758 2062; x_wconf 83' lang='lat' dir='ltr'><strong>facile</strong></span> <span class='ocrx_word' id='word_1_405' title='bbox 2798 2008 3182 2076; x_wconf 83' lang='lat' dir='ltr'><strong>absumuntur,</strong></span> <span class='ocrx_word' id='word_1_406' title='bbox 3235 2019 3289 2065; x_wconf 91' lang='lat' dir='ltr'><strong>et</strong></span> <span class='ocrx_word' id='word_1_407' title='bbox 3336 2009 3535 2065; x_wconf 77' lang='lat' dir='ltr'><strong>odiosae</strong></span> <span class='ocrx_word' id='word_1_408' title='bbox 3567 2012 3816 2080; x_wconf 87' lang='lat' dir='ltr'><strong>agricolis</strong></span> 
     </span>
    </p>
   </div>
   <div class='ocr_carea' id='block_1_57' title="bbox 2225 2096 3812 2170">
    <p class='ocr_par' dir='ltr' id='par_1_57' title="bbox 2225 2096 3812 2170">
     <span class='ocr_line' id='line_1_57' title="bbox 2225 2096 3812 2170; baseline 0.003 -23"><span class='ocrx_word' id='word_1_409' title='bbox 2225 2103 2385 2160; x_wconf 90' lang='lat' dir='ltr'><strong>sunt,</strong></span> <span class='ocrx_word' id='word_1_410' title='bbox 2434 2096 2503 2150; x_wconf 92' lang='lat' dir='ltr'><strong>ita</strong></span> <span class='ocrx_word' id='word_1_411' title='bbox 2535 2110 2589 2152; x_wconf 88' lang='lat' dir='ltr'><strong>et</strong></span> <span class='ocrx_word' id='word_1_412' title='bbox 2614 2113 2700 2153; x_wconf 90' lang='lat' dir='ltr'><strong>res</strong></span> <span class='ocrx_word' id='word_1_413' title='bbox 2728 2099 3137 2155; x_wconf 70' lang='lat' dir='ltr'><strong>mundanazzac</strong></span> <span class='ocrx_word' id='word_1_414' title='bbox 3165 2101 3302 2156; x_wconf 91' lang='lat' dir='ltr'><strong>sicut</strong></span> <span class='ocrx_word' id='word_1_415' title='bbox 3349 2101 3400 2156; x_wconf 92' lang='lat' dir='ltr'><strong>in</strong></span> <span class='ocrx_word' id='word_1_416' title='bbox 3441 2102 3607 2170; x_wconf 84' lang='lat' dir='ltr'><strong>spinis</strong></span> <span class='ocrx_word' id='word_1_417' title='bbox 3652 2101 3812 2166; x_wconf 73' lang='lat' dir='ltr'><strong>ferze,</strong></span> 
     </span>
    </p>
   </div>
   <div class='ocr_carea' id='block_1_58' title="bbox 2221 2188 3812 2260">
    <p class='ocr_par' dir='ltr' id='par_1_58' title="bbox 2221 2188 3812 2260">
     <span class='ocr_line' id='line_1_58' title="bbox 2221 2188 3812 2260; baseline 0.006 -21"><span class='ocrx_word' id='word_1_418' title='bbox 2221 2188 2437 2258; x_wconf 77' lang='lat' dir='ltr'><strong>viperm,</strong></span> <span class='ocrx_word' id='word_1_419' title='bbox 2468 2191 2664 2260; x_wconf 88' lang='lat' dir='ltr'><strong>scorpii</strong></span> <span class='ocrx_word' id='word_1_420' title='bbox 2697 2195 3048 2259; x_wconf 90' lang='lat' dir='ltr'><strong>occultantur,</strong></span> <span class='ocrx_word' id='word_1_421' title='bbox 3081 2195 3151 2248; x_wconf 89' lang='lat' dir='ltr'><strong>ita</strong></span> <span class='ocrx_word' id='word_1_422' title='bbox 3173 2206 3225 2248; x_wconf 91' lang='lat' dir='ltr'><strong>et</strong></span> <span class='ocrx_word' id='word_1_423' title='bbox 3254 2196 3304 2248; x_wconf 92' lang='lat' dir='ltr'><strong>in</strong></span> <span class='ocrx_word' id='word_1_424' title='bbox 3331 2196 3632 2250; x_wconf 81' lang='lat' dir='ltr'><strong>divitiarum</strong></span> <span class='ocrx_word' id='word_1_425' title='bbox 3659 2195 3812 2251; x_wconf 88' lang='lat' dir='ltr'><strong>falla-</strong></span> 
     </span>
    </p>
   </div>
   <div class='ocr_carea' id='block_1_59' title="bbox 2219 2280 3812 2359">
    <p class='ocr_par' dir='ltr' id='par_1_59' title="bbox 2219 2280 3812 2359">
     <span class='ocr_line' id='line_1_59' title="bbox 2219 2280 3812 2359; baseline 0.005 -25"><span class='ocrx_word' id='word_1_426' title='bbox 2219 2280 2321 2334; x_wconf 88' lang='lat' dir='ltr'><strong>cia.</strong></span> <span class='ocrx_word' id='word_1_427' title='bbox 2357 2282 2549 2338; x_wconf 88' lang='lat' dir='ltr'><strong>Verum</strong></span> <span class='ocrx_word' id='word_1_428' title='bbox 2586 2285 2931 2340; x_wconf 86' lang='lat' dir='ltr'><strong>immittamus</strong></span> <span class='ocrx_word' id='word_1_429' title='bbox 2961 2286 3191 2357; x_wconf 87' lang='lat' dir='ltr'><strong>Spiritus</strong></span> <span class='ocrx_word' id='word_1_430' title='bbox 3223 2289 3429 2358; x_wconf 88' lang='lat' dir='ltr'><strong>ignem,</strong></span> <span class='ocrx_word' id='word_1_431' title='bbox 3463 2298 3518 2343; x_wconf 91' lang='lat' dir='ltr'><strong>ut</strong></span> <span class='ocrx_word' id='word_1_432' title='bbox 3546 2297 3598 2343; x_wconf 88' lang='lat' dir='ltr'><strong>et</strong></span> <span class='ocrx_word' id='word_1_433' title='bbox 3627 2290 3812 2359; x_wconf 81' lang='lat' dir='ltr'><strong>spinas</strong></span> 
     </span>
    </p>
   </div>
   <div class='ocr_carea' id='block_1_60' title="bbox 2217 2377 3812 2449">
    <p class='ocr_par' dir='ltr' id='par_1_60' title="bbox 2217 2377 3812 2449">
     <span class='ocr_line' id='line_1_60' title="bbox 2217 2377 3812 2449; baseline 0.007 -24"><span class='ocrx_word' id='word_1_434' title='bbox 2217 2387 2627 2439; x_wconf 86' lang='lat' dir='ltr'><strong>consumamus,</strong></span> <span class='ocrx_word' id='word_1_435' title='bbox 2668 2387 2721 2432; x_wconf 90' lang='lat' dir='ltr'><strong>et</strong></span> <span class='ocrx_word' id='word_1_436' title='bbox 2764 2377 2904 2433; x_wconf 80' lang='lat' dir='ltr'><strong>feras</strong></span> <span class='ocrx_word' id='word_1_437' title='bbox 2932 2378 3201 2448; x_wconf 87' lang='lat' dir='ltr'><strong>fugemus,</strong></span> <span class='ocrx_word' id='word_1_438' title='bbox 3231 2390 3289 2434; x_wconf 92' lang='lat' dir='ltr'><strong>ut</strong></span> <span class='ocrx_word' id='word_1_439' title='bbox 3329 2395 3516 2449; x_wconf 90' lang='lat' dir='ltr'><strong>purum</strong></span> <span class='ocrx_word' id='word_1_440' title='bbox 3560 2395 3812 2449; x_wconf 87' lang='lat' dir='ltr'><strong>paremus</strong></span> 
     </span>
    </p>
   </div>
   <div class='ocr_carea' id='block_1_61' title="bbox 2217 2463 3812 2538">
    <p class='ocr_par' dir='ltr' id='par_1_61' title="bbox 2217 2463 3812 2538">
     <span class='ocr_line' id='line_1_61' title="bbox 2217 2463 3812 2538; baseline 0.006 -24"><span class='ocrx_word' id='word_1_441' title='bbox 2217 2463 2465 2531; x_wconf 65' lang='lat' dir='ltr'><strong>agricolae</strong></span> <span class='ocrx_word' id='word_1_442' title='bbox 2508 2479 2726 2530; x_wconf 87' lang='lat' dir='ltr'><strong>arvum;</strong></span> <span class='ocrx_word' id='word_1_443' title='bbox 2769 2467 2961 2522; x_wconf 80' lang='lat' dir='ltr'><strong>deinde</strong></span> <span class='ocrx_word' id='word_1_444' title='bbox 2991 2484 3116 2523; x_wconf 82' lang='lat' dir='ltr'><strong>vero</strong></span> <span class='ocrx_word' id='word_1_445' title='bbox 3148 2470 3508 2537; x_wconf 88' lang='lat' dir='ltr'><strong>spiritualibus</strong></span> <span class='ocrx_word' id='word_1_446' title='bbox 3536 2471 3704 2538; x_wconf 92' lang='lat' dir='ltr'><strong>ipsum</strong></span> <span class='ocrx_word' id='word_1_447' title='bbox 3737 2471 3812 2524; x_wconf 86' lang='lat' dir='ltr'><strong>ri-</strong></span> 
     </span>
    </p>
   </div>
   <div class='ocr_carea' id='block_1_62' title="bbox 2216 2554 3808 2624">
    <p class='ocr_par' dir='ltr' id='par_1_62' title="bbox 2216 2554 3808 2624">
     <span class='ocr_line' id='line_1_62' title="bbox 2216 2554 3808 2624; baseline 0.009 -21"><span class='ocrx_word' id='word_1_448' title='bbox 2216 2565 2400 2620; x_wconf 87' lang='lat' dir='ltr'><strong>gennts</strong></span> <span class='ocrx_word' id='word_1_449' title='bbox 2431 2554 2616 2610; x_wconf 88' lang='lat' dir='ltr'><strong>alveis.</strong></span> <span class='ocrx_word' id='word_1_450' title='bbox 2644 2556 2954 2613; x_wconf 80' lang='lat' dir='ltr'><strong>Plantemus</strong></span> <span class='ocrx_word' id='word_1_451' title='bbox 2975 2559 3170 2613; x_wconf 87' lang='lat' dir='ltr'><strong>olivam</strong></span> <span class='ocrx_word' id='word_1_452' title='bbox 3205 2559 3553 2624; x_wconf 83' lang='lat' dir='ltr'><strong>frnctil‘eram,</strong></span> <span class='ocrx_word' id='word_1_453' title='bbox 3587 2561 3808 2617; x_wconf 88' lang='lat' dir='ltr'><strong>mitissi-</strong></span> 
     </span>
    </p>
   </div>
   <div class='ocr_carea' id='block_1_63' title="bbox 2219 2644 3804 2726">
    <p class='ocr_par' dir='ltr' id='par_1_63' title="bbox 2219 2644 3804 2726">
     <span class='ocr_line' id='line_1_63' title="bbox 2219 2644 3804 2726; baseline 0.009 -32"><span class='ocrx_word' id='word_1_454' title='bbox 2219 2658 2357 2696; x_wconf 90' lang='lat' dir='ltr'><strong>mam</strong></span> <span class='ocrx_word' id='word_1_455' title='bbox 2389 2644 2635 2700; x_wconf 88' lang='lat' dir='ltr'><strong>arborem</strong></span> <span class='ocrx_word' id='word_1_456' title='bbox 2667 2662 2984 2726; x_wconf 84' lang='lat' dir='ltr'><strong>semperque</strong></span> <span class='ocrx_word' id='word_1_457' title='bbox 3024 2651 3324 2718; x_wconf 88' lang='lat' dir='ltr'><strong>virentem,</strong></span> <span class='ocrx_word' id='word_1_458' title='bbox 3375 2653 3764 2709; x_wconf 84' lang='lat' dir='ltr'><strong>illuminantem</strong></span> <span class='ocrx_word' id='word_1_459' title='bbox 3787 2697 3804 2721; x_wconf 92' lang='lat'><strong>,</strong></span> 
     </span>
    </p>
   </div>
   <div class='ocr_carea' id='block_1_64' title="bbox 2215 2735 3808 2811">
    <p class='ocr_par' dir='ltr' id='par_1_64' title="bbox 2215 2735 3808 2811">
     <span class='ocr_line' id='line_1_64' title="bbox 2215 2735 3808 2811; baseline 0.009 -23"><span class='ocrx_word' id='word_1_460' title='bbox 2215 2735 2562 2805; x_wconf 89' lang='lat' dir='ltr'><strong>nutrientem,</strong></span> <span class='ocrx_word' id='word_1_461' title='bbox 2596 2740 2882 2795; x_wconf 90' lang='lat' dir='ltr'><strong>valetudini</strong></span> <span class='ocrx_word' id='word_1_462' title='bbox 2914 2751 3112 2811; x_wconf 75' lang='lat' dir='ltr'><strong>aptam.</strong></span> <span class='ocrx_word' id='word_1_463' title='bbox 3146 2744 3269 2800; x_wconf 74' lang='lat' dir='ltr'><strong>llarc</strong></span> <span class='ocrx_word' id='word_1_464' title='bbox 3290 2747 3466 2799; x_wconf 91' lang='lat' dir='ltr'><strong>omnia</strong></span> <span class='ocrx_word' id='word_1_465' title='bbox 3491 2747 3541 2799; x_wconf 92' lang='lat' dir='ltr'><strong>in</strong></span> <span class='ocrx_word' id='word_1_466' title='bbox 3563 2762 3620 2799; x_wconf 92' lang='lat' dir='ltr'><strong>se</strong></span> <span class='ocrx_word' id='word_1_467' title='bbox 3642 2746 3808 2802; x_wconf 82' lang='lat' dir='ltr'><strong>habet</strong></span> 
     </span>
    </p>
   </div>
   <div class='ocr_carea' id='block_1_65' title="bbox 2212 2831 3802 2912">
    <p class='ocr_par' dir='ltr' id='par_1_65' title="bbox 2212 2831 3802 2912">
     <span class='ocr_line' id='line_1_65' title="bbox 2212 2831 3802 2912; baseline 0.008 -28"><span class='ocrx_word' id='word_1_468' title='bbox 2212 2831 2572 2902; x_wconf 81' lang='lat' dir='ltr'><strong>eleemosyna,</strong></span> <span class='ocrx_word' id='word_1_469' title='bbox 2605 2851 2722 2903; x_wconf 67' lang='lat' dir='ltr'><strong>quae</strong></span> <span class='ocrx_word' id='word_1_470' title='bbox 2749 2837 2896 2906; x_wconf 87' lang='lat' dir='ltr'><strong>quasi</strong></span> <span class='ocrx_word' id='word_1_471' title='bbox 2920 2838 3149 2907; x_wconf 89' lang='lat' dir='ltr'><strong>sigillum</strong></span> <span class='ocrx_word' id='word_1_472' title='bbox 3172 2849 3254 2894; x_wconf 86' lang='lat' dir='ltr'><strong>est</strong></span> <span class='ocrx_word' id='word_1_473' title='bbox 3281 2840 3448 2909; x_wconf 87' lang='lat' dir='ltr'><strong>ipsam</strong></span> <span class='ocrx_word' id='word_1_474' title='bbox 3475 2840 3802 2912; x_wconf 88' lang='lat' dir='ltr'><strong>possidenti-</strong></span> 
     </span>
    </p>
   </div>
   <div class='ocr_carea' id='block_1_66' title="bbox 2211 2920 3800 3002">
    <p class='ocr_par' dir='ltr' id='par_1_66' title="bbox 2211 2920 3800 3002">
     <span class='ocr_line' id='line_1_66' title="bbox 2211 2920 3800 3002; baseline 0.009 -28"><span class='ocrx_word' id='word_1_475' title='bbox 2211 2920 2329 2976; x_wconf 91' lang='lat' dir='ltr'><strong>bus.</strong></span> <span class='ocrx_word' id='word_1_476' title='bbox 2377 2922 2522 2977; x_wconf 90' lang='lat' dir='ltr'><strong>llanc</strong></span> <span class='ocrx_word' id='word_1_477' title='bbox 2552 2925 2798 2982; x_wconf 89' lang='lat' dir='ltr'><strong>arborem</strong></span> <span class='ocrx_word' id='word_1_478' title='bbox 2842 2944 2907 2983; x_wconf 89' lang='lat' dir='ltr'><strong>ne</strong></span> <span class='ocrx_word' id='word_1_479' title='bbox 2953 2944 3096 2984; x_wconf 90' lang='lat' dir='ltr'><strong>mors</strong></span> <span class='ocrx_word' id='word_1_480' title='bbox 3138 2931 3350 3001; x_wconf 89' lang='lat' dir='ltr'><strong>quidem</strong></span> <span class='ocrx_word' id='word_1_481' title='bbox 3397 2933 3508 3002; x_wconf 86' lang='lat' dir='ltr'><strong>ipsa</strong></span> <span class='ocrx_word' id='word_1_482' title='bbox 3539 2933 3800 2988; x_wconf 86' lang='lat' dir='ltr'><strong>arefaeit:</strong></span> 
     </span>
    </p>
   </div>
   <div class='ocr_carea' id='block_1_67' title="bbox 2209 3013 3804 3092">
    <p class='ocr_par' dir='ltr' id='par_1_67' title="bbox 2209 3013 3804 3092">
     <span class='ocr_line' id='line_1_67' title="bbox 2209 3013 3804 3092; baseline 0.011 -28"><span class='ocrx_word' id='word_1_483' title='bbox 2209 3013 2302 3066; x_wconf 89' lang='lat' dir='ltr'><strong>sed</strong></span> <span class='ocrx_word' id='word_1_484' title='bbox 2329 3024 2430 3069; x_wconf 90' lang='lat' dir='ltr'><strong>stat</strong></span> <span class='ocrx_word' id='word_1_485' title='bbox 2455 3015 2539 3069; x_wconf 85' lang='lat' dir='ltr'><strong>illa</strong></span> <span class='ocrx_word' id='word_1_486' title='bbox 2563 3032 2774 3087; x_wconf 88' lang='lat' dir='ltr'><strong>semper</strong></span> <span class='ocrx_word' id='word_1_487' title='bbox 2793 3031 3024 3077; x_wconf 91' lang='lat' dir='ltr'><strong>mentem</strong></span> <span class='ocrx_word' id='word_1_488' title='bbox 3047 3023 3368 3092; x_wconf 87' lang='lat' dir='ltr'><strong>illuminans,</strong></span> <span class='ocrx_word' id='word_1_489' title='bbox 3395 3041 3588 3080; x_wconf 87' lang='lat' dir='ltr'><strong>nervos</strong></span> <span class='ocrx_word' id='word_1_490' title='bbox 3607 3027 3804 3082; x_wconf 60' lang='lat' dir='ltr'><strong>animm:</strong></span> 
     </span>
    </p>
   </div>
   <div class='ocr_carea' id='block_1_68' title="bbox 2210 3102 3803 3188">
    <p class='ocr_par' dir='ltr' id='par_1_68' title="bbox 2210 3102 3803 3188">
     <span class='ocr_line' id='line_1_68' title="bbox 2210 3102 3803 3188; baseline 0.012 -33"><span class='ocrx_word' id='word_1_491' title='bbox 2210 3102 2418 3172; x_wconf 85' lang='lat' dir='ltr'><strong>fovens,</strong></span> <span class='ocrx_word' id='word_1_492' title='bbox 2449 3107 2589 3163; x_wconf 86' lang='lat' dir='ltr'><strong>vires</strong></span> <span class='ocrx_word' id='word_1_493' title='bbox 2618 3108 2850 3180; x_wconf 71' lang='lat' dir='ltr'><strong>integras</strong></span> <span class='ocrx_word' id='word_1_494' title='bbox 2872 3127 3111 3180; x_wconf 86' lang='lat' dir='ltr'><strong>servans,</strong></span> <span class='ocrx_word' id='word_1_495' title='bbox 3140 3115 3601 3188; x_wconf 87' lang='lat' dir='ltr'><strong>robustioremque</strong></span> <span class='ocrx_word' id='word_1_496' title='bbox 3627 3118 3803 3175; x_wconf 83' lang='lat' dir='ltr'><strong>reddit</strong></span> 
     </span>
    </p>
   </div>
   <div class='ocr_carea' id='block_1_69' title="bbox 2209 3196 3798 3278">
    <p class='ocr_par' dir='ltr' id='par_1_69' title="bbox 2209 3196 3798 3278">
     <span class='ocr_line' id='line_1_69' title="bbox 2209 3196 3798 3278; baseline 0.013 -33"><span class='ocrx_word' id='word_1_497' title='bbox 2209 3196 2460 3252; x_wconf 89' lang='lat' dir='ltr'><strong>animam.</strong></span> <span class='ocrx_word' id='word_1_498' title='bbox 2491 3199 2546 3254; x_wconf 89' lang='lat' dir='ltr'><strong>Si</strong></span> <span class='ocrx_word' id='word_1_499' title='bbox 2575 3212 2829 3271; x_wconf 90' lang='lat' dir='ltr'><strong>perpetuo</strong></span> <span class='ocrx_word' id='word_1_500' title='bbox 2858 3204 2998 3258; x_wconf 86' lang='lat' dir='ltr'><strong>illam</strong></span> <span class='ocrx_word' id='word_1_501' title='bbox 3024 3207 3338 3272; x_wconf 81' lang='lat' dir='ltr'><strong>habeamus,</strong></span> <span class='ocrx_word' id='word_1_502' title='bbox 3364 3210 3654 3278; x_wconf 81' lang='lat' dir='ltr'><strong>poterimus</strong></span> <span class='ocrx_word' id='word_1_503' title='bbox 3675 3225 3798 3265; x_wconf 89' lang='lat' dir='ltr'><strong>cum</strong></span> 
     </span>
    </p>
   </div>
   <div class='ocr_carea' id='block_1_70' title="bbox 2209 3285 3794 3370">
    <p class='ocr_par' dir='ltr' id='par_1_70' title="bbox 2209 3285 3794 3370">
     <span class='ocr_line' id='line_1_70' title="bbox 2209 3285 3794 3370; baseline 0.012 -33"><span class='ocrx_word' id='word_1_504' title='bbox 2209 3285 2395 3340; x_wconf 72' lang='lat' dir='ltr'><strong>\izlllt&#39;la</strong></span> <span class='ocrx_word' id='word_1_505' title='bbox 2414 3289 2678 3358; x_wconf 87' lang='lat' dir='ltr'><strong>Sponsum</strong></span> <span class='ocrx_word' id='word_1_506' title='bbox 2697 3293 2897 3359; x_wconf 81' lang='lat' dir='ltr'><strong>videre,</strong></span> <span class='ocrx_word' id='word_1_507' title='bbox 2926 3304 2980 3350; x_wconf 90' lang='lat' dir='ltr'><strong>et</strong></span> <span class='ocrx_word' id='word_1_508' title='bbox 2998 3297 3048 3350; x_wconf 92' lang='lat' dir='ltr'><strong>in</strong></span> <span class='ocrx_word' id='word_1_509' title='bbox 3069 3295 3357 3352; x_wconf 62' lang='lat' dir='ltr'><strong>thalamum</strong></span> <span class='ocrx_word' id='word_1_510' title='bbox 3379 3300 3609 3364; x_wconf 83' lang='lat' dir='ltr'><strong>intrare;</strong></span> <span class='ocrx_word' id='word_1_511' title='bbox 3633 3317 3794 3370; x_wconf 92' lang='lat' dir='ltr'><strong>quem</strong></span> 
     </span>
    </p>
   </div>
   <div class='ocr_carea' id='block_1_71' title="bbox 2206 3384 3800 3460">
    <p class='ocr_par' dir='ltr' id='par_1_71' title="bbox 2206 3384 3800 3460">
     <span class='ocr_line' id='line_1_71' title="bbox 2206 3384 3800 3460; baseline 0.013 -33"><span class='ocrx_word' id='word_1_512' title='bbox 2206 3391 2303 3429; x_wconf 90' lang='lat' dir='ltr'><strong>nos</strong></span> <span class='ocrx_word' id='word_1_513' title='bbox 2351 3394 2538 3434; x_wconf 90' lang='lat' dir='ltr'><strong>omnes</strong></span> <span class='ocrx_word' id='word_1_514' title='bbox 2584 3384 2794 3452; x_wconf 88' lang='lat' dir='ltr'><strong>assequi</strong></span> <span class='ocrx_word' id='word_1_515' title='bbox 2845 3385 3116 3456; x_wconf 87' lang='lat' dir='ltr'><strong>contingat</strong></span> <span class='ocrx_word' id='word_1_516' title='bbox 3164 3388 3328 3456; x_wconf 87' lang='lat' dir='ltr'><strong>gratia</strong></span> <span class='ocrx_word' id='word_1_517' title='bbox 3373 3399 3427 3444; x_wconf 88' lang='lat' dir='ltr'><strong>et</strong></span> <span class='ocrx_word' id='word_1_518' title='bbox 3472 3389 3800 3460; x_wconf 80' lang='lat' dir='ltr'><strong>benignitate</strong></span> 
     </span>
    </p>
   </div>
   <div class='ocr_carea' id='block_1_72' title="bbox 2206 3465 3796 3551">
    <p class='ocr_par' dir='ltr' id='par_1_72' title="bbox 2206 3465 3796 3551">
     <span class='ocr_line' id='line_1_72' title="bbox 2206 3465 3796 3551; baseline 0.012 -32"><span class='ocrx_word' id='word_1_519' title='bbox 2206 3465 2414 3523; x_wconf 86' lang='lat' dir='ltr'><strong>Domini</strong></span> <span class='ocrx_word' id='word_1_520' title='bbox 2447 3473 2611 3526; x_wconf 90' lang='lat' dir='ltr'><strong>nostri</strong></span> <span class='ocrx_word' id='word_1_521' title='bbox 2642 3473 2768 3530; x_wconf 84' lang='lat' dir='ltr'><strong>Jesu</strong></span> <span class='ocrx_word' id='word_1_522' title='bbox 2816 3475 3054 3543; x_wconf 78' lang='lat' dir='ltr'><strong>Christi,</strong></span> <span class='ocrx_word' id='word_1_523' title='bbox 3102 3480 3313 3548; x_wconf 89' lang='lat' dir='ltr'><strong>quicum</strong></span> <span class='ocrx_word' id='word_1_524' title='bbox 3352 3481 3491 3536; x_wconf 82' lang='lat' dir='ltr'><strong>Patri</strong></span> <span class='ocrx_word' id='word_1_525' title='bbox 3521 3482 3687 3551; x_wconf 85' lang='lat' dir='ltr'><strong>gloria</strong></span> <span class='ocrx_word' id='word_1_526' title='bbox 3715 3485 3796 3537; x_wconf 92' lang='lat' dir='ltr'><strong>si-</strong></span> 
     </span>
    </p>
   </div>
   <div class='ocr_carea' id='block_1_73' title="bbox 2205 3559 3840 3642">
    <p class='ocr_par' dir='ltr' id='par_1_73' title="bbox 2205 3559 3840 3642">
     <span class='ocr_line' id='line_1_73' title="bbox 2205 3559 3840 3642; baseline 0.013 -33"><span class='ocrx_word' id='word_1_527' title='bbox 2205 3559 2422 3627; x_wconf 88' lang='lat' dir='ltr'><strong>mulque</strong></span> <span class='ocrx_word' id='word_1_528' title='bbox 2449 3561 2667 3632; x_wconf 85' lang='lat' dir='ltr'><strong>Spiritui</strong></span> <span class='ocrx_word' id='word_1_529' title='bbox 2697 3577 2905 3635; x_wconf 85' lang='lat' dir='ltr'><strong>sancto,</strong></span> <span class='ocrx_word' id='word_1_530' title='bbox 2937 3584 3078 3624; x_wconf 88' lang='lat' dir='ltr'><strong>nunc</strong></span> <span class='ocrx_word' id='word_1_531' title='bbox 3099 3580 3151 3624; x_wconf 87' lang='lat' dir='ltr'><strong>et</strong></span> <span class='ocrx_word' id='word_1_532' title='bbox 3174 3586 3409 3642; x_wconf 89' lang='lat' dir='ltr'><strong>semper,</strong></span> <span class='ocrx_word' id='word_1_533' title='bbox 3439 3582 3491 3628; x_wconf 88' lang='lat' dir='ltr'><strong>ct</strong></span> <span class='ocrx_word' id='word_1_534' title='bbox 3517 3573 3568 3627; x_wconf 92' lang='lat' dir='ltr'><strong>in</strong></span> <span class='ocrx_word' id='word_1_535' title='bbox 3597 3573 3796 3630; x_wconf 63' lang='lat' dir='ltr'><strong>sarcula</strong></span> <span class='ocrx_word' id='word_1_536' title='bbox 3834 3613 3840 3618; x_wconf 27' lang='lat'><strong><em>‘</em></strong></span> 
     </span>
    </p>
   </div>
   <div class='ocr_carea' id='block_1_74' title="bbox 2203 3651 2762 3710">
    <p class='ocr_par' dir='ltr' id='par_1_74' title="bbox 2203 3651 2762 3710">
     <span class='ocr_line' id='line_1_74' title="bbox 2203 3651 2762 3710; baseline 0.018 -10"><span class='ocrx_word' id='word_1_537' title='bbox 2203 3651 2540 3706; x_wconf 69' lang='lat' dir='ltr'><strong>smeulorwu.</strong></span> <span class='ocrx_word' id='word_1_538' title='bbox 2570 3655 2762 3710; x_wconf 86' lang='lat' dir='ltr'><strong>Amen.</strong></span> 
     </span>
    </p>
   </div>
   <div class='ocr_carea' id='block_1_75' title="bbox 2266 3765 3300 3837">
    <p class='ocr_par' dir='ltr' id='par_1_75' title="bbox 2266 3765 3300 3837">
     <span class='ocr_line' id='line_1_75' title="bbox 2266 3765 3300 3837; baseline 0.012 -24"><span class='ocrx_word' id='word_1_539' title='bbox 2266 3765 2282 3795; x_wconf 75' lang='grc'><strong><em>³</em></strong></span> <span class='ocrx_word' id='word_1_540' title='bbox 2321 3771 2447 3817; x_wconf 88' lang='lat' dir='ltr'><strong>Unus</strong></span> <span class='ocrx_word' id='word_1_541' title='bbox 2469 3768 2635 3831; x_wconf 86' lang='lat' dir='ltr'><strong>habet,</strong></span> <span class='ocrx_word' id='word_1_542' title='bbox 2660 3769 3027 3834; x_wconf 78' lang='lat' dir='ltr'><strong>illmninatione,</strong></span> <span class='ocrx_word' id='word_1_543' title='bbox 3054 3788 3157 3837; x_wconf 87' lang='lat' dir='ltr'><strong>pro,</strong></span> <span class='ocrx_word' id='word_1_544' title='bbox 3177 3774 3300 3825; x_wconf 79' lang='lat' dir='ltr'><strong>luce.</strong></span> 
     </span>
    </p>
   </div>
   <div class='ocr_carea' id='block_1_76' title="bbox 1861 3926 2430 3998">
    <p class='ocr_par' dir='ltr' id='par_1_76' title="bbox 1861 3926 2430 3998">
     <span class='ocr_line' id='line_1_76' title="bbox 1861 3926 2430 3998; baseline 0.023 -13"><span class='ocrx_word' id='word_1_545' title='bbox 1861 3926 2205 3992; x_wconf 81' lang='lat' dir='ltr'><strong>HOMILIA</strong></span> <span class='ocrx_word' id='word_1_546' title='bbox 2251 3934 2430 3998; x_wconf 79' lang='lat' dir='ltr'><strong>XXV</strong></span> 
     </span>
    </p>
   </div>
   <div class='ocr_carea' id='block_1_77' title="bbox 514 4065 2094 4137">
    <p class='ocr_par' dir='ltr' id='par_1_77' title="bbox 514 4065 2094 4137">
     <span class='ocr_line' id='line_1_77' title="bbox 514 4065 2094 4137; baseline 0.001 -12"><span class='ocrx_word' id='word_1_547' title='bbox 514 4071 565 4125; x_wconf 80' lang='lat'><strong>5.</strong></span> <span class='ocrx_word' id='word_1_548' title='bbox 601 4070 879 4137; x_wconf 81' lang='lat' dir='ltr'><strong>Respondit</strong></span> <span class='ocrx_word' id='word_1_549' title='bbox 914 4068 1062 4123; x_wconf 81' lang='lat' dir='ltr'><strong>Jestts</strong></span> <span class='ocrx_word' id='word_1_550' title='bbox 1091 4084 1107 4122; x_wconf 93' lang='lat'><em>:</em></span> <span class='ocrx_word' id='word_1_551' title='bbox 1135 4070 1291 4121; x_wconf 83' lang='lat' dir='ltr'><strong>Amen</strong></span> <span class='ocrx_word' id='word_1_552' title='bbox 1336 4066 1447 4120; x_wconf 89' lang='lat' dir='ltr'><strong>dico</strong></span> <span class='ocrx_word' id='word_1_553' title='bbox 1487 4066 1573 4120; x_wconf 83' lang='lat' dir='ltr'><strong>tibi</strong></span> <span class='ocrx_word' id='word_1_554' title='bbox 1599 4082 1617 4119; x_wconf 89' lang='lat'><strong><em>:</em></strong></span> <span class='ocrx_word' id='word_1_555' title='bbox 1650 4065 1764 4121; x_wconf 82' lang='lat' dir='ltr'><strong>Nisi</strong></span> <span class='ocrx_word' id='word_1_556' title='bbox 1797 4071 1908 4136; x_wconf 87' lang='lat' dir='ltr'><strong>quis</strong></span> <span class='ocrx_word' id='word_1_557' title='bbox 1944 4082 2094 4127; x_wconf 80' lang='lat' dir='ltr'><strong>natus</strong></span> 
     </span>
    </p>
   </div>
   <div class='ocr_carea' id='block_1_78' title="bbox 583 4159 2088 4232">
    <p class='ocr_par' dir='ltr' id='par_1_78' title="bbox 583 4159 2088 4232">
     <span class='ocr_line' id='line_1_78' title="bbox 583 4159 2088 4232; baseline 0.003 -18"><span class='ocrx_word' id='word_1_558' title='bbox 583 4163 732 4232; x_wconf 78' lang='lat' dir='ltr'><strong>fuerit</strong></span> <span class='ocrx_word' id='word_1_559' title='bbox 773 4177 836 4214; x_wconf 79' lang='lat' dir='ltr'><strong>ex</strong></span> <span class='ocrx_word' id='word_1_560' title='bbox 860 4177 990 4230; x_wconf 85' lang='lat' dir='ltr'><strong>aqua</strong></span> <span class='ocrx_word' id='word_1_561' title='bbox 1021 4169 1065 4214; x_wconf 85' lang='lat' dir='ltr'><strong>et</strong></span> <span class='ocrx_word' id='word_1_562' title='bbox 1106 4159 1303 4229; x_wconf 82' lang='lat' dir='ltr'><strong>Spiritu</strong></span> <span class='ocrx_word' id='word_1_563' title='bbox 1325 4201 1337 4223; x_wconf 92' lang='lat'><strong>,</strong></span> <span class='ocrx_word' id='word_1_564' title='bbox 1368 4175 1469 4212; x_wconf 84' lang='lat' dir='ltr'><strong>non</strong></span> <span class='ocrx_word' id='word_1_565' title='bbox 1497 4166 1656 4228; x_wconf 83' lang='lat' dir='ltr'><strong>potest</strong></span> <span class='ocrx_word' id='word_1_566' title='bbox 1691 4159 1902 4217; x_wconf 83' lang='lat' dir='ltr'><strong>introire</strong></span> <span class='ocrx_word' id='word_1_567' title='bbox 1926 4164 1978 4216; x_wconf 85' lang='lat' dir='ltr'><strong>in</strong></span> <span class='ocrx_word' id='word_1_568' title='bbox 2007 4181 2088 4218; x_wconf 87' lang='lat' dir='ltr'><strong>re-</strong></span> 
     </span>
    </p>
   </div>
   <div class='ocr_carea' id='block_1_79' title="bbox 580 4255 877 4327">
    <p class='ocr_par' dir='ltr' id='par_1_79' title="bbox 580 4255 877 4327">
     <span class='ocr_line' id='line_1_79' title="bbox 580 4255 877 4327; baseline -0.007 -17"><span class='ocrx_word' id='word_1_569' title='bbox 580 4272 735 4327; x_wconf 81' lang='lat' dir='ltr'><strong>gnum</strong></span> <span class='ocrx_word' id='word_1_570' title='bbox 762 4255 877 4310; x_wconf 80' lang='lat' dir='ltr'><strong>Dei.</strong></span> 
     </span>
    </p>
   </div>
   <div class='ocr_carea' id='block_1_80' title="bbox 581 4401 2091 4478">
    <p class='ocr_par' dir='ltr' id='par_1_80' title="bbox 581 4401 2091 4478">
     <span class='ocr_line' id='line_1_80' title="bbox 581 4401 2091 4478; baseline -0.001 -13"><span class='ocrx_word' id='word_1_571' title='bbox 581 4412 633 4465; x_wconf 75' lang='grc'><strong>1.</strong></span> <span class='ocrx_word' id='word_1_572' title='bbox 668 4409 880 4465; x_wconf 88' lang='lat' dir='ltr'><strong>Pueruli</strong></span> <span class='ocrx_word' id='word_1_573' title='bbox 911 4406 1150 4478; x_wconf 89' lang='lat' dir='ltr'><strong>quotidie</strong></span> <span class='ocrx_word' id='word_1_574' title='bbox 1178 4405 1459 4474; x_wconf 88' lang='lat' dir='ltr'><strong>magistros</strong></span> <span class='ocrx_word' id='word_1_575' title='bbox 1489 4401 1764 4469; x_wconf 88' lang='lat' dir='ltr'><strong>adeuntes,</strong></span> <span class='ocrx_word' id='word_1_576' title='bbox 1794 4405 2091 4464; x_wconf 85' lang='lat' dir='ltr'><strong>doctrinam</strong></span> 
     </span>
    </p>
   </div>
   <div class='ocr_carea' id='block_1_81' title="bbox 514 4494 2088 4573">
    <p class='ocr_par' dir='ltr' id='par_1_81' title="bbox 514 4494 2088 4573">
     <span class='ocr_line' id='line_1_81' title="bbox 514 4494 2088 4573; baseline 0.001 -16"><span class='ocrx_word' id='word_1_577' title='bbox 514 4501 780 4573; x_wconf 86' lang='lat' dir='ltr'><strong>accipiunt</strong></span> <span class='ocrx_word' id='word_1_578' title='bbox 824 4510 878 4556; x_wconf 92' lang='lat' dir='ltr'><strong>et</strong></span> <span class='ocrx_word' id='word_1_579' title='bbox 905 4501 1150 4564; x_wconf 91' lang='lat' dir='ltr'><strong>recitant,</strong></span> <span class='ocrx_word' id='word_1_580' title='bbox 1181 4507 1233 4552; x_wconf 91' lang='lat' dir='ltr'><strong>et</strong></span> <span class='ocrx_word' id='word_1_581' title='bbox 1263 4509 1550 4566; x_wconf 85' lang='lat' dir='ltr'><strong>numquam</strong></span> <span class='ocrx_word' id='word_1_582' title='bbox 1578 4494 1680 4550; x_wconf 92' lang='lat' dir='ltr'><strong>hoc</strong></span> <span class='ocrx_word' id='word_1_583' title='bbox 1708 4501 1897 4567; x_wconf 86' lang='lat' dir='ltr'><strong>agendi</strong></span> <span class='ocrx_word' id='word_1_584' title='bbox 1929 4502 2088 4558; x_wconf 83' lang='lat' dir='ltr'><strong>tinem</strong></span> 
     </span>
    </p>
   </div>
   <div class='ocr_carea' id='block_1_82' title="bbox 507 4585 2085 4662">
    <p class='ocr_par' dir='ltr' id='par_1_82' title="bbox 507 4585 2085 4662">
     <span class='ocr_line' id='line_1_82' title="bbox 507 4585 2085 4662; baseline 0.001 -14"><span class='ocrx_word' id='word_1_585' title='bbox 507 4595 743 4657; x_wconf 86' lang='lat' dir='ltr'><strong>faciunt,</strong></span> <span class='ocrx_word' id='word_1_586' title='bbox 789 4593 896 4647; x_wconf 91' lang='lat' dir='ltr'><strong>imo</strong></span> <span class='ocrx_word' id='word_1_587' title='bbox 941 4605 1340 4660; x_wconf 90' lang='lat' dir='ltr'><strong>nonnumquam</strong></span> <span class='ocrx_word' id='word_1_588' title='bbox 1382 4585 1627 4642; x_wconf 90' lang='lat' dir='ltr'><strong>noctibus</strong></span> <span class='ocrx_word' id='word_1_589' title='bbox 1664 4586 1777 4642; x_wconf 80' lang='lat' dir='ltr'><strong>dies</strong></span> <span class='ocrx_word' id='word_1_590' title='bbox 1800 4591 2085 4662; x_wconf 87' lang='lat' dir='ltr'><strong>adjiciunt,</strong></span> 
     </span>
    </p>
   </div>
   <div class='ocr_carea' id='block_1_83' title="bbox 510 4684 2089 4758">
    <p class='ocr_par' dir='ltr' id='par_1_83' title="bbox 510 4684 2089 4758">
     <span class='ocr_line' id='line_1_83' title="bbox 510 4684 2089 4758; baseline 0.001 -18"><span class='ocrx_word' id='word_1_591' title='bbox 510 4685 666 4755; x_wconf 87' lang='lat' dir='ltr'><strong>idque</strong></span> <span class='ocrx_word' id='word_1_592' title='bbox 715 4699 810 4754; x_wconf 91' lang='lat' dir='ltr'><strong>pro</strong></span> <span class='ocrx_word' id='word_1_593' title='bbox 853 4684 1009 4740; x_wconf 86' lang='lat' dir='ltr'><strong>ﬂuxis</strong></span> <span class='ocrx_word' id='word_1_594' title='bbox 1038 4687 1197 4741; x_wconf 87' lang='lat' dir='ltr'><strong>rebus</strong></span> <span class='ocrx_word' id='word_1_595' title='bbox 1227 4687 1401 4742; x_wconf 85' lang='lat' dir='ltr'><strong>facere</strong></span> <span class='ocrx_word' id='word_1_596' title='bbox 1429 4703 1458 4743; x_wconf 92' lang='lat' dir='ltr'><strong>a</strong></span> <span class='ocrx_word' id='word_1_597' title='bbox 1490 4691 1641 4744; x_wconf 84' lang='lat' dir='ltr'><strong>vobis</strong></span> <span class='ocrx_word' id='word_1_598' title='bbox 1672 4694 1948 4758; x_wconf 91' lang='lat' dir='ltr'><strong>coguntur.</strong></span> <span class='ocrx_word' id='word_1_599' title='bbox 1983 4685 2089 4742; x_wconf 89' lang='lat' dir='ltr'><strong>Nos</strong></span> 
     </span>
    </p>
   </div>
   <div class='ocr_carea' id='block_1_84' title="bbox 509 4777 2090 4848">
    <p class='ocr_par' dir='ltr' id='par_1_84' title="bbox 509 4777 2090 4848">
     <span class='ocr_line' id='line_1_84' title="bbox 509 4777 2090 4848; baseline 0.006 -22"><span class='ocrx_word' id='word_1_600' title='bbox 509 4785 683 4830; x_wconf 88' lang='lat' dir='ltr'><strong>autem</strong></span> <span class='ocrx_word' id='word_1_601' title='bbox 714 4791 817 4830; x_wconf 91' lang='lat' dir='ltr'><strong>non</strong></span> <span class='ocrx_word' id='word_1_602' title='bbox 846 4791 877 4830; x_wconf 86' lang='lat' dir='ltr'><strong>a</strong></span> <span class='ocrx_word' id='word_1_603' title='bbox 905 4778 1076 4844; x_wconf 88' lang='lat' dir='ltr'><strong>vobis,</strong></span> <span class='ocrx_word' id='word_1_604' title='bbox 1101 4777 1187 4848; x_wconf 93' lang='lat' dir='ltr'><strong>qui</strong></span> <span class='ocrx_word' id='word_1_605' title='bbox 1212 4777 1263 4832; x_wconf 91' lang='lat' dir='ltr'><strong>in</strong></span> <span class='ocrx_word' id='word_1_606' title='bbox 1287 4778 1606 4848; x_wconf 82' lang='lat' dir='ltr'><strong>perfectiore</strong></span> <span class='ocrx_word' id='word_1_607' title='bbox 1629 4789 1784 4835; x_wconf 75' lang='lat' dir='ltr'><strong>:etate</strong></span> <span class='ocrx_word' id='word_1_608' title='bbox 1810 4779 1958 4842; x_wconf 90' lang='lat' dir='ltr'><strong>estis,</strong></span> <span class='ocrx_word' id='word_1_609' title='bbox 1989 4780 2090 4835; x_wconf 85' lang='lat' dir='ltr'><strong>hoc</strong></span> 
     </span>
    </p>
   </div>
   <div class='ocr_carea' id='block_1_85' title="bbox 512 4867 2089 4939">
    <p class='ocr_par' dir='ltr' id='par_1_85' title="bbox 512 4867 2089 4939">
     <span class='ocr_line' id='line_1_85' title="bbox 512 4867 2089 4939; baseline 0.004 -22"><span class='ocrx_word' id='word_1_610' title='bbox 512 4867 860 4935; x_wconf 86' lang='lat' dir='ltr'><strong>requirimus,</strong></span> <span class='ocrx_word' id='word_1_611' title='bbox 913 4867 1052 4936; x_wconf 90' lang='lat' dir='ltr'><strong>quod</strong></span> <span class='ocrx_word' id='word_1_612' title='bbox 1086 4881 1179 4921; x_wconf 89' lang='lat' dir='ltr'><strong>vos</strong></span> <span class='ocrx_word' id='word_1_613' title='bbox 1209 4882 1236 4920; x_wconf 89' lang='lat' dir='ltr'><strong>a</strong></span> <span class='ocrx_word' id='word_1_614' title='bbox 1269 4869 1392 4924; x_wconf 83' lang='lat' dir='ltr'><strong>filiis</strong></span> <span class='ocrx_word' id='word_1_615' title='bbox 1423 4871 1616 4925; x_wconf 82' lang='lat' dir='ltr'><strong>vestris</strong></span> <span class='ocrx_word' id='word_1_616' title='bbox 1647 4870 1876 4939; x_wconf 87' lang='lat' dir='ltr'><strong>exigitis.</strong></span> <span class='ocrx_word' id='word_1_617' title='bbox 1908 4868 2089 4938; x_wconf 84' lang='lat' dir='ltr'><strong>Neque</strong></span> 
     </span>
    </p>
   </div>
   <div class='ocr_carea' id='block_1_86' title="bbox 509 4959 2090 5031">
    <p class='ocr_par' dir='ltr' id='par_1_86' title="bbox 509 4959 2090 5031">
     <span class='ocr_line' id='line_1_86' title="bbox 509 4959 2090 5031; baseline 0.003 -19"><span class='ocrx_word' id='word_1_618' title='bbox 509 4961 649 5013; x_wconf 86' lang='lat' dir='ltr'><strong>enim</strong></span> <span class='ocrx_word' id='word_1_619' title='bbox 673 4959 928 5027; x_wconf 87' lang='lat' dir='ltr'><strong>quotidie,</strong></span> <span class='ocrx_word' id='word_1_620' title='bbox 950 4959 1038 5013; x_wconf 85' lang='lat' dir='ltr'><strong>sed</strong></span> <span class='ocrx_word' id='word_1_621' title='bbox 1061 4959 1138 5013; x_wconf 91' lang='lat' dir='ltr'><strong>bis</strong></span> <span class='ocrx_word' id='word_1_622' title='bbox 1158 4968 1359 5014; x_wconf 89' lang='lat' dir='ltr'><strong>tantum</strong></span> <span class='ocrx_word' id='word_1_623' title='bbox 1386 4961 1789 5016; x_wconf 83' lang='lat' dir='ltr'><strong>in‘hebdomada</strong></span> <span class='ocrx_word' id='word_1_624' title='bbox 1810 4961 1912 5031; x_wconf 92' lang='lat' dir='ltr'><strong>(a),</strong></span> <span class='ocrx_word' id='word_1_625' title='bbox 1934 4961 2090 5031; x_wconf 86' lang='lat' dir='ltr'><strong>idque</strong></span> 
     </span>
    </p>
   </div>
   <div class='ocr_carea' id='block_1_87' title="bbox 508 5048 2090 5118">
    <p class='ocr_par' dir='ltr' id='par_1_87' title="bbox 508 5048 2090 5118">
     <span class='ocr_line' id='line_1_87' title="bbox 508 5048 2090 5118; baseline 0.001 -15"><span class='ocrx_word' id='word_1_626' title='bbox 508 5065 601 5118; x_wconf 83' lang='lat' dir='ltr'><strong>per</strong></span> <span class='ocrx_word' id='word_1_627' title='bbox 633 5050 845 5104; x_wconf 87' lang='lat' dir='ltr'><strong>brevem</strong></span> <span class='ocrx_word' id='word_1_628' title='bbox 886 5048 988 5104; x_wconf 91' lang='lat' dir='ltr'><strong>diei</strong></span> <span class='ocrx_word' id='word_1_629' title='bbox 1031 5058 1230 5118; x_wconf 88' lang='lat' dir='ltr'><strong>partem</strong></span> <span class='ocrx_word' id='word_1_630' title='bbox 1257 5091 1270 5114; x_wconf 96' lang='lat'><strong>,</strong></span> <span class='ocrx_word' id='word_1_631' title='bbox 1320 5062 1374 5106; x_wconf 88' lang='lat' dir='ltr'><strong>ut</strong></span> <span class='ocrx_word' id='word_1_632' title='bbox 1420 5051 1655 5106; x_wconf 90' lang='lat' dir='ltr'><strong>laborem</strong></span> <span class='ocrx_word' id='word_1_633' title='bbox 1682 5051 1920 5108; x_wconf 88' lang='lat' dir='ltr'><strong>levemus</strong></span> <span class='ocrx_word' id='word_1_634' title='bbox 1945 5093 1957 5116; x_wconf 92' lang='lat'><strong>,</strong></span> <span class='ocrx_word' id='word_1_635' title='bbox 1994 5065 2090 5105; x_wconf 90' lang='lat' dir='ltr'><strong>vos</strong></span> 
     </span>
    </p>
   </div>
   <div class='ocr_carea' id='block_1_88' title="bbox 507 5139 2086 5212">
    <p class='ocr_par' dir='ltr' id='par_1_88' title="bbox 507 5139 2086 5212">
     <span class='ocr_line' id='line_1_88' title="bbox 507 5139 2086 5212; baseline -0.002 -16"><span class='ocrx_word' id='word_1_636' title='bbox 507 5141 748 5197; x_wconf 85' lang='lat' dir='ltr'><strong>concioni</strong></span> <span class='ocrx_word' id='word_1_637' title='bbox 775 5141 964 5196; x_wconf 87' lang='lat' dir='ltr'><strong>adesse</strong></span> <span class='ocrx_word' id='word_1_638' title='bbox 984 5149 1033 5194; x_wconf 88' lang='lat' dir='ltr'><strong>et</strong></span> <span class='ocrx_word' id='word_1_639' title='bbox 1057 5139 1332 5196; x_wconf 89' lang='lat' dir='ltr'><strong>attendere</strong></span> <span class='ocrx_word' id='word_1_640' title='bbox 1359 5141 1649 5197; x_wconf 88' lang='lat' dir='ltr'><strong>hortamur.</strong></span> <span class='ocrx_word' id='word_1_641' title='bbox 1685 5142 1806 5197; x_wconf 88' lang='lat' dir='ltr'><strong>Ideo</strong></span> <span class='ocrx_word' id='word_1_642' title='bbox 1838 5141 2086 5212; x_wconf 89' lang='lat' dir='ltr'><strong>paulatim</strong></span> 
     </span>
    </p>
   </div>
   <div class='ocr_carea' id='block_1_89' title="bbox 509 5233 2089 5304">
    <p class='ocr_par' dir='ltr' id='par_1_89' title="bbox 509 5233 2089 5304">
     <span class='ocr_line' id='line_1_89' title="bbox 509 5233 2089 5304; baseline 0.002 -18"><span class='ocrx_word' id='word_1_643' title='bbox 509 5233 659 5287; x_wconf 80' lang='lat' dir='ltr'><strong>vobis</strong></span> <span class='ocrx_word' id='word_1_644' title='bbox 683 5233 1075 5303; x_wconf 88' lang='lat' dir='ltr'><strong>Seripturarum</strong></span> <span class='ocrx_word' id='word_1_645' title='bbox 1103 5233 1245 5288; x_wconf 87' lang='lat' dir='ltr'><strong>dicta</strong></span> <span class='ocrx_word' id='word_1_646' title='bbox 1273 5233 1611 5304; x_wconf 89' lang='lat' dir='ltr'><strong>decerpimus</strong></span> <span class='ocrx_word' id='word_1_647' title='bbox 1634 5277 1649 5302; x_wconf 92' lang='lat'><strong>,</strong></span> <span class='ocrx_word' id='word_1_648' title='bbox 1699 5244 1756 5289; x_wconf 93' lang='lat' dir='ltr'><strong>ut</strong></span> <span class='ocrx_word' id='word_1_649' title='bbox 1793 5251 1853 5289; x_wconf 90' lang='lat' dir='ltr'><strong>ea</strong></span> <span class='ocrx_word' id='word_1_650' title='bbox 1887 5233 2089 5289; x_wconf 83' lang='lat' dir='ltr'><strong>facilius</strong></span> 
     </span>
    </p>
   </div>
   <div class='ocr_carea' id='block_1_90' title="bbox 507 5326 2089 5398">
    <p class='ocr_par' dir='ltr' id='par_1_90' title="bbox 507 5326 2089 5398">
     <span class='ocr_line' id='line_1_90' title="bbox 507 5326 2089 5398; baseline 0.001 -16"><span class='ocrx_word' id='word_1_651' title='bbox 507 5342 697 5397; x_wconf 82' lang='lat' dir='ltr'><strong>capere</strong></span> <span class='ocrx_word' id='word_1_652' title='bbox 724 5369 738 5392; x_wconf 96' lang='lat'><strong>,</strong></span> <span class='ocrx_word' id='word_1_653' title='bbox 769 5337 822 5381; x_wconf 88' lang='lat' dir='ltr'><strong>et</strong></span> <span class='ocrx_word' id='word_1_654' title='bbox 863 5326 913 5381; x_wconf 92' lang='lat' dir='ltr'><strong>in</strong></span> <span class='ocrx_word' id='word_1_655' title='bbox 955 5329 1147 5383; x_wconf 89' lang='lat' dir='ltr'><strong>mentis</strong></span> <span class='ocrx_word' id='word_1_656' title='bbox 1188 5335 1378 5382; x_wconf 78' lang='lat' dir='ltr'><strong>vestra:</strong></span> <span class='ocrx_word' id='word_1_657' title='bbox 1423 5329 1774 5398; x_wconf 89' lang='lat' dir='ltr'><strong>receptaculis</strong></span> <span class='ocrx_word' id='word_1_658' title='bbox 1820 5327 2089 5397; x_wconf 81' lang='lat' dir='ltr'><strong>deponere</strong></span> 
     </span>
    </p>
   </div>
   <div class='ocr_carea' id='block_1_91' title="bbox 510 5418 2088 5489">
    <p class='ocr_par' dir='ltr' id='par_1_91' title="bbox 510 5418 2088 5489">
     <span class='ocr_line' id='line_1_91' title="bbox 510 5418 2088 5489; baseline 0.001 -18"><span class='ocrx_word' id='word_1_659' title='bbox 510 5421 726 5474; x_wconf 85' lang='lat' dir='ltr'><strong>valeatis</strong></span> <span class='ocrx_word' id='word_1_660' title='bbox 747 5461 761 5484; x_wconf 92' lang='lat'><strong>,</strong></span> <span class='ocrx_word' id='word_1_661' title='bbox 796 5427 954 5488; x_wconf 84' lang='lat' dir='ltr'><strong>atque</strong></span> <span class='ocrx_word' id='word_1_662' title='bbox 993 5418 1044 5472; x_wconf 87' lang='lat' dir='ltr'><strong>in</strong></span> <span class='ocrx_word' id='word_1_663' title='bbox 1078 5421 1334 5475; x_wconf 88' lang='lat' dir='ltr'><strong>memoria</strong></span> <span class='ocrx_word' id='word_1_664' title='bbox 1363 5421 1629 5486; x_wconf 75' lang='lat' dir='ltr'><strong>retinere,</strong></span> <span class='ocrx_word' id='word_1_665' title='bbox 1681 5431 1733 5475; x_wconf 88' lang='grc' dir='ltr'><strong>ιιι</strong></span> <span class='ocrx_word' id='word_1_666' title='bbox 1782 5420 1996 5489; x_wconf 86' lang='lat' dir='ltr'><strong>possitis</strong></span> <span class='ocrx_word' id='word_1_667' title='bbox 2027 5435 2088 5474; x_wconf 87' lang='lat' dir='ltr'><strong>ea</strong></span> 
     </span>
    </p>
   </div>
   <div class='ocr_carea' id='block_1_92' title="bbox 505 5509 2087 5580">
    <p class='ocr_par' dir='ltr' id='par_1_92' title="bbox 505 5509 2087 5580">
     <span class='ocr_line' id='line_1_92' title="bbox 505 5509 2087 5580; baseline 0.002 -17"><span class='ocrx_word' id='word_1_668' title='bbox 505 5511 623 5564; x_wconf 84' lang='lat' dir='ltr'><strong>aliis</strong></span> <span class='ocrx_word' id='word_1_669' title='bbox 649 5510 866 5564; x_wconf 85' lang='lat' dir='ltr'><strong>referre.</strong></span> <span class='ocrx_word' id='word_1_670' title='bbox 897 5509 1005 5563; x_wconf 82' lang='lat' dir='ltr'><strong>Nisi</strong></span> <span class='ocrx_word' id='word_1_671' title='bbox 1036 5509 1256 5566; x_wconf 79' lang='lat' dir='ltr'><strong>fortasse</strong></span> <span class='ocrx_word' id='word_1_672' title='bbox 1282 5512 1542 5580; x_wconf 71' lang='lat' dir='ltr'><strong>quispiam</strong></span> <span class='ocrx_word' id='word_1_673' title='bbox 1570 5511 1857 5566; x_wconf 87' lang='lat' dir='ltr'><strong>admodum</strong></span> <span class='ocrx_word' id='word_1_674' title='bbox 1888 5512 2087 5566; x_wconf 90' lang='lat' dir='ltr'><strong>somni-</strong></span> 
     </span>
    </p>
   </div>
   <div class='ocr_carea' id='block_1_93' title="bbox 506 5600 2086 5672">
    <p class='ocr_par' dir='ltr' id='par_1_93' title="bbox 506 5600 2086 5672">
     <span class='ocr_line' id='line_1_93' title="bbox 506 5600 2086 5672; baseline 0.001 -18"><span class='ocrx_word' id='word_1_675' title='bbox 506 5602 720 5654; x_wconf 85' lang='lat' dir='ltr'><strong>culosos</strong></span> <span class='ocrx_word' id='word_1_676' title='bbox 748 5602 818 5655; x_wconf 86' lang='lat' dir='ltr'><strong>sit</strong></span> <span class='ocrx_word' id='word_1_677' title='bbox 842 5611 894 5654; x_wconf 91' lang='lat' dir='ltr'><strong>et</strong></span> <span class='ocrx_word' id='word_1_678' title='bbox 924 5600 1141 5668; x_wconf 84' lang='lat' dir='ltr'><strong>ignavus</strong></span> <span class='ocrx_word' id='word_1_679' title='bbox 1173 5602 1493 5672; x_wconf 90' lang='lat' dir='ltr'><strong>puernloque</strong></span> <span class='ocrx_word' id='word_1_680' title='bbox 1525 5602 1785 5657; x_wconf 90' lang='lat' dir='ltr'><strong>hebetior.</strong></span> <span class='ocrx_word' id='word_1_681' title='bbox 1820 5601 2086 5656; x_wconf 87' lang='lat' dir='ltr'><strong>Dictorum</strong></span> 
     </span>
    </p>
   </div>
   <div class='ocr_carea' id='block_1_94' title="bbox 507 5693 2084 5764">
    <p class='ocr_par' dir='ltr' id='par_1_94' title="bbox 507 5693 2084 5764">
     <span class='ocr_line' id='line_1_94' title="bbox 507 5693 2084 5764; baseline 0 -15"><span class='ocrx_word' id='word_1_682' title='bbox 507 5693 684 5762; x_wconf 83' lang='lat' dir='ltr'><strong>itaque</strong></span> <span class='ocrx_word' id='word_1_683' title='bbox 717 5694 910 5748; x_wconf 87' lang='lat' dir='ltr'><strong>seriem</strong></span> <span class='ocrx_word' id='word_1_684' title='bbox 941 5693 1298 5764; x_wconf 81' lang='lat' dir='ltr'><strong>arripiamus;</strong></span> <span class='ocrx_word' id='word_1_685' title='bbox 1337 5693 1624 5750; x_wconf 85' lang='lat' dir='ltr'><strong>Nieodemo</strong></span> <span class='ocrx_word' id='word_1_686' title='bbox 1650 5709 1875 5764; x_wconf 81' lang='lat' dir='ltr'><strong>namque</strong></span> <span class='ocrx_word' id='word_1_687' title='bbox 1908 5695 1957 5750; x_wconf 90' lang='lat' dir='ltr'><strong>in</strong></span> <span class='ocrx_word' id='word_1_688' title='bbox 1989 5695 2084 5749; x_wconf 87' lang='lat' dir='ltr'><strong>hu-</strong></span> 
     </span>
    </p>
   </div>
   <div class='ocr_carea' id='block_1_95' title="bbox 571 5849 1920 5914">
    <p class='ocr_par' dir='ltr' id='par_1_95' title="bbox 571 5849 1920 5914">
     <span class='ocr_line' id='line_1_95' title="bbox 571 5849 1920 5914; baseline -0.002 -14"><span class='ocrx_word' id='word_1_689' title='bbox 571 5851 644 5912; x_wconf 80' lang='grc' dir='ltr'><strong>(α)</strong></span> <span class='ocrx_word' id='word_1_690' title='bbox 679 5850 1038 5914; x_wconf 55' lang='lat' dir='ltr'><strong>Chqsostomus</strong></span> <span class='ocrx_word' id='word_1_691' title='bbox 1059 5851 1132 5899; x_wconf 85' lang='lat' dir='ltr'><strong>bis</strong></span> <span class='ocrx_word' id='word_1_692' title='bbox 1150 5852 1196 5899; x_wconf 91' lang='lat' dir='ltr'><strong>in</strong></span> <span class='ocrx_word' id='word_1_693' title='bbox 1223 5849 1520 5901; x_wconf 79' lang='lat' dir='ltr'><strong>hebdomade</strong></span> <span class='ocrx_word' id='word_1_694' title='bbox 1541 5853 1920 5899; x_wconf 70' lang='lat' dir='ltr'><strong>concionatmtur.</strong></span> 
     </span>
    </p>
   </div>
   <div class='ocr_carea' id='block_1_96' title="bbox 2201 4082 3791 4167">
    <p class='ocr_par' dir='ltr' id='par_1_96' title="bbox 2201 4082 3791 4167">
     <span class='ocr_line' id='line_1_96' title="bbox 2201 4082 3791 4167; baseline 0.012 -35"><span class='ocrx_word' id='word_1_695' title='bbox 2201 4082 2407 4137; x_wconf 89' lang='lat' dir='ltr'><strong>miliora</strong></span> <span class='ocrx_word' id='word_1_696' title='bbox 2438 4083 2737 4153; x_wconf 73' lang='lat' dir='ltr'><strong>decidt-nte,</strong></span> <span class='ocrx_word' id='word_1_697' title='bbox 2773 4097 2826 4143; x_wconf 88' lang='lat' dir='ltr'><strong>et</strong></span> <span class='ocrx_word' id='word_1_698' title='bbox 2854 4089 3049 4144; x_wconf 84' lang='lat' dir='ltr'><strong>Christi</strong></span> <span class='ocrx_word' id='word_1_699' title='bbox 3079 4088 3277 4145; x_wconf 84' lang='lat' dir='ltr'><strong>dictum</strong></span> <span class='ocrx_word' id='word_1_700' title='bbox 3309 4092 3371 4146; x_wconf 89' lang='lat' dir='ltr'><strong>ad</strong></span> <span class='ocrx_word' id='word_1_701' title='bbox 3403 4101 3668 4148; x_wconf 89' lang='lat' dir='ltr'><strong>terrenam</strong></span> <span class='ocrx_word' id='word_1_702' title='bbox 3691 4112 3791 4167; x_wconf 80' lang='lat' dir='ltr'><strong>ge-</strong></span> 
     </span>
    </p>
   </div>
   <div class='ocr_carea' id='block_1_97' title="bbox 2202 4174 3791 4254">
    <p class='ocr_par' dir='ltr' id='par_1_97' title="bbox 2202 4174 3791 4254">
     <span class='ocr_line' id='line_1_97' title="bbox 2202 4174 3791 4254; baseline 0.013 -30"><span class='ocrx_word' id='word_1_703' title='bbox 2202 4174 2529 4229; x_wconf 88' lang='lat' dir='ltr'><strong>nerationem</strong></span> <span class='ocrx_word' id='word_1_704' title='bbox 2560 4177 2894 4248; x_wconf 82' lang='lat' dir='ltr'><strong>deprimente</strong></span> <span class='ocrx_word' id='word_1_705' title='bbox 2916 4223 2931 4246; x_wconf 92' lang='lat'><strong>,</strong></span> <span class='ocrx_word' id='word_1_706' title='bbox 2965 4197 3027 4235; x_wconf 87' lang='lat' dir='ltr'><strong>ac</strong></span> <span class='ocrx_word' id='word_1_707' title='bbox 3060 4182 3273 4238; x_wconf 89' lang='lat' dir='ltr'><strong>dicente</strong></span> <span class='ocrx_word' id='word_1_708' title='bbox 3306 4185 3633 4254; x_wconf 66' lang='lat' dir='ltr'><strong>impossibile</strong></span> <span class='ocrx_word' id='word_1_709' title='bbox 3665 4203 3791 4245; x_wconf 85' lang='lat' dir='ltr'><strong>esse</strong></span> 
     </span>
    </p>
   </div>
   <div class='ocr_carea' id='block_1_98' title="bbox 2198 4270 3792 4343">
    <p class='ocr_par' dir='ltr' id='par_1_98' title="bbox 2198 4270 3792 4343">
     <span class='ocr_line' id='line_1_98' title="bbox 2198 4270 3792 4343; baseline 0.011 -24"><span class='ocrx_word' id='word_1_710' title='bbox 2198 4281 2378 4322; x_wconf 85' lang='lat' dir='ltr'><strong>senem</strong></span> <span class='ocrx_word' id='word_1_711' title='bbox 2418 4270 2597 4323; x_wconf 89' lang='lat' dir='ltr'><strong>denuo</strong></span> <span class='ocrx_word' id='word_1_712' title='bbox 2628 4274 2809 4336; x_wconf 87' lang='lat' dir='ltr'><strong>nasci,</strong></span> <span class='ocrx_word' id='word_1_713' title='bbox 2844 4274 3089 4329; x_wconf 77' lang='lat' dir='ltr'><strong>Christus</strong></span> <span class='ocrx_word' id='word_1_714' title='bbox 3116 4277 3471 4343; x_wconf 80' lang='lat' dir='ltr'><strong>geiteralionis</strong></span> <span class='ocrx_word' id='word_1_715' title='bbox 3504 4279 3644 4333; x_wconf 90' lang='lat' dir='ltr'><strong>illius</strong></span> <span class='ocrx_word' id='word_1_716' title='bbox 3673 4296 3792 4336; x_wconf 85' lang='lat' dir='ltr'><strong>Ino-</strong></span> 
     </span>
    </p>
   </div>
   <div class='ocr_carea' id='block_1_99' title="bbox 2197 4357 3786 4442">
    <p class='ocr_par' dir='ltr' id='par_1_99' title="bbox 2197 4357 3786 4442">
     <span class='ocr_line' id='line_1_99' title="bbox 2197 4357 3786 4442; baseline 0.01 -32"><span class='ocrx_word' id='word_1_717' title='bbox 2197 4357 2322 4411; x_wconf 91' lang='lat' dir='ltr'><strong>dum</strong></span> <span class='ocrx_word' id='word_1_718' title='bbox 2349 4360 2546 4414; x_wconf 89' lang='lat' dir='ltr'><strong>clarius</strong></span> <span class='ocrx_word' id='word_1_719' title='bbox 2572 4362 2820 4431; x_wconf 61' lang='lat' dir='ltr'><strong>explicat,</strong></span> <span class='ocrx_word' id='word_1_720' title='bbox 2855 4365 2942 4431; x_wconf 90' lang='lat' dir='ltr'><strong>qui</strong></span> <span class='ocrx_word' id='word_1_721' title='bbox 2971 4364 3187 4420; x_wconf 83' lang='lat' dir='ltr'><strong>difﬁcile</strong></span> <span class='ocrx_word' id='word_1_722' title='bbox 3212 4368 3426 4437; x_wconf 89' lang='lat' dir='ltr'><strong>quidem</strong></span> <span class='ocrx_word' id='word_1_723' title='bbox 3457 4369 3786 4442; x_wconf 77' lang='lat' dir='ltr'><strong>intelligere-</strong></span> 
     </span>
    </p>
   </div>
   <div class='ocr_carea' id='block_1_100' title="bbox 2200 4449 3790 4533">
    <p class='ocr_par' dir='ltr' id='par_1_100' title="bbox 2200 4449 3790 4533">
     <span class='ocr_line' id='line_1_100' title="bbox 2200 4449 3790 4533; baseline 0.014 -33"><span class='ocrx_word' id='word_1_724' title='bbox 2200 4459 2283 4502; x_wconf 91' lang='lat' dir='ltr'><strong>tur</strong></span> <span class='ocrx_word' id='word_1_725' title='bbox 2307 4449 2372 4504; x_wconf 88' lang='lat' dir='ltr'><strong>ab</strong></span> <span class='ocrx_word' id='word_1_726' title='bbox 2402 4467 2485 4514; x_wconf 89' lang='lat' dir='ltr'><strong>eo,</strong></span> <span class='ocrx_word' id='word_1_727' title='bbox 2516 4453 2603 4522; x_wconf 91' lang='lat' dir='ltr'><strong>qui</strong></span> <span class='ocrx_word' id='word_1_728' title='bbox 2631 4454 2844 4508; x_wconf 79' lang='lat' dir='ltr'><strong>animali</strong></span> <span class='ocrx_word' id='word_1_729' title='bbox 2880 4457 3038 4510; x_wconf 85' lang='lat' dir='ltr'><strong>tuodo</strong></span> <span class='ocrx_word' id='word_1_730' title='bbox 3068 4459 3465 4530; x_wconf 83' lang='lat' dir='ltr'><strong>interrogasset,</strong></span> <span class='ocrx_word' id='word_1_731' title='bbox 3497 4473 3790 4533; x_wconf 72' lang='lat' dir='ltr'><strong>pOSsctqtte</strong></span> 
     </span>
    </p>
   </div>
   <div class='ocr_carea' id='block_1_101' title="bbox 2197 4544 3790 4622">
    <p class='ocr_par' dir='ltr' id='par_1_101' title="bbox 2197 4544 3790 4622">
     <span class='ocr_line' id='line_1_101' title="bbox 2197 4544 3790 4622; baseline 0.01 -30"><span class='ocrx_word' id='word_1_732' title='bbox 2197 4551 2372 4596; x_wconf 88' lang='lat' dir='ltr'><strong>tamen</strong></span> <span class='ocrx_word' id='word_1_733' title='bbox 2416 4545 2483 4597; x_wconf 87' lang='lat' dir='ltr'><strong>ab</strong></span> <span class='ocrx_word' id='word_1_734' title='bbox 2511 4544 2610 4599; x_wconf 88' lang='lat' dir='ltr'><strong>hac</strong></span> <span class='ocrx_word' id='word_1_735' title='bbox 2634 4545 2840 4615; x_wconf 85' lang='lat' dir='ltr'><strong>ahjeeta</strong></span> <span class='ocrx_word' id='word_1_736' title='bbox 2871 4549 3197 4618; x_wconf 86' lang='lat' dir='ltr'><strong>cogitatione</strong></span> <span class='ocrx_word' id='word_1_737' title='bbox 3231 4552 3646 4622; x_wconf 88' lang='lat' dir='ltr'><strong>interrogantem</strong></span> <span class='ocrx_word' id='word_1_738' title='bbox 3679 4559 3790 4611; x_wconf 78' lang='lat' dir='ltr'><strong>eri.</strong></span> 
     </span>
    </p>
   </div>
   <div class='ocr_carea' id='block_1_102' title="bbox 2193 4635 3789 4712">
    <p class='ocr_par' dir='ltr' id='par_1_102' title="bbox 2193 4635 3789 4712">
     <span class='ocr_line' id='line_1_102' title="bbox 2193 4635 3789 4712; baseline 0.011 -26"><span class='ocrx_word' id='word_1_739' title='bbox 2193 4648 2336 4701; x_wconf 90' lang='lat' dir='ltr'><strong>gere.</strong></span> <span class='ocrx_word' id='word_1_740' title='bbox 2369 4635 2504 4701; x_wconf 86' lang='lat' dir='ltr'><strong>Quid</strong></span> <span class='ocrx_word' id='word_1_741' title='bbox 2533 4639 2675 4692; x_wconf 88' lang='lat' dir='ltr'><strong>enim</strong></span> <span class='ocrx_word' id='word_1_742' title='bbox 2703 4639 2870 4693; x_wconf 89' lang='lat' dir='ltr'><strong>dicit?</strong></span> <span class='ocrx_word' id='word_1_743' title='bbox 2899 4641 3056 4694; x_wconf 78' lang='lat' dir='ltr'><strong>Amen</strong></span> <span class='ocrx_word' id='word_1_744' title='bbox 3089 4642 3199 4695; x_wconf 83' lang='lat' dir='ltr'><strong>dico</strong></span> <span class='ocrx_word' id='word_1_745' title='bbox 3225 4642 3342 4708; x_wconf 84' lang='lat' dir='ltr'><strong>tibi,</strong></span> <span class='ocrx_word' id='word_1_746' title='bbox 3379 4646 3476 4698; x_wconf 87' lang='lat' dir='ltr'><strong>nisi</strong></span> <span class='ocrx_word' id='word_1_747' title='bbox 3499 4647 3609 4712; x_wconf 80' lang='lat' dir='ltr'><strong>quis</strong></span> <span class='ocrx_word' id='word_1_748' title='bbox 3636 4662 3789 4704; x_wconf 81' lang='lat' dir='ltr'><strong>natus</strong></span> 
     </span>
    </p>
   </div>
   <div class='ocr_carea' id='block_1_103' title="bbox 2196 4729 3787 4810">
    <p class='ocr_par' dir='ltr' id='par_1_103' title="bbox 2196 4729 3787 4810">
     <span class='ocr_line' id='line_1_103' title="bbox 2196 4729 3787 4810; baseline 0.009 -31"><span class='ocrx_word' id='word_1_749' title='bbox 2196 4729 2347 4798; x_wconf 78' lang='lat' dir='ltr'><strong>fuerit</strong></span> <span class='ocrx_word' id='word_1_750' title='bbox 2377 4745 2440 4782; x_wconf 76' lang='lat' dir='ltr'><strong>ex</strong></span> <span class='ocrx_word' id='word_1_751' title='bbox 2465 4746 2595 4798; x_wconf 85' lang='lat' dir='ltr'><strong>aqua</strong></span> <span class='ocrx_word' id='word_1_752' title='bbox 2624 4741 2668 4784; x_wconf 89' lang='lat' dir='ltr'><strong>et</strong></span> <span class='ocrx_word' id='word_1_753' title='bbox 2699 4732 2898 4801; x_wconf 83' lang='lat' dir='ltr'><strong>Spiritu</strong></span> <span class='ocrx_word' id='word_1_754' title='bbox 2923 4773 2937 4793; x_wconf 86' lang='lat'><strong>,</strong></span> <span class='ocrx_word' id='word_1_755' title='bbox 2968 4750 3069 4787; x_wconf 84' lang='lat' dir='ltr'><strong>non</strong></span> <span class='ocrx_word' id='word_1_756' title='bbox 3097 4745 3258 4804; x_wconf 82' lang='lat' dir='ltr'><strong>potest</strong></span> <span class='ocrx_word' id='word_1_757' title='bbox 3286 4737 3476 4791; x_wconf 86' lang='lat' dir='ltr'><strong>intrare</strong></span> <span class='ocrx_word' id='word_1_758' title='bbox 3497 4739 3548 4792; x_wconf 90' lang='lat' dir='ltr'><strong>in</strong></span> <span class='ocrx_word' id='word_1_759' title='bbox 3572 4756 3787 4810; x_wconf 74' lang='lat' dir='ltr'><strong>regnum</strong></span> 
     </span>
    </p>
   </div>
   <div class='ocr_carea' id='block_1_104' title="bbox 2194 4818 3785 4897">
    <p class='ocr_par' dir='ltr' id='par_1_104' title="bbox 2194 4818 3785 4897">
     <span class='ocr_line' id='line_1_104' title="bbox 2194 4818 3785 4897; baseline 0.009 -26"><span class='ocrx_word' id='word_1_760' title='bbox 2194 4818 2322 4883; x_wconf 85' lang='lat' dir='ltr'><strong>Dei;</strong></span> <span class='ocrx_word' id='word_1_761' title='bbox 2367 4820 2416 4874; x_wconf 91' lang='lat' dir='ltr'><strong>id</strong></span> <span class='ocrx_word' id='word_1_762' title='bbox 2460 4834 2535 4877; x_wconf 88' lang='lat' dir='ltr'><strong>est</strong></span> <span class='ocrx_word' id='word_1_763' title='bbox 2566 4843 2578 4879; x_wconf 89' lang='lat'>:</span> <span class='ocrx_word' id='word_1_764' title='bbox 2604 4823 2683 4878; x_wconf 89' lang='lat' dir='ltr'><strong>Tu</strong></span> <span class='ocrx_word' id='word_1_765' title='bbox 2711 4827 2921 4895; x_wconf 84' lang='lat' dir='ltr'><strong>quidem</strong></span> <span class='ocrx_word' id='word_1_766' title='bbox 2955 4826 3058 4881; x_wconf 88' lang='lat' dir='ltr'><strong>hoc</strong></span> <span class='ocrx_word' id='word_1_767' title='bbox 3105 4828 3433 4897; x_wconf 89' lang='lat' dir='ltr'><strong>impossibile</strong></span> <span class='ocrx_word' id='word_1_768' title='bbox 3462 4846 3582 4886; x_wconf 68' lang='lat' dir='ltr'><strong>esse</strong></span> <span class='ocrx_word' id='word_1_769' title='bbox 3610 4832 3741 4887; x_wconf 81' lang='lat' dir='ltr'><strong>diris</strong></span> <span class='ocrx_word' id='word_1_770' title='bbox 3772 4851 3785 4885; x_wconf 88' lang='lat'><strong>:</strong></span> 
     </span>
    </p>
   </div>
   <div class='ocr_carea' id='block_1_105' title="bbox 2193 4915 3785 4986">
    <p class='ocr_par' dir='ltr' id='par_1_105' title="bbox 2193 4915 3785 4986">
     <span class='ocr_line' id='line_1_105' title="bbox 2193 4915 3785 4986; baseline 0.006 -20"><span class='ocrx_word' id='word_1_771' title='bbox 2193 4928 2292 4982; x_wconf 88' lang='lat' dir='ltr'><strong>ego</strong></span> <span class='ocrx_word' id='word_1_772' title='bbox 2318 4929 2443 4968; x_wconf 86' lang='lat' dir='ltr'><strong>vero</strong></span> <span class='ocrx_word' id='word_1_773' title='bbox 2473 4915 2758 4970; x_wconf 89' lang='lat' dir='ltr'><strong>admodum</strong></span> <span class='ocrx_word' id='word_1_774' title='bbox 2794 4917 3047 4986; x_wconf 80' lang='lat' dir='ltr'><strong>possibile</strong></span> <span class='ocrx_word' id='word_1_775' title='bbox 3077 4918 3224 4984; x_wconf 85' lang='lat' dir='ltr'><strong>dico;</strong></span> <span class='ocrx_word' id='word_1_776' title='bbox 3261 4929 3316 4974; x_wconf 90' lang='lat' dir='ltr'><strong>ut</strong></span> <span class='ocrx_word' id='word_1_777' title='bbox 3341 4921 3499 4976; x_wconf 87' lang='lat' dir='ltr'><strong>etiam</strong></span> <span class='ocrx_word' id='word_1_778' title='bbox 3531 4938 3785 4977; x_wconf 67' lang='lat' dir='ltr'><strong>necessa-</strong></span> 
     </span>
    </p>
   </div>
   <div class='ocr_carea' id='block_1_106' title="bbox 2194 5008 3781 5084">
    <p class='ocr_par' dir='ltr' id='par_1_106' title="bbox 2194 5008 3781 5084">
     <span class='ocr_line' id='line_1_106' title="bbox 2194 5008 3781 5084; baseline 0.009 -26"><span class='ocrx_word' id='word_1_779' title='bbox 2194 5008 2328 5059; x_wconf 90' lang='lat' dir='ltr'><strong>rium</strong></span> <span class='ocrx_word' id='word_1_780' title='bbox 2355 5008 2452 5072; x_wconf 87' lang='lat' dir='ltr'><strong>sit,</strong></span> <span class='ocrx_word' id='word_1_781' title='bbox 2484 5020 2538 5064; x_wconf 88' lang='lat' dir='ltr'><strong>et</strong></span> <span class='ocrx_word' id='word_1_782' title='bbox 2566 5011 2682 5064; x_wconf 88' lang='lat' dir='ltr'><strong>sine</strong></span> <span class='ocrx_word' id='word_1_783' title='bbox 2715 5010 2803 5064; x_wconf 90' lang='lat' dir='ltr'><strong>illo</strong></span> <span class='ocrx_word' id='word_1_784' title='bbox 2834 5027 2990 5064; x_wconf 78' lang='lat' dir='ltr'><strong>nemo</strong></span> <span class='ocrx_word' id='word_1_785' title='bbox 3018 5011 3195 5066; x_wconf 86' lang='lat' dir='ltr'><strong>salvus</strong></span> <span class='ocrx_word' id='word_1_786' title='bbox 3222 5028 3341 5069; x_wconf 68' lang='lat' dir='ltr'><strong>esse</strong></span> <span class='ocrx_word' id='word_1_787' title='bbox 3374 5015 3556 5084; x_wconf 90' lang='lat' dir='ltr'><strong>possit.</strong></span> <span class='ocrx_word' id='word_1_788' title='bbox 3587 5015 3781 5071; x_wconf 82' lang='lat' dir='ltr'><strong>Neces-</strong></span> 
     </span>
    </p>
   </div>
   <div class='ocr_carea' id='block_1_107' title="bbox 2192 5099 3784 5166">
    <p class='ocr_par' dir='ltr' id='par_1_107' title="bbox 2192 5099 3784 5166">
     <span class='ocr_line' id='line_1_107' title="bbox 2192 5099 3784 5166; baseline 0.009 -15"><span class='ocrx_word' id='word_1_789' title='bbox 2192 5099 2329 5152; x_wconf 89' lang='lat' dir='ltr'><strong>saria</strong></span> <span class='ocrx_word' id='word_1_790' title='bbox 2359 5101 2534 5165; x_wconf 85' lang='lat' dir='ltr'><strong>enim,</strong></span> <span class='ocrx_word' id='word_1_791' title='bbox 2583 5101 2736 5156; x_wconf 91' lang='lat' dir='ltr'><strong>nobis</strong></span> <span class='ocrx_word' id='word_1_792' title='bbox 2767 5102 3054 5157; x_wconf 89' lang='lat' dir='ltr'><strong>admodum</strong></span> <span class='ocrx_word' id='word_1_793' title='bbox 3089 5104 3259 5158; x_wconf 85' lang='lat' dir='ltr'><strong>facilia</strong></span> <span class='ocrx_word' id='word_1_794' title='bbox 3308 5106 3431 5161; x_wconf 91' lang='lat' dir='ltr'><strong>fecit</strong></span> <span class='ocrx_word' id='word_1_795' title='bbox 3460 5107 3619 5163; x_wconf 88' lang='lat' dir='ltr'><strong>Deus.</strong></span> <span class='ocrx_word' id='word_1_796' title='bbox 3649 5104 3784 5166; x_wconf 84' lang='lat' dir='ltr'><strong>Nam</strong></span> 
     </span>
    </p>
   </div>
   <div class='ocr_carea' id='block_1_108' title="bbox 2194 5189 3784 5267">
    <p class='ocr_par' dir='ltr' id='par_1_108' title="bbox 2194 5189 3784 5267">
     <span class='ocr_line' id='line_1_108' title="bbox 2194 5189 3784 5267; baseline 0.009 -25"><span class='ocrx_word' id='word_1_797' title='bbox 2194 5199 2401 5246; x_wconf 90' lang='lat' dir='ltr'><strong>terrena</strong></span> <span class='ocrx_word' id='word_1_798' title='bbox 2449 5192 2661 5262; x_wconf 85' lang='lat' dir='ltr'><strong>quidem</strong></span> <span class='ocrx_word' id='word_1_799' title='bbox 2706 5199 3018 5264; x_wconf 72' lang='lat' dir='ltr'><strong>generatio,</strong></span> <span class='ocrx_word' id='word_1_800' title='bbox 3064 5196 3358 5250; x_wconf 89' lang='lat' dir='ltr'><strong>secundum</strong></span> <span class='ocrx_word' id='word_1_801' title='bbox 3407 5189 3662 5267; x_wconf 82' lang='lat' dir='ltr'><strong>carnem,</strong></span> <span class='ocrx_word' id='word_1_802' title='bbox 3717 5217 3784 5256; x_wconf 88' lang='lat' dir='ltr'><strong>ex</strong></span> 
     </span>
    </p>
   </div>
   <div class='ocr_carea' id='block_1_109' title="bbox 2192 5283 3783 5355">
    <p class='ocr_par' dir='ltr' id='par_1_109' title="bbox 2192 5283 3783 5355">
     <span class='ocr_line' id='line_1_109' title="bbox 2192 5283 3783 5355; baseline 0.008 -22"><span class='ocrx_word' id='word_1_803' title='bbox 2192 5283 2407 5352; x_wconf 87' lang='lat' dir='ltr'><strong>pulvere</strong></span> <span class='ocrx_word' id='word_1_804' title='bbox 2438 5295 2518 5338; x_wconf 77' lang='lat' dir='ltr'><strong>est</strong></span> <span class='ocrx_word' id='word_1_805' title='bbox 2542 5303 2555 5336; x_wconf 87' lang='lat'><strong>:</strong></span> <span class='ocrx_word' id='word_1_806' title='bbox 2579 5295 2907 5355; x_wconf 79' lang='lat' dir='ltr'><strong>quapropter</strong></span> <span class='ocrx_word' id='word_1_807' title='bbox 2935 5303 2962 5340; x_wconf 88' lang='lat' dir='ltr'><strong>a</strong></span> <span class='ocrx_word' id='word_1_808' title='bbox 2995 5285 3296 5341; x_wconf 70' lang='lat' dir='ltr'><strong>earlestibus</strong></span> <span class='ocrx_word' id='word_1_809' title='bbox 3329 5287 3414 5343; x_wconf 87' lang='lat' dir='ltr'><strong>illa</strong></span> <span class='ocrx_word' id='word_1_810' title='bbox 3463 5289 3783 5346; x_wconf 86' lang='lat' dir='ltr'><strong>intercludi-</strong></span> 
     </span>
    </p>
   </div>
   <div class='ocr_carea' id='block_1_110' title="bbox 2194 5376 3782 5444">
    <p class='ocr_par' dir='ltr' id='par_1_110' title="bbox 2194 5376 3782 5444">
     <span class='ocr_line' id='line_1_110' title="bbox 2194 5376 3782 5444; baseline 0.006 -16"><span class='ocrx_word' id='word_1_811' title='bbox 2194 5385 2312 5429; x_wconf 90' lang='lat' dir='ltr'><strong>tur:</strong></span> <span class='ocrx_word' id='word_1_812' title='bbox 2337 5376 2460 5444; x_wconf 88' lang='lat' dir='ltr'><strong>quid</strong></span> <span class='ocrx_word' id='word_1_813' title='bbox 2491 5379 2632 5432; x_wconf 90' lang='lat' dir='ltr'><strong>enim</strong></span> <span class='ocrx_word' id='word_1_814' title='bbox 2664 5378 2821 5432; x_wconf 90' lang='lat' dir='ltr'><strong>habet</strong></span> <span class='ocrx_word' id='word_1_815' title='bbox 2857 5390 2995 5432; x_wconf 80' lang='lat' dir='ltr'><strong>terra</strong></span> <span class='ocrx_word' id='word_1_816' title='bbox 3028 5394 3148 5433; x_wconf 92' lang='lat' dir='ltr'><strong>eum</strong></span> <span class='ocrx_word' id='word_1_817' title='bbox 3175 5380 3307 5435; x_wconf 64' lang='lat' dir='ltr'><strong>cado</strong></span> <span class='ocrx_word' id='word_1_818' title='bbox 3333 5384 3658 5437; x_wconf 76' lang='lat' dir='ltr'><strong>commune?</strong></span> <span class='ocrx_word' id='word_1_819' title='bbox 3689 5382 3782 5438; x_wconf 86' lang='lat' dir='ltr'><strong>Illa</strong></span> 
     </span>
    </p>
   </div>
   <div class='ocr_carea' id='block_1_111' title="bbox 2192 5469 3788 5538">
    <p class='ocr_par' dir='ltr' id='par_1_111' title="bbox 2192 5469 3788 5538">
     <span class='ocr_line' id='line_1_111' title="bbox 2192 5469 3788 5538; baseline 0.007 -17"><span class='ocrx_word' id='word_1_820' title='bbox 2192 5484 2317 5523; x_wconf 82' lang='lat' dir='ltr'><strong>vero</strong></span> <span class='ocrx_word' id='word_1_821' title='bbox 2347 5486 2411 5524; x_wconf 77' lang='lat' dir='ltr'><strong>ex</strong></span> <span class='ocrx_word' id='word_1_822' title='bbox 2444 5470 2640 5538; x_wconf 86' lang='lat' dir='ltr'><strong>Spiritu</strong></span> <span class='ocrx_word' id='word_1_823' title='bbox 2686 5469 2839 5525; x_wconf 77' lang='lat' dir='ltr'><strong>facile</strong></span> <span class='ocrx_word' id='word_1_824' title='bbox 2891 5470 3045 5526; x_wconf 86' lang='lat' dir='ltr'><strong>nobis</strong></span> <span class='ocrx_word' id='word_1_825' title='bbox 3087 5471 3331 5526; x_wconf 74' lang='lat' dir='ltr'><strong>cadestes</strong></span> <span class='ocrx_word' id='word_1_826' title='bbox 3380 5473 3501 5527; x_wconf 88' lang='lat' dir='ltr'><strong>illos</strong></span> <span class='ocrx_word' id='word_1_827' title='bbox 3548 5473 3788 5532; x_wconf 81' lang='lat' dir='ltr'><strong>fornices</strong></span> 
     </span>
    </p>
   </div>
   <div class='ocr_carea' id='block_1_112' title="bbox 2192 5561 3786 5632">
    <p class='ocr_par' dir='ltr' id='par_1_112' title="bbox 2192 5561 3786 5632">
     <span class='ocr_line' id='line_1_112' title="bbox 2192 5561 3786 5632; baseline 0.005 -19"><span class='ocrx_word' id='word_1_828' title='bbox 2192 5561 2380 5630; x_wconf 87' lang='lat' dir='ltr'><strong>aperit.</strong></span> <span class='ocrx_word' id='word_1_829' title='bbox 2432 5561 2624 5616; x_wconf 86' lang='lat' dir='ltr'><strong>Audite</strong></span> <span class='ocrx_word' id='word_1_830' title='bbox 2679 5572 2932 5632; x_wconf 87' lang='lat' dir='ltr'><strong>quotquot</strong></span> <span class='ocrx_word' id='word_1_831' title='bbox 2984 5562 3218 5616; x_wconf 84' lang='lat' dir='ltr'><strong>nomium</strong></span> <span class='ocrx_word' id='word_1_832' title='bbox 3270 5564 3548 5618; x_wconf 86' lang='lat' dir='ltr'><strong>illuminati</strong></span> <span class='ocrx_word' id='word_1_833' title='bbox 3603 5568 3786 5622; x_wconf 88' lang='lat' dir='ltr'><strong>estis:</strong></span> 
     </span>
    </p>
   </div>
   <div class='ocr_carea' id='block_1_113' title="bbox 2191 5651 3789 5722">
    <p class='ocr_par' dir='ltr' id='par_1_113' title="bbox 2191 5651 3789 5722">
     <span class='ocr_line' id='line_1_113' title="bbox 2191 5651 3789 5722; baseline 0.004 -17"><span class='ocrx_word' id='word_1_834' title='bbox 2191 5651 2580 5718; x_wconf 73' lang='lat' dir='ltr'><strong>exhorrescite,</strong></span> <span class='ocrx_word' id='word_1_835' title='bbox 2612 5653 2806 5722; x_wconf 80' lang='lat' dir='ltr'><strong>gentile</strong></span> <span class='ocrx_word' id='word_1_836' title='bbox 2829 5673 2841 5708; x_wconf 89' lang='lat'><strong>:</strong></span> <span class='ocrx_word' id='word_1_837' title='bbox 2864 5653 3137 5709; x_wconf 88' lang='lat' dir='ltr'><strong>tremenda</strong></span> <span class='ocrx_word' id='word_1_838' title='bbox 3163 5654 3357 5722; x_wconf 88' lang='lat' dir='ltr'><strong>quippe</strong></span> <span class='ocrx_word' id='word_1_839' title='bbox 3383 5664 3460 5708; x_wconf 77' lang='lat' dir='ltr'><strong>est</strong></span> <span class='ocrx_word' id='word_1_840' title='bbox 3487 5657 3789 5712; x_wconf 82' lang='lat' dir='ltr'><strong>commina-</strong></span> 
     </span>
    </p>
   </div>
   <div class='ocr_carea' id='block_1_114' title="bbox 2194 5744 3788 5817">
    <p class='ocr_par' dir='ltr' id='par_1_114' title="bbox 2194 5744 3788 5817">
     <span class='ocr_line' id='line_1_114' title="bbox 2194 5744 3788 5817; baseline 0.006 -22"><span class='ocrx_word' id='word_1_841' title='bbox 2194 5745 2300 5807; x_wconf 82' lang='lat' dir='ltr'><strong>tio,</strong></span> <span class='ocrx_word' id='word_1_842' title='bbox 2332 5744 2584 5799; x_wconf 79' lang='lat' dir='ltr'><strong>terribilis</strong></span> <span class='ocrx_word' id='word_1_843' title='bbox 2624 5746 2915 5802; x_wconf 83' lang='lat' dir='ltr'><strong>sententia:</strong></span> <span class='ocrx_word' id='word_1_844' title='bbox 2955 5744 3071 5799; x_wconf 76' lang='lat' dir='ltr'><strong>Non</strong></span> <span class='ocrx_word' id='word_1_845' title='bbox 3104 5755 3284 5812; x_wconf 81' lang='lat' dir='ltr'><strong>potest,</strong></span> <span class='ocrx_word' id='word_1_846' title='bbox 3320 5745 3519 5815; x_wconf 89' lang='lat' dir='ltr'><strong>inquit,</strong></span> <span class='ocrx_word' id='word_1_847' title='bbox 3562 5749 3650 5817; x_wconf 77' lang='lat' dir='ltr'><strong>qui</strong></span> <span class='ocrx_word' id='word_1_848' title='bbox 3681 5767 3788 5806; x_wconf 73' lang='lat' dir='ltr'><strong>non</strong></span> 
     </span>
    </p>
   </div>
   <div class='ocr_carea' id='block_1_115' title="bbox 2197 5837 3788 5909">
    <p class='ocr_par' dir='ltr' id='par_1_115' title="bbox 2197 5837 3788 5909">
     <span class='ocr_line' id='line_1_115' title="bbox 2197 5837 3788 5909; baseline 0.009 -25"><span class='ocrx_word' id='word_1_849' title='bbox 2197 5848 2335 5887; x_wconf 67' lang='lat' dir='ltr'><strong>nnitts‘</strong></span> <span class='ocrx_word' id='word_1_850' title='bbox 2381 5849 2448 5888; x_wconf 56' lang='grc' dir='ltr'><strong>νει</strong></span> <span class='ocrx_word' id='word_1_851' title='bbox 2479 5855 2536 5891; x_wconf 72' lang='grc' dir='ltr'><strong>(π</strong></span> <span class='ocrx_word' id='word_1_852' title='bbox 2565 5855 2694 5906; x_wconf 74' lang='lat' dir='ltr'><strong>aqua</strong></span> <span class='ocrx_word' id='word_1_853' title='bbox 2738 5848 2780 5892; x_wconf 79' lang='lat' dir='ltr'><strong>et</strong></span> <span class='ocrx_word' id='word_1_854' title='bbox 2811 5837 3044 5909; x_wconf 77' lang='lat' dir='ltr'><strong>Spiritu,</strong></span> <span class='ocrx_word' id='word_1_855' title='bbox 3087 5840 3273 5893; x_wconf 82' lang='lat' dir='ltr'><strong>intrare</strong></span> <span class='ocrx_word' id='word_1_856' title='bbox 3306 5839 3356 5892; x_wconf 87' lang='lat' dir='ltr'><strong>in</strong></span> <span class='ocrx_word' id='word_1_857' title='bbox 3386 5854 3596 5908; x_wconf 73' lang='lat' dir='ltr'><strong>regnum</strong></span> <span class='ocrx_word' id='word_1_858' title='bbox 3627 5843 3788 5898; x_wconf 60' lang='grc' dir='ltr'>πατιοο</span> 
     </span>
    </p>
   </div>
  </div>
