4078 6482
218 451 299 508 ηε
1263 440 1329 500 tN
1365 438 1675 500 JOANNEM
1717 434 1950 500 uoutL.
1995 436 2162 494 xxv.
2204 439 2276 494 al.
2320 439 2514 496 sxw.

213 585 325 623 rum.
352 565 481 634 Quia
507 565 709 620 mortis
740 563 1100 618 indumentum
1124 569 1320 632 gestat,
1345 575 1537 630 nempe
1565 553 1785 611 maledi-

213 657 384 715 ctionis
411 667 466 710 et
491 655 867 728 corruptionis
895 673 907 708 :
935 653 1171 708 nondum
1216 651 1550 707 Dominicum
1584 648 1789 718 accepit

211 747 529 821 symbolum;
559 748 880 819 peregrinus
906 751 990 800 est
1022 754 1074 800 et
1100 743 1338 808 alienus;
1372 757 1477 796 non
1512 740 1675 795 habet
1701 753 1788 793 re-

209 843 334 911 gium
361 840 596 911 signum.
629 838 751 894 Nisi
779 840 888 909 quis
914 849 1067 893 natus
1094 838 1280 909 fuerit,
1322 835 1524 907 inquit,
1568 851 1632 889 ex
1659 849 1790 902 aqua

209 941 248 984 rt
285 930 479 999 Spiritu
503 975 519 996 ,
573 949 680 987 non
721 940 881 1002 potest
916 930 1130 984 introire
1173 929 1226 982 in
1268 945 1478 1000 regnum
1523 927 1786 980 calorum.

211 1021 390 1076 Verum
420 1020 752 1077 Nicodemus
797 1035 974 1090 neque
1021 1020 1100 1075 sic
1141 1018 1426 1074 intellexit.
1470 1016 1613 1072 Nihil
1645 1017 1788 1071 enim

209 1111 467 1180 deterius,
508 1128 672 1182 quam
717 1111 971 1167 humanis
1014 1110 1310 1166 ratiociniis
1339 1108 1637 1180 spiritualia
1666 1123 1791 1181 pcr-

208 1205 425 1259 mittere.
457 1203 575 1259 Hoc
608 1202 906 1274 impedivit,
939 1202 1229 1274 quominus
1260 1201 1351 1256 ille
1379 1199 1607 1255 sublime
1635 1198 1790 1270 quid-

205 1299 331 1368 piam
358 1307 412 1354 et
437 1313 694 1369 magnum
721 1299 1002 1369 cogitaret.
1037 1296 1162 1353 Ideo
1187 1311 1284 1352 nos
1307 1295 1493 1351 ﬁdeles
1515 1309 1788 1359 vocamur,

205 1401 252 1444 ut
278 1389 635 1444 humanarum
665 1391 932 1445 rationum
967 1389 1334 1444 imbecillitate
1364 1395 1690 1456 contempta,
1723 1385 1790 1440 ad

209 1481 316 1536 fidei
355 1480 745 1537 sublimitatem
775 1480 1165 1547 ascendamus,
1198 1490 1254 1535 et
1282 1479 1546 1535 bonorum
1579 1487 1794 1532 nostro-

202 1587 304 1626 rum
351 1585 626 1628 summam
671 1571 980 1643 lmjusmodi
1029 1571 1290 1628 doctrinae
1347 1569 1788 1626 committamus:

199 1661 326 1731 quod
357 1664 404 1718 si
434 1664 659 1720 fecisset
681 1663 1007 1720 Nicodemus
1032 1705 1047 1731 ,
1093 1677 1184 1720 res
1210 1679 1316 1718 non
1345 1663 1418 1718 illi
1447 1659 1792 1733 impossibilia

200 1754 297 1810 visa
323 1753 536 1812 fuisset.
565 1755 704 1824 Quid
734 1770 862 1828 ergo
891 1755 1173 1811 Christus?
1195 1753 1266 1812 Ut
1297 1754 1446 1809 illum
1469 1751 1698 1809 abducat
1725 1750 1792 1806 ab

200 1845 288 1903 hac
313 1849 646 1920 cogitatione
675 1850 820 1904 humi
847 1859 1100 1920 repente,
1148 1857 1199 1906 et
1228 1847 1478 1904 ostendat
1501 1861 1561 1902 se
1589 1860 1696 1900 non
1724 1843 1792 1899 de

203 1935 289 1993 hac
327 1939 684 2010 generatione
719 1939 900 2011 loqui,
947 1941 1021 1995 ait
1045 1961 1058 1997 :
1085 1937 1204 1994 Nisi
1231 1939 1343 2010 quis
1371 1948 1519 1993 natus
1549 1937 1702 2010 fuerit
1730 1953 1795 1992 ea:

199 2047 318 2100 aqua
339 2041 386 2086 et
411 2032 638 2102 Spiritu,
671 2047 772 2086 non
799 2042 958 2104 potest
981 2033 1194 2088 introire
1217 2033 1268 2086 in
1289 2049 1498 2103 regnum
1519 2030 1784 2087 calorum.

200 2122 279 2179 Sic
305 2133 486 2180 autem
528 2124 784 2195 loquutus
809 2133 913 2191 est,
946 2133 1002 2180 ut
1027 2140 1126 2196 per
1156 2123 1294 2179 hanc
1317 2123 1792 2179 comminationem

202 2215 362 2284 ipsum
387 2215 455 2270 ad
483 2215 646 2271 ﬁdem
675 2215 1032 2284 pertraheret,
1064 2215 1424 2285 suaderetquc
1453 2216 1552 2286 ipsi
1584 2230 1652 2270 ne
1677 2229 1790 2268 rem

199 2319 307 2361 esse
332 2306 729 2378 impossibilem
757 2307 1119 2372 existimaret,
1147 2317 1308 2377 atque
1329 2307 1476 2362 illum
1503 2322 1533 2361 a
1561 2305 1793 2362 carnalis

197 2399 555 2467 generationis
577 2399 902 2469 cogitatione
929 2399 1289 2456 abstraheret.
1323 2399 1399 2454 De
1426 2399 1529 2454 alia
1550 2440 1566 2466 ,
1597 2398 1790 2469 inquit,

197 2487 374 2560 loquor
410 2490 771 2560 generatione
789 2532 806 2559 ,
835 2505 870 2545 o
908 2488 1235 2555 Nicodeme;
1265 2505 1362 2546 cur
1392 2505 1698 2546 sermonem
1725 2489 1792 2543 ad

199 2590 381 2636 terram
412 2581 692 2638 detrahis?
734 2597 833 2638 cur
876 2571 1082 2638 natura:
1127 2581 1437 2638 necessitati
1484 2597 1598 2636 rem
1643 2581 1792 2636 illam

198 2671 437 2742 subjicis?
469 2673 570 2730 llic
595 2685 778 2744 partus
798 2673 1006 2746 vulgari
1030 2673 1122 2729 illo
1143 2675 1390 2743 superior
1410 2682 1514 2741 est,
1539 2687 1640 2729 nec
1663 2672 1791 2744 quid

199 2777 473 2822 commune
519 2764 799 2820 nobiscum
843 2765 1032 2822 habet.
1086 2764 1214 2821 Hmc
1263 2780 1478 2836 quoque
1518 2765 1794 2836 generatio

200 2867 436 2924 vocatur,
485 2857 584 2914 sed
626 2858 846 2914 nomine
875 2865 1080 2915 tantum
1124 2858 1450 2925 communis,
1494 2874 1554 2913 re
1588 2857 1791 2913 differt.

201 2945 430 3005 Abscede
473 2962 506 3003 a
555 2947 760 3018 vulgari
803 2962 958 3004 more
984 2931 1190 3003 :alium
1233 2947 1430 3004 induco
1479 2956 1688 3018 partum
1740 2947 1792 3001 in

203 3037 446 3094 mundum
479 3056 498 3095 :
529 3039 639 3094 alio
690 3037 851 3094 modo
905 3038 1050 3110 gigni
1101 3037 1349 3094 homines
1391 3037 1516 3094 volo
1548 3055 1562 3092 :
1596 3052 1792 3092 novum

201 3130 581 3199 procreationis
632 3129 849 3186 modum
900 3129 1091 3185 affero.
1139 3128 1392 3186 Formavi
1438 3144 1505 3184 ex
1551 3137 1692 3184 terra
1740 3136 1795 3183 et

199 3234 351 3290 aqua;
383 3236 493 3278 non
524 3221 654 3277 utile
684 3219 996 3292 ﬁgmentum
1021 3218 1159 3287 fuit,
1197 3219 1294 3276 sed
1327 3234 1422 3276 vas
1449 3219 1688 3276 deterius
1716 3218 1795 3274 fa-

200 3321 330 3367 ctum
379 3323 489 3369 est.
544 3311 661 3368 Non
709 3312 844 3368 ultra
893 3327 960 3368 ex
1014 3321 1156 3369 terra
1206 3320 1262 3369 et
1313 3326 1450 3383 aqua
1506 3309 1794 3367 eﬁ‘ormare

200 3404 337 3471 volo,
379 3405 478 3461 sed
524 3421 590 3462 ex
636 3421 771 3476 aqua
803 3415 856 3462 et
884 3404 1110 3475 Spiritu.
1154 3403 1308 3474 Quod
1335 3405 1380 3460 si
1411 3405 1532 3476 quis
1559 3405 1794 3460 interro-

199 3506 296 3568 get,
345 3497 625 3570 quomodo
671 3513 736 3554 ex
784 3498 960 3571 aqua?
1005 3497 1349 3570 interrogabo
1388 3507 1443 3553 et
1479 3512 1581 3568 ego
1621 3498 1790 3562 illum,

201 3588 468 3656 Quomodo
495 3605 562 3645 ea
594 3589 778 3645 terra?
819 3587 1092 3660 quomodo
1121 3588 1293 3645 lutum
1325 3589 1504 3645 varias
1530 3591 1582 3644 in
1613 3597 1794 3660 partes

200 3678 535 3736 distributum
580 3681 709 3736 est?
748 3679 1021 3752 quomodo
1062 3681 1220 3736 unius
1261 3681 1460 3753 speciei
1503 3691 1619 3736 erat
1662 3680 1792 3736 illud

199 3771 326 3842 quod
355 3774 664 3844 subjectum
698 3775 813 3829 est?
842 3773 1011 3829 Terra
1043 3782 1250 3828 tantum
1283 3781 1435 3838 erat;
1462 3787 1582 3843 qua:
1609 3783 1790 3827 autem
1826 3807 1832 3812 η

198 3877 255 3918 ea
284 3863 370 3918 illa
402 3863 548 3920 facta
580 3873 728 3932 sunt,
760 3864 988 3920 diversa:
1033 3875 1158 3920 sunt
1197 3864 1420 3935 speciei.
1454 3863 1606 3922 Unde
1632 3879 1752 3920 ossa
1774 3904 1789 3930 ,

201 3956 351 4019 nervi,
373 3957 622 4023 arterite,
638 3957 826 4015 venae?
845 3958 986 4013 unde
1000 3956 1357 4021 membranm,
1374 3973 1499 4012 vasa
1517 3959 1790 4028 organica,

197 4050 558 4120 cartilagines,
595 4051 807 4117 tunicw,
843 4051 1032 4120 hepar,
1064 4051 1238 4120 splen,
1267 4049 1398 4106 cor?
1428 4050 1569 4106 unde
1598 4051 1789 4122 pellis,

199 4142 436 4212 sanguis,
473 4142 696 4212 pituita,
739 4141 897 4197 bilis?
939 4141 1082 4198 unde
1125 4151 1203 4198 tot
1243 4143 1624 4213 operationes?
1651 4143 1792 4200 unde

199 4231 314 4285 varii
339 4231 593 4288 colores?
625 4231 751 4287 haec
776 4232 920 4287 enim
963 4248 1068 4287 non
1099 4247 1165 4286 ex
1205 4241 1350 4287 terra
1378 4234 1460 4288 vel
1488 4233 1601 4288 luto
1630 4233 1791 4304 proﬁc

199 4321 486 4380 ciscuntnr.
513 4323 802 4392 Quomodo
829 4332 971 4379 terra
1003 4333 1226 4395 accepto
1252 4323 1459 4380 semine
1489 4326 1789 4395 germinat,

200 4427 312 4468 caro
335 4424 522 4470 autem
559 4413 678 4471 hac
719 4425 940 4486 accepta
973 4415 1306 4486 corrumpit?
1345 4416 1614 4486 quomodo
1647 4427 1789 4473 terra

194 4502 322 4571 iacta
347 4505 557 4562 semina
588 4507 776 4572 nutrit,
805 4519 933 4562 caro
961 4514 1140 4562 autem
1170 4507 1240 4561 ab
1267 4505 1371 4562 illis
1397 4507 1650 4574 nutritur,
1681 4524 1788 4562 non

201 4594 275 4651 illa
299 4598 508 4657 nutrit?
551 4599 798 4672 Exempli
843 4613 1026 4666 causa,
1065 4609 1207 4655 terra
1255 4614 1447 4671 aquam
1477 4601 1785 4670 excipiens,

202 4688 365 4748 viuum
393 4692 558 4757 fecit;
605 4705 733 4747 caro
757 4706 901 4762 saepe
939 4692 1120 4746 vinum
1151 4691 1460 4762 accipiens,
1503 4692 1554 4746 in
1594 4706 1787 4763 aquam

199 4785 474 4840 convenit.
508 4782 663 4840 Unde
690 4797 822 4856 ergo
865 4784 1031 4855 liquet
1056 4782 1172 4839 hac
1197 4798 1262 4838 ex
1298 4792 1436 4840 terra
1469 4797 1590 4840 esse
1611 4826 1626 4848 ,
1665 4798 1788 4838 cmn

201 4879 326 4930 terra
364 4874 698 4932 contrariam
725 4874 978 4932 exhibeat
1007 4876 1377 4944 Operationem
1403 4915 1419 4942 ,
1468 4885 1527 4929 ut
1555 4873 1705 4928 dixi?
1733 4873 1788 4929 ld

199 4964 468 5022 ratiocinio
493 4966 705 5036 assequi
752 4979 996 5036 nequeo;
1040 4965 1151 5021 sola
1185 4963 1291 5020 ﬁde
1320 4964 1545 5035 accipio.
1574 4965 1629 5020 Si
1661 4979 1790 5036 ergo

194 5057 275 5115 illa
302 5075 420 5132 quae
443 5059 683 5131 quotidie
706 5058 842 5115 ﬁunt
863 5069 917 5116 et
938 5067 1247 5131 tanguntur,
1273 5058 1379 5114 ﬁde
1401 5073 1536 5129 opus
1556 5057 1786 5113 habent:

199 5151 348 5207 multo
364 5153 542 5222 magis
558 5151 644 5206 illa
663 5151 948 5206 admodum
965 5165 1162 5205 arcana
1182 5159 1236 5205 et
1253 5149 1571 5219 spiritualis.
1591 5148 1788 5216 Quem~

197 5240 472 5299 admodum
507 5243 650 5298 enim
700 5251 840 5297 terra
883 5241 1209 5308 inanimata,
1261 5244 1516 5307 immota,
1560 5242 1672 5298 Deo
1711 5243 1788 5299 sic

197 5334 391 5392 volente
440 5335 692 5390 virtutem
739 5334 968 5405 accepit,
1015 5343 1072 5388 ut
1117 5342 1224 5388 tam
1273 5334 1536 5388 mirabilia
1583 5349 1648 5390 ex
1698 5335 1787 5388 illa

198 5429 465 5494 prodirent
493 5445 508 5483 :
537 5428 610 5483 ita
641 5443 704 5483 es
731 5426 931 5498 Spiritu
955 5437 1011 5481 et
1036 5439 1172 5496 aqua
1196 5426 1354 5482 simul
1382 5425 1500 5483 haec
1526 5427 1790 5483 mirabilia

196 5527 241 5572 et
264 5521 530 5576 ratiOuem
561 5523 869 5588 superantia
891 5521 1074 5574 omnia
1101 5519 1256 5574 facile
1285 5528 1566 5590 parantur.

253 5611 303 5667 2.
335 5612 606 5679 Quomodo
647 5610 982 5668 Nicodamum
1009 5613 1281 5667 instituerit
1316 5613 1566 5668 Christus.
1599 5611 1790 5668 Discri-

198 5717 291 5758 ω
318 5704 454 5759 inter
488 5705 706 5775 primum
739 5703 957 5757 hominis
985 5704 1287 5757 creationem
1307 5713 1356 5758 et
1375 5704 1648 5758 secundum
1679 5719 1792 5775 qua:

199 5795 244 5858 ﬁl
262 5813 350 5867 per
366 5793 617 5866 Spiritum
637 5804 884 5852 sanctum.
905 5793 1018 5850 Vita
1034 5795 1139 5850 alia
1159 5796 1318 5850 multo
1333 5796 1509 5851 melior
1531 5805 1790 5866 exspecta-

199 5895 281 5941 tur.
323 5887 574 5962 Baptismi
613 5889 915 5945 sublimitas.
969 5889 1072 5944 Cur
1111 5904 1243 5960 aqua
1272 5887 1340 5943 ad
1365 5887 1788 5945 illuminationem

3395 444 3500 502 i50

1899 555 2203 608 necessaria.
2224 585 2294 596 —
2313 553 2391 612 Ne
2413 557 2592 628 itaque
2618 556 2874 628 quoniam
2901 557 2990 614 illa
3010 573 3119 614 non
3145 559 3315 626 vides.
3343 561 3502 618 ﬁdem

1897 660 2078 717 neges.
2107 646 2242 703 Nam
2270 664 2368 705 nec
2394 650 2630 705 animam
2680 649 2832 708 vides
2852 692 2870 718 ,
2899 661 2954 707 et
2978 661 3158 708 tamen
3179 653 3359 709 credis
3383 658 3502 710 ani-

1897 754 2038 794 mam
2086 756 2237 807 esse,
2267 751 2322 797 et
2350 740 2617 798 diversam
2645 757 2674 796 a
2701 757 2950 814 corpore.
3004 744 3201 801 Verum
3257 743 3507 802 Christus

1897 846 2004 887 non
2039 830 2143 888 hoc
2166 833 2416 906 exemplo
2439 832 2790 890 Nicodemum
2818 835 3080 904 instituit,
3111 836 3205 893 sed
3235 838 3359 892 alio.
3392 837 3506 894 lloc

1897 923 2039 979 enim
2066 965 2080 989 ,
2105 940 2298 997 nempe
2323 927 2502 982 anima
2520 970 2536 994 ,
2559 941 2679 982 cum
2712 928 3089 1000 incorporeum
3117 935 3186 984 stt
3205 971 3220 993 ,
3249 929 3371 986 ideo
3397 947 3504 985 non

1898 1013 1949 1067 in
1979 1013 2211 1069 medium
2237 1015 2480 1082 adduxit,
2503 1017 2626 1088 quia
2652 1017 2743 1074 ille
2763 1016 2940 1074 adhuc
2966 1017 3152 1074 rudior
3178 1028 3316 1075 erat.
3346 1019 3505 1075 Aliud

1897 1120 2025 1176 ergo
2046 1109 2358 1177 exemplum
2391 1110 2564 1180 ponit,
2586 1111 2728 1182 quod
2755 1125 2875 1165 cum
2916 1126 3204 1183 corporum
3245 1113 3504 1168 crassitu-

1896 1197 2022 1253 dine
2050 1201 2483 1256 communionem
2514 1201 2732 1271 quidem
2762 1203 2964 1258 nullam
2998 1203 3223 1267 haheat,
3253 1221 3426 1275 neque
3453 1209 3505 1261 in

1899 1291 2274 1360 ineorpoream
2295 1291 2538 1348 ascendit
2562 1303 2807 1350 naturam
2835 1311 2850 1358 ;
2887 1295 2938 1350 id
2966 1306 3069 1360 est,
3095 1307 3375 1352 ventorum
3402 1297 3506 1352 im-

1898 1391 2101 1452 petum.
2137 1383 2200 1438 Et
2227 1384 2458 1455 primum
2488 1384 2556 1439 ah
2581 1401 2719 1455 aqua
2767 1385 3008 1451 orditur,
3039 1403 3158 1457 qua:
3185 1387 3401 1444 tenuior
3421 1400 3507 1446 est

1896 1488 2056 1543 quam
2103 1472 2244 1528 terra
2267 1515 2280 1539 ,
2314 1474 2548 1530 crassior
2591 1491 2751 1546 quam
2798 1486 3014 1533 ventus.
3047 1475 3507 1544 Quemadmodum

1898 1564 2039 1619 enim
2065 1580 2094 1620 a
2130 1565 2389 1635 principio
2419 1567 2748 1623 elementum
2773 1578 2916 1624 terra
2940 1568 3181 1639 subjecta
3207 1579 3309 1631 est,
3335 1577 3508 1626 totmn

1896 1665 2076 1711 autem
2105 1656 2314 1725 opificis
2344 1656 2442 1712 fuit
2467 1679 2480 1714 :
2505 1657 2582 1714 sic
2603 1667 2658 1714 et
2678 1673 2824 1714 nunc
2853 1674 2990 1729 aqua
3022 1661 3350 1716 elementum
3379 1662 3512 1717 sub-

1893 1746 2078 1818 jicitur
2106 1767 2118 1803 :
2151 1756 2321 1803 totum
2349 1757 2528 1804 autem
2573 1759 2657 1806 est
2685 1765 2750 1806 ex
2789 1749 3020 1821 Spiritus
3061 1751 3230 1821 gratia
3261 1770 3274 1806 :
3302 1760 3357 1807 et
3384 1762 3512 1808 tunc

1897 1837 2114 1908 quidem
2142 1836 2334 1894 Factus
2367 1849 2439 1895 est
2465 1840 2616 1894 homo
2647 1840 2698 1894 in
2731 1841 2958 1895 animam
2989 1841 3233 1896 viventem
3258 1841 3403 1915 (Cen
3451 1843 3509 1898 2.

1901 1930 1933 1984 7
1960 1931 2002 2000 );
2035 1946 2178 1987 nunc
2205 1947 2332 1986 vero
2362 1932 2413 1987 in
2440 1931 2699 2002 Spiritum
2733 1931 3115 1989 viviﬁcantem.
3158 1933 3383 1989 Multum
3407 1949 3506 1989 au-

1901 2033 2008 2078 tem
2033 2033 2116 2080 est
2139 2024 2280 2080 inter
2301 2033 2588 2094 utrumque
2609 2024 2900 2079 discrimen
2933 2041 2947 2079 :
2973 2024 3153 2080 anima
3178 2027 3322 2081 enim
3349 2025 3511 2082 vitam

1897 2117 2054 2172 alteri
2078 2113 2187 2171 non
2207 2116 2329 2184 dat;
2358 2115 2593 2188 Spiritus
2624 2133 2754 2173 vero
2783 2132 2889 2172 non
2924 2133 3021 2188 per
3045 2132 3104 2174 se
3128 2127 3332 2174 tantum
3360 2119 3512 2186 vivit,

1899 2205 1993 2261 sed
2026 2215 2078 2261 et
2107 2207 2230 2261 aliis
2270 2207 2433 2262 vitam
2478 2207 2704 2278 prmbet.
2761 2206 2850 2263 Sic
2895 2217 3139 2264 mortuos
3183 2209 3516 2264 suscitarent

1899 2299 2145 2368 apostoli.
2181 2297 2248 2353 Et
2278 2298 2406 2353 olim
2451 2297 2670 2368 quidem
2703 2308 2822 2369 post
2866 2300 3196 2355 creationem
3227 2299 3390 2355 homo
3416 2297 3516 2357 dc-

1899 2404 2046 2444 mum
2069 2387 2360 2456 formatur;
2385 2405 2526 2445 nunc
2551 2404 2683 2446 vero
2703 2399 2890 2445 contra
2914 2398 3040 2445 ante
3062 2404 3254 2445 novam
3277 2391 3510 2446 creatio-

1900 2495 2023 2534 nem
2053 2492 2223 2534 novus
2250 2478 2415 2534 homo
2442 2487 2678 2535 creatur.
2733 2478 2866 2534 Nam
2897 2479 2983 2535 hic
3021 2480 3172 2552 prior
3196 2491 3512 2552 generatur,

1899 2569 2094 2626 deinde
2121 2570 2353 2627 mundus
2401 2572 2836 2627 transformatur.
2890 2571 2956 2627 Et
2986 2582 3042 2626 ut
3069 2587 3099 2626 a
3134 2572 3400 2642 principio
3431 2582 3514 2628 to-

1901 2673 2013 2717 tum
2043 2662 2310 2730 formavit,
2331 2663 2409 2719 sic
2434 2673 2490 2720 et
2519 2679 2662 2720 nunc
2690 2672 2859 2719 totum
2887 2667 3061 2736 ipsum
3090 2676 3259 2722 creat.
3291 2665 3359 2721 ει
3382 2674 3514 2722 tune

1899 2755 2116 2828 quidem
2162 2757 2274 2812 ait:
2307 2755 2586 2812 Faciamus
2632 2758 2680 2812 ei
2729 2758 3046 2826 adiutorium
3074 2757 3248 2831 (Ibid.
3282 2776 3332 2812 υ.
3365 2757 3510 2829 i8);

1903 2849 1988 2904 hic
2019 2864 2147 2905 vero
2175 2849 2302 2903 nihil
2331 2850 2527 2907 simile.
2570 2848 2702 2906 Nam
2727 2850 2816 2922 qui
2839 2850 3071 2920 Spiritus
3097 2850 3327 2922 gratiam
3357 2864 3511 2906 acce-

1901 2942 1999 3014 pit,
2024 2957 2130 3013 quo
2152 2942 2324 2998 altero
2354 2942 2534 3013 egebit
2581 2941 2874 3012 adjutore?
2903 2943 2992 3014 qui
3024 2942 3076 2997 in
3105 2957 3333 3014 corpore
3358 2940 3514 2998 Chri-

1899 3035 1966 3089 sti
2005 3035 2288 3101 consistit,
2312 3049 2416 3104 qua
2441 3033 2638 3090 deinde
2664 3034 2845 3105 egebit
2874 3034 3022 3105 ope?
3050 3035 3203 3090 Tunc
3232 3034 3296 3089 ad
3327 3035 3514 3107 imagi-

1901 3142 2026 3183 nem
2060 3127 2152 3183 Dei
2181 3126 2309 3183 fecit
2335 3127 2644 3196 hominem,
2689 3142 2832 3183 nunc
2881 3128 2981 3196 ipsi
3031 3128 3142 3183 Deo
3184 3129 3514 3199 conjunxit:

1903 3228 2029 3274 tunc
2050 3218 2213 3290 jussit
2241 3218 2390 3275 illum
2447 3220 2718 3290 imperare
2764 3217 3006 3290 piscibus
3032 3227 3088 3275 et
3113 3219 3335 3286 bestiis,
3370 3235 3514 3278 nunc

1898 3325 2062 3382 supra
2087 3311 2251 3368 caelos
2281 3311 2545 3383 primitias
2561 3323 2774 3367 nostras
2789 3312 3119 3382 assumpsit:
3149 3320 3276 3367 tunc
3306 3311 3516 3383 paradi-

1900 3418 2020 3459 sum
2051 3404 2398 3460 habitandum
2429 3403 2620 3470 dedit,
2652 3417 2797 3459 nunc
2833 3404 3026 3460 ctelum
3071 3404 3229 3460 nobis
3254 3406 3464 3474 aperuit
3500 3425 3513 3460 :

1901 3506 2030 3551 tunc
2056 3495 2318 3552 formatus
2355 3494 2520 3550 homo
2543 3504 2626 3550 est
2654 3494 2742 3550 die
2769 3503 2918 3550 sexta
2942 3536 2958 3563 ,
2986 3495 3110 3566 quia
3135 3495 3515 3568 complendum

1899 3599 2018 3645 erat
2071 3589 2368 3656 smculum;
2411 3602 2554 3644 nunc
2598 3587 2769 3658 prima
2814 3587 2902 3643 die
2931 3588 3078 3643 etab
3105 3587 3280 3654 initio,
3313 3597 3514 3644 etcum

1901 3682 2038 3738 luce.
2064 3681 2144 3737 Ex
2167 3682 2360 3753 quibus
2379 3680 2632 3736 omnibus
2652 3681 2842 3752 liquet,
2866 3695 2929 3735 ea
2951 3695 3072 3750 qua:
3095 3680 3514 3751 perficiebantur

1897 3775 1964 3830 ad
1985 3776 2144 3830 aliam
2167 3775 2445 3830 meliorem
2465 3773 2625 3828 vitam
2650 3773 2943 3844 pertinere,
2963 3781 3017 3827 et
3038 3772 3106 3827 ad
3128 3779 3330 3828 statum
3355 3789 3512 3827 num-

1899 3884 2059 3940 quam
2091 3867 2511 3924 terminandum.
2544 3865 2724 3922 Prima
2752 3867 2934 3936 itaque
2962 3863 3216 3921 formatio
3243 3863 3372 3919 Adze
3399 3873 3510 3932 ter-

1900 3976 2028 4017 rena
2050 3970 2154 4024 est,
2177 3969 2232 4016 et
2257 3968 2379 4030 post
2396 3958 2535 4015 hanc
2558 3974 2626 4014 ea
2651 3955 2782 4013 Adae
2805 3957 2996 4023 latere,
3022 3955 3293 4022 mulieris,
3316 3963 3371 4010 et
3392 3966 3515 4026 post

1900 4055 2046 4110 illam
2087 4069 2153 4110 ex
2183 4054 2410 4117 semine,
2443 4052 2646 4108 Abelis.
2695 4051 2948 4106 Attamen
2987 4049 3188 4106 nullam
3228 4047 3515 4118 explorare

1900 4164 2209 4221 possumus,
2240 4161 2340 4203 nec
2361 4160 2615 4203 sermone
2644 4143 2976 4210 deseribere,
2999 4142 3100 4197 etsi
3125 4141 3215 4197 illa
3246 4139 3510 4195 crassiora

1897 4243 2026 4298 sint.
2068 4238 2352 4309 Quomodo
2373 4252 2506 4310 ergo
2537 4235 2839 4307 spiritualis
2869 4249 2965 4305 per
2993 4234 3314 4304 baptismum
3346 4245 3509 4302 gene-

1899 4332 2122 4388 rationis
2159 4346 2280 4401 qua:
2302 4331 2460 4398 longe
2500 4327 2782 4383 sublimior
2806 4334 2889 4382 est
2913 4367 2928 4392 ,
2960 4326 3224 4379 rationem
3254 4322 3383 4377 dare
3413 4337 3508 4391 po-

1900 4422 2167 4479 terimus?
2191 4437 2300 4493 quo
2345 4429 2502 4493 pacto
2523 4418 2776 4490 stupendi
2806 4426 2990 4488 partus
3019 4415 3156 4470 ratio
3183 4429 3209 4467 a
3236 4415 3390 4469 nobis
3415 4429 3511 4468 ex—

1899 4525 2112 4587 petatur
2132 4514 2192 4569 ‘?
2220 4529 2342 4569 nam
2372 4521 2427 4568 et
2453 4511 2628 4582 angeli
2655 4509 2780 4566 huic
2807 4506 3138 4579 generationi
3168 4505 3410 4560 adfuere.
3443 4506 3512 4560 At

1897 4622 2028 4665 vero
2049 4606 2267 4662 modum
2291 4605 2563 4676 explicare
2590 4602 2853 4657 mirabilis
2883 4599 3026 4656 illius
3053 4614 3151 4670 per
3180 4597 3505 4668 baptismum

1896 4699 2298 4773 generationis,
2329 4711 2492 4752 nemo
2540 4693 2798 4766 potuerit.
2851 4689 3154 4748 Adfuerunt
3204 4690 3312 4756 illi,
3375 4687 3508 4745 nihil

1897 4794 2215 4855 efficientes,
2244 4789 2338 4845 sed
2364 4804 2428 4846 ea
2455 4803 2574 4860 qua:
2603 4787 2802 4844 ﬁebant
2828 4785 3002 4840 solum
3029 4784 3295 4838 videntes.
3327 4782 3505 4848 Pater,

1898 4890 2064 4947 Filius
2089 4899 2143 4944 et
2161 4887 2395 4957 Spiritus
2414 4894 2632 4942 sanctus
2658 4883 2838 4937 omnia
2862 4889 3119 4950 Operatur
3141 4877 3217 4950 (α)
3245 4921 3259 4934 .
3286 4878 3506 4933 Obtem-

1899 4995 2149 5052 peremus
2173 4993 2305 5048 ergo
2327 4978 2419 5033 Dei
2441 4975 2748 5039 sententiae,
2767 4987 2885 5041 qua:
2903 4979 2987 5026 est
3007 4969 3126 5040 ipso
3148 4971 3263 5024 visu
3285 4968 3504 5024 certior.

1897 5076 2032 5131 Nam
2055 5074 2201 5128 visus
2231 5085 2374 5143 szrpe
2396 5069 2596 5124 fallitur
2623 5085 2637 5121 :
2665 5067 2751 5120 illa
2781 5064 2889 5120 falli
2921 5061 3501 5134 nequit.0btemperao

1898 5180 2020 5222 mus
2051 5165 2229 5234 itaque
2257 5163 2378 5233 ipsi.
2435 5160 2567 5215 Nam
2611 5173 2732 5230 qum
2773 5156 2861 5211 illa
2907 5171 3027 5224 qua:
3056 5170 3162 5210 non
3192 5163 3345 5208 erant
3373 5168 3502 5223 pro-

1896 5258 2071 5323 dnxit,
2097 5255 2166 5310 de
2195 5268 2381 5309 eorum
2411 5261 2602 5306 natura
2632 5251 2860 5320 loquens
2893 5246 3050 5302 ﬁdem
3081 5255 3337 5300 meretur.
3367 5244 3503 5312 Quid

1899 5351 2059 5421 igitur
2083 5348 2169 5402 illa
2187 5346 2359 5400 dicit?
2392 5344 2444 5398 Id
2480 5342 2624 5414 quod
2652 5340 2882 5396 efﬁcitur
2921 5352 3044 5394 esse
3070 5336 3500 5409 generationem.

1964 5523 1979 5553 ί
2018 5519 2181 5569 Morel.
2210 5520 2281 5581 sic
2307 5516 2455 5568 effert
2485 5517 2617 5581 hunc
2642 5515 2923 5581 locemus"
2949 5512 3203 5581 crassiora
3224 5512 3335 5564 sint.
3363 5513 3498 5581 Quod

1896 5581 1942 5635 si
1965 5582 2027 5647 de
2058 5581 2156 5632 illis
2189 5579 2430 5647 disserere
2453 5576 2840 5647 sit‘intpossibile.
3126 5586 3246 5647 ergo
3276 5581 3338 5626 de
3358 5575 3505 5639 spiri—

1896 5643 2015 5697 tuali
2037 5645 2362 5707 generatione,
2375 5654 2486 5707 qua
2505 5640 2580 5692 his
2603 5639 2673 5707 est
2690 5639 2841 5707 multo
2861 5639 3126 5694 statim.
3142 5639 3383 5688 disserere
3405 5649 3500 5688 non

1897 5701 2355 5770 eritiiitpossibilius
2375 5701 2399 5754 .9
2419 5704 2662 5770 Quomodo
2703 5701 2849 5752 etiam
2894 5713 2990 5751 non
3011 5712 3425 5763 superuacuum
3465 5710 3498 5749 ο

1897 5768 2030 5821 nobis
2053 5765 2285 5819 rationem
2310 5765 2552 5828 postulare
2577 5765 2602 5815 .9

1970 5833 2046 5906 (ἐξ)
2081 5832 2149 5906 ed
2191 5825 3320 5906 ‘7‘“-F2ltl‘99‘9..§‘.°82hﬁ_YE‘I*’9-9.‘JE'!’.9_“‘
3369 5836 3504 5880 πονοι

1899 5885 2126 5957 savllius,
2150 5905 2249 5954 quo
2281 5885 2468 5942 scilicet
2492 5892 2651 5941 unitas
2673 5885 2960 5939 substantia
2980 5885 3277 5938 declaratur.
