4120 6498
592 406 685 462 151
1311 391 1366 452 8.
1408 390 1682 450 JOANNIS
1726 380 2198 443 CllliYSUSTOMl
2242 382 2559 439 ABCIIIEP.
2601 383 3138 440 CONSTANTINOP.

588 516 742 586 Quod
781 515 825 572 si
872 512 964 568 tibi
1010 509 1268 581 quispiam
1299 506 1511 567 dixerit,
1535 499 1855 572 Quomodo?
1879 515 1946 554 ex
1971 496 2165 553 Christi

587 608 849 664 sententia
877 619 939 660 os
966 604 1081 673 ejus
1125 600 1378 663 obstrue,
1406 611 1526 667 qua:
1567 608 1756 664 magna
1795 593 2042 660 clamque
2085 596 2166 644 est

589 695 989 756 demonstratio.
1040 692 1095 747 Si
1121 690 1239 761 quis
1269 704 1402 745 vero
1431 685 1838 757 interrogaverit
1859 725 1873 750 ,
1899 698 1996 738 cur
2030 696 2164 751 aqua

588 798 917 852 assumatur;
967 785 1199 841 vicissim
1246 784 1638 853 interrogemus
1662 787 1718 834 ot
1739 791 1840 832 nos
1859 817 1874 842 ,
1901 791 1998 831 cur
2024 786 2163 830 terra

587 881 653 935 ab
678 880 827 935 initio
852 877 917 932 ad
946 879 1175 933 hominis
1206 875 1576 930 formationem
1605 871 1862 943 producta
1892 871 1984 925 sit.
2029 867 2163 923 Nam

583 972 725 1045 quod
766 974 881 1028 sine
920 980 1060 1026 terra
1115 978 1293 1040 posset
1345 965 1615 1022 hominem
1665 964 1934 1028 formare,
1965 960 2165 1018 nemini

587 1080 690 1120 non
737 1065 1076 1133 conspicuum
1103 1069 1206 1115 est.
1253 1059 1330 1114 Ne
1362 1059 1542 1128 itaque
1592 1054 1856 1113 curiosius
1908 1051 2163 1123 inquiras.

585 1155 736 1222 Quod
762 1156 900 1209 enim
930 1140 1228 1207 necessaria
1249 1149 1317 1204 sit
1338 1164 1471 1219 aqua
1496 1148 1617 1203 hinc
1643 1145 1885 1202 ediscas:
1912 1158 2034 1198 cum
2065 1141 2165 1197 alio

585 1245 795 1316 quando
849 1242 1081 1311 Spiritus
1123 1250 1246 1295 ante
1276 1255 1467 1310 aquam
1517 1236 1916 1299 descendisset,
1947 1250 2053 1290 non
2079 1233 2165 1289 hic

585 1336 729 1390 stetit
756 1333 1049 1403 apostolus,
1081 1333 1174 1387 sed
1222 1340 1280 1386 ut
1323 1328 1570 1386 ostendat
1625 1328 1762 1383 hanc
1807 1326 2163 1389 necessariam

586 1441 683 1481 nec
701 1424 1018 1494 superfluam
1041 1413 1180 1489 esse,
1205 1422 1324 1477 vide
1339 1420 1464 1492 quid
1483 1419 1624 1475 dicat
1652 1439 1666 1475 :
1691 1417 1956 1486 Numquid
1977 1433 2162 1486 aquam

582 1518 694 1585 quis
723 1515 982 1585 prohibere
1007 1523 1195 1585 potest,
1224 1523 1276 1567 ut
1303 1529 1403 1566 non
1432 1513 1748 1582 baptizentur
1775 1510 1846 1576 lii,
1876 1512 1958 1578 qui
1990 1507 2164 1576 Spiri-

585 1617 689 1659 tum
707 1617 932 1660 sanctum
953 1614 1248 1674 acceperunt
1273 1603 1402 1657 sicut
1421 1611 1467 1655 et
1483 1600 1606 1674 nos(
1627 1601 1735 1654 Act.
1761 1602 1846 1655 10.
1864 1601 1931 1656 47
1949 1599 2006 1671 )?
2029 1597 2164 1667 Quid

584 1712 711 1767 ergo
739 1709 870 1768 Opus
896 1704 977 1750 est
1001 1694 1176 1765 aqua?
1206 1695 1318 1750 Hoc
1337 1694 1446 1764 jam
1475 1693 1645 1747 dicam
1676 1701 1730 1746 ut
1753 1691 2015 1746 occultum
2045 1705 2163 1762 my-

584 1790 803 1843 sterium
835 1788 980 1843 vobis
1004 1790 1266 1858 aperiam.
1291 1788 1426 1844 Sunt
1451 1787 1665 1858 quidem
1696 1786 1794 1840 hac
1815 1785 1881 1840 de
1904 1800 1960 1840 re
1985 1784 2165 1839 arcani

583 1877 795 1948 quidam
816 1880 900 1932 alii
926 1894 1200 1949 sermones
1221 1896 1235 1943 ;
1259 1879 1471 1934 interim
1493 1888 1667 1932 autem
1697 1877 1846 1933 vobis
1883 1891 1950 1933 ex
1987 1876 2166 1930 multis

584 1983 743 2023 unum
770 1969 961 2023 dicam.
990 1970 1118 2037 Quis
1149 1970 1237 2024 ille
1259 1971 1374 2024 est?
1403 1969 1594 2024 Divina
1624 1969 1958 2024 celebrantur
1987 1967 2036 2022 in
2067 1967 2166 2022 hoc

583 2059 825 2130 symbolo
854 2078 866 2112 :
900 2061 1195 2130 sepultura,
1232 2058 1567 2114 mortificatio
1589 2099 1604 2123 ,
1635 2058 1957 2112 resurrectio
1977 2099 1990 2122 ,
2022 2059 2126 2110 vita
2147 2098 2162 2123 ,

584 2159 640 2206 et
665 2151 778 2205 Inec
807 2145 961 2205 simul
992 2150 1122 2205 fiunt
1143 2151 1342 2205 omnia.
1399 2149 1453 2204 In
1483 2164 1620 2220 aqua
1649 2149 1790 2202 enim
1819 2158 2085 2216 tamquam
2112 2149 2162 2200 in

582 2241 827 2310 sepulcro
853 2251 1011 2308 caput
1035 2240 1470 2311 immergeutihus
1500 2240 1674 2304 nobis,
1715 2249 1866 2294 vetus
1896 2239 2054 2293 homo
2079 2253 2164 2292 se-

585 2331 775 2400 pelitur
799 2345 860 2386 ac
886 2331 1208 2401 demergitur
1253 2340 1393 2386 totus
1427 2348 1440 2385 :
1470 2330 1664 2386 deinde
1695 2330 1848 2385 nobis
1880 2344 2162 2401 emergen-

585 2420 743 2485 tihus,
773 2437 941 2476 novus
967 2422 1220 2492 exsurgit.
1252 2421 1319 2479 Ut
1347 2422 1488 2477 enim
1544 2420 1698 2476 nobis
1744 2419 1896 2475 facile
1939 2428 2021 2474 est
2062 2419 2164 2472 im-

584 2503 750 2583 mergi
773 2522 830 2570 et
856 2525 1035 2583 postea
1063 2529 1336 2584 emergere
1365 2532 1377 2568 :
1406 2515 1483 2569 sic
1507 2514 1618 2570 Deo
1650 2513 1802 2568 facile
1823 2524 1904 2567 est
1933 2521 2163 2567 veterem

583 2603 810 2673 sepelire
838 2605 1127 2670 hominem,
1156 2616 1210 2661 et
1241 2621 1436 2661 novum
1493 2606 1769 2661 inducere.
1821 2605 1926 2660 Ter
1955 2604 2057 2660 hoc
2086 2604 2163 2672 fit,

585 2703 642 2747 ut
682 2695 854 2750 discas
896 2697 1142 2751 virtutem
1197 2697 1366 2752 Patris
1395 2706 1449 2752 et
1481 2697 1606 2752 Filii
1634 2705 1689 2752 et
1715 2696 1945 2765 Spiritus
1996 2697 2164 2752 sancti

587 2786 701 2840 hate
739 2789 915 2841 omnia
947 2789 1186 2857 implere.
1236 2789 1389 2857 Quod
1431 2799 1607 2844 autem
1641 2789 1753 2845 lucc
1782 2805 1884 2844 non
1916 2805 2008 2860 per
2034 2805 2162 2845 con-

580 2877 840 2947 jecturam
866 2879 1003 2934 dicta
1036 2884 1142 2937 sint
1164 2922 1178 2946 ,
1211 2883 1331 2936 audi
1377 2883 1595 2937 Paulum
1628 2901 1642 2937 :
1672 2882 1965 2953 Consepulti
1992 2899 2165 2937 sumus

583 2983 698 3022 cum
727 2969 815 3024 illo
844 2988 932 3041 per
953 2971 1252 3040 baptismum
1278 2975 1329 3028 in
1360 2985 1564 3029 mortem
1592 2973 1822 3046 (Coloss.
1846 2973 1899 3029 Ξ.
1932 2973 2031 3046 12)
2055 2993 2069 3038 ς
2100 2991 2164 3032 ac

586 3079 817 3130 rursum,
855 3065 1006 3121 Vetus
1033 3069 1180 3122 homo
1207 3080 1374 3123 noster
1404 3071 1554 3124 simul
1583 3071 1856 3138 cruciﬁxus
1877 3080 1947 3123 est
1976 3070 2161 3138 (Rom.

590 3156 643 3209 6.
673 3155 774 3224 6);
799 3166 852 3210 et
880 3157 1069 3212 iterum
1091 3200 1103 3222 ,
1137 3157 1475 3229 Complantati
1501 3160 1624 3228 [acti
1649 3177 1818 3214 sumus
1847 3162 2165 3216 similitudini

585 3247 758 3299 mortis
777 3247 884 3317 ejus
904 3246 1115 3312 (lbid.v.
1135 3249 1210 3321 5).
1235 3250 1346 3305 Non
1374 3251 1531 3304 modo
1551 3259 1726 3306 autem
1750 3252 2007 3324 baptisma
2034 3269 2164 3310 crux

585 3335 798 3403 dicitur,
829 3337 920 3392 sed
949 3354 1075 3394 crux
1105 3356 1315 3412 quoque
1343 3342 1622 3412 baptisma.
1653 3341 1915 3412 Baptismo
1945 3361 2043 3414 quo
2071 3362 2163 3417 ego

584 3426 830 3493 baptizor,
853 3443 936 3482 vos
956 3427 1329 3494 baptizubimini
1348 3431 1533 3494 (Marc.
1563 3431 1650 3487 10.
1672 3433 1776 3504 39)
1801 3449 1815 3497 ;
1844 3448 1906 3488 ac
1928 3449 2159 3504 rursum,

585 3511 848 3585 Buptismo
877 3519 1032 3573 habeo
1058 3520 1321 3589 baptizari,
1370 3539 1513 3592 quem
1540 3540 1623 3578 vos
1649 3526 1848 3578 nescitis
1870 3525 1888 3595 (
1913 3525 2035 3580 Luc.
2072 3527 2157 3581 12.

585 3606 717 3678 50).
761 3609 1215 3676 Quemadmodum
1247 3616 1388 3669 enim
1421 3630 1518 3670 nos
1561 3615 1712 3672 facile
1754 3618 2083 3688 baptizamur
2108 3630 2162 3677 et

582 3700 921 3768 emergimus.
940 3702 1017 3756 sic
1040 3711 1093 3756 et
1117 3703 1202 3758 ille
1228 3715 1464 3760 mortuus
1486 3722 1606 3762 cum
1631 3709 1815 3775 voluit,
1835 3711 2157 3777 resurrexit;

585 3789 692 3842 imo
733 3790 888 3860 longe
917 3791 1141 3858 facilius,
1175 3797 1380 3852 etiamsi
1431 3799 1604 3854 triduo
1631 3815 1725 3870 per
1756 3808 2066 3873 mysterium
2109 3815 2164 3861 et

583 3883 935 3937 meonomiam
965 3887 1237 3941 manseritl

654 3971 706 4027 3.
747 3970 1038 4040 Baptizatos
1068 3986 1122 4028 ut
1151 3976 1301 4047 digne
1327 3977 1577 4043 baptismo
1602 3992 1774 4051 agant,
1818 3986 2040 4040 nondum
2079 3989 2160 4042 ba-

589 4062 801 4129 ptizatos
847 4075 1077 4134 utquam
1117 4069 1333 4136 primum
1365 4070 1682 4141 baptizentur
1723 4073 1971 4131 hortatur.
2015 4077 2161 4134 Cate-

582 4152 812 4207 cltumeni
853 4155 1082 4221 ﬁdelibus
1120 4162 1343 4214 extranei
1371 4172 1505 4215 sunt.
1535 4161 1851 4232 Baptismum
1899 4184 2055 4238 usque
2091 4172 2159 4224 ad

585 4254 788 4297 mortem
830 4245 1115 4310 ili/ferentes
1160 4251 1550 4321 redarguuntnr.
1587 4253 1980 4310 Commendntur
2025 4259 2156 4312 elec-

583 4350 810 4405 mosyna.
851 4365 920 4375 —-
959 4337 1176 4393 Talibus
1228 4355 1358 4410 ergo
1396 4341 1596 4410 dignati
1645 4345 1944 4414 mysteriis,
1995 4348 2157 4402 vitam

584 4438 730 4482 tanto
751 4430 891 4483 dono
917 4430 1128 4500 dignam
1152 4433 1519 4501 exhibeamus,
1545 4437 1803 4504 optimum
1837 4438 2154 4495 institutum.

581 4518 678 4584 Qui
709 4533 836 4573 vero
863 4523 1097 4575 nondum
1127 4523 1209 4577 his
1244 4525 1441 4594 dignati
1484 4527 1632 4588 estis,
1678 4529 1854 4581 omnia
1903 4528 2062 4585 facile
2103 4540 2159 4585 nt

583 4611 645 4662 iis
672 4608 984 4680 dignemini,
1032 4622 1084 4666 ut
1117 4629 1275 4667 unum
1301 4629 1497 4684 corpus
1527 4616 1843 4680 efficiamur,
1895 4628 1952 4674 ut
1989 4622 2158 4678 simus

579 4699 796 4755 fratres.
847 4701 1108 4768 Quamdiu
1161 4708 1301 4759 enim
1346 4709 1422 4760 sic
1473 4721 1818 4775 separamur,
1861 4711 1960 4765 etsi
2004 4721 2157 4782 pater

577 4791 697 4857 quis
744 4789 918 4857 fuerit,
962 4793 1061 4846 etsi
1113 4793 1273 4860 filius,
1328 4797 1428 4849 etsi
1476 4796 1676 4863 frater,
1721 4801 1894 4868 quivis
1941 4802 2154 4858 tandem

579 4884 759 4944 fuerit.
801 4884 1034 4939 nondum
1082 4902 1210 4941 vere
1248 4899 1504 4958 cognatus
1546 4900 1648 4955 est,
1701 4906 1821 4946 cum
1860 4909 1888 4945 a
1919 4909 2155 4964 superna

574 4974 894 5042 cognatione
920 4975 989 5029 sit
1017 4976 1335 5032 abstractus.
1365 4979 1493 5046 Qua:
1524 4981 1668 5035 enim
1698 4981 1899 5037 utilitas
1930 4999 1996 5040 ex
2028 4986 2154 5042 lutei

576 5065 784 5133 generis
821 5066 1219 5136 conjunctione,
1261 5083 1381 5124 eum
1419 5072 1766 5141 spiritualiter
1814 5089 1921 5128 non
1969 5090 2154 5132 sumus

577 5157 885 5224 conjuncti?
921 5159 1058 5229 quod
1103 5159 1307 5214 lucrum
1355 5171 1581 5217 terrens:
1625 5163 1921 5228 afﬁnitatis,
1947 5181 2067 5221 cum
2100 5168 2154 5222 in

577 5246 721 5299 czclis
768 5262 951 5303 sumus
994 5243 1268 5307 extranei?
1331 5252 1630 5309 Extraneus
1673 5255 1867 5324 quippe
1897 5265 1980 5311 est
2009 5264 2154 5313 cate-

577 5337 874 5394 chumenos
919 5341 1075 5395 fideli.
1108 5342 1286 5413 Neque
1316 5345 1456 5398 enim
1494 5344 1632 5400 idem
1661 5347 1834 5416 ipsum
1866 5359 2027 5416 caput
2054 5349 2152 5404 hac

581 5427 690 5492 bet,
732 5442 837 5482 non
883 5429 1130 5485 eumdem
1170 5441 1397 5501 patrem,
1428 5451 1531 5490 non
1569 5438 1810 5492 eamdem
1858 5439 2146 5506 civitatem,

580 5534 685 5573 non
712 5533 912 5582 escam,
948 5535 1053 5574 non
1083 5521 1465 5590 indumentum,
1507 5543 1611 5582 non
1638 5544 1897 5591 mensam,
1917 5529 2006 5584 sed
2036 5545 2150 5585 om-

579 5612 663 5664 nia
695 5620 988 5682 segregata.
1042 5611 1255 5667 Etenim
1284 5613 1406 5671 huic
1435 5621 1611 5673 omnia
1641 5621 1690 5674 in
1726 5631 1884 5684 terra,
1936 5621 2012 5676 illi
2038 5637 2150 5677 om-

579 5705 662 5758 nia
691 5704 743 5758 in
769 5705 902 5759 caelo
928 5722 941 5760 :
971 5704 1092 5761 huic
1126 5704 1373 5761 Christus
1400 5726 1492 5765 rex
1523 5720 1622 5775 est,
1671 5712 1744 5766 illi
1792 5722 2066 5783 peccatum
2097 5724 2150 5769 et

584 5798 827 5853 diabolus
857 5815 868 5851 :
893 5797 1021 5855 huic
1066 5798 1316 5856 Christus
1341 5801 1564 5868 delicias,
1615 5804 1688 5860 illi
1727 5805 2020 5875 corruptio.
2069 5805 2148 5861 ln-

3761 389 3861 446 t5!

2273 494 2583 550 dumentutn
2621 510 2831 566 quoque
2863 495 2936 549 illi
2971 497 3230 551 vermium
3262 511 3422 567 opera
3447 540 3462 561 ,
3492 496 3616 554 huic
3641 502 3850 569 angelo-

2273 602 2389 640 rum
2422 587 2677 642 Dominus
2709 605 2722 642 :
2755 587 2947 642 civitas
2973 587 3096 643 huic
3123 588 3338 656 caalum,
3390 589 3466 644 illi
3514 601 3677 646 terra.
3726 590 3852 648 Cum

2272 696 2401 751 ergo
2432 679 2561 737 nihil
2586 669 2875 736 commune
2901 679 3213 744 habeamus,
3242 681 3294 734 in
3325 697 3448 752 quo,
3481 697 3687 752 qumso,
3721 698 3861 738 com-

2272 771 2700 828 municabimus?
2753 769 2858 826 Sed
2909 771 3099 826 eodem
3153 781 3328 841 partu,
3368 787 3431 828 ex
3473 774 3660 829 eadem
3703 776 3858 827 vulva

2271 865 2582 936 prodimus?
2631 864 2823 927 Verum
2869 880 3045 936 neque
3082 865 3184 920 hoc
3227 863 3425 920 sufficit
3464 868 3530 921 ad
3573 869 3858 938 genuinam

2272 959 2668 1030 cognationem.
2700 956 3024 1014 Studeamus
3049 956 3229 1028 igitur,
3267 967 3324 1012 ut
3353 972 3600 1029 superine
3629 961 3859 1016 civitatis

2272 1051 2416 1105 cives
2458 1052 2646 1106 simus.
2693 1048 2982 1119 QuouSque
3032 1049 3084 1103 in
3140 1049 3330 1103 exsilio
3383 1064 3681 1115 manemus,
3735 1065 3858 1105 cum

2271 1151 2543 1212 Oporteret
2571 1152 2803 1196 veterem
2835 1149 3077 1210 repetere
3099 1141 3324 1210 patriam
3349 1141 3372 1194 ?
3411 1139 3593 1211 Neque
3621 1141 3762 1197 enim
3790 1141 3860 1197 de

2273 1251 2332 1290 re
2362 1235 2558 1290 nullius
2595 1235 2746 1307 pretii
2780 1235 3070 1305 perieulum
3101 1243 3204 1290 est.
3238 1234 3344 1290 Sed
3369 1236 3413 1289 si
3444 1236 3670 1300 accidat,
3715 1235 3859 1302 quod

2275 1328 2416 1382 Deus
2459 1338 2685 1395 avertat,
2727 1329 3087 1399 inexspectata
3131 1339 3305 1384 morte
3335 1342 3441 1383 non
3471 1329 3708 1386 initiatos
3737 1330 3862 1390 hinc

2271 1419 2466 1489 abripi,
2508 1422 2667 1475 etiam
2714 1421 2758 1476 si
2802 1421 2946 1476 mille
2995 1419 3148 1474 bonis
3197 1420 3439 1476 instructi
3476 1421 3662 1484 simus,
3726 1420 3861 1476 nihil

2273 1512 2416 1566 aliud
2443 1526 2543 1568 nos
2574 1512 2828 1582 excipiet,
2859 1526 3020 1582 quam
3045 1510 3288 1582 gehenna
3315 1520 3371 1567 et
3397 1512 3596 1568 vermis
3630 1527 3860 1567 venena-

2275 1611 2382 1668 tus,
2415 1604 2548 1674 ignis
2580 1602 3047 1673 inexstinguibilis,
3081 1601 3289 1657 vincula
3318 1600 3860 1658 insolubiliaNerum

2273 1695 2412 1750 absit
2437 1706 2493 1749 ut
2520 1695 2783 1766 quispiam
2810 1695 3110 1749 auditorum
3153 1694 3472 1765 supplicium
3521 1693 3650 1750 illud
3695 1711 3864 1766 expe-

2272 1789 2461 1844 riatur.
2491 1788 2643 1857 Quod
2693 1787 2994 1850 vitabimus,
3044 1788 3086 1843 si
3118 1787 3288 1842 sacris
3328 1788 3598 1859 mysteriis
3624 1788 3860 1857 dignati,

2272 1895 2491 1946 aurum,
2535 1891 2813 1950 argentum
2855 1891 2909 1936 et
2953 1879 3154 1949 lapides
3201 1879 3468 1950 pretiosos
3523 1895 3618 1950 pro
3668 1880 3860 1935 funda-

2273 1980 2454 2027 mento
2494 1987 2773 2043 ponamus.
2824 1971 2913 2027 Sic
2952 1972 3092 2026 enim
3126 1971 3420 2042 poterimus
3447 1972 3537 2026 illo
3562 1973 3859 2031 abeuntes.

2274 2063 2466 2118 divites
2495 2078 2777 2133 apparere,
2822 2061 3037 2134 quando
3079 2077 3184 2116 non
3235 2060 3322 2117 hic
3347 2063 3600 2133 pecunias
3632 2063 3865 2134 relique-

2275 2157 2462 2220 rimus,
2513 2155 2606 2210 sed
2651 2155 2715 2211 ad
2757 2166 2897 2211 tutos
2943 2155 3060 2210 illos
3102 2154 3382 2210 thesauros
3413 2156 3866 2212 transmiserimus

2275 2265 2369 2317 per
2393 2263 2584 2305 manus
2615 2264 2905 2318 pauperum
2932 2265 2948 2314 ;
2997 2248 3210 2319 quando
3238 2247 3455 2304 Christo
3483 2256 3723 2302 mutuum
3768 2248 3864 2304 de.

2271 2341 2531 2398 derimus.
2589 2342 2749 2396 Multa
2793 2341 3053 2397 debemus
3095 2341 3225 2408 illic,
3278 2355 3381 2395 non
3432 2343 3743 2412 pecunias,s
3764 2341 3863 2420 sed

2273 2443 2511 2502 peccata.
2545 2433 2725 2488 Mutuo
2752 2433 2912 2504 igitur
2939 2432 3014 2486 illi
3049 2433 3301 2502 pecunias
3329 2432 3541 2497 demus,
3591 2442 3650 2488 ut
3693 2433 3864 2502 impe-

2275 2535 2475 2579 tremus
2501 2525 2871 2579 remissionem
2905 2533 3264 2595 peccatorum.
3312 2525 3428 2595 Ipse
3476 2525 3616 2579 enim
3646 2534 3732 2581 est
3770 2527 3863 2596 qui

2271 2615 2494 2685 jndicat.
2536 2618 2611 2672 Ne
2638 2618 2994 2689 deSpiciamus
3021 2617 3167 2672 illum
3197 2617 3282 2671 hic
3311 2617 3658 2684 esurientem,
3707 2627 3764 2674 ut
3809 2629 3864 2675 et

2275 2709 2388 2779 ipse
2428 2722 2526 2764 nos
2571 2708 2641 2763 ibi
2683 2708 2901 2762 nutriat.
2947 2706 3045 2762 Hic
3090 2706 3372 2761 induamus
3410 2707 3606 2776 ipsum,
3655 2717 3712 2762 ut
3754 2723 3862 2765 non

2275 2798 2537 2866 relinquat
2564 2811 2662 2851 nos
2687 2795 2860 2852 nudos
2890 2796 3189 2868 patrocinio
3219 2811 3337 2852 suo.
3383 2795 3439 2852 Si
3463 2795 3552 2852 hic
3581 2796 3654 2851 illi
3680 2807 3863 2867 potum

2271 2889 2598 2956 dederimus,
2630 2904 2734 2943 non
2765 2889 3005 2945 dicemus
3026 2903 3148 2945 cum
3175 2889 3340 2944 divite
3371 2909 3386 2945 :
3417 2887 3564 2944 Mitte
3581 2888 3860 2958 Lazarum,

2271 2991 2327 3034 ut
2363 2981 2581 3052 intingat
2611 2990 2886 3035 extremum
2921 2981 3068 3050 digiti
3106 2981 3186 3035 sui
3226 2981 3280 3034 in
3309 2996 3460 3049 aqua,
3510 2989 3565 3034 ut
3602 2982 3865 3052 refrigere.

2273 3073 2502 3142 linguam
2527 3079 2751 3125 nostram
2798 3072 3034 3124 adustam
3084 3069 3232 3142 (Luc.
3269 3070 3354 3126 16.
3384 3069 3497 3139 24).
3545 3069 3601 3126 Si
3630 3069 3716 3126 hic
3738 3088 3863 3128 cum

2272 3164 2417 3220 domi
2459 3164 2804 3233 accipiamus,
2852 3163 2962 3218 illic
2986 3163 3181 3218 multas
3204 3163 3359 3218 nobis
3391 3163 3599 3233 parabit
3629 3165 3860 3221 mansio-

2273 3269 2387 3310 nes.
2433 3252 2488 3309 Si
2537 3253 2828 3308 invisamus
2861 3268 2983 3308 eum
3028 3253 3079 3306 in
3129 3267 3346 3308 carcere
3396 3252 3694 3319 detentum,
3749 3255 3864 3324 ipso

2270 3362 2480 3418 quoque
2510 3360 2610 3401 nos
2652 3361 2682 3400 a
2713 3346 2940 3402 vinculis
2979 3345 3248 3400 liberabit.
3303 3345 3357 3400 Si
3396 3345 3542 3400 illum
3597 3345 3862 3418 hospitem

2269 3437 2661 3507 exceperimus,
2687 3452 2791 3491 non
2817 3436 3077 3507 despiciet
3108 3451 3222 3500 nos,
3252 3437 3341 3507 qui
3373 3438 3637 3506 peregrini
3677 3448 3734 3493 et
3762 3439 3862 3494 ho-

2270 3529 2435 3598 spites
2461 3544 2647 3583 sumus
2677 3530 2728 3583 in
2773 3543 2943 3598 regno
2975 3528 3253 3593 culorum,
3280 3527 3371 3583 sed
3401 3544 3645 3598 supernce
3670 3531 3863 3586 civita-

2273 3623 2337 3674 tis
2367 3628 2648 3675 consortes
2674 3619 2881 3673 reddet.
2943 3619 2995 3676 Si
3027 3619 3298 3674 infirmum
3351 3619 3501 3674 illum
3548 3622 3862 3690 invisamus,

2270 3711 2376 3766 cito
2419 3725 2517 3765 nos
2556 3710 2644 3765 ille
2673 3709 2923 3765 liberabit
2968 3709 3036 3763 ab
3084 3708 3490 3764 infirmitatibus
3529 3712 3749 3765 nostris.
3795 3712 3864 3768 Ut

2270 3815 2395 3870 ergo
2438 3801 2526 3868 qui
2569 3814 2758 3869 magna
2792 3815 2888 3869 pro
2935 3799 3111 3873 parvis
3148 3798 3304 3856 donis
3350 3801 3698 3873 accipiamus,
3749 3805 3863 3862 sal-

2216 3958 2221 3965 _
2271 3901 2374 3946 tem
2408 3891 2493 3946 illa
2524 3890 2712 3963 exigua
2741 3889 2947 3956 demus,
2993 3901 3054 3947 ut
3090 3894 3318 3948 maxima
3352 3909 3675 3950 mercemur.
3727 3897 3860 3952 Dum

2267 3984 2439 4038 adhuc
2483 3994 2691 4053 tempus
2731 3992 2833 4048 est,
2879 3985 3242 4050 semincmus,
3299 3994 3355 4040 ut
3395 3996 3680 4043 metamus.
3725 3989 3860 4046 Cum

2267 4077 2408 4130 enim
2441 4075 2612 4132 hiems
2638 4075 2938 4140 advenerit,
2971 4091 3092 4131 cum
3127 4093 3272 4132 mare
3321 4093 3427 4134 non
3461 4080 3598 4134 ultra
3643 4085 3862 4154 naviga-

2268 4167 2375 4222 bile
2421 4168 2542 4232 erit,
2602 4177 2728 4223 tunc
2775 4185 2881 4224 non
2931 4184 3094 4238 penes
3138 4185 3236 4224 nos
3266 4172 3369 4225 erit
3419 4174 3698 4243 negotiari.
3750 4175 3859 4232 Sed

2267 4259 2480 4328 quando
2517 4260 2621 4313 erit
2667 4258 2880 4313 hiems?
2928 4260 3061 4315 Cum
3104 4260 3383 4316 advenerit
3429 4263 3547 4318 dies
3596 4266 3683 4320 ille
3739 4283 3860 4321 ma-

2268 4365 2403 4419 gnus
2449 4359 2505 4404 et
2551 4349 2890 4418 conSpicuus.
2942 4349 3095 4404 Tunc
3116 4351 3259 4404 enim
3292 4366 3398 4406 non
3429 4351 3530 4407 hoc
3565 4369 3711 4410 mare
3740 4371 3858 4411 ma-

2267 4427 2431 4512 gnum
2500 4450 2555 4497 et
2621 4443 2913 4512 spatiosum
2976 4443 3398 4512 navigabimus:
3441 4445 3574 4501 mari
3627 4462 3860 4518 namque

2266 4548 2504 4604 prscsens
2531 4532 2635 4587 vita
2659 4533 2850 4588 similis
2889 4543 2991 4587 est.
3048 4532 3199 4588 Nunc
3235 4535 3448 4591 serendi
3496 4545 3707 4608 tempus
3751 4551 3857 4610 est,

2266 4637 2391 4682 tunc
2422 4624 2655 4681 metendi
2707 4634 2760 4681 et
2789 4626 3052 4680 lucrandi.
3084 4626 3138 4682 Si
3169 4629 3287 4698 quis
3317 4631 3576 4687 sementis
3608 4641 3852 4704 tempore

2265 4719 2468 4771 semina
2501 4732 2606 4772 non
2650 4717 2861 4786 jecerit,
2903 4717 2947 4772 si
2990 4726 3235 4788 tempore
3282 4722 3473 4777 messis
3512 4735 3658 4780 serat
3695 4725 3851 4782 inuti.

2265 4810 2408 4874 liter,
2451 4824 2579 4862 sane
2607 4807 2863 4863 ridiculus
2904 4809 3028 4864 erit.
3061 4808 3119 4865 Si
3151 4809 3364 4866 serendi
3395 4814 3465 4867 sit
3491 4825 3720 4884 tempus,
3748 4833 3856 4872 non

2260 4904 2369 4972 jam
2415 4901 2792 4972 colligendum,
2842 4901 2938 4958 sed
2986 4902 3274 4959 serendum
3322 4913 3426 4962 est.
3469 4887 3855 4977 Dis-pergamus

2264 4995 2423 5066 igitur
2468 5003 2534 5048 ut.
2554 4993 2903 5065 colligamus;
2950 5009 3018 5050 ne
3055 4982 3167 5065 jam
3205 4995 3461 5068 colligere
3505 5007 3853 5069 satagamus,

2261 5105 2330 5143 ne
2355 5101 2586 5143 messem
2633 5087 2939 5158 perdamus.
2984 5087 3116 5143 Nam
3148 5088 3251 5145 hoc
3291 5097 3540 5160 tempus,
3594 5101 3652 5147 ut
3696 5093 3850 5163 dixi,

2261 5179 2330 5234 ad
2356 5178 2647 5234 sciendum
2675 5189 2887 5244 evocat,
2935 5186 2992 5235 et
3031 5179 3098 5235 ad
3125 5181 3479 5251 erogandum,
3507 5198 3614 5241 non
3641 5184 3708 5240 ad
3735 5187 3852 5242 col-

2268 5269 2538 5340 ligendum
2570 5281 2622 5326 et
2648 5269 3069 5327 recondendum.
3099 5270 3174 5326 Ne
3195 5272 3376 5343 itaque
3396 5277 3851 5345 opportunitatem

2265 5361 2604 5427 amittamus,
2642 5363 2736 5418 sed
2791 5363 3022 5418 ubertim
3069 5378 3252 5419 semen
3296 5366 3580 5434 jaciamus,
3627 5382 3730 5423 nec
3773 5370 3851 5426 rei

2263 5451 2510 5506 familiari
2555 5453 2662 5508 ullo
2703 5453 2862 5508 modo
2911 5468 3214 5525 parcamus,
3266 5463 3323 5510 ut
3360 5470 3477 5510 eam
3505 5471 3627 5511 cum
3655 5472 3852 5530 magno

2259 5545 2580 5612 recipiamus
2608 5544 2834 5606 faenore.
2867 5545 3035 5614 gratia
3066 5555 3121 5601 et
3152 5545 3484 5615 benignitate
3515 5547 3728 5605 Domini
3763 5567 3851 5607 no-

2258 5635 2354 5690 stri
2394 5634 2519 5690 Jesu
2546 5633 2766 5700 Christi,
2797 5637 3009 5706 quicum
3032 5636 3174 5691 Patri
3202 5637 3392 5708 gloria,
3421 5654 3632 5711 unaque
3661 5639 3836 5713 Spiri-

2259 5727 2329 5781 tui
2357 5735 2561 5791 sancto,
2592 5726 2643 5781 in
2675 5728 2865 5781 siccula
2900 5728 3241 5783 siceulorum.
3274 5729 3464 5785 Amen.
