4078 6472
187 420 271 477 εδδ
1207 408 1270 464 IN
1308 404 1621 464 JOANNEXI
1665 401 1896 459 llOMlL.
1943 400 2133 456 XXVI.
2179 400 2254 456 al.
2294 391 2466 454 XXV.

3377 385 3477 443 156

197 524 3479 574 ________________________________..

1524 618 1872 683 HOMILIA
1911 617 2152 678 XXVI.

179 788 222 842 6.
260 782 400 848 Quod
431 793 616 836 uatum
648 789 721 833 est
753 796 817 833 ea:
854 795 1032 841 carne,
1065 791 1184 830 caro
1211 783 1313 836 est;
1341 782 1386 825 et
1429 768 1566 837 quod
1593 774 1770 820 nutum

560 883 638 927 est
678 888 741 927 ea:
782 869 1002 941 Spiritu,
1031 864 1352 936 spiritus’est.

245 1014 290 1066 Ι.
330 1010 539 1082 Magnis
593 1024 695 1064 nos
736 1006 1010 1079 mysteriis
1040 1005 1289 1075 dignatus
1334 1009 1420 1058 est
1466 997 1771 1070 unigenitus

184 1101 331 1158 Fiiius
375 1103 509 1165 Dei;
560 1100 810 1172 magnis.
856 1111 910 1156 et
957 1099 1155 1170 quibus
1180 1095 1324 1167 digni
1363 1109 1470 1148 non
1519 1106 1756 1157 eramus,

184 1193 265 1248 sed
293 1209 410 1263 quae
439 1191 678 1247 decebat
717 1192 865 1246 illum
913 1190 1063 1245 dare.
1097 1188 1229 1243 Nam
1281 1187 1325 1241 si
1359 1185 1549 1240 merita
1590 1192 1771 1238 nostra

183 1286 289 1355 quis
314 1292 552 1352 reputet,
603 1298 710 1338 non
741 1282 914 1338 solum
957 1280 1102 1336 dono
1144 1293 1361 1335 eramus
1406 1275 1632 1347 indigni,
1677 1272 1770 1328 sed

183 1377 431 1448 supplicio
470 1388 530 1432 et
575 1376 763 1433 ultioni
808 1376 1045 1432 obnoxii.
1090 1374 1195 1430 Sed
1235 1372 1291 1442 id
1342 1387 1448 1426 non
1481 1369 1773 1439 respiciens

185 1470 263 1525 ille
284 1512 298 1532 .
327 1485 436 1525 non
486 1471 659 1526 modo
685 1485 783 1525 nos
807 1486 836 1524 a
867 1467 1134 1539 supplicio
1163 1467 1428 1533 liberavit,
1470 1463 1567 1520 sed
1609 1465 1772 1518 vitam

183 1563 391 1634 largitus
406 1572 491 1618 est
519 1563 690 1633 priori
715 1564 870 1633 longe
896 1562 1202 1625 clariorem;
1228 1561 1279 1614 in
1310 1557 1474 1614 alium
1504 1571 1602 1612 nos
1620 1571 1777 1610 mun-

183 1654 294 1708 dum
319 1655 553 1718 induxit,
589 1654 746 1708 aliam
776 1653 1012 1709 condidit
1041 1661 1344 1708 creaturam
1371 1668 1384 1704 :
1417 1649 1480 1705 Si
1507 1665 1608 1718 qua
1641 1649 1776 1703 enim

184 1749 229 1800 in
253 1745 451 1802 Christo
495 1762 632 1800 nova
671 1757 903 1800 creatura
934 1743 1008 1817 (2.
1043 1748 1160 1797 Cor.
1192 1743 1392 1812 5.17),
1428 1740 1618 1810 inquit.
1645 1739 1777 1808 Qua:

185 1853 308 1894 nova
333 1836 629 1893 creatura?
672 1835 809 1892 Audi
839 1837 1012 1905 ipsum
1041 1852 1053 1887 :
1086 1833 1205 1889 Nisi
1224 1834 1334 1905 quis
1363 1843 1514 1887 natus
1535 1833 1685 1902 fuerit
1716 1847 1779 1885 ea:

182 1947 301 1997 aqua
323 1940 369 1987 et
397 1930 634 2002 Spiritu,
667 1945 768 1983 non
793 1929 973 1999 poterit
1002 1928 1192 1981 intrare
1213 1927 1264 1979 in
1292 1941 1504 1996 regnum
1535 1923 1654 1979 Dei.
1680 1922 1779 1978 Pa-

185 2024 380 2078 radisus
411 2022 578 2079 nobis
597 2019 944 2078 concreditus
973 2020 1069 2074 fuit
1101 2021 1116 2052 ⁸
1145 2063 1159 2086 ,
1195 2035 1370 2089 neque
1402 2017 1548 2088 digni
1581 2015 1779 2072 fuimus

185 2115 263 2184 qui
285 2115 394 2171 illic
420 2129 796 2180 versaremur,
825 2124 877 2169 et
907 2114 960 2169 iu
991 2113 1178 2168 ca-lum
1198 2127 1296 2167 nos
1315 2112 1534 2167 extulit.
1559 2109 1616 2165 ln
1635 2109 1780 2182 prio.

187 2209 320 2264 ribus
341 2208 534 2264 fideles
550 2222 660 2263 non
683 2209 977 2272 fueramus,
999 2216 1053 2261 et
1081 2205 1283 2277 majora
1312 2215 1491 2262 tamen
1516 2205 1732 2261 tradidit
1761 2221 1775 2258 :

187 2313 281 2354 non
312 2298 593 2370 potuimus
632 2299 702 2355 ab
737 2313 846 2353 uno
873 2299 1146 2353 abstinere
1184 2298 1329 2368 ligno
1353 2338 1368 2364 ,
1416 2304 1473 2352 et
1519 2311 1783 2367 supernas

189 2391 403 2461 praebuit
433 2391 664 2447 delicias
693 2408 712 2449 :
745 2391 798 2446 in
841 2390 1089 2462 paradiso
1133 2405 1240 2445 non
1283 2388 1778 2459 perseveravimns,

189 2492 237 2539 et
262 2483 424 2539 catos
455 2482 619 2538 nobis
638 2482 868 2553 aperuit.
890 2480 1020 2537 Jure
1051 2481 1186 2536 dixit
1209 2481 1406 2536 Paulus
1439 2497 1453 2534 :
1487 2478 1533 2535 Ο
1561 2480 1782 2534 altitudo

189 2579 472 2634 diuitiarum
503 2577 776 2649 sapientia:
813 2585 860 2632 et
897 2577 1120 2632 scientia
1153 2575 1248 2631 Dei
1293 2577 1481 2648 (Rom.
1512 2576 1598 2632 il.
1629 2575 1738 2646 55)
1765 2577 1780 2630 !

188 2669 294 2727 Non
326 2670 465 2725 ultra
508 2678 705 2734 mater,
739 2684 846 2725 non
890 2669 1025 2724 ultra
1057 2677 1243 2738 partus
1267 2708 1280 2733 ,
1310 2683 1416 2722 non
1439 2666 1648 2732 somni,
1677 2680 1783 2721 non

190 2764 499 2821 concubitus
525 2774 582 2820 et
608 2763 890 2834 amplexus
923 2779 935 2816 :
969 2777 1184 2818 sursum
1212 2759 1426 2816 tandem
1453 2769 1658 2815 natura:
1681 2774 1781 2814 no-

191 2863 306 2910 stra:
337 2857 542 2912 texitur
568 2855 845 2925 Opificium
872 2870 934 2908 ex
954 2853 1154 2924 Spiritu
1177 2862 1231 2908 et
1250 2867 1407 2921 aqua.
1434 2853 1585 2921 Aqua
1602 2860 1783 2905 autem

192 2958 456 3018 assumpta
488 2955 577 3003 cst
601 2987 616 3013 ,
649 2955 836 3017 partus
857 2946 1039 3018 genito
1067 2943 1228 3000 facta.
1257 2944 1409 3012 Quod
1450 2951 1536 2997 est
1585 2945 1782 2997 matrix

192 3039 487 3111 embryoni,
521 3039 626 3094 hoc
657 3047 743 3094 est
770 3054 905 3109 aqua
930 3037 1071 3092 fideli
1097 3053 1112 3091 :
1140 3037 1193 3090 in
1225 3051 1359 3106 aqua
1393 3035 1538 3091 enim
1571 3032 1786 3105 fingitur

191 3144 240 3188 et
265 3132 545 3187 formatur.
577 3130 814 3186 Primum
851 3128 1165 3186 dicebatur:
1197 3125 1491 3182 Producant
1527 3142 1677 3198 aqum
1702 3141 1784 3180 re-

193 3225 302 3295 ptile
323 3225 514 3278 animat
538 3223 748 3278 uirentis
773 3221 925 3293 (Gen.
947 3223 1000 3276 1.
1017 3220 1110 3291 20)
1135 3237 1150 3286 ;
1178 3235 1243 3276 ex
1266 3235 1372 3292 quo
1393 3231 1573 3275 autem
1597 3219 1787 3275 Jorda-

195 3318 267 3375 nis
286 3318 486 3375 fluenta
513 3319 792 3388 ingressus
817 3325 899 3372 est
925 3315 1204 3381 Dominus,
1242 3331 1346 3369 non
1401 3315 1636 3385 amplius
1689 3329 1780 3368 rc-

195 3415 329 3484 ptilia
380 3417 688 3471 animarum
745 3413 1056 3479 viventium,
1090 3409 1185 3466 sed
1239 3411 1445 3465 animas
1495 3408 1788 3464 rationales

197 3506 444 3579 Spiritum
473 3516 726 3563 sanctum
772 3506 1005 3560 ferentes
1050 3519 1184 3574 aqua
1230 3503 1495 3573 producit.
1539 3503 1616 3557 Ac
1645 3500 1786 3571 quod

195 3601 255 3658 de
278 3601 390 3657 sole
429 3601 638 3658 dictum
667 3609 751 3656 est
773 3640 789 3666 ,
820 3597 1100 3670 Tamquam
1141 3614 1359 3668 sponsus
1407 3595 1684 3665 procedens
1725 3594 1789 3649 de

197 3692 410 3748 thalamo
445 3709 542 3748 suo
580 3691 754 3766 (Psat.
786 3691 871 3747 18.
903 3688 998 3760 6);
1035 3690 1084 3744 id
1121 3689 1188 3744 de
1231 3688 1477 3744 fidelibus
1516 3687 1630 3758 jam
1681 3685 1787 3741 dici

198 3789 370 3853 possit,
395 3787 493 3858 qui
541 3784 938 3856 splendidiores
962 3797 1120 3854 quam
1159 3781 1241 3838 sol
1273 3780 1531 3837 emittunt
1581 3778 1785 3835 radios.

196 3877 291 3935 Sed
318 3877 462 3950 quod
496 3876 552 3932 in
593 3878 750 3932 vulva
781 3873 1044 3929 formatur
1067 3915 1084 3941 ,
1129 3881 1374 3943 tempore
1411 3885 1547 3941 opus
1591 3870 1784 3937 habet;

197 3971 245 4026 in
271 3986 403 4042 aqua
433 3983 571 4025 vero
615 3983 722 4023 non
753 3967 864 4031 sic,
915 3965 1011 4022 scd
1068 3979 1176 4020 uno
1227 3962 1486 4034 temporis
1517 3971 1790 4018 momento

199 4062 318 4118 fiunt
345 4062 552 4119 omnia.
587 4059 685 4116 Ubi
711 4057 855 4114 enim
888 4057 1028 4113 fluxa
1069 4057 1174 4112 vita
1204 4071 1271 4112 ex
1298 4069 1557 4126 corporea
1597 4069 1786 4109 corru-

198 4158 367 4224 ptione
393 4153 720 4226 principium
740 4151 922 4218 habet,
937 4163 1117 4206 moras
1143 4148 1306 4203 trahit
1328 4148 1380 4204 id
1409 4147 1552 4217 quod
1583 4147 1790 4216 paritur

199 4246 345 4318 (talis
370 4246 576 4317 quippe
603 4252 687 4299 est
708 4256 997 4314 corporum
1029 4247 1218 4295 natura
1245 4258 1258 4296 :
1287 4247 1529 4308 tempore
1557 4237 1642 4292 illa
1669 4252 1792 4307 per-

199 4341 479 4400 fectionem
509 4339 817 4411 acquirunt)
847 4355 861 4393 :
889 4335 1189 4408 spiritualia
1237 4349 1366 4390 vero
1394 4348 1500 4387 non
1538 4333 1636 4388 sic.
1681 4331 1788 4388 Sed

199 4435 350 4505 quid?
382 4437 428 4492 A
465 4434 727 4505 principio
756 4432 992 4502 perfecta
1022 4438 1163 4484 sunt.
1187 4427 1383 4484 Verum
1410 4428 1535 4498 quia
1565 4426 1792 4482 Nieode-

201 4543 308 4583 mus
353 4528 478 4584 haec
506 4526 820 4596 frequenter
865 4521 1088 4577 audiens
1120 4519 1454 4584 tnrbabatur,
1489 4517 1606 4574 vide
1651 4534 1760 4588 quo

201 4619 347 4674 modo
371 4619 481 4692 ipsi
507 4616 748 4690 mysterii
798 4630 1052 4670 arcanum
1077 4611 1304 4684 aperiat,
1337 4619 1392 4666 et
1435 4609 1637 4666 clarum
1665 4611 1790 4665 red-

203 4713 284 4769 dat
308 4714 357 4770 id
381 4712 530 4786 quod
560 4713 845 4767 obscurum
877 4718 1035 4765 antea
1055 4717 1203 4773 erat,
1238 4722 1360 4762 cum
1389 4706 1462 4761 ait
1493 4723 1506 4758 :
1535 4704 1684 4772 Quod
1706 4721 1792 4759 na-

205 4814 298 4859 tent
317 4817 387 4862 est
413 4820 484 4861 ea:
501 4819 675 4869 carne,
697 4818 818 4856 caro
846 4811 956 4865 est;
976 4799 1180 4869 etquod
1199 4809 1376 4853 natum
1396 4809 1468 4852 est
1491 4814 1553 4852 ea:
1567 4796 1785 4868 Spiritu,

205 4899 400 4968 spiritus
445 4907 542 4952 est.
573 4895 749 4966 Ipsum
779 4893 993 4951 abducit
1016 4909 1045 4948 a
1073 4894 1236 4949 rebus
1264 4893 1512 4947 omnibus
1539 4891 1639 4946 sub
1668 4906 1792 4946 seu.

206 5007 313 5047 sum
343 4990 695 5056 cadentibus,
729 5003 902 5060 neque
936 4987 1062 5043 sinit
1088 4987 1366 5056 corporeis
1387 4985 1560 5040 oculis
1584 5001 1794 5058 myse-

211 5081 278 5136 ria
305 5081 560 5139 scrutari.
605 5078 723 5135 Non
750 5079 818 5135 de
836 5093 1032 5144 carne,
1064 5078 1267 5147 inquit,
1309 5076 1646 5142 disserimus,
1697 5073 1791 5143 sed

209 5171 274 5229 de
301 5174 532 5246 spiritu,
584 5186 620 5227 o
652 5169 962 5227 Nicodeme.
1007 5170 1224 5226 Interim
1269 5184 1394 5225 eum
1440 5168 1507 5224 ad
1558 5183 1792 5240 superna

212 5265 536 5324 transmittit.
569 5263 712 5320 Nihil
741 5279 870 5334 ergo
907 5263 1106 5319 sensile
1134 5277 1344 5333 quaeras
1375 5279 1388 5315 :
1418 5277 1540 5317 nam
1563 5261 1792 5334 Spiritus

213 5356 286 5412 his
308 5359 483 5414 oculis
510 5371 618 5412 non
648 5355 935 5426 percipitur
959 5372 971 5408 :
1001 5369 1173 5425 neque
1194 5363 1348 5425 putes
1387 5353 1529 5424 quod
1573 5367 1790 5408 carnem

212 5447 434 5518 Spiritus
464 5449 655 5520 pariat.

273 5538 458 5595 Clu-isti
493 5554 616 5594 caro
653 5538 908 5611 quomodo
950 5548 1090 5594 nuta.
1126 5536 1416 5608 Explicatio
1443 5536 1604 5604 illius,
1637 5535 1789 5604 Quod

217 5641 382 5685 natum
410 5642 493 5687 est
521 5648 583 5688 ex
613 5632 825 5702 Spiritu,
846 5629 1067 5700 spiritus
1083 5637 1185 5696 est,
1205 5641 1250 5683 et
1269 5629 1432 5694 illius,
1453 5627 1682 5704 Spiritus
1702 5627 1789 5681 ubi

225 5781 283 5901 ι’
303 5789 503 5850 Quidam
539 5790 747 5842 Codices
780 5789 966 5839 habent
1008 5799 1020 5836 :
1059 5795 1094 5837 ε
1132 5786 1423 5850 possessione
1465 5791 1614 5834 terra:
1653 5781 1794 5837 exci-

255 5867 381 5901 imus.

255 5867 381 5908 unus.

1881 759 1994 813 vult
2021 759 2287 827 spirat.—-
2307 757 2591 825 Quomodo
2619 771 2767 827 ergo,
2797 755 2993 812 dixerit
3022 756 3157 811 forte
3196 756 3487 828 quispiam,

1882 851 2113 915 Domini,
2149 865 2277 905 caro
2319 861 2440 904 nata
2480 850 2606 904 est?
2632 848 2747 904 Non
2798 864 2827 902 a
2870 848 3072 918 Spiritu
3106 856 3349 914 tzmtum,
3391 847 3484 902 sed

1879 945 2039 999 etiam
2088 959 2117 998 a
2150 958 2346 1004 carne;
2391 941 2535 1014 quod
2566 941 2764 997 Paulus
2815 941 2897 996 his
2941 942 3116 996 verbis
3165 940 3437 1011 significat
3475 957 3486 993 :

1881 1035 2102 1092 Factum
2130 1053 2194 1090 ea:
2218 1034 2457 1103 muliere,
2497 1039 2691 1106 factum
2715 1035 2806 1088 sub
2833 1035 2942 1105 tege
2963 1031 3104 1105 (Gal.
3133 1033 3188 1089 ι.
3215 1033 3288 1103 ι).
3319 1032 3489 1102 Spiri-

1881 1138 1968 1184 tus
1999 1130 2142 1186 enim
2167 1129 2316 1184 illam
2338 1128 2415 1183 sic
2439 1126 2711 1192 formavit,
2737 1143 2843 1181 non
2877 1141 2942 1181 ex
2973 1125 3142 1180 nihilo
3173 1142 3186 1178 :
3218 1123 3488 1195 namquid

1881 1237 2015 1292 opus
2041 1221 2230 1278 fuisset
2252 1220 2445 1276 vulva?
2475 1220 2569 1277 sed
2614 1235 2678 1275 ex
2712 1219 2949 1290 virginea
2981 1234 3145 1274 carne
3175 1237 3190 1274 :
3219 1227 3492 1290 quomodo

1881 1327 2085 1382 autem,
2116 1331 2224 1370 non
2259 1329 2478 1385 possum
2509 1313 2801 1382 explicare.
2828 1309 2960 1367 Illud
2992 1326 3153 1380 porro
3170 1310 3365 1366 factum
3387 1319 3491 1373 est.

1883 1411 2090 1481 nequis
2114 1411 2350 1465 alienum
2378 1425 2406 1463 a
2438 1417 2626 1463 natura
2662 1413 2842 1460 nostra
2877 1413 3089 1475 partum
3124 1405 3269 1459 illum
3299 1402 3490 1459 existi-

1884 1510 2074 1556 maret.
2109 1500 2239 1555 Nam
2269 1501 2312 1556 si
2345 1515 2402 1554 re
2432 1500 2510 1554 sic
2541 1506 2691 1568 gesta
2713 1538 2728 1565 ,
2763 1506 2887 1552 sunt
2930 1504 3107 1550 tamen
3138 1494 3353 1564 quidam
3401 1493 3493 1565 qui

1884 1592 2048 1647 talem
2079 1607 2185 1646 non
2209 1589 2440 1646 credunt
2469 1589 2915 1661 generationem;
2943 1585 3043 1640 nisi
3076 1583 3354 1655 virginalis
3373 1599 3495 1639 car-

1885 1684 1967 1737 nis
1997 1683 2271 1754 particeps
2303 1680 2514 1746 fuisset,
2547 1694 2655 1750 qno
2685 1694 2790 1734 ηοη
2820 1677 3194 1748 prorupissent
3241 1674 3494 1746 impieta-

1885 1775 1999 1832 tis?
2035 1775 2184 1844 Quod
2232 1784 2408 1828 natum
2447 1784 2516 1828 est
2545 1789 2608 1828 ea:
2639 1771 2877 1843 Spiritu,
2924 1770 3136 1849 spiritus
3179 1779 3270 1822 est.
3305 1767 3497 1823 Videu‘

1887 1868 2119 1938 Spiritus
2151 1866 2502 1937 dignitatem?
2533 1865 2664 1920 Nam
2696 1863 2791 1918 Dci
2823 1878 2960 1933 opus
2987 1862 3077 1918 ille
3103 1860 3289 1917 efficit.
3321 1859 3496 1930 Supra

1885 1964 2120 2027 dicebat.
2148 1961 2232 2018 Ex
2266 1961 2374 2018 Deo
2400 1961 2506 2015 nati
2527 1969 2644 2015 sunt
2669 1976 2687 2024 ;
2720 1960 2808 2013 hic
2838 1971 2964 2013 vero
2987 1957 3122 2012 dixit
3146 1958 3290 2024 ipsos
3315 1970 3345 2010 a
3373 1953 3498 2026 Spi-

1887 2062 1994 2113 ritu
2024 2057 2169 2128 gigni
2200 2074 2214 2111 :
2253 2055 2406 2124 Quod
2435 2066 2612 2109 natum
2637 2062 2793 2109 estea:
2815 2053 3039 2124 Spiritu.
3065 2052 3276 2122 spiritus
3302 2062 3413 2115 est;
3445 2050 3498 2105 id

1887 2159 1992 2216 est,
2020 2147 2120 2218 Qui
2151 2157 2308 2203 natus
2339 2156 2424 2202 est
2450 2162 2514 2202 ex
2545 2146 2771 2218 Spiritu,
2796 2143 3091 2214 spiritualis
3118 2154 3221 2200 est.
3252 2142 3496 2199 Genera-

1890 2241 2091 2296 tionem
2115 2241 2314 2311 quippe
2346 2237 2435 2294 hic
2480 2252 2587 2292 non
2624 2236 2920 2292 secundum
2952 2235 3308 2290 substantiam
3339 2235 3494 2298 dicit,

1888 2331 1983 2387 sed
2014 2331 2310 2387 secundum
2340 2329 2601 2384 honorem
2631 2336 2686 2383 et
2721 2327 2970 2398 gratiam.
3003 2325 3058 2380 Si
3089 2339 3219 2395 ergo
3249 2324 3390 2379 filius
3419 2325 3498 2378 sic

1891 2433 2050 2478 natus
2077 2432 2179 2488 est,
2215 2420 2342 2492 quid
2373 2420 2605 2491 amplius
2635 2417 2860 2474 habebit
2898 2433 3060 2488 quam
3087 2416 3267 2472 caeteri
3315 2414 3498 2471 homi-

1891 2530 2010 2582 nes,
2061 2515 2151 2585 qui
2206 2514 2276 2568 ita
2323 2513 2433 2568 nati
2478 2510 2642 2568 sunt?
2695 2509 2970 2582 quomodo
3014 2508 3336 2580 Unigenitus
3383 2507 3500 2564 est?

1891 2604 2024 2661 Nam
2055 2615 2109 2662 et
2137 2619 2240 2676 ego
2268 2620 2334 2661 ex
2365 2605 2477 2660 Deo
2501 2611 2661 2659 natus
2695 2617 2836 2666 sum,
2868 2601 2962 2658 sed
3005 2615 3111 2657 non
3138 2615 3202 2656 ex
3232 2599 3347 2670 ejus
3373 2598 3500 2656 sub-

1889 2698 2108 2754 stantia.
2162 2696 2216 2754 Si
2248 2711 2380 2768 ergo
2425 2711 2602 2766 neque
2645 2695 2758 2765 ipse
2806 2709 2872 2750 ex
2904 2692 3022 2764 ejus
3061 2691 3360 2748 substantia
3387 2732 3402 2758 ,
3438 2690 3500 2785 ,i’n

1892 2805 2000 2861 quo
2047 2789 2229 2845 differt
2266 2804 2297 2843 a
2330 2787 2523 2844 nobis?
2550 2787 2638 2844 Sic
2674 2801 2891 2857 quoque
2915 2784 3118 2856 Spiritu
3146 2798 3322 2839 mmor
3349 2784 3500 2839 Inve-

1894 2881 2090 2937 nietur.
2124 2879 2258 2936 Nam
2289 2879 2598 2951 bujusmodi
2627 2879 2908 2950 generatio
2937 2878 2996 2931 flt
3015 2892 3080 2932 ex
3114 2876 3346 2946 Spiritus
3375 2888 3502 2946 gra-

1896 2974 1988 3029 tia.
2013 2971 2152 3028 Num
2175 2987 2306 3042 ergo
2333 2981 2390 3025 ut
2417 2969 2589 3026 Filius
2617 2977 2850 3032 maneat,
2875 2966 3110 3038 Spiritus
3135 2964 3336 3020 auxilio
3365 2979 3504 3035 opus

1893 3062 2094 3118 habet?
2118 3061 2320 3133 [sequid
2341 3063 2456 3116 ιιωο
2481 3075 2510 3115 a
2531 3059 2753 3116 Judaica
2781 3059 3020 3113 doctrina
3051 3055 3342 3112 differunt?
3366 3055 3502 3112 Cum

1892 3155 2120 3212 dixisset
2149 3170 2280 3227 ergo
2303 3154 2575 3220 Christus,
2603 3152 2707 3218 Qui
2737 3160 2895 3206 natus
2919 3158 3003 3206 est
3043 3165 3108 3204 ex
3131 3149 3358 3220 Spiritu,
3386 3148 3504 3220 spi-

1894 3249 2031 3304 ritus
2062 3257 2176 3314 est;
2207 3245 2352 3318 quod
2386 3246 2658 3301 turbatum
2708 3244 2854 3299 illum
2897 3241 3073 3297 adhuc
3115 3249 3388 3309 cerneret,
3433 3240 3502 3295 ad

1892 3339 2150 3397 sensibile
2188 3337 2497 3405 exemplum
2532 3333 2892 3405 progreditur.
2922 3334 2976 3387 7.
3013 3330 3097 3386 Ne
3143 3333 3378 3399 mireris,
3415 3331 3502 3387 in-

1892 3435 2029 3506 quit,
2073 3433 2192 3503 quia
2225 3431 2334 3487 dixi
2376 3429 2484 3496 tibi,
2517 3429 2729 3500 Oportet
2754 3443 2845 3481 nos
2868 3426 3010 3480 nasci
3030 3425 3218 3480 denuo.
3249 3424 3301 3480 8.
3334 3425 3505 3496 Spiri-

1893 3538 1974 3582 tus
1995 3526 2080 3581 ubi
2108 3525 2213 3580 vult
2241 3523 2423 3595 spirat.
2456 3520 2591 3578 Cum
2621 3520 2772 3586 dicit,
2799 3516 2882 3572 Ne
2920 3517 3139 3584 mireris,
3181 3518 3298 3586 ejus
3334 3518 3504 3573 animi

1894 3616 2356 3689 perturbationem
2389 3613 2680 3686 significat,
2731 3618 2787 3666 et
2830 3610 2898 3666 ad
2944 3609 3284 3664 subtiliorem
3312 3623 3506 3681 corpo-

1893 3725 2014 3765 rum
2044 3708 2314 3764 rationem
2343 3705 2585 3762 deducit.
2616 3703 2750 3759 Nam
2781 3717 2812 3762 a
2843 3701 3156 3758 carnalibus
3199 3701 3373 3771 ipsum
3403 3700 3505 3754 ab-

1894 3802 2123 3858 duxerat
2152 3799 2236 3856 his
2255 3798 2458 3865 verbis,
2492 3795 2644 3866 Quod
2668 3804 2847 3849 uatum
2867 3803 2940 3848 est
2966 3810 3029 3849 ea:
3051 3793 3274 3864 Spiritu,
3293 3794 3507 3864 spiritus

1894 3903 1986 3949 est.
2017 3892 2154 3960 Quia
2188 3907 2317 3947 vero
2358 3905 2467 3946 non
2515 3887 2856 3959 intelligebat
2901 3886 2994 3942 ille
3024 3884 3153 3955 quid
3188 3886 3290 3940 hoc
3333 3895 3498 3951 esset,

1895 3997 2083 4039 rursus
2110 3983 2258 4037 illum
2286 3980 2352 4036 ad
2381 3981 2540 4034 aliam
2576 3979 2832 4035 transfert
2858 3975 3147 4048 imaginem
3169 4017 3186 4044 ,
3218 3991 3395 4048 neque
3434 3978 3502 4031 ad

1893 4089 2182 4147 corporum
2211 4071 2627 4129 crassitudinem
2673 4070 2971 4136 adducens,
3004 4085 3181 4140 neque
3229 4069 3296 4124 de
3328 4070 3506 4125 incor-

1897 4166 2076 4236 poreis
2103 4165 2326 4220 omnino
2355 4163 2586 4234 loquens
2633 4162 2848 4235 (neque
2887 4163 3031 4217 enim
3083 4171 3293 4234 poterat
3331 4160 3383 4217 id
3416 4162 3506 4216 ille

1896 4259 2266 4330 intelligere);
2297 4256 2394 4314 sed
2425 4256 2663 4311 medium
2687 4253 2888 4325 aliquid
2920 4268 3240 4326 corporeum
3283 4254 3422 4309 inter
3448 4263 3507 4309 et

1896 4353 2276 4421 incorporeum
2309 4349 2547 4416 invenit,
2591 4348 2740 4403 venti
2787 4362 2982 4418 nempe
3014 4348 3303 4417 impetum;
3354 4346 3507 4403 iude-

1894 4460 2000 4516 que
2029 4444 2178 4499 illum
2226 4442 2481 4498 instituit.
2519 4441 2594 4497 De
2633 4448 2795 4495 vento
2826 4454 3058 4510 namque
3105 4439 3236 4494 dicit
3267 4456 3282 4495 :
3319 4437 3506 4495 Vocem

1895 4539 2005 4609 ejus
2033 4536 2218 4602 audis;
2245 4534 2334 4589 sed
2362 4534 2523 4589 nescis
2554 4534 2688 4586 unde
2715 4533 2903 4598 veniat,
2927 4541 3017 4585 aut
3045 4547 3145 4603 quo
3169 4531 3338 4586 vadat.
3367 4530 3503 4587 Cum

1897 4629 2047 4695 dicit,
2092 4627 2191 4684 Ubi
2233 4629 2338 4682 uult
2379 4627 2562 4698 spirat,
2591 4639 2699 4680 non
2731 4622 2996 4694 significat
3022 4632 3242 4679 ventum
3275 4625 3503 4679 arbitrio

1898 4737 1996 4777 suo
2017 4719 2177 4787 ferri;
2221 4719 2316 4774 sed
2361 4717 2662 4773 naturalem
2695 4715 2811 4785 ejus
2843 4715 3102 4784 impetum
3145 4723 3200 4768 et
3251 4717 3358 4770 vim
3385 4714 3505 4770 sine

1898 4815 2283 4887 impedimento
2307 4810 2668 4869 Iatam.Solet
2715 4809 2859 4863 cnim
2905 4807 3181 4877 Scriptura
3226 4808 3389 4863 etiam
3435 4807 3505 4863 de

1899 4909 2210 4965 inanimatis
2239 4910 2309 4962 ita
2339 4905 2506 4977 loqui,
2540 4911 2598 4958 ut
2624 4917 2749 4958 cum
2776 4899 2907 4956 dlCll
2945 4919 2958 4954 :
2999 4897 3226 4954 Vanitati
3268 4910 3504 4953 creatura

1897 5003 2122 5072 subjecta
2141 5011 2216 5056 est
2237 5015 2337 5054 non
2360 4996 2529 5053 uolens
2556 4995 2732 5067 (Rom.
2759 4993 2813 5049 8.
2843 4992 2958 5062 ‘20).
2989 4991 3122 5046 Illud
3179 4993 3362 5062 igitur,
3402 4992 3502 5047 Ubi

1896 5100 2004 5155 uult
2049 5097 2244 5165 spirat,
2295 5109 2401 5148 non
2459 5103 2618 5161 posse
2657 5088 2807 5143 illum
2856 5085 3074 5142 retineri
3119 5086 3402 5156 significat,
3450 5098 3504 5142 et

1900 5193 2096 5262 ubique
2117 5187 2366 5252 diffundi,
2401 5184 2781 5251 neminemque
2803 5180 2950 5234 illum
2976 5178 3258 5247 impedire,
3292 5181 3503 5249 quomi-

1897 5299 1999 5338 nus
2031 5284 2135 5338 huc
2159 5281 2285 5335 illuc
2309 5277 2546 5334 feratur;
2580 5273 2675 5329 sed
2708 5287 2900 5343 magna
2929 5271 2982 5324 vi
3024 5270 3248 5337 effundi,
3288 5272 3502 5328 nemine

1899 5377 2152 5444 impetum
2175 5385 2429 5426 coercere
2457 5368 2688 5422 valente.

1967 5467 2021 5520 2.
2046 5464 2110 5518 Et
2131 5480 2298 5518 vocent
2321 5462 2431 5534 ejus
2457 5460 2642 5524 audis;
2671 5456 2952 5526 strepitum
2982 5469 3176 5525 nempe
3197 5466 3252 5510 et
3268 5470 3456 5511 sonum
3482 5472 3494 5508 :

1896 5559 1984 5613 sed
2005 5557 2164 5611 nescis
2189 5553 2321 5609 unde
2347 5552 2532 5615 ueniat,
2560 5560 2646 5604 aut
2674 5563 2773 5617 quo
2802 5547 2972 5602 vadat.
3006 5545 3094 5602 Sic
3121 5558 3197 5603 est
3227 5548 3390 5602 omnis
3408 5550 3495 5618 qui

1898 5662 2047 5704 natus
2094 5657 2257 5702 estea:
2302 5643 2522 5714 Spiritu.
2576 5641 2702 5695 Haec
2749 5637 3022 5693 conclusio
3078 5647 3180 5693 est.
3236 5636 3289 5692 Si
3343 5635 3498 5708 hujus

1897 5743 2039 5799 venti
2068 5783 2082 5799 .
2118 5739 2318 5810 inquit,
2354 5750 2513 5808 quem
2541 5749 2704 5790 sensu
2726 5773 2742 5799 ,
2772 5746 2968 5801 netnpe
2995 5731 3180 5786 auditu
3228 5741 3279 5785 et
3311 5740 3451 5786 tactu
3481 5771 3495 5794 ,

1899 5835 2164 5910 percipis,
2217 5833 2471 5906 impetum
2518 5826 2788 5899 explicare
2834 5838 2939 5879 non
2984 5832 3169 5893 potes,
3217 5837 3312 5878 nec
3358 5824 3499 5877 viam
