4120 6516
637 407 742 463 155

633 528 751 589 ejus
781 524 919 580 nosti
943 542 956 588 ;
980 539 1076 578 cur
1114 522 1275 577 dirin‘i
1306 521 1538 591 Spiritus
1583 520 1951 590 operationem
2003 521 2213 576 curiose

635 617 902 686 exploras,
931 616 1018 685 qui
1051 613 1192 669 venti
1229 613 1334 666 vim
1361 627 1466 666 non
1494 612 1759 682 intelligis,
1793 613 1891 667 etsi
1914 626 2100 666 sonum
2121 627 2216 666 au-

638 706 791 762 dias?
831 705 962 760 Illud
993 705 1133 761 enim
1159 746 1175 772 ,
1202 703 1300 759 Ubi
1325 704 1428 757 uult
1455 704 1641 772 spirat,
1670 704 1737 757 de
1776 703 2030 758 Paracleti
2068 710 2214 771 pote-

631 806 768 852 state
787 796 986 851 dictum
1005 804 1106 862 est,
1129 805 1180 851 et
1201 796 1277 850 sic
1303 795 1673 864 explicandum
1700 811 1712 847 :
1743 793 1796 849 Si
1816 804 2030 848 ventum
2056 807 2212 847 nemo

630 887 862 954 cohibet,
894 887 986 942 sed
1014 903 1118 958 quo
1147 887 1255 940 vult
1283 887 1369 940 ille
1396 885 1584 950 fertur,
1613 885 1779 939 multo
1796 886 1963 956 magis
1984 883 2212 954 Spiritus

629 981 990 1049 operationem
1011 994 1109 1034 nec
1135 988 1334 1033 natura:
1358 978 1500 1048 leges
1517 977 1793 1046 qutelibet,
1817 993 1916 1032 nec
1941 992 2211 1046 corporea:

628 1071 985 1141 generationis
1015 1071 1221 1124 termini
1247 1110 1262 1134 ,
1297 1074 1394 1124 nec
1423 1070 1622 1139 qumvis
1652 1070 1753 1124 alia
1783 1069 2080 1140 hujnsmodi
2113 1086 2209 1139 po.

631 1163 1082 1218 terunt'cohiberc.
1104 1160 1254 1227 Quod
1273 1169 1447 1215 autem
1467 1161 1532 1215 de
1550 1171 1707 1215 vento
1724 1159 1930 1216 dicatur
1950 1162 2095 1226 illud,
2112 1159 2213 1215 νο.

631 1268 731 1306 cem
745 1255 852 1322 ejus
866 1251 1159 1318 audis,inde
1177 1253 1510 1322 perspicuum
1526 1251 1814 1321 est.Neque
1828 1253 1967 1308 enim
1987 1251 2206 1317 infideli,
2260 1274 2268 1283 -

628 1344 714 1413 qui
742 1358 845 1397 non
876 1354 1056 1398 nosset
1086 1343 1453 1412 operationem
1482 1341 1711 1414 Spiritus
1736 1343 1989 1407 dixisset,
2031 1342 2209 1396 Vocem

628 1435 736 1505 ejus
762 1434 928 1490 audis.
958 1431 1417 1501 Quemadmodum
1444 1435 1602 1505 igitur
1631 1443 1820 1490 ventus
1840 1450 1942 1490 non
1969 1443 2206 1505 apparet,

625 1523 832 1579 etiamsi
860 1540 1050 1580 sonum
1083 1526 1326 1580 emittat:
1359 1527 1436 1581 sic
1477 1541 1575 1582 nec
1613 1528 1899 1598 spiritualis
1935 1529 2209 1598 generatio

624 1619 793 1673 oculis
816 1619 1086 1689 corporeis
1114 1617 1453 1689 perspicitur.
1484 1620 1644 1689 Atqui
1674 1629 1860 1675 ventus
1882 1630 1965 1674 est
1991 1635 2204 1689 corpus,

628 1710 748 1766 licet
778 1711 1144 1766 tenuissimum
1179 1729 1191 1765 :
1223 1726 1343 1766 nam
1374 1713 1514 1782 quod
1546 1713 1723 1767 sensui
1754 1712 2051 1782 subjicitur,
2081 1727 2205 1766 cor-

625 1819 718 1872 pus
734 1812 833 1858 est.
859 1805 915 1859 Si
945 1819 1072 1875 ergo
1090 1821 1195 1860 non
1219 1820 1360 1875 agre
1379 1804 1483 1859 fers
1500 1805 1640 1875 quod
1659 1820 1853 1876 corpus
1875 1820 1980 1860 non
1998 1805 2202 1869 videas,

625 1910 797 1964 neque
838 1895 958 1950 ideo
992 1896 1164 1965 ipsum
1192 1911 1312 1952 esse
1346 1895 1627 1964 diffiteris;
1655 1913 1750 1952 cur
1770 1897 1836 1953 de
1871 1899 2059 1967 spiritu
2107 1912 2205 1952 au-

619 1984 771 2040 diens
796 1986 1024 2040 turbaris
1044 2028 1059 2052 ,
1087 1996 1141 2041 et
1168 1995 1242 2040 tot
1271 1988 1506 2042 rationes
1535 1988 1738 2058 exigis,
1776 2003 1898 2044 cum
1931 1998 2106 2044 tamen
2153 1989 2204 2044 id

617 2075 757 2129 circa
789 2091 982 2144 corpus
1011 2092 1115 2130 non
1143 2077 1309 2146 agas?
1334 2077 1468 2145 Quid
1491 2094 1618 2148 ergo
1638 2077 1995 2132 Nicodcmus?
2021 2078 2206 2134 Adhuc

620 2166 670 2219 in
693 2166 911 2222 Iudaica
935 2169 1134 2223 vilitate
1158 2180 1357 2234 manet,
1386 2185 1506 2223 cum
1531 2179 1634 2223 tam
1661 2170 1998 2226 manifestum
2025 2187 2204 2226 exem-

617 2261 761 2330 plum
787 2261 1072 2329 acceperit.
1094 2259 1189 2315 Cui
1217 2260 1391 2315 adhuc
1410 2276 1529 2315 cum
1554 2261 1718 2316 dubio
1738 2261 1957 2328 dicenti,
1983 2264 2034 2317 9.
2061 2263 2201 2330 Quo-

620 2351 768 2404 modo
789 2360 990 2417 possunt
1008 2351 1112 2404 hac
1133 2351 1278 2419 ﬁeri!
1301 2351 1664 2407 vehementius
1681 2352 1807 2407 dicit
1826 2352 2088 2418 Christus,
2113 2353 2198 2408 10.

620 2440 695 2494 Tu
715 2458 766 2494 es
788 2442 1020 2511 magister
1035 2442 1085 2494 in
1108 2440 1292 2508 Israel,
1313 2451 1362 2495 et
1381 2442 1488 2495 Ita'c
1514 2444 1718 2513 ignoras
1742 2443 1765 2495 ?
1787 2442 1915 2498 Vide
1933 2443 2202 2512 quomodo

616 2547 874 2603 nnSquam
902 2549 1023 2587 eum
1049 2531 1118 2588 de
1146 2533 1375 2598 malitia,
1408 2533 1500 2588 sed
1546 2533 1612 2587 de
1641 2533 1930 2588 stoliditate
1974 2533 2149 2603 potius
2181 2535 2199 2566 ¹

614 2640 678 2680 ac
697 2625 1035 2695 simplicitate
1062 2634 1296 2680 accusat.
1335 2625 1538 2696 Ecquid
1573 2625 1730 2680 habet
1751 2640 2032 2680 commune
2054 2625 2205 2680 dixe-

617 2718 683 2770 rit
710 2718 993 2785 qttiSpiam,
1027 2716 1140 2771 haec
1161 2716 1432 2786 generatio
1459 2732 1580 2771 cutn
1606 2715 1843 2771 Judaicis
1867 2717 2066 2771 rebus?
2089 2716 2198 2772 Sed

613 2807 739 2875 quid
761 2849 775 2872 ,
808 2822 1022 2877 quteso,
1055 2821 1158 2861 non
1190 2807 1512 2862 commune?
1542 2808 1750 2862 Etenim
1783 2808 1936 2879 primi
1966 2808 2196 2863 hominis

614 2898 895 2964 formatio,
947 2913 1152 2952 necnon
1198 2897 1435 2953 mulieris
1482 2914 1545 2953 ex
1589 2897 1753 2952 latere
1797 2897 2031 2965 educta,
2072 2898 2196 2952 item

612 2988 858 3053 steriles,
890 2996 944 3043 et
969 3003 1030 3043 ea
1060 3003 1182 3057 qua:
1209 3004 1308 3059 per
1337 3004 1501 3059 aquas
1525 2989 1755 3058 perfecta
1787 2998 1946 3055 sunt,
1976 2990 2026 3044 in
2055 2988 2198 3044 fonte

614 3077 893 3140 videlicet,
939 3077 1081 3132 unde
1125 3078 1349 3132 Eliszeus
1394 3077 1595 3132 ferrum
1626 3078 1840 3143 eduxit;
1881 3094 1943 3132 ea
1981 3093 2099 3148 qua:
2144 3079 2199 3133 in

615 3168 747 3222 mari
786 3167 986 3226 Rubro.
1019 3167 1160 3238 quod
1193 3168 1516 3238 trajecerunt
1540 3167 1737 3232 Judaei;
1771 3184 1830 3222 ea
1859 3184 1977 3239 quas
2009 3169 2059 3223 in
2113 3169 2194 3237 pi-

613 3260 783 3325 scina,
809 3273 966 3329 quam
997 3261 1216 3330 angelus
1249 3259 1502 3330 agitabat,
1529 3269 1580 3314 et
1607 3275 1725 3328 qua:
1744 3259 1810 3313 ad
1842 3259 2071 3314 Neetnan
2098 3258 2197 3331 Sy-

613 3366 729 3405 rum
772 3361 1010 3421 spectant
1037 3394 1052 3417 ,
1098 3353 1186 3423 qui
1231 3353 1284 3407 in
1330 3351 1564 3407 Jordane
1610 3351 1894 3406 mundatus
1920 3362 2000 3408 est
2031 3369 2045 3406 :
2080 3351 2194 3408 bazc

614 3444 828 3513 inquam
849 3445 1026 3498 omnia
1048 3445 1447 3515 generationem
1478 3455 1531 3500 et
1553 3447 1914 3517 purgationem
1938 3446 2189 3513 futuram,

610 3537 760 3606 quasi
806 3537 856 3590 in
889 3536 1049 3607 figura
1080 3537 1536 3607 praenuntiabant;
1568 3553 1771 3594 necnon
1813 3539 2190 3610 prophetarqu

610 3627 752 3681 dicta
779 3628 918 3681 hunc
945 3627 1192 3682 nascendi
1223 3628 1436 3683 tnodum
1481 3630 1921 3696 subiudicabant,
1962 3629 2191 3703 exempli

612 3734 809 3772 causa:
862 3722 1255 3774 Annuntiabitur
1299 3721 1517 3775 Domino
1559 3725 1811 3792 generatio
1863 3733 2108 3788 ventura,
2148 3734 2193 3777 et

611 3811 980 3865 aununtiabunt
1004 3814 1264 3882 justitiam
1308 3815 1417 3882 ejus
1445 3815 1632 3884 populo
1650 3815 1735 3883 qui
1759 3825 2008 3879 nascetur,
2049 3832 2194 3884 quem

612 3906 725 3974 fecit
752 3903 997 3957 Dominus
1029 3903 1198 3974 (Psal.
1225 3905 1313 3958 9-1.
1340 3907 1428 3972 54)
1453 3923 1466 3970 ;
1513 3915 1565 3960 et
1592 3907 1741 3973 illttd,
1773 3907 2110 3962 chovabitur
2141 3918 2195 3962 ut

608 3997 794 4065 aquila
824 3997 1060 4064 juventus
1092 4005 1175 4048 tua
1203 3995 1372 4070 (Psal.
1404 3997 1522 4052 102.
1551 3997 1638 4068 5);
1684 3998 1808 4052 item
1832 4039 1846 4064 ,
1886 3999 2191 4055 llluminare

608 4087 893 4145 Jerusalem
923 4105 941 4143 :
966 4106 1077 4144 ecce
1107 4089 1214 4144 Rex
1235 4099 1345 4144 tuus
1372 4091 1501 4144 venit
1524 4089 1676 4161 (ικαὶ.
1705 4092 1792 4148 60.
1824 4092 1912 4165 I):
1943 4104 2015 4159 et,
2045 4094 2192 4149 Beati

609 4197 823 4250 quorum
844 4177 1063 4235 remissa:
1086 4191 1200 4236 sunt
1226 4183 1511 4251 iniquitates
1538 4182 1704 4258 (Psal.
1733 4186 1822 4240 3|.
1859 4187 1925 4256 I).
1955 4187 2018 4241 Et
2048 4187 2190 4242 Isaac

608 4287 818 4341 quoque
860 4273 1022 4343 figura
1055 4281 1170 4327 erat
1200 4273 1357 4341 hujus
1384 4277 1762 4344 generationis.
1815 4277 1906 4332 Dic
1945 4281 2085 4332 enim
2111 4319 2125 4343 ,
2159 4294 2190 4332 ο

611 4363 931 4428 Nicodeme,
963 4364 1231 4434 quomodo
1263 4375 1417 4419 natus
1441 4366 1528 4421 ille
1560 4368 1678 4421 est?
1705 4383 1769 4420 an
1795 4368 1910 4437 lege
1949 4370 2190 4423 naturae?

611 4455 950 4525 Nequaquam
982 4473 994 4508 :
1030 4469 1156 4524 ergo
1183 4454 1395 4524 quidam
1425 4456 1630 4512 medius
1654 4457 1793 4512 inter
1815 4459 1948 4514 hanc
1970 4469 2023 4514 et
2045 4459 2187 4514 illam

607 4547 1004 4615 generationem
1035 4547 1223 4602 modus
1244 4557 1388 4610 erat,
1414 4549 1502 4603 illa
1527 4549 1667 4604 enim
1696 4566 1760 4605 ex
1782 4552 2061 4606 concubitu
2083 4563 2183 4619 est,

610 4636 697 4692 hic
727 4654 866 4692 vero.
885 4654 991 4692 non
1016 4653 1080 4694 ex
1112 4640 1456 4709 sanguinibus
1490 4649 1641 4694 natus
1671 4651 1772 4696 est.
1803 4641 1914 4713 Ego
1943 4658 2068 4698 vero
2093 4641 2186 4699 de-

610 4731 918 4782 monstrabo
945 4771 959 4795 ,
987 4745 1093 4783 non
1121 4728 1258 4784 hanc
1285 4730 1442 4784 modo
1469 4732 1890 4800 generationem,
1921 4733 2015 4787 sed
2036 4741 2091 4788 et
2118 4733 2186 4787 il-
2213 4777 2220 4785 .

610 4821 714 4872 lam
757 4835 820 4875 ex
853 4819 1067 4890 Virgine
1090 4862 1104 4885 ,
1160 4820 1304 4876 hisce
1353 4822 1525 4876 modis
1561 4825 1964 4893 prtenuntiatatn
2001 4826 2183 4880 fuisse.

606 4912 739 4978 Quia
768 4913 909 4967 enim
955 4927 1112 4966 nemo
1146 4912 1296 4967 facile
1323 4914 1624 4970 crediturus
1654 4925 1767 4971 erat
1795 4916 2052 4986 virginem
2095 4931 2187 4986 pa-

611 5018 751 5066 rcre,
781 5002 991 5058 steriles
1018 5005 1266 5073 primum,
1299 5005 1491 5060 deinde
1516 5020 1618 5060 non
1652 5006 1810 5061 modo
1839 5007 2069 5073 steriles,
2093 5006 2187 5062 sed

607 5095 767 5149 etiam
795 5111 926 5150 anus
956 5105 1311 5166 pepererunt:
1340 5097 1580 5166 quamvis
1605 5098 1761 5169 longe
1783 5098 2075 5154 mirabilius
2095 5098 2184 5163 sit,

613 5201 679 5240 ex
705 5197 849 5242 costa
879 5188 1154 5243 mulierem
1187 5187 1336 5254 fieri;
1371 5204 1554 5243 verum
1577 5189 1696 5259 quia
1730 5189 1857 5244 illud
1883 5190 2188 5259 antiquisSi-

615 5292 756 5330 nium
784 5285 897 5330 erat
915 5317 930 5342 ,
962 5278 1093 5332 alius
1122 5277 1359 5347 pariendi
1384 5293 1552 5334 novus
1575 5279 1762 5334 modus
1784 5290 2039 5350 sequutus
2063 5287 2144 5334 est
2168 5321 2183 5345 ,

613 5382 806 5436 nempe
834 5367 1121 5432 sterilium,
1164 5370 1252 5439 qui
1283 5369 1555 5439 virginalis
1603 5379 1785 5440 partus
1831 5369 1990 5427 fidem
2039 5377 2186 5425 ante-

613 5461 795 5514 cessit.
828 5459 951 5514 Haec
988 5475 1117 5530 ergo
1159 5460 1445 5517 Nicodcmo
1475 5462 1525 5515 in
1573 5464 1883 5519 memoriam
1931 5478 2186 5519 revocans

611 5549 821 5604 dicebat
852 5567 864 5604 :
902 5547 977 5603 Tu
1005 5567 1057 5603 es
1103 5551 1338 5621 magister
1371 5554 1422 5606 in
1449 5551 1650 5620 Israel,
1693 5565 1740 5608 et
1788 5555 1895 5609 lucc
1939 5555 2186 5626 ignoras?

614 5639 764 5706 Quod
783 5642 966 5695 sciurus
1000 5642 1274 5714 loquimur,
1316 5653 1363 5697 et
1410 5647 1544 5714 quod
1579 5646 1792 5702 vidimus
1828 5656 2090 5713 testamur,
2139 5656 2186 5700 et

611 5731 946 5787 testimonium
972 5745 1196 5789 nostrum
1223 5753 1368 5792 nemo
1402 5740 1604 5810 accipit.
1643 5740 1764 5797 Hice
1791 5739 2063 5811 subjunxit
2087 5781 2102 5805 ,
2133 5749 2186 5796 et

682 5840 698 5870 ⁸
735 5841 820 5892 Alit
853 5842 1050 5910 legunt,
1074 5853 1274 5911 tantum,
1304 5863 1406 5914 pro,
1430 5850 1601 5915 potius.

1333 408 1387 462 S.
1428 405 1703 464 JO.\NNIS
1739 403 2207 462 CIIIWSOSTOMI
2250 407 2570 474 AllCillEP.
2611 418 3142 486 CONSTANTINOP.

3809 437 3914 494 156

2325 526 2539 588 aliunde
2565 550 2775 592 rursum
2801 540 2942 597 dicto
2970 542 3129 601 ﬁdem
3155 547 3385 618 faciens,
3430 559 3482 606 ct
3516 551 3659 606 illius
3689 552 3703 583 '
3737 553 3907 609 imbe-

2319 621 2524 680 cillitati
2552 641 2611 683 se
2637 639 3016 703 attemperans.

2389 715 2442 768 3.
2472 716 2605 783 Quid
2636 737 2760 776 vero
2793 726 3056 797 significat
3088 730 3219 786 illud
3239 776 3254 800 ,
3288 734 3372 789 11.
3413 735 3563 803 Quod
3591 738 3774 793 scimus
3825 739 3910 794 lo-

2316 808 2536 875 quimur,
2579 823 2624 866 et
2657 817 2794 885 quod
2833 821 3045 878 uidimus
3081 829 3360 883 testamur!
3406 829 3540 896 Quia
3594 846 3716 887 cum
3761 834 3912 890 visus

2319 903 2439 972 plus
2476 921 2634 974 quam
2675 909 2763 963 alii
2807 927 2997 969 sensus
3044 918 3197 974 nobis
3250 919 3407 976 fidem
3443 923 3631 990 faciat,
3684 935 3738 980 et
3782 942 3908 983 cum

2317 997 2640 1065 persuadere
2671 1001 2935 1071 volumus,
2965 1006 3036 1062 ita
3064 1008 3346 1076 loquamur
3372 1054 3384 1074 ,
3410 1012 3524 1068 Non
3565 1015 3747 1071 auditu
3778 1031 3901 1088 per-

2313 1088 2573 1158 cepimus,
2607 1092 2699 1147 sed
2743 1094 2874 1163 ipsis
2899 1099 3068 1154 oculis
3100 1101 3346 1158 vidimus.
3381 1103 3501 1159 Ideo
3531 1105 3772 1162 Christus
3806 1109 3900 1161 hu-

2315 1192 2475 1235 mano
2524 1197 2671 1238 more
2701 1183 2874 1255 ipsum
2915 1189 3236 1261 alloquitur,
3272 1194 3502 1266 hincque
3539 1197 3698 1251 dictis
3743 1199 3905 1254 fidem

2317 1270 2460 1326 facit.
2489 1274 2746 1348 Quodque
2773 1295 2859 1336 res
2889 1280 2960 1336 ita
3002 1284 3090 1348 sit,
3121 1286 3262 1357 quod
3299 1289 3428 1344 nihil
3459 1289 3602 1345 aliud
3628 1290 3908 1348 declarare

2315 1365 2460 1428 velit,
2494 1382 2667 1436 neque
2693 1369 2864 1426 visum
2895 1375 3203 1429 sensibilem
3235 1378 3530 1449 intelligat,
3574 1381 3698 1437 hinc
3726 1381 3903 1452 palam

2311 1463 2415 1507 est.
2442 1453 2726 1527 Postquam
2751 1462 2890 1517 enint
2910 1463 3137 1533 dixerat,
3163 1467 3312 1533 Quod
3333 1480 3511 1523 natum
3539 1481 3613 1526 est
3637 1489 3701 1526 ea:
3724 1489 3900 1539 carne,

2313 1562 2432 1601 caro
2457 1562 2565 1613 est;
2609 1561 2656 1604 et
2681 1557 2820 1623 quod
2847 1567 3024 1611 natum
3061 1569 3133 1612 est
3172 1576 3236 1614 ea:
3279 1561 3509 1630 Spiritu,
3544 1565 3753 1635 spiritus
3781 1577 3857 1620 est
3881 1583 3904 1630 ;

2311 1639 2605 1708 Subiunxit,
2641 1643 2792 1712 Quod
2821 1649 3014 1704 scimus
3046 1650 3315 1721 loquimur,
3347 1663 3395 1707 et
3421 1655 3556 1723 quod
3581 1656 3794 1711 vidimus
3822 1668 3902 1712 te-

2310 1740 2526 1785 stamur.
2572 1733 2681 1789 Iloc
2711 1746 2890 1792 autem
2919 1739 3157 1796 nondum
3190 1741 3387 1798 factum
3418 1743 3608 1800 fuerat.
3637 1747 3745 1802 Cur
3767 1763 3902 1819 ergo

2311 1821 2459 1888 dicit,
2511 1824 2662 1890 Quod
2688 1827 2950 1884 vidimus?
2991 1832 3184 1887 Annon
3235 1834 3572 1889 manifestum
3613 1848 3696 1893 est
3725 1840 3902 1908 ipsum

2311 1914 2453 1986 loqui
2479 1915 2547 1971 de
2579 1928 2823 1973 accurata
2845 1921 3170 1991 cognitione,
3200 1939 3318 1994 qua:
3345 1940 3449 1979 non
3475 1941 3657 1981 errare
3687 1930 3854 1998 possit
3876 1930 3902 1983 ἳ

2313 2006 2378 2060 Et
2394 2010 2731 2064 testimonium
2749 2022 2975 2067 nostrum
3004 2031 3149 2069 nemo
3175 2018 3382 2086 accipit.
3406 2017 3537 2073 Illud
3561 2033 3711 2090 ergo,
3744 2019 3901 2086 Quod

2308 2100 2515 2166 scimus,
2549 2103 2628 2156 vel
2670 2102 2739 2158 de
2775 2117 2835 2159 se
2880 2113 2935 2159 et
2971 2104 3040 2161 de
3073 2105 3228 2163 l’atre
3275 2109 3437 2174 dicit,
3471 2110 3552 2165 vel
3591 2110 3659 2166 de
3691 2125 3750 2166 se
3779 2113 3902 2183 ipso

2306 2194 2499 2247 solum.
2544 2193 2674 2248 Illud
2718 2210 2867 2262 vero,
2915 2196 3079 2252 Nemo
3106 2201 3307 2271 accipit,
3354 2217 3458 2256 non
3487 2218 3630 2273 azgre
3676 2203 3901 2260 ferentis

2307 2300 2448 2340 nunc
2474 2294 2577 2349 est,
2602 2286 2694 2342 sed
2719 2304 2830 2344 rem
2851 2299 3052 2360 gestam
3075 2295 3358 2348 narrantis.
3391 2293 3508 2348 Non
3540 2296 3683 2350 enim
3713 2297 3849 2352 dixit
3880 2317 3894 2353 :

2305 2375 2442 2442 Quid
2467 2377 2616 2432 vobis
2646 2378 3006 2436 insensibilius
3049 2383 3120 2436 sit
3146 2423 3161 2449 ,
3193 2384 3282 2454 qui
3342 2400 3403 2438 ea
3430 2401 3549 2454 quae
3578 2402 3606 2439 a
3637 2387 3792 2443 nobis
3821 2387 3899 2444 ita

2306 2478 2554 2522 accurate
2577 2471 2967 2527 annuntiantur
2997 2489 3100 2527 non
3124 2473 3449 2530 admittitis?
3494 2476 3587 2533 sed
3636 2477 3795 2532 rebus
3839 2487 3900 2534 et

2310 2556 2489 2611 verbis
2535 2557 2734 2613 nullam
2767 2575 2872 2615 non
2906 2565 3370 2619 mansuetudinem
3421 2566 3718 2632 exhibens,
3762 2568 3897 2624 nihil

2309 2645 2380 2700 ita
2408 2646 2675 2718 loquitur;
2714 2650 2806 2706 sed
2853 2653 2967 2708 miti
2997 2669 3246 2710 sermone
3294 2657 3438 2727 quod
3491 2657 3728 2713 futurum
3774 2669 3898 2714 erat

2305 2739 2566 2809 prazdicit,
2621 2757 2720 2798 nos
2769 2743 2892 2800 hinc
2937 2761 3145 2818 quoque
3195 2747 3262 2802 ad
3295 2764 3558 2805 summam
3610 2750 3898 2806 instituens

2303 2833 2765 2888 mansuetudinem
2789 2875 2804 2900 ,
2843 2844 2899 2890 ut
2926 2852 3045 2892 cum
3096 2839 3354 2908 quosdam
3396 2840 3721 2910 alloquimur
3747 2883 3763 2908 ,
3791 2857 3896 2900 nec

2303 2920 2435 2991 ipsis
2459 2922 2745 2980 suademus
2764 2967 2780 2993 ,
2810 2942 2878 2982 ne
2909 2929 2960 2983 id
2985 2929 3199 3000 indigne
3226 2929 3482 2988 feramus.
3519 2931 3654 2988 Nam
3682 2934 3772 3004 qui
3803 2934 3894 2990 in-

2303 3011 2571 3083 dignatur,
2606 3014 2734 3070 nihil
2772 3019 3032 3087 pertlcere
3069 3021 3240 3088 solet,
3273 3020 3368 3076 sed
3399 3023 3569 3094 magis
3593 3038 3624 3077 a
3657 3023 3761 3080 fide
3791 3024 3895 3079 ba-

2303 3105 2474 3162 benda
2526 3109 2734 3164 avertit.
2769 3109 2891 3165 Ideo
2933 3121 3145 3182 oportet
3191 3115 3259 3169 ab
3288 3115 3366 3170 ira
3395 3115 3666 3173 abstinere
3707 3135 3720 3170 :
3759 3115 3892 3173 illud

2303 3211 2431 3252 vero
2456 3199 2596 3268 quod
2624 3200 2852 3256 dicimus
2896 3201 3000 3258 fide
3022 3203 3240 3273 dignum
3268 3204 3517 3272 reddere,
3547 3207 3892 3275 abstinendo,

2302 3302 2405 3342 non
2436 3289 2502 3344 ab
2525 3290 2599 3344 ira
2627 3291 2805 3357 modo,
2830 3292 2924 3346 sed
2973 3295 3131 3348 etiam
3155 3311 3182 3347 a
3210 3286 3470 3352 clamore.
3493 3297 3709 3353 Materia
3743 3299 3891 3355 enim

2299 3377 2393 3433 ira:
2422 3379 2643 3436 clamor.
2666 3379 3023 3452 lmpediamus
3057 3385 3216 3455 igitur
3240 3403 3458 3458 equum,
3491 3398 3548 3443 ut
3576 3388 3895 3460 dejiciamus

2297 3471 2534 3539 equitem
2559 3487 2574 3536 ;
2606 3472 2696 3527 irae
2726 3489 2930 3544 pennas
2963 3475 3254 3542 ctedamus,
3277 3493 3345 3534 ne
3365 3478 3562 3533 malum
3592 3491 3889 3537 accrescat.

2299 3561 2499 3616 Acutus
2527 3570 2672 3618 enim
2709 3565 2929 3621 morbus
2957 3575 3041 3622 est
3067 3567 3144 3622 ira
3168 3609 3185 3634 ,
3214 3569 3304 3639 qui
3358 3569 3528 3640 possit
3561 3570 3765 3624 animas
3789 3585 3890 3626 no-

2298 3665 2438 3711 stras
2467 3655 2736 3728 decipere.
2778 3657 2900 3715 Ideo
2933 3660 3007 3715 illi
3052 3660 3226 3716 aditus
3263 3663 3498 3733 undique
3530 3662 3894 3720 intercluden-

2297 3747 2399 3802 dns
2445 3760 2546 3803 est.
2597 3749 2728 3804 Nam
2770 3753 3060 3808 absurdum
3109 3764 3252 3809 esset
3297 3755 3436 3810 feras
3485 3757 3891 3813 mansuefacere

2301 3857 2495 3911 posse,
2540 3853 2771 3901 mentem
2815 3861 2942 3901 vero
2994 3856 3232 3902 nostram
3277 3847 3552 3904 efferatam
3581 3849 3884 3920 despicere.

2298 3934 2438 4005 Ignis
2467 3934 2754 3990 vehemens
2779 3947 2861 3992 est
2892 3937 2966 3992 ira
3002 3979 3018 4004 ,
3049 3938 3139 4008 qui
3170 3939 3347 3994 omnia
3377 3938 3650 3994 absumit:
3680 3955 3800 3995 nam
3826 3950 3889 3996 et

2295 4039 2489 4094 corpus
2529 4028 2820 4098 corrumpit
2851 4037 2906 4083 et
2929 4029 3159 4083 animam
3201 4029 3518 4097 labefactat,
3550 4041 3708 4102 atque
3735 4030 3881 4102 inju-

2294 4115 2524 4171 cundunt
2554 4119 2775 4188 visuque
2823 4130 3032 4188 turpem
3075 4120 3347 4176 hominem
3397 4121 3593 4176 reddit.
3633 4122 3792 4178 Certe
3831 4124 3882 4179 si

2296 4211 2460 4264 iratus
2498 4210 2732 4278 seipsum
2762 4212 2954 4266 intueri
3005 4221 3228 4282 posset,
3262 4229 3366 4268 non
3421 4216 3588 4270 altera
3619 4216 3885 4285 indigeret

2296 4301 2679 4357 admonitione.
2706 4302 2846 4356 Nihil
2868 4304 3010 4358 enim
3036 4305 3308 4360 insuavius
3333 4305 3470 4360 irato
3489 4307 3656 4361 vultu.
3689 4307 3877 4364 Ebrie‘

2298 4403 2378 4449 tas
2419 4393 2660 4464 quaedam
2711 4395 2786 4448 ira
2817 4404 2931 4461 est,
2976 4395 3083 4450 imo
3112 4397 3374 4452 ebrietate
3403 4397 3659 4466 deterior,
3683 4409 3738 4455 et
3762 4400 3882 4456 sla-'-

2296 4503 2452 4543 mone
2488 4488 2865 4543 miserabilior.
2905 4489 3097 4543 Verum
3136 4492 3179 4545 si
3213 4507 3463 4548 curemus
3491 4509 3558 4549 ne
3588 4493 3640 4549 in
3669 4493 3878 4550 clamo-

2295 4595 2406 4636 rem
2429 4595 2793 4650 erumpamus,
2814 4582 3068 4653 optimam
3091 4582 3443 4654 philosoiibia:
3467 4586 3604 4639 viam
3639 4585 3879 4644 invenie-

2293 4687 2431 4727 mus.
2461 4672 2587 4728 Ideo
2617 4672 2814 4727 Paulus
2841 4688 2946 4727 non
2971 4673 3101 4728 iram
3129 4675 3323 4742 modo,
3349 4675 3442 4732 sed
3484 4679 3642 4732 etiam
3671 4679 3879 4734 clamo-

2294 4780 2405 4818 rem
2433 4765 2601 4821 vitare
2625 4764 2776 4834 jubet
2806 4785 2819 4820 :
2857 4764 3033 4821 Omnis
3055 4767 3132 4820 ira
3157 4776 3201 4821 et
3228 4769 3422 4822 clamor
3452 4769 3662 4823 tollatur
3687 4786 3720 4823 a
3740 4772 3882 4826 vobis

2294 4857 2509 4930 (Ep/tes.
2533 4859 2586 4914 4.
2629 4857 3246 4934 51).ηο1›ιειημει·θῐηυς¹
3264 4875 3391 4928 ergo
3415 4860 3537 4915 huic
3558 4863 3732 4916 omnis
3756 4863 3879 4933 pbi-

2291 4952 2545 5020 losmtbia:
2577 4951 2862 5023 magistro:
2887 4960 3078 5007 etcum
3101 4959 3286 5007 eontra
3318 4966 3503 5008 servos
3530 4963 3745 5010 nostros
3772 4957 3877 5011 ira-

2291 5048 2508 5111 scimur,
2532 5055 2742 5115 peccata
2768 5051 2950 5098 nostra
2981 5045 3293 5116 cogitemus,
3314 5053 3367 5100 et
3387 5060 3571 5100 eorum
3600 5060 3698 5101 nos
3722 5063 3875 5102 man-

2291 5137 2585 5192 suetudinis
2603 5136 2812 5207 pudeat.
2843 5134 2974 5191 Cum
3002 5137 3143 5191 enim
3174 5143 3228 5190 tu
3256 5119 3513 5191 conviciis
3539 5151 3757 5202 oneras,
3791 5137 3882 5193 ille

2293 5243 2420 5283 vero
2440 5227 2602 5282 silens
2627 5227 2863 5281 convicia
2897 5226 3090 5280 tolerat
3114 5242 3129 5289 ;
3164 5235 3218 5280 tu
3246 5236 3296 5281 te
3323 5227 3550 5295 turpiter
3577 5227 3746 5297 geris,
3779 5227 3874 5284 ille

2293 5319 2696 5389 philosophatur
2726 5337 2737 5371 :
2764 5317 2812 5372 id
2839 5333 2934 5388 pro
2947 5317 3310 5373 admonitione
3332 5319 3552 5374 habeas.
3584 5318 3698 5373 Etsi
3724 5335 3878 5375 nam-

2292 5426 2394 5480 que
2415 5425 2623 5473 servus,
2659 5409 2817 5463 homo
2843 5418 3020 5464 tamen
3044 5417 3144 5475 est,
3170 5411 3343 5463 anima
3376 5409 3629 5476 prmdittts
3659 5411 3878 5465 immor—

2295 5500 2405 5563 tali,
2441 5500 2736 5568 iisdemque
2767 5517 2795 5554 a
2819 5501 3091 5556 communi
3125 5501 3352 5555 Domino
3376 5501 3669 5556 honoratus
3694 5501 3876 5558 donis.

2292 5592 2443 5660 Quod
2473 5592 2516 5645 si
2557 5606 2653 5664 par
2683 5591 2835 5646 nobis
2865 5592 2914 5645 in
2944 5591 3236 5661 majoribus
3265 5602 3319 5646 et
3345 5591 3747 5662 spiritualibus,
3781 5593 3878 5648 hu-

2358 5730 2373 5760 ι
2413 5727 2576 5777 Morel.
2601 5727 2769 5783 habet,
2790 5725 3003 5783 illorum,
3019 5741 3124 5789 pro,
3143 5726 3294 5779 illius.

2355 5792 2376 5822 ’
2411 5798 2536 5840 Unus
2555 5790 2698 5838 habet
2729 5791 3152 5855 :Ideo_Pautns....
3188 5792 3448 5840 clamorem
3472 5794 3754 5855 suppressit.
3782 5797 3880 5852 οδ-

2296 5860 2628 5914 tempercmus,
2652 5860 2772 5911 etc.,
2798 5852 2986 5900 mnissis
3012 5854 3327 5914 interpositis.
