4078 6470
185 397 275 455 ἰῖΞἸ
1137 387 1204 443 ΙΝ
1243 337 1555 443 JOANSESI
1597 381 1828 438 lIOMlL.

183 503 342 544 mana:
375 483 656 554 cujusdam
696 496 752 541 et
788 481 905 538 vilis
939 481 1304 551 praerogativa-
1333 476 1500 547 gratia
1531 475 1770 530 convicia

183 589 350 634 nostra
389 575 461 629 ita
489 581 776 628 mansuete
807 571 942 627 lerat
971 587 984 624 :
1013 585 1117 640 qua
1147 568 1300 624 venia
1323 611 1338 635 ,
1368 577 1420 622 et
1452 581 1555 636 qua
1577 562 1763 620 delen-

181 673 324 725 sione
347 667 494 738 digni
523 667 747 730 erimus,
780 663 870 734 qui
902 662 1086 718 divino
1114 669 1259 716 metu
1304 673 1410 713 non
1443 670 1731 729 possumus
1753 697 1767 722 ,

180 762 278 818 imo
306 759 559 814 nolumus
586 799 601 822 ,
632 766 689 811 ut
725 757 815 811 ille
837 763 1046 820 nostro,
1079 749 1492 825 philosophari?
1519 747 1644 803 Haec
1671 748 1770 801 ita-

176 869 271 923 que
304 852 485 908 omnia
533 851 813 911 nobiscum
841 856 1152 919 reputantes
1178 887 1194 913 ,
1222 860 1287 906 ac
1334 852 1552 915 peccata
1583 849 1766 938 nostra

179 953 478 1012 natumque
511 940 840 996 consortium
884 939 1181 1008 cogitantes
1201 977 1215 1000 ,
1245 941 1530 990 mansuete
1561 931 1762 1002 ubique

1877 384 2088 440 xxvu.
2132 387 2204 441 al.
2249 346 2441 445 xxvi.
3393 406 3494 466 ns

1884 473 2027 546 loqui
2056 477 2390 547 studeamus,
2439 489 2498 536 ut
2530 479 2762 537 humiles
2790 483 2954 538 corde
2977 484 3150 541 cﬁ'ecti
3169 530 3183 555 ,
3209 491 3495 549 animabus

1878 568 2081 624 nostris
2106 570 2350 640 requiem
2367 571 2709 629 inveniamus
2731 584 2781 628 et
2801 585 3124 646 praesentem
3146 590 3197 634 et
3223 577 3452 638 futuram
3476 603 3491 650 ;

1877 673 2036 727 quam
2071 661 2274 716 utinam
2312 678 2503 721 omnes
2551 678 2930 736 assequamur,
2974 671 3142 738 gratia
3172 683 3223 726 et
3255 673 3494 746 benigni-

1881 757 1989 803 tate
2037 750 2246 806 Domini
2279 756 2446 810 nostri
2474 755 2602 812 Jesu
2629 757 2830 814 Christi
2862 803 2877 828 ,
2910 766 3126 834 quicum
3158 765 3299 822 Patri
3329 768 3497 838 gloria

1879 853 2098 910 unaque
2125 840 2348 912 Spiritui
2383 857 2592 914 sancto,
2625 866 2767 914 nunc
2790 862 2842 908 et
2868 869 3088 927 semper
3112 898 3126 922 ,
3153 867 3206 913 et
3229 859 3280 913 in
3301 862 3498 916 saecula

1877 933 2227 990 saeculorum.
2263 938 2460 994 Amen.

1489 1145 1838 1222 HOMILIA
1891 1144 2157 1210 xxvn.

181 1299 255 1356 12.
282 1299 343 1353 Si
366 1307 570 1352 terrena
595 1295 700 1348 dixi
737 1293 874 1347 vobis
900 1335 914 1359 ,
948 1303 994 1346 et
1027 1310 1125 1347 nou
1156 1293 1381 1360 creditis,
1413 1292 1692 1364 quomodo,
1727 1287 1770 1338 si

237 1391 411 1446 dixero
438 1390 578 1444 vobis
620 1385 840 1441 cazlestia
861 1425 877 1450 ,
913 1384 1166 1438 credetis?
1211 1385 1298 1443 15.
1345 1383 1514 1438 Nemo
1541 1383 1768 1438 ascendit

239 1481 289 1534 in
317 1480 523 1543 celum,
547 1477 647 1532 nisi
672 1477 760 1548 qui
786 1476 848 1531 de
871 1475 997 1542 calo
1018 1475 1299 1542 descendit,
1330 1474 1375 1530 F
1377 1475 1496 1530 ilius
1523 1474 1763 1540 hominis,

237 1575 320 1643 qui
340 1584 412 1628 est
431 1574 484 1628 in
515 1571 657 1624 creto.

241 1671 289 1724 Ι.
317 1669 554 1727 Christus
591 1670 885 1725 auditorum
915 1667 1252 1725 imbecillitati
1293 1682 1348 1722 se
1375 1660 1764 1733 attemperabat,

177 1762 420 1829 quomodo
443 1771 494 1817 et
523 1779 624 1833 qua
653 1771 834 1819 mente.
869 1761 1128 1835 Unigeniti
1155 1759 1412 1832 generatio
1442 1773 1544 1812 non
1571 1757 1773 1810 ratione

176 1852 488 1921 inquirenda.
530 1851 713 1909 Versus
763 1871 893 1925 quos
922 1854 1140 1925 explicat
1183 1854 1314 1907 inter
1341 1868 1395 1906 se
1438 1850 1693 1907 conterere
1723 1856 1770 1902 et

175 1945 416 2013 quadrare
470 1946 781 2001 demonstrat
826 1945 1237 2018 Cln'ysostomus.
1297 1973 1365 1983 —-
1420 1941 1574 2009 Quod
1625 1954 1770 2010 smpe

176 2036 272 2090 dixi
300 2079 314 2100 ,
361 2037 469 2094 hoc
500 2048 554 2092 et
584 2053 726 2096 nunc
750 2038 948 2104 dicam,
990 2053 1092 2094 nec
1121 2036 1284 2091 ﬁnem
1314 2033 1525 2090 dicendi
1552 2032 1765 2088 faciam.

170 2127 298 2195 Quid
331 2130 434 2184 hoc
464 2131 591 2184 est?
629 2130 977 2201 Loquuturus
1005 2130 1164 2186 Jesus
1191 2127 1260 2184 de
1287 2126 1631 2193 sublimibus,
1663 2139 1762 2179 au-

176 2221 395 2276 ditorum
439 2237 587 2294 smpe
631 2223 985 2280 imbecillitati
1031 2237 1152 2278 sese
1192 2227 1534 2292 attemperat,
1593 2231 1771 2288 neque

174 2314 534 2382 magnitudine
563 2329 660 2369 sua
688 2314 862 2386 dignis
895 2315 1061 2370 utitur
1091 2313 1273 2369 verbis
1311 2354 1325 2377 ,
1355 2311 1450 2367 sed
1481 2310 1771 2367 demissio-

177 2402 331 2457 ribus.
369 2403 505 2459 Nam
553 2405 783 2465 sublime
824 2419 1184 2477 magnumque
1207 2403 1408 2459 dictum
1449 2400 1616 2458 semel
1653 2414 1771 2471 pro-

178 2492 352 2559 latum,
403 2495 547 2551 illam
600 2505 782 2565 posset
811 2496 1124 2569 dignitatem
1160 2495 1461 2560 declarare,
1508 2502 1768 2565 quantum

177 2585 367 2639 scilicet
393 2586 582 2641 audire
624 2602 721 2641 nos
755 2602 1038 2658 possumus
1084 2604 1099 2642 ε
1131 2585 1417 2641 humiliora
1451 2599 1579 2639 vero
1603 2624 1619 2651 ,
1649 2597 1772 2654 quas

175 2679 464 2734 auditorum
495 2690 731 2736 mentem
753 2681 1021 2753 attingere
1045 2689 1293 2752 possunt,
1327 2678 1432 2734 nisi
1455 2678 1769 2748 frequenter

177 2767 487 2837 dicerentur,
521 2772 769 2827 sublimia
826 2787 949 2828 cum
1003 2780 1226 2838 essent,
1283 2771 1432 2826 humi
1489 2778 1768 2840 repemem

179 2863 462 2919 auditorem
488 2880 592 2919 non
633 2864 952 2936 attigissent.
981 2864 1108 2921 ideo
1150 2866 1308 2934 longe
1355 2863 1506 2933 plura
1550 2860 1769 2920 humilia

178 2952 316 3022 dixit,
348 2972 510 3026 quam
539 2957 807 3013 sublimia.
838 2957 943 3015 Sed
972 2973 1040 3012 ne
1069 2957 1170 3012 hoc
1197 2955 1339 3012 aliud
1369 2957 1623 3012 damnum
1663 2954 1769 3009 im-

179 3055 432 3112 portari-t.
468 3058 520 3102 et
550 3048 696 3102 humi
735 3048 1056 3117 discipulum
1091 3048 1366 3110 retineret,
1402 3044 1653 3101 inferiora
1682 3043 1769 3099 illa

179 3150 269 3190 n0n
304 3137 432 3191 dicit
466 3179 480 3201 ,
513 3138 612 3192 nisi
641 3153 855 3194 causam
885 3138 971 3193 illa
1000 3137 1214 3194 dicendi
1267 3137 1487 3192 afferat:
1509 3135 1651 3208 quod
1682 3136 1770 3197 hic

176 3228 321 3282 etiam
383 3229 530 3284 fecit.
581 3231 714 3286 Cum
743 3230 884 3285 enim
953 3229 1174 3285 dixisset
1221 3228 1288 3285 de
1328 3229 1687 3300 baptismate,
1716 3235 1771 3282 et

178 3317 235 3371 de
278 3319 361 3374 illa
392 3336 516 3391 qua:
571 3321 622 3375 in
666 3333 808 3376 terra
837 3321 896 3376 ﬁt
929 3321 1228 3377 secundum
1277 3322 1501 3392 gratiam
1545 3335 1772 3391 genera-

181 3409 331 3476 lionr‘,
362 3412 555 3468 volens
605 3411 673 3469 de
744 3415 1088 3483 generatione
1135 3413 1224 3469 illa
1289 3428 1385 3468 sua
1449 3428 1644 3472 arcana
1713 3423 1766 3470 et

179 3499 419 3558 ineffabili
474 3504 640 3572 loqui,
687 3504 993 3560 intermittit
1033 3513 1210 3560 tamen
1239 3545 1254 3570 ,
1294 3512 1348 3560 et
1377 3519 1482 3576 qua
1507 3505 1577 3560 de
1603 3519 1766 3567 causa

181 3591 490 3648 intermittat
542 3595 657 3664 ipse
702 3594 962 3651 declarat.
1011 3599 1268 3664 Quaenam
1303 3597 1389 3652 illa
1428 3613 1590 3654 causa
1645 3598 1766 3652 est?

180 3683 483 3740 Auditorum
507 3687 782 3746 erassities
813 3697 867 3743 et
898 3687 1262 3755 imbecillitas,
1299 3705 1460 3760 quam
1493 3705 1616 3753 mox
1647 3688 1767 3745 sub-

182 3773 416 3833 iudicavit
448 3778 531 3832 his
563 3777 743 3834 verbis
776 3797 789 3833 :
822 3779 881 3834 Si
910 3789 1108 3835 terrena
1136 3780 1246 3841 dixi
1265 3780 1427 3846 vobis,
1456 3791 1507 3845 et
1535 3796 1636 3833 non
1659 3795 1766 3833 cre-

179 3865 303 3935 ditis,
351 3871 626 3939 quomodo,
687 3870 732 3924 si
786 3871 964 3931 dixero
1014 3872 1153 3926 vobis
1206 3872 1448 3936 caleslia,
1509 3870 1766 3926 credetis?

181 3956 342 4029 Itaque
371 3961 463 4017 ubi
486 3960 786 4017 modestum
816 3962 942 4034 quid
972 3971 1026 4019 et
1056 3962 1260 4021 humile
1283 3962 1434 4028 dicit,
1468 3963 1521 4018 id
1548 3963 1760 4017 audito—

178 4066 283 4106 rum
314 4054 666 4110 imbecillitati
696 4054 1110 4111 adscribendum
1141 4064 1245 4113 est.
1293 4055 1596 4118 Terrestris
1630 4069 1764 4111 vero

181 4140 256 4200 hic
277 4148 492 4218 quidam
525 4157 719 4219 putant
736 4158 954 4204 ventum
994 4149 1322 4220 signiﬁcare,
1352 4165 1414 4206 ac
1438 4151 1482 4206 si
1519 4150 1758 4215 diceret:

180 4235 228 4292 Si
253 4225 555 4312 exemplum
583 4257 648 4297 ex
697 4243 922 4298 terrenis
948 4241 1106 4308 dedi,
1140 4257 1241 4298 nec
1269 4250 1448 4298 tamen
1480 4243 1761 4315 obtempe-

1882 1292 2171 1362 quispiam,
2201 1297 2307 1352 Cur
2337 1297 2454 1364 hznc
2483 1301 2626 1365 dicta
2658 1315 2818 1370 sunt,
2859 1308 2904 1364 si
2934 1309 3211 1367 auditores
3238 1329 3347 1370 non
3376 1329 3494 1380 crc-

1877 1382 2274 1442 diturierant?
2311 1390 2443 1458 Quia
2475 1395 2576 1450 etsi
2623 1396 2696 1450 illi
2742 1412 2848 1457 non
2897 1400 3152 1456 credituri
3194 1415 3350 1461 erant
3377 1447 3392 1474 ,
3443 1417 3497 1464 at

1882 1477 2137 1533 credituri
2161 1491 2309 1537 certe
2341 1483 2501 1540 futuri
2527 1485 2796 1552 homines,
2830 1502 2884 1545 et
2915 1491 3041 1548 hinc
3063 1495 3345 1552 utilitatem
3376 1513 3498 1568 pcr-

1880 1573 2111 1638 ceplnri.
2145 1572 2533 1633 Vehementius
2562 1594 2692 1651 ergo
2719 1581 2770 1636 in
2802 1583 2951 1638 illum
2984 1586 3243 1649 invehens
3264 1632 3278 1655 ,
3305 1600 3496 1660 osten-

1879 1661 1958 1716 dit
1982 1662 2200 1719 demum
2224 1709 2238 1733 ,
2269 1683 2328 1724 se
2373 1686 2480 1724 non
2513 1671 2676 1728 modo
2709 1674 2794 1731 illa
2826 1691 2985 1736 nosse
3011 1720 3025 1744 ,
3073 1679 3166 1734 sed
3196 1684 3358 1737 etiam
3390 1684 3494 1742 alia

1881 1754 2038 1827 longe
2071 1759 2220 1829 plura
2267 1771 2322 1816 et
2368 1763 2575 1834 majora
2609 1783 2621 1831 ;
2655 1769 2798 1837 quod
2832 1785 2932 1840 per
2957 1775 3237 1842 sequentia
3262 1778 3496 1842 ostendit

1880 1847 2067 1905 dicens
2094 1869 2107 1904 :
2142 1850 2311 1907 Nemo
2341 1854 2392 1910 in
2415 1857 2595 1912 ca’lum
2622 1860 2874 1926 ascendit,
2896 1863 2995 1917 nisi
3035 1867 3124 1935 qui
3157 1866 3220 1921 de
3245 1870 3369 1923 caelo
3408 1888 3496 1924 ae-

1880 1942 2096 2008 scendit,
2129 1943 2176 1998 F
2178 1945 2298 2000 ilius
2325 1949 2546 2004 hominis
2565 1991 2580 2017 ,
2618 1952 2705 2021 qui
2734 1963 2807 2007 est
2833 1953 2885 2008 in
2918 1957 3062 2011 cwlo.
3093 1958 3159 2013 Et
3198 1975 3444 2029 quamam
3473 2007 3490 2036 _,

1881 2035 2125 2105 inquies,
2160 2037 2278 2094 haec
2302 2044 2735 2111 consequentia?
2766 2044 2995 2102 Maxima
3026 2061 3192 2113 certe,
3222 2062 3282 2114 et
3307 2055 3494 2110 admo-

1878 2124 2005 2180 dum
2029 2143 2150 2182 cum
2181 2130 2506 2200 supradictis
2531 2149 2862 2192 consonans.
2886 2139 3021 2206 Quia
3044 2141 3187 2196 enim
3223 2144 3310 2198 ille
3336 2145 3492 2202 dixe-

1877 2228 1966 2281 rat
1995 2237 2008 2274 :
2044 2220 2250 2289 Scimus
2287 2225 2407 2292 quia
2435 2242 2468 2278 a
2506 2225 2614 2282 Deo
2640 2228 2822 2283 venisti
2859 2233 3103 2302 magister
3125 2275 3139 2298 ,
3173 2235 3275 2290 hoc
3319 2238 3492 2307 ipsum

1881 2311 1973 2371 ille
2002 2316 2243 2386 corrigit,
2274 2332 2337 2373 ac
2368 2318 2412 2374 si
2444 2319 2626 2380 dicat:
2657 2321 2736 2378 Ne
2758 2333 2915 2395 putes
2955 2341 3041 2381 me
3073 2329 3143 2382 ita
3177 2331 3494 2401 magislruln

1879 2420 2000 2463 esse
2029 2416 2086 2464 ω
2114 2411 2265 2466 multi
2295 2413 2576 2485 prephetze
2601 2458 2616 2482 ,
2653 2417 2742 2486 qui
2779 2418 2847 2473 de
2876 2428 3016 2473 terra
3045 2430 3220 2476 erant.
3257 2423 3328 2477 Ex
3361 2425 3494 2479 ca'lo

1880 2515 2111 2572 namque
2138 2505 2316 2560 venio.
2348 2505 2740 2578 Prophetarum
2769 2511 2969 2582 quippe
3000 2513 3178 2572 nullus
3208 2531 3272 2569 eo
3300 2531 3493 2571 ascen-

1879 2591 2005 2657 dit;
2053 2608 2154 2665 ego
2201 2595 2309 2650 illic
2361 2596 2563 2653 habito.
2607 2599 2796 2658 Viden'
2837 2604 3112 2673 quomodo
3154 2604 3284 2668 illud
3330 2607 3492 2663 etiam

1879 2684 2020 2755 quod
2051 2686 2340 2743 admodum
2375 2692 2607 2747 sublime
2635 2693 2849 2750 videtur
2876 2711 2997 2752 esse
3019 2738 3035 2766 ,
3073 2698 3191 2767 ejus
3219 2702 3490 2770 magnitu-

1880 2777 2004 2835 dine
2035 2780 2468 2850 indignissinuun
2513 2785 2632 2841 sit?
2674 2785 2789 2841 Non
2835 2796 3044 2852 tantum
3076 2790 3220 2844 enim
3261 2791 3311 2846 in
3358 2794 3494 2848 caelo

1878 2876 1980 2936 est,
2005 2871 2098 2928 sed
2131 2873 2292 2927 etiam
2322 2876 2540 2946 ubique,
2573 2886 2629 2932 et
2654 2879 2834 2944 omnia
2857 2879 3064 2949 implet.
3091 2880 3290 2936 Verum
3315 2883 3492 2947 adhuc

1879 2974 1976 3029 pro
2007 2962 2268 3018 auditoris
2297 2966 2666 3022 imbecillitate
2690 2969 2950 3037 loquitur,
2975 2979 3036 3034 ut
3061 2973 3316 3042 paulatim
3338 2975 3489 3029 illum

1879 3054 2068 3125 erigat.
2098 3056 2293 3112 Filium
2321 3071 2499 3115 autem
2543 3060 2779 3117 hominis
2817 3063 2903 3119 hic
2936 3081 3041 3119 non
3083 3081 3302 3123 carnem
3333 3084 3491 3130 voca-

1880 3144 1973 3212 vit,
2000 3146 2095 3202 sed
2125 3163 2155 3202 a
2200 3149 2393 3206 minori
2425 3152 2722 3208 substantia
2756 3168 2815 3209 se
2847 3163 3016 3209 totum
3041 3197 3056 3221 ,
3095 3166 3152 3212 ut
3178 3158 3251 3215 ita
3280 3159 3480 3227 dicam,

1878 3241 2197 3297 nominavit.
2243 3243 2393 3300 Solet
2433 3246 2577 3301 enim
2609 3262 2756 3317 saepe
2799 3263 2826 3301 a
2874 3248 3154 3306 divinitate
3181 3293 3194 3317 ,
3243 3268 3387 3322 saepe
3423 3254 3491 3309 ab

1878 3329 2210 3389 humanitate
2239 3377 2253 3400 ,
2299 3350 2358 3390 se
2409 3343 2579 3392 totum
2633 3353 2849 3394 vocare.
2901 3341 2988 3396 l4.
3032 3340 3098 3394 Et
3142 3343 3275 3396 sicut
3323 3344 3489 3400 Moses

1876 3425 2116 3480 exultavit
2147 3438 2430 3494 serpentem
2455 3430 2508 3483 in
2544 3429 2744 3486 deserto
2776 3473 2790 3496 ,
2824 3433 2896 3486 ita
2921 3433 3140 3488 exaltari
3166 3448 3362 3506 Oportet
3393 3437 3488 3493 Fi-

1876 3515 2001 3569 lium
2023 3517 2263 3573 hominis.
2291 3519 2405 3585 Hoc
2433 3538 2644 3578 rursum
2669 3523 2882 3581 videtur
2902 3541 2931 3580 a
2961 3528 3335 3596 superioribus
3358 3533 3488 3589 alie-

1877 3625 2001 3663 num
2029 3628 2041 3675 ;
2077 3612 2172 3667 sed
2209 3629 2334 3674 cum
2367 3615 2472 3670 illis
2502 3618 2736 3674 maxime
2766 3621 3057 3674 consentit.
3090 3620 3226 3677 Cum
3263 3623 3488 3688 dixisset

1873 3705 2017 3758 enim
2081 3707 2374 3769 maximum
2419 3725 2518 3782 per
2559 3710 2825 3781 baptisma
2883 3713 3137 3770 collatum
3182 3715 3489 3775 hominibus

1874 3809 1994 3852 esse
2023 3796 2344 3854 beneﬁcium
2372 3842 2387 3865 ,
2420 3801 2568 3856 addit
2621 3801 2780 3873 hujus
2826 3819 3043 3861 causam
3070 3849 3085 3874 ,
3131 3823 3307 3879 neque
3339 3811 3485 3867 illam

1874 3888 2138 3949 minorem
2166 3932 2179 3955 ,
2213 3891 2421 3947 scilicet
2479 3907 2576 3964 per
2634 3909 2874 3952 crucem.
2924 3897 3388 3966 Quemadmodum
3433 3916 3488 3958 et

1871 3981 2069 4050 Paulus
2098 3983 2408 4044 Corinthios
2438 3987 2756 4060 alloquens,
2788 3989 2904 4046 hcce
2932 3991 3090 4047 simul
3112 3991 3292 4065 jungit
3321 3995 3486 4052 benc-

1874 4075 1991 4132 ﬁcia
2035 4077 2119 4134 bis
2171 4080 2387 4136 verbis:
2423 4080 2694 4150 Numquid
2735 4083 2936 4140 Paulus
2968 4087 3247 4157 cruciﬁxus
3293 4099 3367 4142 est
3394 4106 3486 4160 pro

1869 4169 2052 4234 vobis?
2078 4181 2166 4226 aut
2197 4172 2250 4226 in
2280 4174 2484 4229 nomine
2500 4172 2660 4230 Pauli
2677 4175 2923 4248 baptizati
2952 4179 3071 4242 estis
3095 4177 3237 4250 (Cor.
3262 4180 3311 4236 i.
3345 4181 3432 4252 13)
3457 4183 3479 4237 2

1872 4259 1997 4318 Haec
2018 4263 2162 4322 enim
2188 4263 2294 4320 duo‘
2336 4267 2570 4327 maxime
2613 4267 2939 4324 ineﬁ‘abilem
2963 4269 3078 4340 ejus
3104 4285 3346 4330 amorem
3385 4287 3483 4340 ,os-

1870 4353 2097 4420 tendunt
2133 4369 2149 4420 ;
2192 4353 2337 4430 quod
2371 4369 2469 4425 pro
2490 4355 2723 4413 inimicis
2753 4371 2948 4429 passus
2981 4358 3094 4428 sit,
3127 4369 3180 4414 et
3205 4360 3349 4430 quod
3385 4377 3482 4433 pro

1867 4444 2102 4512 inimicis
2129 4454 2373 4513 mortuus
2399 4489 2412 4512 ,
2448 4463 2544 4519 per
2574 4447 2904 4519 baptismum
2928 4449 3196 4521 integram
3233 4463 3482 4523 peccato-

1868 4554 1986 4594 rum
2019 4539 2230 4595 veniam
2261 4540 2488 4612 largitus
2519 4541 2608 4596 sit.

1937 4633 1995 4706 2.
2035 4633 2146 4690 Cur
2186 4643 2364 4690 autem
2407 4650 2516 4700 non
2569 4635 2718 4690 clare
2764 4634 2900 4706 dixit
2945 4649 3005 4692 se
3049 4636 3476 4708 cruciﬁgendum

1868 4741 2010 4798 esse,
2043 4726 2135 4781 sed
2166 4726 2232 4782 ad
2263 4736 2503 4787 veterem
2539 4726 2762 4798 ﬁguram
2788 4726 3063 4785 auditores
3091 4728 3339 4785 remisit?
3362 4728 3480 4794 Pri-

1868 4796 2013 4875 mum
2047 4829 2104 4874 ut
2133 4819 2446 4876 discerent‘
2475 4827 2716 4874 veterum
2749 4833 2870 4875 cum
2896 4820 3050 4879 novis
3077 4820 3476 4898 cognationem,

1866 4915 2177 4985 scirentque
2223 4911 2339 4967 lucc
2380 4911 2486 4967 illis
2526 4911 2701 4982 aliena
2734 4926 2840 4967 non
2886 4926 3008 4968 esse
3030 4927 3050 4984 ;
3083 4911 3278 4968 deinde
3309 4923 3366 4969 ut
3391 4913 3476 4971 in-

1869 5008 2075 5080 telligas
2096 5049 2110 5072 ,
2143 5006 2315 5082 ipsum
2358 5020 2464 5062 non
2495 5005 2720 5060 invitum
2752 5004 2820 5070 ad
2862 5014 3094 5070 mortem
3121 5010 3372 5074 venisse;
3408 5008 3474 5079 ad

1866 5101 1980 5157 lucc
2006 5110 2184 5157 autem
2230 5110 2287 5163 ut
2329 5099 2568 5156 disceres
2598 5143 2612 5168 ,
2643 5099 2848 5156 mnium
2892 5098 2995 5170 ipsi
3029 5098 3100 5156 ab
3141 5099 3230 5172 illa
3278 5116 3337 5156 re
3380 5100 3474 5157 da-

1863 5210 2048 5262 mnum
2068 5193 2368 5264 importari,
2393 5201 2447 5248 ct
2468 5192 2593 5248 hinc
2614 5191 2796 5248 multis
2815 5192 2985 5265 ipsum
3004 5192 3232 5248 salutem
3257 5208 3470 5263 parere.

1860 5287 1939 5345 Ne
1988 5288 2107 5359 quis
2133 5288 2275 5343 enim
2303 5286 2507 5350 diceret
2531 5328 2546 5353 ,
2582 5285 2648 5340 Et
2692 5286 2966 5356 quomodo
3004 5286 3118 5341 ﬁeri
3162 5296 3383 5358 potest,
3416 5299 3474 5344 ut

1860 5384 1951 5456 qui
1985 5383 2037 5438 in
2085 5379 2400 5436 cruciﬁxum
2450 5378 2722 5444 credunt,
2757 5380 2985 5436 salutem
3026 5391 3470 5460 consequantur,

1859 5492 1982 5530 cum
2025 5484 2079 5530 et
2119 5475 2234 5550 ipse
2275 5489 2303 5526 a
2347 5482 2524 5549 morte
2562 5482 2844 5542 correptus
2883 5471 3040 5527 fuerit
3064 5471 3087 5525 l
3113 5470 3183 5527 ad
3229 5481 3469 5527 veterem

1859 5583 1957 5622 nos
1993 5567 2275 5622 historiam
2309 5559 2475 5621 ducit:
2506 5564 2638 5619 Nam
2680 5563 2725 5618 si
2769 5563 3058 5636 imaginem
3095 5577 3302 5627 aeneam
3351 5576 3470 5617 ser-

1859 5661 2034 5731 pentis
2074 5659 2424 5730 respicientes
2457 5656 2628 5713 Judaei
2664 5699 2678 5724 ,
2711 5667 2940 5714 mortem
2981 5655 3219 5729 vitabant
3243 5671 3263 5732 ί
3295 5653 3470 5731 multo

182 4334 355 4399 rastis,
402 4331 676 4402 quomodo
731 4335 976 4404 poteritis
1024 4333 1338 4401 sublimiora
1399 4334 1668 4402 discere?
1704 4335 1760 4392 Si

179 4437 324 4490 porro
365 4425 456 4482 hic
483 4426 744 4495 baptisma
800 4436 1073 4483 terrenum
1116 4428 1393 4499 appellet,
1424 4443 1493 4484 ne
1523 4428 1756 4488 mireris.

178 4518 272 4572 Aut
310 4519 452 4574 enim
492 4518 622 4573 illud
664 4519 734 4574 ita
776 4527 932 4578 vocat
964 4519 1182 4590 quodin
1214 4521 1375 4576 terris
1416 4521 1757 4580 conferatur:

177 4619 254 4662 aut
278 4611 344 4665 ita
377 4620 554 4678 vocat,
585 4611 757 4682 ipsum
785 4611 1153 4682 comparando
1178 4628 1302 4668 cum
1340 4615 1625 4679 tremenda
1669 4615 1757 4670 illa

178 4714 260 4756 tua
283 4706 650 4774 generatione.
674 4704 807 4760 Nam
828 4706 929 4762 etsi
963 4706 1077 4762 lucc
1107 4708 1384 4778 generatio
1399 4710 1636 4766 ctelcstis
1663 4710 1754 4778 sit,

180 4795 216 4846 si
263 4806 439 4852 tamen
477 4809 822 4869 comparetur
855 4813 978 4866 cum
1010 4799 1100 4854 illa
1145 4816 1210 4856 ex
1257 4801 1429 4861 Patris
1456 4802 1756 4861 subatantia

177 4890 506 4954 generatione
528 4933 543 4957 ,
575 4898 791 4946 terrena
836 4890 940 4947 dici
974 4901 1167 4962 potest.
1202 4894 1278 4948 Ac
1305 4893 1427 4964 jure
1460 4910 1567 4951 non
1598 4895 1753 4967 dixit,

180 4977 279 5035 Non
305 4983 621 5054 iutelligitis,
648 4984 741 5039 sed
767 5026 782 5050 ,
828 4983 950 5041 Non
997 4986 1221 5046 creditis.
1259 4985 1314 5042 Si
1361 4987 1480 5059 quis
1509 4989 1652 5045 enim
1692 5003 1754 5043 ea

178 5072 383 5130 credere
413 5083 469 5131 et
515 5075 804 5131 admittere
834 5077 987 5144 nolit,
1019 5093 1141 5150 qua:
1178 5088 1361 5134 mente
1392 5080 1591 5153 percipi
1638 5095 1757 5150 pos-

178 5172 306 5228 sunt,
329 5165 372 5220 is
397 5169 521 5235 jure
542 5166 784 5221 stultitiae
797 5177 1127 5235 accusetur;
1153 5169 1201 5230 si
1222 5170 1342 5240 quis
1369 5185 1500 5224 vero
1528 5170 1615 5235 illa
1645 5189 1750 5226 nou

179 5252 423 5324 admittat,
439 5273 558 5328 qua:
577 5275 684 5314 non
702 5269 900 5326 mente,
923 5260 1018 5318 sed
1044 5261 1148 5319 ﬁde
1173 5263 1559 5333 percipiuntur,
1580 5265 1623 5319 is
1646 5280 1752 5319 non

175 5343 268 5412 iam
282 5351 538 5416 stultitim,
566 5351 659 5407 sed
684 5352 1070 5422 incredulitatis
1083 5370 1242 5419 causa
1263 5357 1519 5427 arguitur.
1538 5357 1606 5415 Ut
1623 5365 1752 5429 ergo

180 5436 308 5495 illum
327 5442 577 5508 abducat,
603 5459 670 5499 ue
698 5444 990 5501 ratiociniis
1005 5445 1207 5502 dictum
1229 5449 1507 5519 percipere
1523 5460 1748 5521 qumrat,

179 5530 523 5590 vehementius
544 5537 596 5592 in
620 5535 769 5592 illum
793 5537 1079 5606 invehitur,
1102 5539 1171 5596 de
1192 5541 1563 5598 incredulitate
1589 5557 1748 5598 accu-

177 5635 300 5679 sans.
321 5627 379 5683 Si
403 5642 533 5683 vero
560 5637 800 5685 nostram
824 5629 966 5685 illam
997 5632 1396 5703 generationem
1428 5633 1532 5689 ﬁde
1557 5634 1752 5689 admit-

180 5718 274 5771 tere
287 5728 544 5789 oporteat,
563 5735 670 5792 quo
692 5735 798 5776 non
822 5720 966 5792 digni
992 5733 1117 5778 sunt
1137 5725 1420 5796 supplicio,
1444 5726 1533 5796 qui
1554 5724 1750 5798 Unige—

179 5801 257 5860 niti
274 5813 664 5882 generationem
693 5811 904 5869 ratione
930 5813 1238 5888 inquirunt?
1265 5816 1530 5874 Sed‘t‘orte
1555 5817 1747 5873 dixerit
1922 5822 1935 5853 ι
1975 5817 2150 5879 savil.,
2178 5823 2227 5867 ut
2253 5815 2433 5884 discas.

474 5917 747 5982 Parnm.
791 5923 906 5984 Gn.
957 5929 1110 5990 LIX.
1558 5917 1561 5918 ν
2054 6006 2070 6018 ο
3042 5933 3117 6009 Ἀθ
