4078 6488
668 444 762 494 lii!)

656 554 827 619 magis
873 551 907 604 ii
953 546 1041 617 qui
1083 545 1133 599 iu
1178 539 1485 596 cruciﬁxum
1542 535 1767 590 credunt
1796 576 1811 600 ,

656 650 900 701 fruentur
929 636 1203 697 beneﬁcio.
1236 634 1348 689 Non
1373 632 1517 686 enim
1548 639 1767 700 propter
1795 625 2033 681 cruciﬁxi
2061 624 2227 678 imbe-

656 741 926 795 cillitatem
959 775 973 800 ,
1006 744 1177 801 neque
1203 726 1341 799 quod
1364 723 1531 780 Judaei
1563 721 1867 790 superiores
1898 718 2130 783 fuerint,
2162 717 2229 771 ita

656 834 851 888 factum
878 838 965 884 est
995 846 1006 881 :
1035 826 1126 882 sed
1158 824 1281 895 quia
1312 822 1446 875 Deus
1470 819 1647 873 dilexit
1678 817 1942 877 mundum,
1976 813 2094 866 ideo
2117 810 2232 864 ani-

655 933 851 977 malum
894 920 1010 989 ejus
1052 918 1301 985 templum
1342 910 1686 980 crucifigitur.
1737 908 1824 963 15.
1865 906 1931 961 Ut
1960 905 2121 958 omnis
2145 904 2232 972 qui

649 1014 807 1068 credit
854 1012 909 1065 in
936 1010 1080 1063 illum
1106 1024 1206 1061 non
1231 1015 1435 1074 pereat,
1465 1002 1556 1057 sed
1586 1001 1765 1054 habeat
1790 1000 1942 1053 vitam
1969 1007 2226 1052 cateruam.

652 1104 839 1159 Viden‘
876 1102 1049 1157 crucis
1080 1112 1292 1153 causam
1318 1136 1333 1159 ,
1363 1104 1417 1149 et
1447 1093 1674 1148 salutem
1718 1090 1842 1146 inde
1879 1086 2121 1158 partam?
2154 1087 2230 1139 vi-

648 1196 771 1251 den'
798 1193 979 1263 ﬁgurte
1007 1206 1125 1245 cum
1156 1188 1376 1243 veritate
1398 1180 1844 1241 consonantiam?
1865 1179 1975 1235 Illic
2003 1186 2227 1232 mortem

647 1289 879 1359 effugere
906 1283 1075 1339 «ἰυόωί
1100 1323 1116 1347 ,
1161 1280 1252 1336 sed
1286 1288 1681 1348 temporaneam
1707 1290 1723 1340 ;
1752 1274 1840 1328 hic
1877 1282 2132 1328 aeternam
2165 1269 2227 1323 ﬁ-

646 1380 811 1434 deles.
841 1376 951 1430 Illic
977 1387 1268 1444 suspensus
1289 1383 1511 1440 serpens
1548 1374 1857 1437 serpentum
1888 1377 2099 1419 morsus
2135 1376 2226 1416 cu-

648 1471 827 1523 rabat:
860 1467 947 1521 hic
975 1463 1259 1520 cruciﬁxus
1285 1460 1440 1517 Jesus
1479 1475 1508 1514 a
1550 1458 1810 1530 spirituali
1836 1456 2067 1511 dracone
2091 1452 2227 1507 infli-

644 1571 755 1615 ctas
785 1559 967 1630 plagas
996 1556 1233 1612 curabat.
1264 1553 1373 1608 Illic
1400 1552 1488 1623 qui
1518 1550 1687 1630 oculis
1703 1548 1974 1619 corporeis
1989 1546 2223 1612 videbat,

642 1610 957 1714 curabatlir;
984 1648 1071 1703 hic
1095 1646 1183 1715 qui
1211 1645 1403 1699 mentis
1424 1643 1592 1697 oculis
1618 1610 1779 1731 ‘idet,
1807 1648 2020 1710 peccata
2042 1637 2219 1691 omnia

645 1743 883 1813 deponit.
916 1739 1025 1793 Illic
1050 1754 1123 1793 (es
1152 1734 1414 1807 pendebat
1441 1734 1506 1788 ad
1544 1730 1759 1788 modum
1801 1731 2065 1797 serpentis
2093 1730 2228 1799 liga-

644 1841 847 1896 ratum;
890 1828 976 1883 hic
1017 1840 1210 1897 corpus
1256 1825 1584 1880 Dominicum
1627 1838 1656 1876 a
1685 1821 1887 1891 Spiritu
1918 1823 2222 1875 formatum.

646 1925 754 1979 Illic
782 1936 1001 1992 serpens
1024 1920 1321 1985 mordebat,
1352 1929 1405 1973 et
1434 1932 1653 1989 serpens
1682 1918 1935 1983 curabat;
1967 1916 2055 1974 hic
2078 1930 2227 1973 mors

644 2015 904 2087 perdidit,
933 2023 983 2069 et
1015 2028 1160 2069 mors
1200 2017 1448 2068 servavit.
1482 2010 1587 2068 Sed
1616 2013 1704 2082 qtti
1738 2010 2076 2066 interimebat
2106 2025 2221 2065 ser-

642 2124 772 2178 pcns
792 2150 807 2171 ,
838 2123 1099 2164 venenum
1135 2106 1364 2161 habebat
1395 2123 1408 2170 ;
1442 2106 1530 2176 qui
1563 2120 1690 2160 vero
1719 2103 1988 2169 servabat,
2018 2117 2224 2158 veneno

643 2218 845 2257 vacuus
874 2210 1009 2257 erat.
1041 2200 1272 2269 ldipsum
1294 2198 1404 2268 jam
1435 2197 1616 2253 videre
1636 2207 1736 2252 est.
1766 2196 1897 2251 Nam
1930 2210 2075 2251 mors
2103 2210 2223 2266 quas

641 2291 995 2355 interituehat,
1022 2300 1294 2361 peccatum
1328 2289 1576 2355 habebat,
1602 2297 1941 2345 utvenenum
1962 2302 2219 2358 serpens:

640 2385 850 2439 Domini
877 2394 1054 2439 autem
1086 2397 1229 2438 mors
1268 2382 1341 2438 ab
1364 2384 1523 2444 omni,
1534 2392 1755 2454 peccato
1784 2383 2037 2438 immunis
2062 2391 2179 2438 erat
2203 2422 2220 2451 ,

641 2489 700 2530 ut
728 2491 908 2531 aeneus
944 2490 1164 2546 serpens
1194 2490 1223 2531 a
1244 2490 1449 2532 veneno
1475 2491 1695 2532 vacuus.
1726 2475 1997 2531 Peccatum
2032 2476 2174 2531 enim
2202 2516 2221 2544 ,

641 2566 849 2635 inquit,
889 2582 988 2618 non
1017 2567 1168 2634 fecit,
1203 2583 1294 2620 nec
1332 2567 1564 2621 inuentus
1600 2576 1673 2621 est
1716 2567 1863 2621 dolus
1902 2568 2066 2620 inore
2108 2567 2224 2633 ejus

638 2659 717 2725 (Ι.
752 2656 862 2712 Pet.
889 2657 942 2713 2,
970 2656 1083 2729 22).
1114 2657 1224 2711 IIoc
1244 2673 1371 2729 ergo
1391 2668 1471 2713 est
1496 2658 1636 2727 quod
1655 2657 1969 2728 signiﬁcavit
1991 2657 2183 2712 Paulus
2208 2677 2220 2713 :

641 2750 948 2821 Exspatiata
999 2742 1311 2821 principatus
1352 2761 1398 2805 et
1453 2760 1758 2819 potestates,
1796 2751 2020 2803 traduxit
2063 2751 2222 2819 conﬁ-

640 2848 813 2898 denter
835 2884 849 2907 ,
884 2844 1057 2913 palam
1092 2844 1410 2911 triumphans
1454 2843 1571 2897 illos
1612 2843 1665 2895 in
1706 2844 1970 2911 semetipso
2002 2841 2217 2911 (Coloss.

639 2937 692 2989 2.
729 2936 837 3005 I5).
868 2933 1327 3001 Quemadmodum
1381 2935 1524 2989 enim
1572 2933 1767 2987 athleta
1795 2941 2063 2997 strenuus,
2093 2947 2214 2987 cum

637 3026 916 3080 sublimem
952 3034 1128 3081 actum
1166 3024 1530 3080 adversarium
1572 3025 1902 3093 prosternit,
1934 3024 2220 3079 claridrem

638 3120 799 3175 refert
828 3120 1104 3173 victoriam
1131 3138 1144 3173 :
1174 3119 1251 3173 sic
1280 3128 1331 3172 ct
1360 3118 1602 3173 Christus
1625 3127 1735 3171 toto
1761 3126 2037 3187 spectante
2066 3116 2217 3183 orbe,

639 3210 969 3265 adversarios
991 3217 1283 3281 potestates
1307 3209 1523 3279 dejecit;
1552 3216 1609 3264 et
1627 3208 1705 3262 eis
1734 3208 1822 3277 qtti
1852 3208 1903 3262 in
1933 3207 2219 3263 solitudine

638 3302 897 3356 vulnerati
926 3301 1134 3357 fuerant
1158 3301 1358 3355 curatis
1390 3344 1403 3367 ,
1437 3301 1504 3355 ab
1533 3299 1783 3354 omnibus
1809 3299 1935 3354 feris
1971 3300 2113 3370 ipsos
2160 3299 2213 3355 in

640 3407 801 3448 cruce
829 3406 1117 3463 suspensus
1148 3394 1412 3448 liberavit.
1433 3393 1623 3447 Verum
1654 3408 1758 3447 non
1785 3392 2217 3462 dixit,Suspendi

634 3492 865 3553 oportet,
909 3483 1024 3548 sed,
1061 3483 1313 3539 Exultari.
1341 3484 1492 3552 Quod
1530 3486 1672 3538 enim
1705 3484 1851 3538 dictu
1887 3484 2216 3540 tolerabilius

635 3589 755 3630 esse
775 3574 1057 3631 videbatur
1090 3576 1140 3629 in
1166 3575 1433 3630 audientis
1452 3580 1676 3646 gratiam
1704 3617 1718 3641 ,
1750 3577 1851 3630 hoc
1883 3577 2125 3647 proxime
2151 3576 2217 3631 ad

638 3668 857 3738 figuram
886 3667 961 3737 (α)
988 3666 1247 3723 accedens
1278 3669 1468 3737 posuit.

694 3759 802 3814 Dei
864 3777 1007 3813 amor
1062 3776 1179 3831 erga
1237 3761 1461 3815 homines
1489 3771 1707 3829 quantus
1757 3762 1819 3814 sit
1867 3778 1932 3815 ea:
1984 3762 2221 3815 income-

639 3854 769 3907 tione
809 3861 855 3906 et
894 3857 1127 3921 passione
1168 3852 1422 3922 probatur.
1459 3852 1630 3920 Quare
1657 3864 1814 3907 morte
1851 3869 1945 3907 sua
1988 3854 2217 3907 subindi-

636 3953 748 3995 rata
777 3984 791 4008 ,
842 3944 1008 3996 statim
1035 3958 1087 3996 se
1125 3953 1375 3995 auctorem
1416 3944 1530 3996 vitae
1553 3943 1844 4013 prtcdixertt
1882 3942 2219 3999 Christus.—

638 4035 724 4089 Iti.
778 4033 867 4089 Sic
898 4035 1027 4087 enim
1062 4033 1197 4087 Deus
1225 4034 1399 4088 dilexit
1438 4034 1680 4088 mundum
1710 4076 1724 4102 ,
1759 4046 1811 4088 ut
1842 4034 1891 4088 Γ
1893 4037 2035 4090 ilium
2072 4052 2216 4092 suum

636 4127 949 4196 unigenitum
978 4127 1118 4179 daret
1148 4167 1162 4191 ,
1195 4137 1248 4178 ut
1277 4127 1457 4191 onmis,
1495 4128 1579 4196 qui
1613 4127 1770 4180 credit
1801 4129 1851 4182 in
1880 4128 2080 4197 ipsum,
2114 4144 2215 4183 non

636 4228 825 4288 pereat,
851 4216 938 4270 sed
959 4217 1136 4271 habeat
1166 4217 1314 4269 vitam
1344 4227 1601 4272 retentant.
1627 4218 1738 4273 Iloc
1766 4230 1843 4274 eet
1867 4238 1879 4272 :
1903 4218 1980 4275 Ne
2005 4221 2216 4275 mireris

633 4310 773 4381 quod
803 4324 901 4380 ego
943 4310 1258 4366 exaltandus
1288 4312 1421 4377 sim,
1449 4322 1506 4365 ut
1536 4327 1630 4368 vos
1661 4313 1887 4368 salutem
1914 4328 2213 4383 consequa-

635 4404 784 4457 mini.
830 4402 958 4457 Nam
1003 4403 1105 4456 hoc
1146 4404 1217 4455 ita
1257 4402 1399 4456 Patri
1439 4404 1607 4458 visunt
1639 4413 1722 4458 est
1752 4420 1767 4467 ;
1799 4413 1853 4459 ct
1900 4406 1976 4459 sic
2008 4406 2095 4461 ille
2122 4421 2216 4461 vos

633 4494 836 4557 dilexit,
865 4505 917 4546 ut
937 4510 1030 4560 pro
1048 4494 1220 4549 servis
1247 4493 1436 4548 Filium
1460 4494 1645 4558 daret,
1676 4504 1729 4550 et
1751 4510 1846 4565 pro
1867 4497 2083 4566 ingratis
2100 4512 2212 4551 ser-

621 4585 1096 4654 .vis.Atqnineque
1118 4601 1212 4655 pro
1230 4588 1400 4641 amico
1417 4588 1677 4657 quispiam
1698 4588 1746 4642 id
1771 4600 1920 4659 agat:
1959 4587 2053 4643 Via:
2082 4590 2213 4644 enim

630 4697 728 4749 pro
742 4678 889 4749 justo
918 4679 1029 4747 quis
1052 4680 1300 4731 moriatur
1327 4680 1485 4748 (Rom
1536 4680 1574 4735 ὅ
1622 4681 1699 4751 7).
1731 4680 1834 4736 Sed
1863 4682 1949 4736 ille
1972 4682 2213 4753 longiore

634 4787 758 4825 usus
788 4786 1036 4826 somnone
1061 4779 1145 4825 est
1166 4813 1179 4835 ,
1209 4762 1329 4841 quia
1373 4772 1614 4827 ﬁdelibus
1643 4772 1807 4828 verba
1832 4772 2055 4829 faciebat
2082 4792 2094 4827 :
2126 4774 2211 4829 hic

629 4871 807 4915 autem
830 4861 1044 4915 brevius
1069 4862 1333 4925 Christus,
1367 4863 1490 4930 quia
1512 4863 1856 4921 Nicodemum
1896 4864 2207 4935 aIIOqueba-

632 4963 715 5006 tur
745 4969 757 5017 ;
793 4953 885 5007 sed
912 4968 1032 5007 cum
1060 4952 1261 5022 majore
1283 4954 1558 5023 emphasi:
1587 4972 1705 5025 qua:
1735 4957 1785 5010 in
1812 4953 2032 5029 singulis
2053 4957 2213 5013 dictis

629 5045 964 5099 observatur.
1014 5043 1108 5098 llis
1150 5045 1292 5099 enim
1332 5044 1539 5113 verbis,
1568 5046 1657 5104 Sic
1686 5047 1864 5103 dilexit
1888 5090 1902 5113 ,
1949 5058 2044 5112 et,
2070 5047 2213 5105 Deus

630 5139 911 5203 mundum,
945 5138 1129 5209 ingens
1158 5153 1311 5193 amor
1355 5139 1702 5211 signiﬁcatur.
1734 5140 1953 5199 Multum
1976 5142 2173 5212 quippe
2194 5182 2208 5207 ,

626 5232 739 5286 imo
776 5233 1092 5286 immensum
1134 5231 1599 5303 erat/discrimen.
1644 5234 1776 5289 Nam
1820 5234 2135 5293 immortalis
2160 5243 2213 5288 et

633 5323 749 5376 sine
780 5323 1060 5392 principio,
1093 5324 1399 5393 magnitudo
1421 5325 1623 5380 infinita
1651 5368 1665 5393 ,
1691 5340 1755 5381 ex
1788 5337 1928 5381 terra
1960 5337 2011 5381 et
2034 5328 2213 5384 cinere

632 5420 903 5481 tet-malos,
940 5417 1233 5471 innumeris
1262 5430 1481 5473 onustos
1508 5418 1745 5490 peccatis
1764 5461 1779 5487 ,
1803 5420 1891 5491 qui
1916 5436 2131 5491 semper
2154 5436 2213 5478 se

632 5506 993 5575 ofIcudebant,
1029 5506 1297 5578 ingratos;
1324 5509 1453 5574 hos,
1489 5511 1723 5580 inquam,
1750 5511 1957 5567 dilexit.
1987 5513 2046 5567 lit
2093 5530 2211 5584 qua:

632 5609 815 5664 postea
861 5609 1154 5669 seqntmtur
1219 5600 1435 5669 perinde
1479 5604 1812 5658 vehementia
1854 5615 2019 5671 sunt;
2066 5605 2214 5661 addit

634 5692 776 5745 enim
814 5711 826 5746 :
864 5692 930 5747 Ut
971 5692 1161 5747 Filium
1201 5711 1345 5749 suum
1389 5696 1697 5767 unigenitum
1738 5696 1927 5761 daret;
1959 5714 2063 5753 non
2092 5714 2207 5754 scr-

1868 531 2231 600 pra-stantium

633 5826 966 5951 μ
978 5832 1187 5897 ﬁgurate
1208 5833 1378 5885 dicitur
1393 5832 1611 5886 Christus
1630 5829 1852 5895 exaltari,
1870 5847 1981 5893 cum
1999 5836 2047 5887 in
2064 5848 2209 5890 cruce

1371 427 1425 476 S.
1460 420 1742 478 'JOANNIS
1779 414 2218 476 CllliYSOS'I'OM

2326 415 2606 471 .Iitililla'l’.
2649 418 3180 479 CONSTANTINOP.
3835 433 3927 487 I80

2343 545 2485 595 vum,
2515 547 2619 588 non
2643 534 2911 606 angelum,
2934 554 3037 592 non
3055 539 3434 609 archangelum
3456 543 3548 596 ait.
3578 544 3738 615 Atqui
3760 562 3917 603 nemo

2342 637 2571 694 unquam
2601 627 2682 681 vel
2719 628 2858 683 circa
2900 629 3066 685 lilium
3111 642 3313 685 tantum
3354 632 3590 687 studium
3636 636 3923 706 adhibuit,

2339 727 2594 787 quantum
2623 718 2764 773 Deus
2796 720 2937 773 circa
2974 720 3211 791 ingratos
3239 737 3443 777 servos.
3491 722 3799 779 Passioncm
3828 729 3924 782 ita-

2337 823 2441 879 que
2468 824 2572 863 non
2602 812 2821 865 omnino
2846 821 3028 881 aperte
3049 854 3063 878 ,
3097 813 3190 867 sed
3218 812 3445 868 obscure
3476 815 3744 884 praedicit;
3775 831 3925 873 emo-

2339 903 2632 957 lumentum
2679 914 2857 959 autem
2896 920 2963 960 ex
3012 905 3263 974 passione
3313 903 3547 961 futurum
3579 908 3722 962 clare
3747 908 3878 964 dicit
3909 929 3923 964 :

2342 993 2409 1049 Ut
2436 996 2598 1049 atnnis
2621 997 2707 1065 qui
2734 998 2889 1050 credit
2911 998 2963 1050 in
2989 1014 3103 1050 eum
3126 1039 3139 1063 ,
3178 1014 3279 1051 non
3310 1008 3513 1067 pereat,
3536 998 3625 1054 sed
3652 1000 3831 1054 habent
3850 1002 3925 1055 tti-

2337 1098 2442 1143 tam
2472 1098 2731 1144 a-ternant.
2762 1090 2895 1158 Quia
2945 1090 3151 1145 dixerat
3195 1093 3366 1163 ipsum
3406 1094 3693 1149 exaltatum
3738 1094 3801 1151 iri
3826 1107 3920 1164 ,-et

2337 1190 2567 1236 mortem
2617 1181 3049 1237 subindicaverat
3074 1224 3087 1245 ,
3129 1197 3197 1238 ne
3225 1184 3385 1238 verba
3420 1184 3606 1261 isthmc
3634 1200 3919 1241 maerorem

2335 1282 2585 1341 parerent
2607 1273 2835 1328 auditori
2865 1314 2881 1338 ,
2927 1282 2982 1327 ct
3014 1273 3082 1328 de
3134 1274 3250 1343 ipso
3307 1268 3600 1329 humanum
3649 1276 3921 1344 quidpiam

2333 1366 2731 1435 suspicaretur,
2766 1377 3078 1437 putaretque
3127 1377 3353 1421 mortem
3397 1369 3495 1437 ipsi
3532 1369 3692 1424 tinem
3742 1370 3919 1423 exsis-

2334 1455 2479 1509 tendi
2510 1454 2738 1511 futuram
2788 1472 2927 1521 esse,
2976 1457 3096 1510 vide
3140 1473 3247 1525 quo
3279 1468 3433 1525 pacto
3485 1457 3881 1527 itlattcmperct
3908 1501 3921 1523 ,

2332 1563 2452 1602 cum
2478 1548 2603 1603 dicit
2636 1549 2818 1603 datum
2851 1563 2969 1603 esse
2995 1550 3085 1603 liei
3114 1550 3331 1613 Filium,
3362 1551 3484 1605 vita:
3522 1566 3739 1606 causam
3766 1593 3780 1614 ,
3812 1552 3919 1605 imo

2332 1642 2454 1693 vita:
2499 1652 2735 1694 :l‘lCI‘Ilil‘.
2771 1639 2819 1695 is
2863 1657 2989 1695 vero
3027 1642 3116 1709 qui
3149 1657 3245 1710 per
3291 1651 3517 1696 mortem
3562 1656 3711 1695 sna'n
3758 1642 3922 1695 vitam

2331 1734 2449 1787 aliis
2478 1732 2699 1787 daturus
2742 1744 2858 1789 erat
2878 1777 2892 1800 ,
2922 1735 2975 1788 in
3006 1744 3180 1790 morte
3208 1750 3313 1788 non
3345 1734 3435 1789 diu
3470 1750 3754 1789 mansurus
3781 1747 3921 1791 erat.

2324 1825 2461 1883 Nam
2483 1827 2527 1880 si
2558 1827 2593 1880 ii
2640 1828 2803 1897 quiin
2836 1828 3151 1883 cruciﬁxum
3184 1828 3451 1894 credunt,
3493 1844 3599 1883 non
3649 1840 3873 1898 pereunt
3905 1874 3917 1892 ,

2331 1918 2498 1973 multo
2542 1919 2718 1975 minus
2752 1920 2946 1991 peribit
2975 1922 3064 1976 ille
3093 1922 3397 1975 crucifixus.
3426 1921 3528 1990 Qui
3552 1924 3707 1979 .enitn
3746 1924 3923 1990 perni-

2331 2008 2467 2065 ciem
2520 2010 2587 2064 ab
2636 2011 2756 2065 aliis
2799 2010 3011 2080 aufert,
3062 2012 3231 2067 mul;o
3264 2011 3431 2082 magis
3471 2013 3586 2081 ipse
3613 2028 3641 2065 a
3682 2013 3924 2082 pernicit-

2331 2101 2467 2156 liber
2495 2102 2597 2157 erit
2625 2124 2637 2157 :
2667 2103 2757 2173 qui
2782 2103 2903 2158 aliis
2924 2104 3083 2158 vitam
3114 2102 3350 2173 impertit
3371 2144 3385 2167 ,
3418 2104 3588 2157 multo
3619 2104 3787 2173 magis
3818 2106 3922 2158 sibi

2330 2192 2618 2262 impcrtiet.
2661 2193 2844 2249 Viden'
2875 2194 3069 2263 ubique
3094 2209 3230 2264 opus
3271 2197 3406 2250 esse'
3434 2193 3539 2248 ﬁde
3567 2194 3591 2247 ἲ
3616 2193 3747 2248 Nam
3792 2209 3921 2249 cru-

2327 2299 2443 2339 cem
2475 2286 2597 2339 vita:
2624 2285 2825 2341 fontem
2851 2300 2971 2341 esse
2998 2285 3145 2341 dicit.
3176 2286 3226 2339 Id
3260 2286 3599 2342 ratiocinium
3627 2302 3732 2341 non
3760 2286 3922 2342 facile

2330 2374 2573 2429 admittat
2605 2392 2619 2430 ;
2650 2376 2800 2446 cujus
2829 2376 2903 2431 rei
2937 2384 3099 2433 testes
3128 2391 3266 2431 nunc
3287 2388 3413 2431 sunt
3436 2378 3665 2447 gentiles
3691 2417 3706 2442 ,
3741 2378 3833 2447 qui
3867 2378 3919 2431 id

2329 2465 2571 2522 videntes
2591 2480 2711 2521 cum
2734 2467 2846 2521 risu
2870 2467 3174 2537 excipiunt:
3198 2467 3331 2523 ﬁdes
3354 2483 3481 2522 vero
3505 2484 3623 2540 quzc
3654 2468 3925 2526 ratiocinii

2331 2558 2747 2614 imbecillitatem
2775 2570 3024 2629 supcrat,
3053 2560 3156 2617 huc
3171 2560 3337 2614 facile
3358 2560 3590 2614 admittit
3614 2568 3668 2615 et
3696 2559 3919 2617 retinet.

2330 2650 2484 2706 Unde
2512 2660 2689 2707 autem
2738 2662 3014 2721 tant0pcre
3047 2652 3187 2708 Dens
3238 2654 3493 2709 mundum
3535 2652 3771 2710 dilexit?
3800 2652 3920 2708 Non

2329 2747 2564 2809 aliunde,
2593 2762 2751 2817 quam
2779 2763 2842 2801 ex
2876 2747 2986 2802 sola
3022 2747 3345 2818 benignitate
3368 2762 3484 2802 sua.

2398 2838 2453 2892 3.
2494 2837 2543 2890 Ε
2572 2838 2824 2902 beneﬁciis
2848 2856 2879 2890 a
2904 2840 3101 2893 Christo
3127 2841 3176 2893 in
3200 2840 3425 2893 homines
3453 2840 3673 2905 collatis,
3702 2842 3919 2896 διανοησ-

2326 2944 2507 2999 quam
2546 2941 2590 2984 et
2615 2930 3219 2986 caritatemcommcndat
3266 2972 3282 2999 ,
3314 2948 3495 3003 eosque
3523 2934 3781 3005 redarguit
3826 2938 3915 3004 qui

2328 3023 2634 3092 pauperibus
2656 3024 2892 3094 neglectis
2920 3024 3065 3077 luxui
3090 3023 3472 3079 serriunt.—-—lu
3503 3024 3758 3095 pudorem
3785 3041 3918 3095 ergo

2328 3122 2601 3169 vertamur
2624 3115 2694 3169 ob
2732 3124 2931 3169 tantam
2964 3116 3241 3171 caritatem
3268 3132 3281 3169 :
3314 3116 3693 3171 erubescimus
3719 3115 3789 3171 de
3818 3117 3914 3171 bc-

2320 3208 2878 3287 niguitatisexcessu.
2923 3208 3040 3277 Ipse
3066 3208 3208 3264 cnim
3252 3218 3309 3264 ut
3353 3224 3450 3264 nos
3503 3218 3791 3269 servaret.
3844 3226 3915 3265 ne

2325 3298 2598 3369 unigenito
2640 3300 2853 3369 quidem
2895 3299 3031 3355 Filio
3058 3316 3157 3357 suo
3202 3303 3476 3371 pepercit;
3528 3316 3626 3356 uos
3670 3302 3916 3371 pecuniis

2327 3391 2596 3461 parcimus
2641 3390 2693 3445 in
2754 3402 2991 3447 nostram
3047 3392 3360 3462 perniciem.
3398 3390 3528 3463 Ipse
3582 3392 3915 3461 unigenitum

2324 3486 2517 3542 Filium
2564 3499 2660 3555 pro
2683 3486 2835 3541 nobis
2860 3486 3049 3550 dedit;
3084 3502 3181 3542 nos
3211 3499 3278 3540 ne
3305 3495 3585 3556 argentum
3610 3486 3827 3556 quidem
3858 3486 3914 3543 in

2324 3580 2445 3650 ejus
2463 3580 2687 3651 gratiam
2705 3578 3044 3649 despicimus
3064 3618 3078 3644 ,
3109 3579 3217 3632 imo
3265 3593 3365 3633 nec
3393 3579 3446 3632 in
3492 3587 3727 3632 nostram
3752 3579 3912 3633 .utili-

2327 3682 2509 3727 tatem.
2540 3672 2607 3726 Et
2628 3686 2858 3741 quanam
2897 3671 3010 3725 bmc
3051 3669 3206 3725 venia
3237 3669 3395 3738 digna
3426 3670 3597 3723 sunt?
3644 3668 3698 3724 Si
3735 3669 3915 3723 humi-

2313 3782 2452 3822 .nem
2480 3764 3007 3834 videamuspericnla
3032 3770 3091 3818 et
3120 3772 3346 3818 mortem
3376 3777 3472 3830 pro
3501 3762 3656 3819 nubis
3682 3761 3865 3817 subire
3893 3802 3911 3827 ,

2325 3862 2497 3931 ipsum
2549 3859 2796 3915 oumibus
2834 3856 3241 3928 anteponimus,
3275 3863 3330 3909 et
3381 3856 3430 3907 in
3472 3853 3680 3907 intimis
3723 3854 3914 3910 amicis

2322 3967 2760 4016 annnmeramus,
2805 3959 2985 4005 nostra
3047 3949 3225 4003 omnia
3270 3947 3369 4016 ipsi
3424 3946 3724 4013 tradimus,
3755 3956 3809 4001 ct
3846 3962 3911 4002 ca

2322 4046 2490 4115 ipsius
2535 4059 2655 4098 esse
2685 4045 2853 4112 magis
2874 4056 3032 4111 quam
3076 4049 3255 4094 nostra
3300 4038 3569 4103 dicimus;
3614 4054 3789 4108 neque
3832 4041 3913 4093 sic

2322 4147 2569 4210 putamus
2620 4135 2832 4207 dignam
2876 4134 3173 4205 rependere
3213 4132 3409 4187 vicem.
3456 4130 3591 4202 Erga
3637 4131 3912 4186 Christum

2320 4245 2449 4285 vero
2475 4244 2647 4299 neque
2688 4227 2829 4281 hunc
2855 4226 2991 4297 grati
3021 4225 3183 4279 animi
3228 4223 3445 4278 modum
3470 4237 3767 4278 servamus.
3820 4224 3914 4280 ille

2322 4322 2553 4376 animant
2584 4335 2680 4389 pro
2706 4318 2860 4372 nobis
2884 4316 3058 4387 posuit
3086 4357 3099 4382 ,
3132 4326 3181 4371 et
3232 4324 3451 4385 prOpter
3488 4330 3587 4370 nos
3616 4315 3909 4384 pretiosum

2322 4414 2631 4483 sanguinem
2664 4408 2889 4475 effudit,
2936 4422 3033 4463 nos
3056 4449 3071 4474 ,
3102 4408 3315 4476 inquam
3342 4447 3358 4473 ,
3403 4406 3493 4476 qui
3534 4420 3633 4460 nec
3654 4405 3782 4460 boui
3811 4420 3910 4461 nec

2320 4504 2453 4574 grati
2485 4516 2699 4557 eramus
2724 4518 2737 4566 ;
2772 4516 2869 4555 nos
2897 4514 3027 4553 vero
3075 4513 3143 4552 ne
3174 4498 3225 4552 in
3252 4508 3491 4552 nostram
3520 4496 3735 4567 quidem
3765 4497 3907 4553 ιιιίΙί-

2317 4603 2483 4649 tatem
2513 4590 2771 4664 pecunias
2800 4588 3123 4646 effundimus
3148 4604 3164 4653 ;
3187 4587 3279 4643 sed
3332 4602 3455 4658 eum
3484 4588 3573 4660 qui
3604 4601 3705 4657 pro
3750 4587 3908 4642 nobis

2318 4694 2559 4740 mortuus
2588 4693 2672 4739 est
2700 4725 2716 4750 ,
2765 4692 2817 4737 et
2850 4679 3050 4735 nudum
3077 4689 3130 4734 ct
3174 4678 3514 4748 peregi-iiuna
3551 4676 3905 4748 despicimus.

2318 4775 2515 4845 Ecquis
2545 4788 2643 4827 nos
2690 4789 2719 4825 a
2767 4771 2945 4826 futuro
2971 4770 3235 4841 supplicio
3278 4768 3523 4826 eximet?
3562 4766 3695 4823 Nam
3725 4769 3772 4823 si
3798 4784 3905 4825 non

2318 4868 2459 4923 Deus
2488 4881 2606 4931 nos,
2638 4864 2731 4919 sed
2764 4877 2864 4919 nos
2890 4863 2990 4933 ipsi
3022 4862 3352 4933 puniremus,
3384 4875 3563 4915 annon
3589 4871 3777 4917 contra
3809 4876 3909 4917 nos

2318 4958 2580 5015 calculum
2600 4956 2922 5013 ferremus?
2966 4957 3156 5009 Annon
3181 4966 3280 5007 nos
3333 4952 3480 5022 ipsos
3526 4949 3595 5007 ad
3642 4950 3909 5022 gehennae

2318 5053 2492 5124 ignem
2524 5049 3004 5105 condemnaremus
3021 5088 3037 5113 ,
3063 5044 3208 5117 quod
3236 5058 3359 5100 eum
3389 5084 3405 5108 .
3432 5043 3523 5114 qui
3551 5043 3784 5101 animam
3807 5058 3908 5115 pro

2319 5142 2719 5213 nobisposuit,
2774 5137 2915 5193 fame
2961 5137 3324 5192 tabescentem
3372 5133 3907 5203 eontempserimus?

2318 5236 2383 5291 Et
2411 5236 2535 5307 quid
2562 5233 2814 5305 pecunias
2840 5229 3122 5288 memoro?
3149 5229 3205 5285 Si
3238 5229 3380 5283 cnim
3407 5227 3555 5284 mille
3582 5226 3905 5287 {haberemus

2316 5331 2542 5396 animas,
2570 5343 2747 5382 annon
2791 5326 2908 5381 illas
2936 5338 3125 5380 omnes
3151 5337 3249 5394 pro
3279 5321 3371 5377 illo
3401 5336 3600 5390 ponere
3629 5319 3906 5390 oportuit?

2318 5426 2539 5483 Etiamsi
2582 5438 2653 5478 ne
2682 5423 2760 5478 sic
2787 5434 2999 5491 quoque
3037 5417 3163 5487 quid
3198 5416 3461 5473 beneficio
3490 5424 3637 5468 tanto
3682 5414 3902 5484 dignum

2318 5520 2655 5576 fecissemus.
2700 5514 2832 5571 Nam
2860 5512 2949 5583 qui
2994 5510 3138 5580 prior
3160 5507 3479 5565 beneﬁcium
3514 5505 3695 5576 ponit,
3724 5504 3903 5565 mani-

2317 5611 2509 5669 festum
2540 5624 2645 5680 pra:
2682 5622 2740 5663 se
2768 5606 2869 5662 fert
2892 5603 3145 5660 bonitatis
3173 5598 3426 5656 indicium
3450 5615 3461 5651 :
3485 5596 3574 5667 qui
3596 5604 3777 5651 autem
3806 5596 3903 5651 be-

2318 5701 2509 5760 neflcio
2537 5698 2766 5755 afficitur
2790 5738 2805 5761 ,
2832 5692 3091 5767 quidquid
3124 5688 3339 5746 tandem
3384 5686 3593 5744 dederit
3617 5726 3633 5753 ,
3663 5685 3901 5743 debitum

2319 5787 2514 5853 reddit,
2548 5801 2652 5841 non
2676 5784 2897 5856 gratiam
2919 5778 3016 5834 init
3038 5793 3052 5843 ;
3078 5775 3316 5833 maxime
3342 5787 3470 5829 vero
3494 5787 3615 5827 cum
3643 5769 3731 5825 ille
3760 5769 3904 5842 prior

2323 5881 2594 5941 beneﬁcus
2634 5876 2869 5937 inimicis
2905 5872 3043 5932 dona
3068 5867 3276 5931 confert
3302 5908 3318 5937 ,
3346 5876 3398 5924 et
3427 5866 3471 5923 is
3497 5858 3585 5939 qui
3616 5858 3859 5933 rependit
3880 5898 3898 5929 ,
