4078 6488
199 449 288 505 {CI
1231 434 1295 491 IN
1331 428 1641 489 JOANNEH
1682 429 1914 488 IIOMIL.
1959 430 2199 489 XXVIII.
2243 433 2314 488 al.
2359 431 2574 488 XXVII.

197 559 521 620 benefacturi
556 572 659 611 suo
687 555 828 610 dona
869 550 1118 608 retribuit
1147 592 1160 617 ,
1199 547 1392 619 quibus
1422 547 1584 602 etiam
1632 544 1789 600 donis

195 657 310 728 ipse
338 666 555 724 quoque
579 649 796 704 fruitur.
829 644 1028 701 Verum
1053 643 1137 697 his
1165 656 1267 696 non
1295 654 1598 703 movemur,
1624 652 1794 706 usque

188 748 327 801 adeo
351 746 578 815 ingrati,
601 751 658 796 ut
684 741 878 804 servis,
903 737 1082 804 mulis,
1106 735 1256 804 equis
1279 735 1608 804 operimenta
1633 745 1793 784 aurea

191 839 695 908 circumponamus;
726 830 1008 885 Dominum
1033 841 1160 882 vero
1191 834 1452 889 nostrum,
1479 822 1677 876 nudum
1701 836 1790 876 cr-

192 938 400 982 rantem
429 969 442 992 ,
471 925 708 980 ostiatim
741 920 1134 977 mendicantem
1160 959 1176 985 ,
1209 916 1260 970 in
1290 914 1538 985 compitis
1558 921 1792 968 stantem

188 1030 240 1075 et
269 1033 464 1075 manus
493 1015 874 1072 extendentem
905 1010 1286 1080 deSpiciamus,
1321 1007 1429 1061 imo
1457 1020 1600 1074 saepe
1630 1003 1793 1058 torvis
1833 1070 1838 1075 ι

192 1115 498 1166 intueamur
535 1105 706 1162 oculis
732 1123 746 1161 :
780 1103 989 1160 etiamsi
1022 1110 1240 1172 propter
1263 1114 1362 1154 nos
1389 1097 1536 1152 hisce
1558 1095 1714 1151 malis
1736 1110 1795 1150 se

189 1204 457 1274 subjiciat.
484 1203 740 1258 Libenter
761 1201 902 1254 enim
921 1196 1114 1260 esurit,
1133 1202 1193 1248 ut
1220 1203 1274 1247 tu
1299 1191 1587 1255 nutriaris;
1618 1187 1795 1242 nudus

188 1295 476 1360 circumit,
533 1300 592 1347 ut
639 1291 733 1347 tibi
790 1285 1207 1357 ineorruptionis
1260 1289 1465 1338 vestem
1526 1278 1792 1334 conferat.

191 1385 327 1439 Nihil
359 1395 542 1439 tamen
568 1397 664 1438 vos
687 1379 922 1450 erogatis
955 1396 967 1432 :
1001 1376 1095 1432 sed
1127 1375 1446 1430 vestimenta
1477 1379 1656 1425 vestra
1687 1368 1792 1424 alia

187 1496 216 1532 a
246 1478 404 1533 tineis
432 1476 718 1541 roduntur,
745 1473 846 1528 alia
872 1513 888 1538 ,
917 1473 971 1526 in
998 1485 1122 1524 area
1153 1452 1467 1531 recondita,
1499 1461 1785 1532 superﬂuae

190 1587 332 1626 curse
366 1568 766 1641 possidentibus
809 1573 934 1620 sunt
964 1581 977 1617 :
1008 1562 1135 1617 dum
1159 1562 1202 1615 is
1229 1559 1318 1629 qui
1356 1566 1410 1614 et
1441 1556 1556 1611 haec
1593 1565 1647 1610 et
1689 1554 1792 1607 alia

188 1664 367 1718 omnia
415 1663 638 1731 largitus
686 1668 812 1723 est,
844 1655 1016 1712 nudus
1060 1651 1384 1708 obambulat.
1431 1647 1634 1703 Verum
1679 1645 1795 1699 hinc

192 1770 296 1811 non
326 1755 378 1808 in
412 1768 535 1808 arca
564 1749 886 1814 reconditis,
910 1745 1003 1802 sed
1042 1744 1126 1799 bis
1154 1742 1434 1813 magnifice
1468 1735 1795 1794 induimini?

188 1845 348 1913 Quid,
373 1859 560 1916 qua‘so
590 1886 604 1909 ,
635 1841 759 1896 hinc
788 1840 940 1895 vobis
971 1853 1089 1908 pius
1119 1833 1371 1891 accedit?
1402 1831 1472 1889 Ut
1499 1830 1792 1887 forensium

189 1939 338 1994 turba
363 1952 460 1992 vos
502 1935 757 2006 suspiciat
781 1934 804 1989 l
831 1930 1036 2002 Ecquid
1064 1929 1207 1984 hoc?
1255 1926 1370 1982 Non
1413 1925 1556 1980 enim
1589 1923 1671 1978 his
1706 1921 1793 1976 in-

184 2033 374 2086 dutum
402 2030 764 2092 admirantur,
794 2025 888 2081 sed
919 2039 1040 2080 cum
1072 2021 1160 2092 qui
1193 2019 1376 2090 egenis
1408 2017 1650 2086 largitur.
1682 2014 1792 2069 Ita-

185 2142 290 2197 que
320 2126 368 2180 si
417 2124 551 2180 velis
602 2119 939 2177 admirationi
991 2131 1109 2172 esse
1148 2157 1162 2176 ,
1201 2114 1335 2168 alios
1361 2111 1524 2166 indue
1551 2150 1564 2174 ,
1612 2117 1668 2163 et
1711 2106 1792 2162 sic

186 2220 331 2274 mille
379 2217 654 2287 plausibus
702 2211 1003 2282 excipicris.
1032 2209 1184 2264 Tunc
1209 2216 1258 2262 te
1304 2205 1442 2260 Deus
1465 2217 1588 2256 eum
1620 2197 1794 2254 Itami-

188 2312 345 2365 nibtts
383 2308 636 2363 laudabit.
671 2305 871 2361 Contra
911 2317 1040 2357 vero
1061 2302 1104 2356 si
1134 2313 1290 2355 secus
1329 2311 1457 2366 agas
1487 2337 1501 2361 ,
1534 2305 1693 2347 nemo
1740 2298 1792 2343 te
1852 2293 1857 2298 '

3413 433 3514 492 llii’.

1902 541 2137 601 laudabit
2164 587 2179 613 ,
2229 547 2322 602 sed
2364 561 2553 601 omnes
2582 546 2673 599 tibi
2714 545 3026 601 invidebunt
3052 588 3066 612 ,
3096 547 3222 601 dum
3259 549 3513 604 videbunt

1900 652 2096 708 corpus
2123 648 2392 702 ornatum,
2421 638 2656 692 animam
2685 653 2812 693 vero
2845 639 3161 708 neglectam.
3192 638 3508 708 llujusmodi

1901 737 2149 785 ornatum
2193 728 2507 784 meretrices
2537 737 2810 784 sectantur
2842 772 2854 796 ,
2888 745 3008 800 qua:
3047 745 3191 800 smpe
3237 733 3426 801 majori
3451 746 3505 788 et

1900 820 2226 891 opulentiori
2275 821 2422 877 cultu
2481 821 2754 892 gaudent;
2799 832 3024 877 ornatus
3075 833 3253 879 autem
3315 825 3510 880 aninne

1904 929 2067 986 penes
2116 915 2328 968 virtutis
2371 914 2644 969 studiosos
2706 924 2910 968 tantum
2955 915 3202 971 habetur.
3237 915 3364 972 Hmc
3408 918 3517 972 fre-

1900 1019 2128 1078 quenter
2157 1009 2308 1073 dico,
2344 1023 2442 1063 nec
2481 1008 2642 1064 linem
2673 1008 2884 1063 dicendi
2916 1007 3104 1062 faciam
3128 1049 3142 1075 ,
3172 1025 3278 1064 non
3309 1025 3511 1081 anpe-

1901 1117 1990 1158 res
2033 1109 2239 1157 tantum
2281 1115 2477 1154 curans
2512 1143 2525 1164 ,
2558 1111 2817 1170 quantum
2869 1101 3078 1155 animas
3123 1113 3353 1156 vestras.
3407 1102 3515 1158 lilis

1900 1193 2046 1250 cnim
2076 1192 2177 1248 etsi
2205 1208 2310 1248 non
2339 1207 2367 1246 a
2411 1191 2596 1255 nobis,
2639 1191 2854 1246 aliunde
2900 1201 3078 1247 tamen
3110 1192 3359 1263 qua‘dam
3403 1197 3511 1249 erit

1900 1287 2244 1352 consolatio;
2295 1285 2336 1339 si
2387 1285 2533 1340 nulla
2579 1285 2757 1352 adsit,
2805 1293 2862 1339 et
2904 1284 3043 1340 fame
3088 1295 3354 1354 pereant,
3403 1303 3508 1342 non

1902 1393 2152 1448 magnum
2178 1377 2281 1432 hoc
2309 1376 2562 1432 damnum
2590 1376 2738 1447 ipsis.
2771 1377 2908 1444 Quid
2940 1377 3350 1433 nocuitLazaro
3380 1394 3482 1451 pan

1903 1480 2081 1540 pertas
2109 1479 2163 1525 et
2211 1469 2421 1524 fames?
2467 1467 2575 1523 Sed
2618 1482 2714 1522 vos
2760 1465 2890 1522 nihil
2924 1483 2952 1520 a
2997 1469 3247 1539 gehenua
3279 1471 3512 1539 eripiet,

1902 1562 2004 1616 nisi
2036 1575 2329 1632 pauperum
2371 1575 2474 1630 ope
2500 1559 2783 1629 juvemini.
2816 1557 2922 1615 Sed
2965 1560 3153 1615 eadem
3205 1565 3317 1631 ipsa
3363 1562 3514 1617 dice-

1903 1666 2023 1707 mus
2065 1667 2187 1723 quae
2233 1650 2385 1704 dives
2417 1650 2505 1705 ille
2553 1659 2810 1719 perpetuo
2857 1650 3084 1706 traditus
3136 1653 3240 1722 igni
3269 1696 3282 1720 ,
3337 1654 3513 1710 omnis

1902 1743 2288 1801 consolationis
2331 1741 2566 1811 esperti.
2615 1741 2814 1796 Verum
2849 1742 3028 1808 absit,
3059 1753 3117 1798 ut
3141 1745 3262 1814 quis
3299 1744 3384 1798 illa
3416 1761 3505 1800 un-

1903 1851 2064 1908 quam
2111 1833 2271 1889 verba
2318 1832 2542 1896 audiat;
2593 1831 2724 1886 faxit
2772 1833 2909 1888 Deus
2958 1843 3011 1888 ut
3057 1849 3250 1890 omnes
3289 1835 3341 1889 in
3385 1837 3508 1891 sinu

1902 1929 2136 1984 Abrahae
2184 1926 2550 1993 recipiantur,
2595 1926 2763 1996 gratia
2809 1935 2863 1981 et
2912 1925 3245 1997 benignitate
3301 1927 3510 1984 Domini

1903 2020 2074 2077 nostri
2105 2018 2232 2074 Jesu
2265 2015 2483 2078 Christi,
2520 2033 2614 2086 per
2643 2033 2802 2086 quem
2830 2027 3030 2072 etcum
3079 2034 3188 2090 quo
3227 2019 3369 2074 Patri
3401 2020 3516 2090 glo-

1903 2118 2004 2185 ria,
2039 2132 2249 2187 unaque
2301 2123 2490 2172 sancto
2523 2114 2768 2184 Spiritui,
2821 2115 2872 2169 in
2918 2114 3112 2171 smcula
3155 2115 3505 2173 saeculorum.

1903 2214 2095 2268 Amen.

189 2408 3503 2468 ________________________________._____.

1475 2497 1825 2565 HOMILIA
1871 2483 2175 2552 XXVIII.

188 2665 272 2718 ΓΙ.
319 2661 445 2717 Non
469 2663 600 2716 enim
642 2661 776 2715 misit
825 2656 966 2713 Deus
1013 2656 1206 2712 Filium
1246 2670 1393 2710 suum
1436 2653 1490 2706 in
1529 2648 1794 2709 mundum,

257 2769 312 2808 ut
332 2756 536 2828 judicet
563 2755 827 2818 mundum,
852 2753 942 2808 sed
965 2761 1020 2805 ut
1048 2749 1242 2804 salvum
1267 2747 1421 2819 faciat
1449 2742 1715 2797 mundum.

261 2851 312 2904 l.
360 2847 515 2903 Multi
543 2863 608 2902 ex
631 2845 990 2915 segnioribus,
1025 2843 1090 2897 ad
1126 2851 1340 2912 peccata
1387 2835 1792 2906 multiplicantla

188 2951 234 2994 rt
270 2941 657 3011 negligentiam
691 2937 989 3008 augendam
1018 2935 1197 2989 divina
1229 2933 1514 2987 abutentes
1551 2929 1792 2984 clemen-

190 3036 279 3097 tia,
315 3034 388 3086 ita
424 3034 749 3102 loquuntur:
781 3029 929 3084 Nulla
957 3036 1037 3081 est
1062 3025 1330 3097 gehenua,
1362 3023 1564 3077 nullum
1588 3018 1792 3088 suppli-

188 3129 356 3186 cium,
384 3124 558 3176 omnia
597 3121 736 3175 Deus
784 3127 996 3189 peccata
1049 3116 1292 3172 remittit.
1335 3113 1572 3181 Quorum
1621 3124 1682 3162 os
1715 3110 1793 3163 sic

189 3214 426 3269 obstruit
468 3213 682 3281 sapiens
735 3211 950 3281 quidatu
984 3227 997 3263 :
1039 3206 1114 3261 Ne
1163 3208 1302 3260 dicas
1327 3247 1341 3271 ,
1394 3203 1658 3258 Miseratio
1683 3201 1793 3270 ejus

191 3326 402 3380 magna,
435 3305 776 3360 multitudinis
812 3311 1129 3372 peccatorum
1165 3315 1388 3354 meorum
1431 3295 1793 3350 miserebitur:

189 3403 310 3466 quia
342 3397 696 3452 misericordia
740 3407 783 3448 et
814 3396 891 3447 ira
917 3394 1056 3462 apud
1085 3394 1270 3461 ipsum,
1303 3399 1348 3444 et
1376 3405 1530 3457 super
1563 3394 1797 3456 peccato-

189 3511 268 3550 res
289 3495 488 3548 ardebit
521 3498 668 3564 furor
697 3493 805 3562 ejus
855 3493 872 3560 (
905 3489 1063 3544 Errli.
1098 3491 1150 3544 5.
1196 3487 1306 3556 6);
1357 3493 1410 3540 et
1441 3499 1692 3544 rursum,
1728 3478 1795 3534 Ut

192 3589 355 3640 multa
382 3584 728 3640 misericordia
753 3584 880 3655 ejus,
903 3592 948 3637 et
971 3581 1130 3634 multa
1153 3579 1443 3649 redargutio
1471 3577 1580 3645 ejus
1604 3571 1794 3644 (Eccli.

194 3682 277 3738 ιο.
310 3683 423 3749 l5).
450 3681 520 3736 Et
541 3679 652 3746 ubi,
683 3679 911 3750 inquies,
940 3675 1241 3745 benignitas
1270 3673 1408 3741 ejus,
1437 3669 1479 3724 si
1500 3667 1794 3724 secundum

193 3783 538 3847 peccatorum
562 3779 864 3826 nostrorum
891 3767 1079 3823 merita
1097 3763 1368 3834 accepturi
1385 3763 1613 3816 sumus?
1643 3755 1794 3824 Quod

193 3869 494 3925 secundum
522 3864 712 3918 merita
753 3860 1022 3930 accepturi
1075 3860 1274 3921 simus,
1324 3855 1445 3908 audi
1474 3853 1792 3925 prophetam

194 3970 245 4015 et
276 3958 507 4015 Paulum
536 3957 838 4016 dicentem;
873 3951 1020 4006 illum
1037 3949 1274 4020 quidem.
1301 3946 1378 4000 Tu
1399 3946 1579 3999 reddes
1598 3942 1798 3996 unicui—

192 4069 286 4120 que
314 4049 602 4105 secundum
625 4061 780 4113 opera
801 4059 894 4097 sua
916 4039 1090 4110 (Psal.
1122 4039 1210 4094 6|.
1245 4038 1336 4107 I3)
1361 4054 1375 4102 ;
1421 4035 1563 4090 hunc
1591 4043 1792 4097 autem,

197 4143 295 4210 Qui
323 4141 502 4195 reddet
523 4139 794 4208 unicuique
819 4135 1096 4190 secundum
1118 4149 1246 4202 Opus
1271 4148 1419 4186 suum
1438 4129 1615 4200 (Rom.
1643 4127 1692 4181 2.
1715 4127 1790 4197 ϐ).

199 4233 352 4302 Quod
387 4242 570 4288 autem
602 4228 953 4283 nihilominus
982 4238 1172 4294 magna
1219 4224 1289 4276 sit
1337 4222 1429 4277 Dei
1482 4219 1790 4281 clementia,

194 4326 274 4382 vel
307 4325 440 4378 hinc
472 4323 645 4393 palam
693 4328 795 4385 est,
824 4317 966 4391 quod
1019 4332 1142 4373 cum
1173 4316 1226 4370 in
1257 4317 1391 4370 vitas
1435 4314 1569 4369 duas
1613 4321 1793 4367 nostra

196 4419 341 4473 Deus
372 4416 635 4480 diviserit,
669 4414 826 4468 aliam
850 4410 1230 4474 certaminum,
1256 4407 1415 4462 aliam
1447 4421 1792 4468 coronarum,

194 4513 421 4567 multam
449 4510 548 4563 lttzc
603 4509 653 4562 in
682 4525 739 4562 re
787 4520 998 4576 quoque
1039 4503 1418 4572 benignitatem
1469 4500 1793 4555 exhibuerit.

193 4601 522 4670 Quomodo?
551 4601 684 4667 Quia
715 4608 993 4669 postquam
1025 4598 1302 4651 innumera
1334 4602 1548 4664 precata
1573 4591 1794 4645 admisi-

196 4709 340 4758 mus,
373 4707 471 4747 nec
491 4691 821 4746 cessavimus
849 4705 877 4744 a
899 4689 1180 4760 juventute
1203 4686 1268 4740 ad
1302 4696 1598 4739 extremam
1629 4697 1797 4750 ttsqttc

198 4795 538 4843 senectutem
587 4783 878 4839 sceleribus
927 4782 1160 4849 animam
1220 4788 1455 4833 nostram
1496 4777 1792 4846 inquinare,

195 4881 373 4932 nullas
401 4890 588 4932 eorum
619 4887 806 4945 pmnas
835 4881 1063 4942 repetat,
1088 4879 1183 4926 sed
1213 4887 1308 4941 per
1337 4871 1606 4924 lavacrum
1640 4882 1796 4936 rege-

197 4967 500 5024 nerationis
528 4965 740 5020 veniam
768 4963 1064 5027 concedat,
1093 4962 1479 5032 imojustitiatn
1509 4969 1564 5014 et
1594 4961 1796 5015 sancti-

198 5062 510 5116 ﬁcationem
540 5058 849 5128 elargiatur.
896 5055 1034 5122 Quid
1065 5070 1216 5125 ergo,
1249 5055 1461 5124 inquies
1482 5095 1495 5118 ,
1533 5053 1576 5107 si
1618 5054 1738 5123 quis
1768 5066 1798 5107 a

198 5156 371 5222 prima
403 5161 562 5208 :etate
607 5150 879 5224 mysteriis
924 5147 1194 5219 dignatus,
1230 5156 1353 5217 post
1393 5147 1508 5203 hinc
1557 5146 1609 5201 in
1655 5147 1800 5201 mille

198 5257 420 5317 peccata
454 5245 694 5301 incidat?
727 5243 821 5297 llic
851 5252 1000 5298 certe
1031 5242 1220 5311 tnajori
1263 5241 1531 5296 obnoxius
1560 5253 1640 5295 est
1664 5254 1795 5308 sup-

202 5345 386 5413 plicio.
420 5341 744 5397 Eorumdem
772 5340 914 5395 enim
942 5349 1285 5410 peccatorum
1321 5354 1426 5393 non
1470 5354 1626 5408 pares
1671 5339 1798 5392 sub-

201 5440 343 5489 imus
370 5450 572 5504 pinnas,
598 5433 690 5489 scd
720 5433 877 5504 longe
901 5420 1196 5504 graviores,
1228 5432 1272 5486 si
1302 5441 1583 5502 postquam
1605 5430 1798 5486 initiati

205 5547 410 5593 minus,
465 5529 515 5583 in
567 5529 774 5583 scelera
820 5529 1042 5581 ruimus.
1078 5525 1132 5580 Id
1177 5526 1442 5596 signiﬁcat
1483 5527 1679 5581 Paulus
1717 5525 1800 5580 his

203 5624 383 5680 verbis
415 5636 428 5674 :
467 5620 666 5676 lrritam
691 5622 883 5691 faciens
908 5621 1018 5688 quis
1041 5619 1198 5689 legem
1237 5618 1416 5684 Mosis,
1443 5621 1551 5674 sine
1569 5621 1678 5674 ulla
1700 5621 1798 5672 mi-

201 5717 456 5772 seratione
499 5715 691 5770 duobus
747 5713 823 5766 rel
876 5713 1031 5764 tribus
1085 5712 1290 5765 testibus
1335 5711 1546 5766 moritur
1576 5723 1800 5782 :qnanto

205 5814 369 5876 magis
397 5811 575 5877 putatis
595 5808 849 5863 deteriora
871 5808 1052 5860 mereri
1087 5807 1338 5875 supplicia
1362 5807 1447 5875 qui
1482 5806 1675 5860 Filium
1705 5807 1801 5861 Dei

205 5903 591 5969 roncntcnrrrit,
627 5913 674 5957 et
721 5900 1020 5969 sanguinem
1073 5900 1351 5953 testamenti
1400 5900 1651 5969 pollutum
1704 5902 1799 5952 du-

1903 2630 2054 2694 xerit,
2081 2638 2127 2682 et
2155 2626 2334 2696 gratia:
2360 2621 2589 2694 Spiritus
2616 2624 2974 2677 contumeliam
3002 2624 3178 2694 fecerit
3205 2624 3388 2697 (Hebr.
3447 2627 3510 2680 ιο

1898 2719 1990 2774 28.
2021 2718 2155 2788 29)ἱ²
2193 2717 2337 2786 Ergo
2360 2715 2548 2784 majori
2579 2714 2669 2770 ille
2692 2713 2888 2784 dignus
2913 2717 3015 2770 erit
3039 2717 3301 2786 supplicio
3336 2718 3372 2768 '.

1973 2810 2159 2867 Christi
2199 2808 2487 2862 clementia.
2522 2806 2636 2861 Duo
2663 2804 2854 2862 Christi
2880 2808 3142 2863 adventus.
3176 2840 3242 2849 —
3279 2809 3509 2864 \‘et'nm-

1905 2915 2082 2958 tamen
2113 2902 2234 2956 huic
2263 2902 2591 2971 pmnitentite
2623 2908 2805 2971 portas
2835 2903 3064 2971 aperuit,
3099 2918 3163 2959 ac
3189 2903 3390 2958 multos
3421 2905 3516 2957 ab.

1902 2995 2086 3052 luentli
2117 3003 2332 3065 peccata
2368 2992 2556 3047 modos
2584 2993 3033 3061 sulnninistravit,
3064 2996 3108 3050 si
3143 2995 3231 3051 ille
3258 2997 3512 3052 voluerit.

1900 3085 2119 3155 CogitPs
2148 3085 2308 3140 velim
2342 3093 2540 3154 quanta
2567 3085 2676 3138 sint
2703 3083 2818 3140 lucc
2847 3077 3151 3142 clementiae
3179 3097 3512 3156 argumenta,

1901 3177 2046 3246 quod
2098 3191 2194 3246 per
2231 3178 2457 3247 gratiam
2504 3175 2809 3242 remiserit,
2849 3186 2905 3230 ct
2943 3183 3088 3248 quod
3132 3188 3252 3249 post
3289 3181 3518 3249 gratiam

1904 3277 2244 3338 peccatorem
2290 3267 2536 3337 supplicii
2566 3267 2784 3337 dignutn
2817 3284 2922 3324 non
2956 3270 3177 3339 puniat.
3211 3271 3305 3326 scd
3335 3288 3522 3328 cmen-

1902 3361 2139 3416 dationis
2193 3359 2423 3428 spatium
2473 3357 2755 3412 concedat.
2813 3359 3104 3429 Propterea
3158 3363 3232 3416 ait
3274 3363 3519 3418 Christus

1903 3451 2196 3507 Nicodemo
2230 3467 2243 3504 :
2277 3447 2398 3502 Non
2427 3449 2563 3502 misit
2597 3448 2736 3503 Deus
2768 3447 2961 3504 Filium
2989 3468 3139 3506 suum
3169 3454 3219 3506 in
3248 3455 3517 3519 mundum,

1903 3553 1956 3596 ut
1988 3543 2188 3610 judicet
2230 3540 2480 3594 mundum
2504 3580 2519 3602 ,
2547 3539 2638 3593 sed
2663 3549 2714 3593 ut
2740 3541 2899 3596 salvct
2929 3544 3197 3596 mundum.
3234 3544 3348 3600 Duo
3373 3546 3516 3600 enim

1901 3643 2027 3691 sunt
2065 3632 2262 3689 Christi
2298 3632 2595 3698 adventus;
2629 3631 2719 3702 qui
2757 3633 2868 3701 jam
2913 3634 3049 3702 fuit,
3083 3643 3138 3690 et
3176 3637 3264 3706 qui
3307 3637 3518 3694 futurus

1901 3734 1986 3780 est
2015 3743 2028 3778 :
2057 3723 2152 3780 sed
2181 3739 2290 3778 non
2320 3723 2510 3779 iisdem
2541 3721 2608 3778 de
2637 3725 2815 3779 causis
2851 3725 3048 3791 ambo;
3080 3727 3172 3783 sed
3205 3729 3352 3798 prior
3380 3727 3478 3785 fuit
3502 3771 3516 3794 ,

1904 3831 2009 3870 non
2056 3824 2113 3868 ut
2155 3814 2390 3869 facinora
2437 3821 2621 3868 nostra
2663 3813 2971 3880 examinet,
3009 3816 3103 3871 sed
3149 3826 3205 3872 ut
3243 3817 3516 3884 dimittat;

1903 3906 2173 3960 secundus
2203 3905 2325 3970 erit,
2354 3920 2459 3958 non
2489 3912 2546 3958 ut
2574 3902 2832 3971 dimittat,
2862 3906 2956 3961 sed
2986 3916 3040 3962 ut
3073 3909 3363 3964 examinet.
3395 3910 3518 3967 Iden

1901 3995 1970 4051 de
2000 3997 2178 4067 priore
2206 3993 2422 4064 quidem
2451 3993 2620 4049 dicit:
2650 3993 2769 4049 Non
2791 3997 2903 4050 ueni
2923 4005 2976 4049 ut
2995 3998 3225 4066 judicem
3248 4001 3513 4065 mundum,

1903 4087 1990 4140 scd
2018 4099 2070 4140 ut
2098 4087 2288 4140 salvem
2317 4085 2598 4149 mundum;
2620 4085 2686 4141 de
2711 4086 2948 4142 secundo
2977 4097 3178 4153 autem,
3210 4090 3338 4145 Cum
3369 4108 3517 4147 vene-

1904 4179 1967 4231 rit
1997 4177 2167 4233 Filius
2207 4179 2261 4231 in
2291 4178 2457 4248 gloria
2486 4175 2661 4231 Patris
2705 4178 2818 4245 sui,
2857 4188 3040 4234 statuet
3087 4197 3198 4238 ours
3242 4183 3445 4253 quidem
3490 4203 3522 4238 a

1903 4271 2115 4334 dextris,
2138 4270 2311 4324 htedos
2340 4279 2509 4322 autem
2531 4285 2562 4321 a
2588 4269 2809 4324 sinistris
2831 4269 3045 4340 (.llattlt.
3070 4271 3162 4328 25.
3189 4275 3277 4329 3i.
3305 4275 3417 4346 55).
3455 4276 3522 4330 Iit

1901 4362 2110 4414 abibunt
2133 4362 2224 4415 alii
2250 4361 2455 4431 quidem
2481 4361 2535 4414 in
2569 4361 2722 4414 vitam
2747 4402 2760 4426 ,
2789 4362 2882 4415 alii
2911 4363 2962 4417 iu
2989 4366 3300 4435 supplicium
3326 4372 3520 4439 sempi-

1905 4461 2102 4505 tcrnum
2135 4450 2297 4521 (Ibid.
2331 4467 2379 4504 υ.
2414 4449 2528 4520 46).
2562 4451 2724 4521 Atqui
2759 4453 2906 4520 prior
2937 4455 3097 4508 etiam
3140 4457 3404 4514 adventus
3429 4461 3518 4531 jno

1904 4542 2027 4597 dicii
2068 4553 2182 4597 erat
2217 4543 2513 4597 secundum
2549 4541 2776 4612 justitia:
2821 4545 3108 4601 rationem.
3143 4550 3359 4616 Quare?
3386 4553 3518 4620 Quin

1905 4643 2030 4688 ante
2074 4632 2365 4687 adventum
2406 4635 2526 4701 ejus
2572 4633 2656 4688 lex
2703 4643 2822 4688 erat
2867 4638 3161 4706 naturalis,
3209 4643 3518 4710 prophctm,

1907 4741 2230 4795 rursumque
2267 4725 2348 4779 lex
2380 4727 2599 4796 scripta,
2633 4725 2899 4794 doctrina,
2932 4730 3078 4786 inille
3109 4736 3518 4806 promissionum,

1906 4817 2089 4886 signa,
2132 4817 2430 4886 supplicia,
2464 4827 2518 4872 et
2557 4818 2660 4872 alia
2695 4819 2857 4873 multa
2879 4861 2895 4887 ,
2927 4837 3045 4890 qua?
3084 4835 3306 4892 possent
3333 4844 3520 4884 entert-

1909 4908 2070 4974 dare;
2102 4924 2332 4978 quorum
2366 4911 2501 4964 ratio
2535 4912 2754 4966 omnino
2786 4914 3050 4985 exigenda
3080 4927 3197 4973 erat
3222 4962 3236 4987 ,
3270 4921 3362 4976 Sed
3395 4925 3517 4994 quia

1906 5001 2147 5057 clemens
2178 5011 2293 5066 est,
2338 5015 2443 5055 non
2490 5017 2716 5057 examen
2743 5045 2757 5068 ,
2800 5005 2892 5060 sed
2937 5009 3149 5064 veniam
3191 5013 3434 5070 exhibet.
3463 5015 3518 5072 Si

1907 5095 2049 5148 enim
2083 5093 2525 5164 perquisitionem
2559 5093 2806 5162 fecisset,
2835 5112 3025 5156 omnes
3056 5102 3215 5171 plane
3243 5105 3310 5162 de
3341 5109 3521 5164 medio

1908 5184 2102 5238 sublati
2139 5185 2361 5238 fuissent
2397 5202 2409 5238 :
2442 5183 2630 5239 Omnes
2662 5186 2797 5240 enim
2828 5203 3160 5255 peccaverunt
3184 5237 3199 5256 ,
3234 5196 3442 5268 inquit,
3474 5214 3521 5254 et

1908 5284 2052 5344 egent
2091 5276 2258 5345 gloria
2297 5273 2395 5329 Dei
2425 5275 2618 5342 (Rom.
2656 5277 2708 5331 3.
2739 5277 2864 5348 25).
2901 5278 3063 5338 Vides
3104 5299 3367 5342 summam
3409 5291 3521 5346 ele-

1910 5367 2207 5421 mentiam?
2237 5367 2318 5422 l8.
2347 5367 2447 5434 Qui
2473 5370 2632 5424 credit
2659 5371 2711 5424 in
2735 5369 2952 5438 Filium,
2984 5391 3086 5430 non
3105 5377 3377 5448 judicatur
3398 5400 3416 5437 :
3437 5389 3522 5454 qui

1908 5470 2075 5513 autem
2105 5477 2204 5514 non
2232 5463 2411 5526 credit,
2434 5464 2549 5532 jam
2575 5464 2838 5533 judicatus
2869 5476 2960 5521 est.
2993 5470 3153 5541 Atqui
3183 5473 3226 5527 si
3259 5485 3381 5531 tunc
3414 5495 3517 5532 non

1910 5555 2056 5606 venit
2089 5563 2142 5608 ut
2167 5553 2432 5622 judicaret
2460 5555 2742 5622 mundum,
2769 5561 3042 5630 quomodo
3067 5564 3154 5633 qui
3188 5581 3290 5621 non
3321 5570 3520 5637 credit,

1905 5643 2015 5712 jam
2042 5644 2311 5714 judicatus
2338 5654 2453 5711 est,
2486 5645 2530 5700 si
2553 5647 2797 5704 nondum
2841 5651 2994 5707 adest
3036 5654 3222 5723 judieii
3267 5667 3520 5730 tempus!

1915 5735 2008 5790 Vel
2044 5735 2146 5791 hoc
2174 5735 2305 5792 dicit
2326 5780 2340 5804 ,
2379 5738 2500 5807 quia
2529 5738 2644 5810 ipsa
2675 5739 3025 5799 incredulitas
3053 5747 3172 5803 sine
3203 5754 3519 5819 pmnilentia

1909 5850 2192 5974 mugiat-cl.
2233 5851 2398 5910 habet,
2426 5859 2551 5913 Ergo
2582 5851 2794 5906 severius
2817 5856 3040 5918 punietur
3067 5859 3151 5922 qui
3185 5872 3288 5923 post
3308 5866 3517 5928 gratiam
