4078 6488
627 410 724 464 Ιιῖὄ

623 516 938 592 supplicium
965 527 1077 581 est;
1105 531 1222 570 nam
1247 523 1394 569 extra
1423 513 1590 566 lucem
1613 525 1730 566 esse
1754 525 1848 580 per
1869 525 1924 564 se
1948 523 2193 579 magnum

625 621 707 667 est
737 610 1050 680 supplicium
1086 622 1098 659 :
1129 606 1208 660 vcl
1255 604 1424 657 futura
1469 605 1806 672 praenuntiat.
1841 598 2198 667 Quemadmo-

627 705 750 758 dum
785 700 924 758 enim
956 699 1234 755 homicida.
1266 697 1386 750 licet
1413 694 1674 750 sententia
1701 693 1895 763 judicia
1922 693 2201 745 damnatus

629 813 731 847 non
763 797 851 858 sit,
883 795 993 862 ipsa
1022 793 1094 846 rei
1128 801 1308 844 natura
1339 790 1448 858 jam
1479 789 1760 842 damnatus
1787 795 1868 840 est
1899 801 1912 838 :
1941 786 2017 838 sic
2043 791 2094 838 ct
2122 784 2199 837 in-

626 885 886 939 credulus.
922 881 1356 952 Quandoquidem
1388 878 1555 933 Adam
1585 893 1684 948 qua
1712 875 1798 932 die
1824 875 1890 930 de
1932 873 2072 944 ligno
2102 890 2195 929 eo-

625 961 805 1038 medii,
838 972 1082 1025 inortuus
1104 981 1183 1023 est
1212 990 1224 1024 :
1252 961 1336 1024 illa
1367 965 1562 1039 quippe
1590 966 1849 1022 sententia
1871 976 1984 1019 erat
2019 983 2031 1018 :
2062 965 2200 1031 Qua-

619 1079 828 1128 cumque
855 1049 936 1115 die
977 1061 1291 1114 comederitis
1321 1049 1383 1112 de
1419 1056 1555 1129 ligno
1579 1099 1593 1122 ,
1637 1047 1916 1110 moriemini
1941 1056 1958 1117 ί
1981 1052 2107 1109 Gen.
2139 1049 2194 1107 2.

621 1155 729 1223 i7).
757 1154 913 1222 Atqui
947 1151 1177 1206 vivebat.
1203 1149 1479 1216 QuOmodo
1502 1150 1659 1218 igitur
1680 1159 1922 1202 mortuus
1943 1142 2095 1202 erat?
2117 1145 2196 1201 Ex

617 1243 900 1304 sententia,
933 1253 982 1293 et
1011 1257 1074 1294 ex
1107 1241 1215 1308 ipsa
1246 1239 1320 1301 rei
1349 1249 1555 1292 natura.
1587 1232 1715 1292 Nam
1738 1239 1826 1308 qui
1857 1242 1914 1292 se
1938 1233 2197 1309 Supplicio

551 1390 556 1394 _
618 1335 903 1389 obnoxium
953 1328 1212 1396 reddidit,
1255 1332 1352 1385 sub
1394 1330 1654 1401 supplicio
1695 1339 1808 1395 est;
1841 1329 2047 1386 etia'méi
2089 1345 2193 1384 non

620 1427 810 1496 rcipsa,
841 1425 932 1479 sed
963 1442 1026 1479 ex
1055 1425 1337 1479 sententia.
1369 1423 1445 1478 Ne
1471 1425 1588 1493 quis
1614 1423 1754 1478 enim
1795 1417 2037 1487 audiens,
2074 1418 2195 1475 Non

618 1517 727 1573 ueni
752 1529 805 1574 ut
821 1520 1050 1590 judicent
1083 1500 1346 1581 mundum,
1377 1532 1436 1573 se
1463 1525 1610 1588 putei
1641 1518 1853 1584 impune
1881 1529 2037 1585 posse
2067 1523 2194 1585 pec-'

615 1628 760 1678 care,
787 1611 1016 1680 hincque
1040 1609 1389 1681 negligentior
1417 1607 1625 1672 evadat,
1657 1605 1793 1661 hanc
1817 1604 2030 1676 quoque
2057 1605 2197 1660 tollit

618 1701 898 1775 ignaviam,
931 1701 1134 1762 dicens,
1159 1698 1278 1774 lam
1299 1698 1557 1767 judicatus
1585 1706 1678 1751 est.
1727 1696 1858 1762 Quia
1889 1696 2028 1751 enim
2053 1694 2195 1765 judi-

615 1795 750 1847 cium
776 1793 1007 1847 futurum
1035 1791 1266 1845 nondum
1296 1798 1536 1854 venerat,
1564 1788 1804 1858 supplicii
1834 1789 2076 1844 timorem
2099 1787 2194 1842 ad-

613 1877 832 1948 movet,
857 1894 910 1938 et
953 1873 1278 1952 punitionent
1315 1882 1424 1952 jam
1465 1880 1694 1952 ostendit
1725 1898 1738 1933 :
1766 1877 1818 1935 id
1842 1873 1984 1950 quod
2016 1869 2195 1934 multa:

612 1983 695 2028 est
725 1961 1068 2041 benignitatis
1092 2014 1106 2038 ,
1141 1986 1246 2025 non
1289 1970 1446 2024 modo
1488 1969 1682 2025 Filium
1710 1968 1837 2023 dare
1862 2010 1875 2031 ,
1909 1968 2000 2023 sed
2032 1965 2191 2022 etiain

611 2064 854 2136 supplicii
888 2057 1096 2134 tempus
1119 2064 1332 2119 differre
1356 2104 1370 2127 ,
1403 2072 1460 2117 ut
1487 2063 1688 2132 possint
1716 2069 1996 2130 peccantes
2025 2068 2080 2116 et
2107 2062 2192 2114 tn-

611 2157 813 2212 creduli
843 2167 1058 2227 peccata
1085 2171 1178 2210 sua
1209 2155 1446 2210 abluere.
1473 2153 1570 2219 Qui
1591 2154 1747 2206 credit
1773 2153 1823 2205 in
1848 2152 2060 2213 Filium,
2090 2156 2190 2204 rion

603 2250 886 2321 judicatur.
916 2248 1014 2316 Qui
1059 2247 1266 2314 credit,
1299 2262 1404 2302 non
1435 2246 1524 2316 qui
1563 2245 1770 2317 curiose
1801 2244 2069 2320 inquirit;
2100 2243 2188 2314 qui

611 2340 801 2405 credit,
831 2356 934 2394 non
966 2341 1054 2410 qui
1088 2339 1307 2394 multum
1350 2345 1636 2393 scrutatur.
1669 2336 1803 2404 Quid
1839 2351 1986 2406 ergo,
2016 2337 2057 2389 si
2085 2334 2188 2390 im-

610 2449 738 2503 pura
766 2434 881 2500 ejus
909 2433 1012 2486 vita
1043 2433 1130 2498 sit,
1156 2444 1209 2487 et
1233 2440 1379 2502 gesta
1410 2445 1517 2485 non
1547 2429 1718 2484 bona?
1747 2428 1852 2482 llos
1879 2427 2058 2497 utique
2084 2438 2188 2482 non

612 2536 734 2579 vere
755 2521 935 2578 fideles
951 2538 1068 2577 esse
1091 2523 1286 2576 Paulus
1307 2521 1379 2574 ait
1404 2539 1417 2574 :
1438 2518 1754 2588 Conﬁtentur
1770 2535 1822 2572 se
1841 2535 1986 2572 nosse
2008 2515 2188 2582 Deum,

612 2615 756 2684 factis
781 2621 948 2668 autem
977 2623 1158 2683 negant
1194 2612 1326 2683 (Tit.
1367 2613 1416 2667 l.
1451 2612 1571 2682 l6).
1603 2611 1863 2665 Ctetcrtmt
1903 2608 1988 2663 hic
2015 2608 2194 2663 decla-

612 2710 727 2771 rat,
775 2707 919 2774 ipSos
959 2721 1062 2758 non
1108 2705 1205 2759 hac
1242 2703 1309 2759 de
1347 2717 1406 2758 re
1431 2702 1697 2773 iudieari;
1739 2702 1832 2757 sed
1859 2702 1928 2757 ob
1959 2701 2189 2756 facinora

610 2799 837 2867 graviori
887 2797 1089 2851 ultione
1137 2795 1430 2866 puniendos
1480 2809 1599 2850 esse
1641 2812 1655 2849 :
1695 2794 2020 2850 infidelitatis
2062 2808 2190 2849 vero

609 2902 786 2951 causa,
817 2905 883 2944 eo
910 2889 1050 2960 quod
1079 2887 1418 2954 crediderint,
1449 2901 1552 2942 non
1586 2887 1778 2956 ptmiri.

679 2984 734 3037 2.
766 2982 950 3036 V’ideu'
973 2980 1238 3051 quomodo
1264 2989 1385 3036 cum
1415 2995 1442 3034 a
1475 2979 1798 3036 terribilibus
1824 2993 1980 3035 orsus
2008 2990 2150 3035 esset
2171 3022 2184 3042 ,

611 3075 662 3128 in
695 3072 880 3130 eadem
908 3081 1088 3128 rursus
1115 3073 1362 3128 desinat?
1390 3071 1544 3127 luitio
1569 3070 1763 3141 quippe
1789 3070 1998 3126 dicebat
2025 3088 2038 3122 :
2069 3069 2188 3125 Nisi

613 3165 720 3233 quis
749 3176 898 3217 natus
925 3166 1073 3234 fuerit
1101 3181 1164 3218 ea:
1192 3180 1320 3234 aqua
1348 3174 1394 3217 et
1422 3159 1640 3232 Spiritu,
1665 3168 1764 3215 non
1794 3161 1999 3214 intrabit
2027 3162 2079 3214 in
2107 3178 2187 3214 re-

605 3265 759 3326 gnum
793 3254 919 3321 Dei;
949 3256 1033 3310 hic
1060 3269 1186 3309 vero
1211 3262 1442 3318 rursum,
1472 3252 1570 3320 Qui
1597 3267 1694 3306 non
1717 3251 1871 3304 credit
1897 3251 1948 3304 in
1974 3249 2181 3314 Filium,

597 3350 708 3418 jam
742 3346 1006 3416 judicatus
1051 3355 1121 3400 est
1134 3363 1153 3409 ;
1185 3346 1233 3399 id
1272 3356 1386 3410 est,
1429 3343 1508 3400 Ne
1543 3353 1696 3414 putes
1733 3359 1910 3398 moras
1954 3343 2186 3413 peccatis

604 3440 892 3494 obnoxium
915 3439 1122 3508 juvare,
1152 3439 1250 3493 nisi
1283 3439 1586 3509 resipuerit.
1616 3437 1745 3492 Nam
1769 3438 1857 3508 qui
1889 3453 1992 3492 non
2014 3437 2184 3493 credi-

603 3529 740 3586 tlerit
765 3574 778 3595 ,
811 3530 940 3585 nihil
975 3530 1184 3585 dichret
1221 3529 1288 3584 ah
1325 3531 1404 3584 eis
1441 3530 1529 3600 qui
1565 3529 1673 3597 jam
1709 3529 1926 3598 judicali
1970 3537 2095 3582 sunt
2132 3536 2185 3583 et

603 3618 914 3691 puniuntur.
945 3621 1032 3678 l9.
1068 3617 1177 3675 Hoc
1202 3630 1272 3675 est
1301 3627 1468 3674 autent
1488 3621 1762 3691 judicimn,
1790 3620 1910 3690 quia
1937 3621 2027 3673 tua:
2053 3621 2184 3673 venit

602 3717 652 3767 in
683 3713 946 3780 tumidum,
970 3724 1016 3767 et
1042 3714 1322 3768 dilexerunt
1352 3713 1576 3766 Imminet
1601 3713 1762 3781 magis
1789 3712 2012 3766 tenebras
2033 3728 2183 3782 quant

600 3799 757 3860 lucem
781 3821 802 3870 ;
834 3806 933 3860 hoc
962 3813 1062 3870 est,
1097 3805 1220 3860 ideo
1257 3805 1565 3874 puniuntur,
1596 3805 1717 3873 quia
1751 3805 1994 3860 tenebras
2025 3805 2187 3859 reline-

597 3911 760 3963 querc
799 3905 851 3950 et
892 3895 956 3949 ad
999 3889 1170 3949 lucem
1217 3905 1499 3950 accurrere
1538 3895 1842 3949 noluerunt.
1877 3896 1968 3950 llis
2006 3896 2181 3951 verbis

596 3993 809 4043 umbem
836 3989 902 4044 ab
931 3983 1036 4043 illis
1059 3989 1230 4044 aufert
1259 3989 1680 4044 excusationem.
1712 3987 1841 4042 Nam
1873 3989 1916 4042 si
1949 3990 2180 4042 rationes

596 4091 650 4133 et
693 4092 876 4148 poenas
913 4082 1244 4148 expetiturus
1278 4080 1542 4134 venissent
1571 4121 1584 4143 ,
1617 4080 1781 4148 inquit
1804 4122 1818 4143 ,
1847 4079 2024 4134 dicere
2051 4087 2175 4150 pos-

595 4181 714 4225 sent
748 4188 758 4222 :
794 4169 918 4225 ideo
961 4170 1282 4226 rcsiluimus.
1321 4170 1423 4224 Sed
1461 4170 1578 4224 veni
1622 4177 1680 4222 ut
1713 4170 1831 4223 illos
1870 4186 1896 4220 a
1942 4170 2177 4224 tenebris

595 4262 854 4330 eriperem
881 4280 897 4327 ,
927 4272 979 4316 et
1008 4260 1112 4315 luci
1139 4261 1500 4315 admovercm.
1533 4259 1660 4327 Quis
1690 4271 1817 4329 ergo
1860 4261 2177 4313 mlsereatur

593 4351 740 4424 ejus,
768 4354 856 4424 qui
894 4345 922 4407 a
957 4354 1186 4408 tenebris
1224 4353 1289 4407 ad
1333 4353 1508 4406 lucem
1543 4353 1723 4405 venire
1763 4352 2014 4404 recusat?
2041 4351 2173 4404 Cum

593 4443 733 4496 enim
778 4443 921 4496 nulla
951 4443 1018 4497 de
1054 4458 1111 4496 re
1153 4457 1249 4495 nos
1288 4442 1530 4495 incusare
1576 4440 1778 4509 possint
1801 4482 1814 4503 ,
1851 4441 2052 4510 inquit,
2082 4441 2174 4496 sed

593 4527 737 4587 mille
767 4533 1035 4588 beneficiis
1066 4533 1171 4587 sint
1198 4531 1397 4595 afl‘ecti,
1430 4546 1456 4584 a
1490 4530 1642 4585 nobis
1683 4531 1940 4584 resiliunt.
1975 4530 2081 4586 liae
2108 4531 2172 4586 de

594 4640 650 4678 re
675 4637 882 4693 quoque
915 4622 1032 4677 illos
1058 4623 1180 4676 alibi
1208 4631 1462 4676 aecusans
1482 4621 1711 4681 dicebat,
1740 4620 1872 4674 Odia
1895 4622 2172 4675 habuerunt

592 4735 669 4770 me
696 4730 890 4788 graus;
917 4725 969 4769 et
993 4728 1223 4780 rursum,
1249 4713 1307 4768 Si
1336 4729 1432 4766 non
1460 4714 1697 4766 venissem
1725 4722 1768 4766 et
1795 4713 2025 4781 loquutus
2049 4713 2174 4783 fuis-

591 4826 692 4864 scnt
732 4809 800 4860 eis
826 4850 838 4872 ,
875 4814 1129 4875 peccatum
1168 4817 1268 4858 non
1308 4805 1537 4858 haberent
1569 4803 1759 4874 (Joan.
1795 4805 1880 4858 15.
1912 4805 2001 4858 25.
2043 4804 2168 4874 ‘25).

590 4899 688 4966 Qui
717 4898 857 4954 enim
881 4914 1070 4968 expers
1099 4897 1233 4951 lueis
1264 4894 1315 4950 in
1350 4896 1580 4950 tenebris
1607 4896 1786 4958 sedet,
1823 4895 2045 4949 fortasse
2077 4911 2170 4949 ve-

593 4987 730 5045 niam
759 4991 1042 5058 impetret;
1071 4989 1156 5058 qui
1185 5003 1310 5041 vero
1333 4991 1449 5057 post
1476 4986 1607 5041 l'ucis
1634 4987 1918 5041 adventum
1943 4986 1992 5039 in
2022 4994 2169 5040 tene-

592 5081 696 5136 bris
725 5081 920 5136 residet
941 5123 954 5145 ,
975 5072 1251 5150 perversa:
1289 5087 1342 5133 et
1378 5079 1672 5148 pervicacis
1702 5079 1983 5131 voluntatis
2012 5093 2168 5147 argu-

591 5181 824 5230 mentum
868 5189 976 5242 pne
1016 5187 1074 5227 se
1119 5171 1237 5226 fert.
1289 5171 1487 5226 Deinde
1523 5171 1644 5240 quia
1686 5169 1735 5222 id
1781 5169 1921 5238 quod
1966 5168 2166 5223 dictum

589 5261 759 5322 fuerat
784 5267 962 5321 multis
991 5264 1296 5320 incredibile
1323 5264 1602 5318 videbatur
1639 5261 1823 5331 (nemo
1849 5262 1989 5315 enim
2020 5270 2167 5315 tene-

588 5357 716 5414 hras
742 5358 843 5411 luci
883 5354 1210 5424 przetulerit),
1237 5367 1450 5408 causam
1483 5353 1626 5422 ponit
1653 5368 1747 5407 cur
1773 5353 1849 5404 sic
1878 5350 2047 5404 affecti
2076 5362 2164 5404 cs-

585 5458 719 5505 seut.
754 5450 1006 5517 Qumuatn
1050 5448 1161 5500 haec
1202 5447 1321 5500 est?
1364 5446 1523 5498 Erant
1563 5446 1723 5508 enim,
1757 5444 1960 5512 inquit,
1994 5460 2163 5497 eorum

587 5544 720 5594 ntultt
748 5556 918 5610 Opera.
951 5537 1039 5592 '20.
1073 5536 1248 5588 Omnis
1277 5547 1439 5588 autem
1479 5537 1561 5601 qui
1605 5537 1734 5587 mafe
1759 5535 1916 5604 facit,
1944 5534 2047 5587 odit
2078 5535 2162 5587 lu-

586 5650 687 5685 cent
710 5676 723 5696 ,
757 5643 801 5686 et
839 5649 935 5685 non
979 5631 1108 5684 venit
1149 5629 1215 5681 ad
1259 5630 1417 5680 lucent
1440 5670 1451 5683 .
1484 5638 1534 5679 ut
1576 5646 1673 5681 non
1703 5638 1981 5697 arguantur
2011 5643 2162 5696 opera

583 5725 710 5785 "eius.

664 5815 810 5869 i’mt'i
845 5833 999 5868 metes
1033 5816 1241 5868 maxime
1279 5814 1499 5867 homines
1537 5831 1564 5865 η
1593 5815 1969 5866 (Σίιτὶδίὲαηὲδιηο
2011 5826 2150 5863 utter-

1294 397 1348 453 S.
1391 373 1665 454 JOANNlS
1702 387 2169 450 CIIRYSOSTOMI
2213 391 2525 448 ARCIIIEP.
2567 381 3096 450 CONSTANTINOP.
3806 391 3902 451 i6$

2315 515 2444 560 lunt.
2479 504 2667 562 Nullus
2695 523 2922 577 paganus
2951 523 3065 560 vera
3097 505 3278 559 virtute
3303 506 3546 574 pra'ditus
3600 505 3904 575 Philosophi

2309 599 2516 667 gentiles
2534 595 2702 653 inanis.
2718 594 2894 670 gloria?
2907 614 3061 652 causa
3077 597 3306 650 virtutem
3329 597 3644 651 exercebant.
3664 627 3730 636 —
3743 599 3905 652 Certe

2309 705 2414 745 non
2443 691 2506 746 ad
2533 691 2877 760 iudicandum
2907 689 2992 744 vel
3017 689 3082 744 ad
3111 689 3482 758 inquirendum
3511 690 3686 753 venit;
3715 691 3809 744 Sed
3848 701 3905 744 ut

2308 786 2516 838 veniam
2544 793 2597 838 et
2623 782 2992 837 remissionem
3023 791 3364 852 peccatorum
3389 781 3562 843 daret.
3593 794 3646 837 et
3670 782 3902 836 salutem

2309 890 2402 944 per
2430 873 2584 929 fidem
2616 874 2913 942 largiretur.
2942 874 3048 929 Cur
3075 876 3206 943 ergo
3233 872 3546 939 fugerunt“!
3572 877 3704 932 Nam
3737 873 3780 926 si
3807 872 3901 942 itt-

2306 965 2574 1019 dicaturus
2605 966 2655 1018 itt
2688 965 2935 1019 tribunali
2977 963 3208 1018 SedisSet
3229 1006 3242 1026 ,
3278 965 3508 1033 aliquem
3537 965 3902 1019 excusationis

2304 1057 2538 1112 colorem
2568 1054 2896 1111 habuissent.
2928 1056 3029 1124 Qui
3065 1055 3208 1110 enitn
3238 1057 3499 1110 malorum
3527 1057 3628 1110 sibi
3651 1058 3902 1111 conscius

2303 1159 2386 1203 est
2410 1191 2422 1212 ,
2448 1148 2682 1217 judicem
2714 1143 2898 1220 fugere
2938 1149 3079 1203 solet
3109 1167 3120 1201 :
3151 1150 3358 1202 veniam
3391 1155 3570 1203 autem
3596 1149 3906 1204 conceden-

2307 1253 2410 1297 tem
2445 1251 2750 1310 peccatores
2783 1242 2970 1296 omnes
3006 1241 3223 1295 adeunt.
3253 1241 3306 1294 Si
3342 1255 3472 1311 ergo
3497 1239 3900 1296 candonaturus

2304 1334 2470 1398 venit,
2502 1333 2600 1388 bos
2629 1333 2860 1388 maxime
2889 1347 3173 1389 accurrere
3204 1348 3300 1404 par
3329 1341 3463 1399 erat,
3492 1333 3580 1403 qui
3609 1333 3898 1389 multorum

2302 1415 2402 1480 sibi
2434 1424 2631 1481 eonscii
2663 1435 2815 1481 erant
2847 1435 3185 1495 peccatorum
3219 1443 3231 1479 :
3265 1425 3404 1494 quod
3434 1426 3595 1482 etiam
3634 1425 3783 1480 multi
3816 1425 3894 1478 te.

2300 1527 2504 1573 ccrunt.
2548 1513 2678 1571 Nam
2726 1527 2781 1575 ct
2820 1517 3088 1587 publicani
3132 1527 3186 1572 et
3234 1526 3542 1586 peccatores
3579 1516 3894 1581 venientes,

2300 1623 2422 1663 cum
2450 1607 2574 1664 Jesu
2603 1609 3008 1673 accumbebant.
3041 1608 3178 1677 Quid
3207 1616 3335 1679 ergo
3359 1609 3459 1662 sibi
3493 1608 3604 1662 vult
3633 1609 3796 1662 illud?
3822 1609 3907 1663 De

2301 1698 2404 1754 illis
2433 1683 2670 1770 loquitur
2695 1699 2784 1770 qui
2811 1698 2875 1754 .in
2918 1701 3154 1770 nequitia
3193 1700 3411 1754 omnino
3451 1714 3770 1770 permanere
3801 1701 3896 1755 de-

2299 1801 2602 1846 creverunt.
2627 1781 2747 1862 ipse
2770 1805 3000 1862 namque
3031 1787 3151 1846 ideo
3183 1791 3321 1847 venit
3345 1833 3359 1856 ,
3386 1799 3440 1845 ut
3471 1794 3646 1861 priora
3677 1804 3892 1862 peccata

2299 1882 2631 1949 dimitteret,
2674 1892 2729 1937 et
2764 1881 2830 1936 ad
2871 1881 3049 1936 futura
3091 1882 3326 1937 cavenda
3365 1884 3724 1938 confirmaret.
3757 1885 3894 1952 Quia‘

2301 1988 2429 2027 vero
2466 1972 2679 2042 quidam
2723 1974 2847 2028 sun‘t
2882 1973 2954 2028 ita
2992 1973 3181 2028 molles
3209 1983 3261 2029 et
3293 1973 3534 2029 dissoluti
3576 1974 3642 2028 ad
3681 1975 3894 2030 virtutis

2297 2064 2637 2120 sustinendos
2677 2066 2888 2121 labores
2912 2108 2925 2130 ,
2956 2075 3013 2119 ut
3047 2065 3110 2119 ad
3139 2074 3437 2120 extremum
3470 2080 3635 2136 usque
3668 2066 3891 2120 ltahtum

2297 2157 2460 2211 velint
2489 2159 2538 2211 in
2571 2157 2802 2224 peceatis
2825 2157 3130 2233 persistere,
3156 2169 3210 2213 et
3239 2174 3524 2229 numquam
3551 2159 3619 2212 ab
3647 2159 3748 2213 illis
3768 2160 3893 2215 abs-

2297 2250 2491 2302 cedere
2514 2290 2528 2312 ,
2561 2247 2680 2302 illos
2711 2247 2795 2302 hic
2826 2249 3096 2303 incessere
3123 2249 3352 2304 videtur.
3383 2249 3514 2317 Quia
3558 2251 3701 2305 enim
3730 2249 3891 2304 Citri-

2295 2339 2607 2395 stianismus
2633 2356 2752 2396 cum
2786 2351 2927 2396 recta
2954 2327 3198 2398 dectrina
3229 2343 3448 2412 probam
3480 2345 3639 2398 vitam
3667 2346 3885 2416 expetit,

2294 2431 2361 2484 ad
2393 2445 2489 2486 nos
2516 2431 2703 2486 venire
2734 2431 3056 2499 formidant,
3098 2433 3305 2503 inquit,
3342 2435 3463 2506 quia
3508 2436 3696 2490 nolunt
3725 2438 3890 2490 vitam

2294 2531 2494 2577 rectam
2537 2522 2811 2578 exhibere.
2854 2523 2984 2578 Nam
3021 2539 3142 2579 eum
3181 2526 3269 2594 qui
3312 2526 3362 2580 in
3401 2526 3676 2596 gentilium
3703 2531 3897 2585 errore

2295 2611 2457 2668 vitam
2484 2611 2630 2668 ducit
2654 2629 2814 2668 nemo
2842 2613 3248 2684 reprehenderit
3274 2633 3288 2670 :
3313 2616 3402 2687 qui
3429 2617 3571 2671 enim
3603 2619 3732 2674 tales
3761 2621 3893 2674 colit

2294 2702 2427 2759 deos
2450 2745 2465 2770 ,
2505 2705 2669 2760 festos
2695 2701 2811 2760 dies
2841 2706 3061 2776 perinde
3099 2717 3284 2777 turpes
3313 2719 3365 2763 et
3405 2709 3659 2766 ridiculos
3683 2753 3699 2776 ,
3729 2716 3893 2782 atque

2294 2792 2366 2848 dii
2403 2793 2500 2864 ipsi
2532 2804 2686 2860 sunt,
2719 2793 2988 2858 celebrat,
3025 2811 3087 2850 ac
3117 2788 3272 2867 digna
3301 2798 3642 2870 dogmatibus
3671 2801 3891 2856 exhibet

2293 2889 2487 2957 Opera;
2516 2882 2604 2959 qui
2638 2901 2764 2942 vero
2801 2886 2965 2943 Deum
2996 2889 3218 2953 colunt,
3251 2891 3292 2944 si
3333 2891 3568 2960 segniter
3597 2893 3814 2959 vivant,
3845 2896 3876 2950 si

2295 2979 2507 3033 nemine
2554 2992 2662 3033 non
2709 2975 3180 3047 reprehenduntur
3228 2986 3282 3035 et
3331 2983 3647 3037 accusantur
3680 3003 3693 3038 :
3727 2986 3888 3039 tanta!

2293 3066 2634 3123 admirationi
2687 3066 2846 3123 etiam
2896 3070 3034 3138 apud
3085 3070 3329 3125 inimicos
3374 3083 3500 3127 suos
3543 3084 3627 3128 est
3669 3074 3886 3131 veritas.

2300 3157 2430 3213 Vide
2465 3173 2595 3230 ergo
2633 3174 2792 3229 quam
2824 3170 3071 3214 accurate
3101 3158 3366 3231 loquatur.
3401 3162 3517 3228 Non
3547 3165 3685 3218 enim
3719 3166 3847 3221 dicit
3868 3209 3884 3230 ,

2292 3249 2380 3316 qui
2415 3264 2574 3318 prava
2604 3260 2874 3320 operatur,
2909 3266 3012 3304 non
3047 3253 3192 3306 venit
3217 3252 3282 3305 ad
3316 3253 3524 3320 lucem;
3557 3255 3672 3319 sed,
3701 3255 3800 3322 Qui
3833 3257 3886 3313 in

2291 3341 2444 3396 malis
2473 3342 2818 3411 perseverat;
2848 3341 2898 3396 id
2927 3351 3044 3408 est,
3075 3341 3173 3410 Qui
3213 3343 3322 3398 vult
3351 3359 3565 3414 semper
3597 3346 3647 3400 in
3682 3350 3886 3416 peccati

2289 3435 2446 3492 caeno
2485 3435 2748 3500 volutari,
2792 3451 2896 3490 non
2937 3436 3050 3489 vult
3080 3451 3138 3490 se
3171 3436 3376 3502 legibus
3415 3439 3550 3494 meis
3581 3439 3885 3510 subjicere;

2289 3511 2384 3583 sed
2406 3536 2554 3583 extra
2583 3541 2807 3582 manens
2836 3527 3000 3583 libere
3029 3525 3345 3595 fornicatur,
3373 3539 3679 3601 eteteraque
3705 3535 3884 3588 omnia

2293 3619 2557 3699 prohibita
2597 3620 2927 3690 exsequitur.
2975 3620 3088 3675 Huc
3117 3622 3258 3676 cnim
3289 3636 3347 3677 se
3376 3622 3660 3680 conferens
3685 3667 3700 3691 ,
3731 3629 3883 3696 quasi

2289 3710 2374 3766 fur
2406 3705 2455 3766 in
2488 3712 2639 3775 lucc,
2671 3711 2850 3766 statim
2881 3712 3200 3767 manifestus
3230 3709 3488 3768 redditur.
3526 3715 3757 3786 Ideoque
3787 3719 3884 3770 ints

2289 3805 2496 3874 perium
2526 3804 2654 3874 fugit
2682 3819 2880 3858 meum.
2912 3803 3073 3859 Certe
3109 3805 3305 3860 multos
3333 3807 3612 3876 gentilium
3641 3809 3882 3864 dicentes

2286 3898 2564 3958 audimus,
2599 3911 2657 3953 se
2685 3895 2805 3952 ideo
2831 3913 2937 3952 non
2980 3913 3140 3968 posse
3167 3899 3234 3954 ad
3267 3900 3422 3955 fidem
3455 3911 3694 3956 nostram
3725 3919 3879 3960 accc-

2286 3987 2444 4053 dere,
2476 3988 2618 4056 quod
2658 4003 2761 4041 non
2801 3999 3020 4058 possent
3060 3987 3128 4042 ab
3167 3989 3459 4056 ebrietate,
3493 3991 3877 4064 fornicatione,-

2285 4079 2599 4150 Cmterisqtte
2626 4079 2931 4149 huiusmodi
2959 4075 3100 4135 vitiis
3127 4082 3418 4139 abstinere.
3445 4085 3581 4151 Quid
3609 4089 3772 4159 ergo?
3800 4091 3852 4143 it'l

2284 4173 2437 4239 quies
2477 4189 2491 4223 :
2533 4186 2711 4226 annon
2755 4181 2878 4226 sunt
2917 4173 3206 4229 Christiani
3248 4190 3355 4230 non
3397 4178 3637 4233 melioris
3677 4181 3877 4251 frugis,

2284 4277 2460 4316 annon
2491 4271 2544 4317 et
2569 4263 2796 4333 gentiles
2835 4261 3204 4334 philosophice
3240 4266 3516 4322 viventes?
3544 4268 3870 4325 Christiano

2285 4368 2404 4407 esse
2431 4353 2516 4422 qui
2549 4354 2685 4406 mala
2716 4363 3043 4422 perpetreut,
3078 4370 3177 4424 ego
3202 4371 3414 4426 quoque
3443 4359 3563 4412 novi
3591 4376 3603 4411 ε
3632 4371 3754 4414 num
3783 4371 3882 4414 au-

2287 4451 2389 4497 tem
2434 4445 2658 4513 gentiles
2699 4443 2802 4498 sint
2849 4445 2937 4513 qtti
2985 4444 3203 4514 probam
3233 4447 3429 4502 ducant
3458 4450 3621 4504 vitam
3643 4491 3657 4511 ,
3687 4450 3738 4506 id
3769 4468 3883 4506 nou

2284 4535 2504 4604 perinde
2533 4545 2714 4590 notum
2747 4529 2895 4590 mihi.
2929 4535 3003 4589 Ne.
3035 4533 3161 4589 mihi
3197 4538 3314 4591 illos
3339 4538 3561 4608 objleias
3582 4543 3670 4612 qui
3693 4558 3755 4597 ex
3782 4559 3882 4597 na-

2282 4635 2396 4681 tura
2421 4643 2512 4680 sua
2543 4627 2764 4680 modesti
2790 4628 3070 4696 ornatique
3095 4639 3217 4681 sunt
3246 4647 3258 4682 :
3287 4629 3385 4684 hoc
3407 4633 3547 4685 enim
3573 4633 3739 4688 virtus
3767 4651 3879 4693 non

2282 4728 2393 4780 est;
2427 4719 2519 4771 sed
2555 4718 2674 4771 illos
2706 4717 2895 4771 afferas
2919 4761 2931 4780 ,
2967 4721 3052 4786 qui
3083 4719 3359 4774 affectibus
3389 4722 3734 4779 vehementer
3761 4736 3877 4779 tm-

2283 4809 2498 4868 lumtnr,
2522 4817 2574 4862 et
2599 4818 2772 4860 tamen
2799 4808 3259 4878 philosophantur.
3289 4811 3353 4864 At
3374 4799 3646 4869 certe-non
3675 4822 3878 4886 possis.

2279 4901 2410 4956 Nam
2439 4900 2480 4954 si
2510 4901 2653 4970 regni
2686 4901 2986 4968 promissio,
3012 4901 3273 4970 gehenua:
3303 4903 3666 4965 comminatio.
3692 4909 3875 4962 utalia

2282 4993 2581 5061 hujusmodi
2612 4993 2695 5045 vix
2727 4993 2970 5046 homines
3000 4995 3049 5046 in
3081 4994 3291 5047 virtutis
3313 4997 3570 5050 exercitio
3597 4999 3829 5053 retinent
3860 5019 3872 5055 :

2281 5085 2431 5155 longe
2458 5084 2728 5138 difﬁcilius
2758 5084 2897 5137 illam
2927 5085 3252 5140 cxerccbunt
3275 5087 3364 5156 qui
3390 5087 3513 5141 nihil
3544 5102 3727 5142 eorum
3750 5105 3872 5143 ere-

2277 5178 2426 5233 dunt.
2461 5179 2610 5244 Quod
2649 5178 2689 5231 si
2722 5178 2936 5247 quidam
2976 5179 3221 5232 virtutem
3261 5180 3542 5243 simulent,
3592 5182 3641 5235 id
3682 5183 3873 5249 gloria:

2276 5287 2432 5327 causa
2467 5271 2696 5336 faciunt;
2726 5272 2812 5340 qui
2843 5283 3018 5327 autem
3046 5289 3196 5325 vnum
3225 5273 3408 5342 gloria:
3428 5284 3586 5328 causa
3613 5275 3868 5330 virtutem

2275 5375 2550 5427 exercent,
2585 5365 2670 5417 ιιὺί
2709 5363 2873 5418 latere
2907 5375 3176 5433 poterunt,
3207 5382 3309 5419 non
3339 5381 3366 5418 a
3401 5367 3577 5435 pravis
3605 5366 3871 5434 cupidita-

2277 5457 2412 5509 tibus
2454 5454 2809 5509 abstinebunt.
2864 5455 3060 5508 Verum
3100 5472 3168 5508 ne
3207 5457 3521 5510 conte-otiosi
3565 5457 3867 5527 videamur,

2273 5552 2628 5603 (ὊΙΜ-«ῗιιξιιιιιις
2669 5550 2805 5616 apud
2851 5549 3077 5617 gentiles
3124 5561 3243 5601 esse:
3285 5550 3543 5616 quosdam
3588 5551 3674 5618 qui
3717 5560 3873 5609 recte

2273 5643 2446 5695 vivant
2493 5659 2504 5693 ί
2549 5640 2674 5692 nihil
2724 5641 2862 5693 Clllill
2916 5639 3014 5691 hoc
3060 5640 3217 5692 dictis
3265 5642 3460 5693 nostris
3498 5639 3682 5696 officit.
3729 5641 3868 5699 Nam

2342 5821 2352 5849 '
2396 5818 2575 5878 Morel,
2605 5821 2826 5880 [ttgut‘tttti
2853 5820 2996 5878 arma
3024 5819 3087 5865 ut!
3114 5819 3369 5878 perniciem
3394 5831 3548 5869 suam.
