4078 6498
290 449 390 524 to?)
1264 455 1330 514 IN
1365 438 1677 513 minussi
1723 442 1953 510 neum.

287 581 430 652 quod
456 594 601 650 Stt‘pe
622 578 914 649 contingit,
941 591 1045 629 non
1070 573 1209 645 quod
1233 589 1355 628 raro
1377 559 1592 638 accidit,
1618 571 1704 627 hic
1732 570 1891 628 intel-

291 672 576 743 ligendum.

363 765 416 820 5.
454 763 586 820 Vide
611 764 775 818 etiam
805 765 915 833 quo
961 771 1116 832 pacto
1154 758 1368 814 aliunde
1403 771 1616 830 quoque
1645 754 1752 813 illis
1776 771 1894 812 om-

294 871 416 913 nem
443 857 806 911 excusationis
827 853 1044 908 modum
1066 851 1292 913 auferat,
1315 855 1437 906 eum
1459 849 1608 915 dicit;
1640 849 1812 906 lucem
1837 848 1891 902 in

295 947 551 1003 tnundum
593 948 829 1002 venisse.
874 945 1050 1008 Num,
1094 944 1302 1015 inquit,
1334 943 1480 998 illam
1521 934 1894 1014 quaesierunt?

289 1056 421 1096 num
459 1040 768 1097 laborarunt
807 1050 864 1095 ut
897 1038 1351 1110 asseqticrentur?
1379 1037 1497 1108 Ipsa
1535 1037 1623 1092 lux
1663 1036 1729 1091 ad
1771 1035 1893 1092 illos

290 1134 441 1188 venit
466 1175 481 1199 ,
513 1149 688 1204 neque
728 1134 807 1188 sic
849 1143 1026 1186 tamen
1071 1140 1436 1187 occurrerunt.
1470 1130 1604 1198 Quia
1636 1146 1765 1187 vero
1790 1131 1891 1186 ob.

291 1227 518 1283 tendere
550 1235 805 1296 possunt,
833 1224 1170 1280 Christianos
1198 1239 1318 1279 esse
1343 1223 1604 1294 quosdam
1633 1223 1722 1294 qui
1754 1222 1893 1278 male

288 1321 506 1383 vivant,
541 1317 1017 1387 respondebimus,
1050 1317 1138 1372 hic
1175 1331 1285 1386 non
1308 1315 1392 1386 agi
1421 1314 1489 1370 de
1527 1314 1596 1370 iis
1623 1315 1712 1386 qui
1739 1313 1894 1370 Chri-

292 1410 454 1465 Stiani
499 1409 609 1464 nati
652 1419 814 1475 sunt,
842 1410 1044 1480 quique
1072 1424 1100 1461 a
1133 1408 1424 1478 majoribus
1453 1408 1595 1480 piunt
1636 1417 1893 1476 accepere

291 1499 646 1569 religionem;
673 1499 771 1554 etsi
798 1514 942 1568 saepe
965 1498 1040 1554 illi
1063 1513 1126 1554 ex
1158 1510 1319 1569 prava
1348 1500 1452 1553 Vita
1476 1515 1506 1552 a
1529 1513 1653 1554 vera
1686 1497 1891 1552 doctri-

289 1607 359 1647 na
385 1592 601 1648 decussi
629 1592 846 1649 fuerint.
883 1587 1079 1649 Verum
1113 1608 1218 1648 non
1248 1593 1314 1648 de
1341 1592 1408 1648 iis
1437 1602 1565 1663 puto
1593 1607 1734 1648 nunc
1760 1603 1884 1648 ser-

289 1689 507 1741 monem
542 1685 768 1751 haberi,
799 1685 893 1741 sed
923 1685 990 1748 de
1021 1686 1086 1740 iis
1112 1685 1392 1757 gentilium
1424 1676 1506 1741 vel
1537 1685 1852 1742 Judaaorum
1874 1728 1889 1749 ,

287 1779 379 1850 qui
400 1777 664 1834 deberent
684 1776 750 1832 ad
775 1788 975 1834 rectam
1003 1779 1243 1833 converti
1270 1776 1451 1833 tidem.
1473 1776 1724 1834 Ostendit
1741 1779 1886 1833 enim

288 1869 565 1923 neminem
587 1883 774 1924 eorum
802 1868 890 1938 qui
923 1866 974 1923 in
997 1877 1183 1924 errOre
1207 1868 1444 1941 degunt,
1467 1870 1605 1925 velle
1629 1869 1696 1924 ad
1728 1869 1888 1924 tidem

286 1958 583 2025 accedere,
608 1959 710 2014 nisi
733 1960 881 2030 prius
903 1968 1063 2015 recta:
1085 1961 1207 2016 vitm
1239 1976 1481 2016 normam
1512 1960 1616 2016 sibi
1649 1962 1892 2032 praescri-

288 2052 487 2119 pserit;
519 2049 896 2122 neminemque
923 2052 974 2106 in
1004 2051 1377 2108 incredulitate
1405 2067 1715 2108 mansurum
1735 2092 1750 2116 ,
1783 2053 1882 2107 nisi

285 2143 439 2212 prius
467 2142 773 2198 decreverit
803 2145 852 2197 in
889 2145 1150 2214 pravitate
1189 2145 1500 2214 persistere.
1533 2144 1612 2201 Ne
1642 2144 1775 2201 mihi
1807 2145 1892 2200 di-

286 2235 440 2289 xeris
465 2245 674 2289 castum
703 2231 852 2290 illum
876 2250 1024 2303 esse,
1057 2247 1157 2293 nec
1183 2235 1348 2292 furari
1372 2253 1386 2290 :
1417 2251 1520 2292 non
1547 2237 1692 2292 enim
1721 2238 1775 2292 in
1811 2236 1893 2293 his

287 2336 499 2380 tantum
550 2327 798 2382 consistit
835 2326 1028 2383 virtus.
1061 2326 1192 2394 Quae
1239 2329 1382 2383 enim
1429 2328 1665 2396 utilitas,
1699 2329 1743 2384 si
1779 2329 1896 2384 htee

286 2419 512 2489 quidem
555 2418 839 2486 observet,
873 2419 969 2475 sed
1010 2434 1162 2475 vanzn
1187 2421 1374 2492 gloria:
1401 2422 1470 2475 sit
1513 2421 1774 2492 cupidus,
1811 2421 1894 2476 vel

285 2512 589 2566 amicorum
611 2510 778 2580 gratia
801 2511 852 2565 in
878 2525 1066 2567 errore
1095 2512 1345 2566 maneat?
1373 2512 1485 2568 Hoc
1505 2515 1650 2568 enim
1673 2528 1778 2568 non
1808 2520 1894 2569 est

284 2613 438 2657 recte
467 2603 672 2657 vivere.
700 2601 835 2658 Nam
873 2603 1060 2675 gloria)
1091 2617 1282 2659 servus
1313 2619 1420 2660 non
1461 2606 1639 2662 minus
1669 2615 1852 2675 peccat
1877 2648 1892 2672 ,

271 2689 450 2763 ﬂuam
480 2692 776 2748 fornicator
800 2715 815 2764 ;
843 2694 950 2750 imo
977 2694 1133 2767 longe
1159 2695 1306 2766 plura
1333 2705 1387 2753 et
1416 2696 1663 2767 graviora
1692 2696 1889 2752 admit-

288 2786 374 2838 tit.
396 2783 596 2839 Verum
621 2784 796 2840 indica
819 2784 949 2841 mihi
967 2786 1253 2858 quemdam
1271 2787 1411 2858 apud
1431 2788 1662 2859 gentiles
1683 2788 1752 2845 ab
1773 2803 1893 2845 om-

283 2875 453 2931 nibus
480 2876 627 2932 vitiis
676 2878 1018 2950 peccatisque
1059 2879 1308 2936 liberum.
1344 2879 1645 2952 Numquam
1692 2879 1894 2953 possis.

283 2964 424 3024 Nam
455 2969 548 3040 qui
579 2971 812 3027 maxime
835 2970 977 3041 apud
1008 2972 1125 3028 illos
1149 2973 1494 3040 claruerunt,
1515 2973 1605 3045 qui
1650 2985 1704 3030 et
1735 2989 1898 3045 pecu-

285 3060 414 3115 nias
455 3068 514 3116 et
555 3061 693 3131 gula)
743 3061 963 3118 delicias
1010 3072 1485 3134 contempserunt,
1533 3073 1593 3120 ut
1637 3065 1824 3130 aiunt,
1857 3064 1895 3122 ii

285 3152 531 3207 maxime
561 3152 801 3208 omnium
843 3153 1029 3224 gloria:
1071 3154 1412 3220 servierunt;
1445 3155 1590 3226 quod
1617 3170 1749 3211 sane
1773 3166 1893 3211 om-

292 3243 445 3298 nium
467 3253 552 3298 est
572 3259 734 3298 causa
768 3245 1031 3300 malorum
1077 3244 1166 3301 Sic
1179 3253 1234 3301 et
1255 3244 1423 3301 Judaei
1447 3247 1499 3301 in
1517 3246 1755 3317 nequitia
1775 3262 1898 3318 pcr-

285 3337 567 3391 stiterunt.
598 3336 779 3404 Quare
806 3335 928 3392 illos
955 3351 1185 3408 arguens
1212 3336 1428 3394 dicebat
1454 3354 1468 3391 :
1502 3337 1770 3403 Quomodo
1796 3350 1895 3411 po-

287 3429 434 3484 testis
453 3428 678 3494 credere,
701 3429 789 3500 qui
806 3428 1024 3504 gloriam
1043 3428 1106 3484 ab
1129 3429 1416 3486 hominibus
1437 3432 1672 3502 accipitis
1694 3431 1890 3503 (Joan.

285 3518 343 3575 5.
367 3519 517 3589 ων
545 3520 612 3575 Et
630 3535 727 3576 cur
745 3519 1063 3576 Nathauacli
1085 3563 1101 3589 ,
1127 3524 1213 3578 cui
1237 3525 1517 3581 veritatem
1543 3524 1891 3595 pradicabat,

287 3611 360 3670 de
391 3612 478 3667 his
524 3613 772 3683 loquutus
800 3627 905 3669 non
932 3623 1047 3679 est,
1083 3630 1185 3671 nec
1227 3615 1454 3687 longiori
1494 3629 1581 3673 est
1613 3633 1741 3672 usus
1773 3626 1894 3674 ser-

289 3707 495 3762 mone?
523 3705 656 3774 Quia
682 3706 727 3762 is
747 3722 854 3764 non
883 3721 1007 3764 cum
1029 3707 1124 3763 illo
1145 3706 1330 3766 studio
1354 3722 1596 3767 venerat.
1631 3711 1728 3767 Hic
1746 3712 1892 3768 enim

290 3799 438 3855 istud
457 3800 562 3856 sibi
584 3799 886 3857 faciendum
910 3801 1266 3858 constituerat
1284 3840 1302 3870 ,
1335 3813 1388 3860 et
1408 3804 1553 3874 quod
1579 3806 1668 3860 alii
1692 3805 1856 3876 quieti
1877 3833 1893 3872 δ

291 3895 383 3950 hic
429 3893 712 3950 audienda“.
753 3895 1018 3952 doctrinae
1067 3903 1279 3967 tempus
1325 3897 1588 3953 adhibuit.
1637 3899 1730 3954 Ille
1762 3913 1894 3954 vero

289 3986 403 4042 alio
439 3986 704 4043 suadente
742 3989 971 4044 secessit
1001 4006 1015 4044 :
1051 4003 1151 4044 nec
1192 3998 1369 4044 tamen
1411 3988 1562 4045 illum
1595 3991 1891 4060 praeteriit;

291 4080 468 4148 ipsum
490 4077 635 4134 enim
659 4078 738 4134 sic
760 4078 1083 4150 alloquitur:
1107 4078 1305 4134 Amodo
1326 4079 1555 4135 videbitis
1573 4082 1726 4136 emtas
1744 4098 1894 4153 aper-

289 4168 369 4224 tos
387 4208 406 4233 ,
429 4176 476 4223 et
516 4165 726 4240 angelos
749 4167 848 4224 Dei
876 4169 1201 4234 ascendentes
1227 4180 1278 4225 et
1301 4169 1662 4226 descendentes
1696 4170 1889 4244 (Joan.

293 4261 347 4316 Ι.
378 4261 441 4316 5i
462 4259 506 4333 ).
539 4259 675 4316 Huic
698 4269 879 4316 autem
901 4260 1034 4316 nihil
1058 4261 1254 4316 horum
1280 4261 1456 4328 dixit;
1485 4261 1580 4317 sed
1610 4262 1680 4318 de
1712 4264 1883 4318 incar-

291 4352 514 4408 natione
540 4365 593 4408 et
623 4351 692 4408 de
730 4352 837 4408 vita
877 4361 1078 4409 eterna
1111 4354 1284 4424 ipsum
1312 4354 1641 4426 alloquitur,
1673 4354 1892 4412 diverso

290 4445 457 4501 modo
483 4445 710 4515 singulis
740 4461 836 4515 pro
861 4445 1054 4502 aﬂectu
1084 4448 1345 4519 cujusque
1373 4448 1621 4520 loquens.
1656 4449 1736 4506 llli
1765 4452 1889 4522 qui.

288 4538 417 4593 dem
437 4577 454 4603 ,
476 4541 600 4607 quia
625 4536 913 4607 prephetas
937 4538 1169 4594 callebat
1189 4579 1203 4600 ,
1237 4553 1412 4608 neque
1445 4541 1516 4594 ita
1543 4541 1724 4612 segnis
1750 4550 1887 4606 erat,

289 4627 412 4685 haec
437 4627 711 4683 audivisse
753 4628 890 4684 satis
932 4637 1089 4684 erat:
1140 4630 1264 4685 huic
1295 4644 1457 4698 vero,
1504 4631 1627 4701 quia
1658 4632 1888 4702 quadam

286 4720 470 4779 adhuc
512 4717 802 4774 formidine
829 4717 1170 4776 detinebatur
1191 4761 1206 4787 ,
1240 4734 1345 4774 non
1379 4728 1548 4775 totum
1589 4722 1770 4777 statim
1797 4738 1888 4778 re-

1995 437 2191 508 XXIX.
2234 452 2303 507 al.
2351 443 2588 508 XXVIII.
3506 449 3603 510 «δε

2001 569 2236 636 velavit;
2270 569 2364 626 sed
2397 579 2634 626 mentem
2665 570 2784 642 ejus
2811 570 3070 626 excitavit
3093 611 3108 639 ,
3141 573 3204 625 tit
3231 582 3373 628 metu
3403 584 3602 631 metum

1998 662 2342 725 excluderet,
2374 679 2496 718 cum
2528 663 2665 718 dixit
2696 678 2818 719 eum
2847 665 2937 734 qui
2981 678 3089 719 non
3117 664 3407 732 crederet,
3447 666 3598 732 judi-

2000 756 2110 811 eari
2133 797 2150 824 ,
2195 766 2249 812 et
2279 771 2386 810 non
2417 755 2644 812 credere
2670 771 2698 810 a
2734 772 2894 825 prava
2947 757 3385 828 concupiscentia
3445 760 3606 829 proli-

2000 847 2154 904 cisei.
2185 845 2320 917 Quia
2348 847 2492 903 enim
2544 847 2822 902 hominum
2852 848 3080 918 gleriam
3126 849 3305 920 magni
3335 846 3566 905 faciebat
3589 892 3604 916 ,

1999 945 2054 994 et
2091 938 2260 1009 pluris
2301 953 2462 1008 quam
2509 939 2830 1009 supplicium
2863 939 3063 1012 (Multi
3100 941 3277 1009 enim,
3308 943 3511 1013 inquit,
3544 961 3610 999 ex

2000 1031 2316 1102 principibus
2355 1026 2683 1086 crediderunt
2721 1033 2775 1087 in
2822 1038 2971 1100 eum,
3014 1033 3104 1087 sed
3143 1038 3352 1105 propter
3391 1034 3608 1092 δυόωσι

1999 1139 2102 1179 non
2127 1125 2497 1194 conﬁtebantur
2524 1123 2714 1196 (Joan.
2740 1126 2794 1182 5.
2818 1125 2929 1197 ιι)
2952 1167 2964 1190 ,
2996 1125 3124 1182 hinc
3149 1127 3300 1182 illum
3329 1130 3604 1198 perstrin-

1996 1217 2109 1287 git.
2141 1215 2517 1287 ostenditque,
2547 1232 2655 1272 non
2697 1230 2857 1286 posse
2883 1232 3008 1273 eum
3050 1219 3141 1290 qui
3173 1219 3225 1274 in
3257 1235 3318 1276 se
3347 1228 3454 1276 non
3484 1237 3606 1277 ere-

1998 1306 2186 1373 deret,
2215 1308 2316 1363 alia
2357 1308 2426 1365 de
2453 1325 2615 1365 causa
2659 1323 2766 1365 non
2816 1310 3077 1379 credere,
3120 1328 3280 1382 quam
3323 1314 3467 1386 quod
3499 1316 3605 1371 vita

2000 1401 2243 1472 impurus
2272 1404 2435 1458 esset.
2473 1403 2536 1457 Et
2568 1405 2618 1458 in
2661 1402 3016 1473 sequentibus
3046 1405 3159 1462 ait:
3196 1395 3308 1478 Ego
3335 1421 3446 1463 sum
3475 1406 3604 1476 lux;

2001 1492 2088 1549 hic
2112 1503 2290 1549 autem
2320 1493 2396 1548 ait
2417 1535 2431 1557 ,
2469 1492 2616 1548 Venit
2658 1489 2748 1549 lux
2778 1495 2830 1550 in
2875 1496 3122 1550 inuadunt
3153 1487 3344 1568 (Joan.
3375 1499 3428 1554 8.
3475 1500 3603 1571 12).

2001 1581 2056 1641 In
2086 1586 2350 1656 principio
2377 1587 2521 1642 enim
2550 1587 2854 1655 obscurius,
2886 1587 3084 1643 deinde
3114 1591 3316 1646 clarius
3345 1592 3611 1664 loqueba-

2005 1689 2110 1734 tur.
2142 1681 2392 1736 Attamen
2423 1682 2585 1735 homo
2631 1682 2721 1738 ille
2752 1681 3110 1738 multitudinis
3141 1679 3280 1738 fama
3331 1685 3613 1742 dctiueha~

2003 1783 2119 1840 tur;
2138 1783 2462 1844 quapropter
2489 1789 2594 1828 non
2621 1789 2682 1856 ea
2698 1789 2800 1845 qua
2822 1789 2918 1844 par
2935 1782 3049 1829 t-rat
3068 1776 3317 1832 utebatur
3337 1777 3460 1833 liber
3478 1785 3608 1836 tate.

2081 1858 2229 1920 Vana
2280 1865 2447 1938 gloria
2495 1863 2780 1939 fugienda;
2820 1869 3018 1922 virtutis
3068 1872 3291 1940 fructum
3343 1872 3496 1928 tollit.
3537 1905 3608 1914 —

2001 1958 2294 2030 Fugismus
2339 1973 2468 2028 ergo
2518 1959 2731 2014 inanem
2777 1960 3043 2030 gloriam;
3097 1960 3198 2017 hoc
3245 1963 3388 2018 enim
3435 1965 3612 2021 vitio-

2000 2066 2119 2106 rum
2155 2049 2394 2105 omnium
2447 2050 2979 2106 vehementissimum
3037 2061 3137 2108 est.
3191 2053 3323 2109 Hinc
3375 2058 3606 2111 avaritia

2000 2150 2056 2196 et
2077 2156 2230 2197 amor
2252 2141 2599 2211 pecuniarum
2628 2143 2898 2211 oriuntur,
2924 2142 3052 2200 hinc
3078 2142 3199 2199 odia
3225 2175 3241 2212 φ
3276 2145 3434 2212 bella,
3464 2149 3606 2202 lites.

1999 2232 2134 2289 Nam
2165 2234 2255 2304 qui
2303 2235 2454 2305 plura
2486 2234 2840 2304 eoncupiscit,
2874 2249 3141 2306 nusquam
3174 2239 3472 2293 consistere
3507 2254 3605 2309 po-

2002 2325 2149 2382 terit.
2175 2325 2327 2382 Nulla
2363 2335 2542 2382 autem
2573 2327 2677 2382 alia
2707 2327 2775 2384 de
2804 2343 2968 2386 causa
2999 2339 3191 2386 caetera
3232 2340 3376 2386 amat
3398 2373 3412 2394 .
3442 2349 3606 2402 quam

2001 2416 2144 2488 quod
2171 2433 2364 2473 vanam
2390 2418 2616 2490 gloriam
2640 2429 2806 2475 amet.
2829 2419 2944 2476 Cttr
2969 2422 3114 2476 enim
3137 2464 3152 2490 ,
3183 2438 3368 2492 qureso
3391 2464 3405 2488 ,
3435 2437 3607 2479 euuu.

2001 2507 2232 2564 chorum
2268 2525 2492 2581 agmen,
2535 2526 2758 2582 gregem
2807 2527 3090 2568 servorum
3113 2553 3129 2578 ,
3160 2529 3257 2570 cur
3289 2524 3495 2569 tantum
3527 2515 3607 2571 fa.

2002 2608 2144 2654 stum
2176 2598 2328 2653 multi
2365 2599 2665 2656 exhibent?
2687 2600 2808 2657 Non
2832 2603 2936 2658 alia
2961 2617 3122 2658 causa
3147 2645 3162 2670 ,
3194 2605 3296 2658 nisi
3326 2614 3382 2658 ut
3414 2605 3610 2662 multos

2002 2693 2242 2749 habeant
2281 2694 2657 2765 inopportunte
2707 2694 3124 2767 magnificentiae
3166 2705 3352 2766 testes.
3383 2697 3438 2751 Si
3471 2697 3611 2754 hanc

2001 2801 2132 2857 ergo
2153 2785 2540 2853 rescindamus,
2565 2803 2687 2843 cum
2708 2789 2882 2860 capite
2902 2788 3065 2844 etiam
3085 2789 3327 2844 membra
3352 2791 3606 2858 nequitia!

2001 2876 2291 2942 tollemus,
2351 2878 2594 2949 nihilque
2649 2879 2953 2950 prohibebit
2986 2921 2999 2944 ,
3060 2880 3353 2950 quominus
3410 2872 3609 2936 tetram

2001 2973 2152 3040 quasi
2183 2973 2373 3028 ctutum
2421 2972 2737 3028 incolamus.
2793 2971 2982 3044 Neque
3022 2973 3168 3028 enim
3199 2973 3267 3028 ad
3310 2974 3607 3044 nequitiam

2005 3073 2208 3120 tantum
2235 3079 2370 3135 quos
2399 3064 2542 3134 capit
2585 3064 2815 3134 impellit
2835 3104 2849 3129 ,
2881 3065 2976 3120 sed
3002 3075 3057 3120 et
3084 3065 3269 3119 virtutl
3297 3079 3358 3120 se
3383 3064 3612 3124 subdole

2002 3156 2295 3222 admiscet;
2326 3164 2526 3211 etcum
2555 3170 2584 3209 a
2613 3155 2810 3209 virtute
2836 3169 2936 3209 nos
2963 3154 3223 3210 decutere
3251 3169 3358 3208 non
3393 3164 3566 3224 petest
3591 3197 3604 3220 ,
3629 3170 3631 3173 ·

2003 3249 2058 3305 in
2095 3250 2210 3320 ipsa
2241 3249 2329 3303 illa
2355 3247 2558 3303 virtute
2603 3262 2858 3317 magnum
2899 3246 3284 3303 detrimentum
3314 3248 3568 3318 importat
3595 3290 3612 3316 ,

2003 3341 2130 3398 dum
2153 3341 2368 3396 labores
2394 3341 2629 3396 tolerare
2650 3341 2827 3410 cogit,
2850 3349 2905 3394 et
2926 3339 3173 3394 laborum
3203 3338 3380 3395 fructu
3413 3341 3608 3409 privat.

2001 3431 2135 3488 Nam
2164 3431 2256 3504 qui
2286 3431 2354 3487 ad
2382 3446 2576 3486 vanam
2607 3431 2836 3502 gloriam
2881 3429 3136 3500 respicit.
3167 3431 3283 3489 sive
3306 3431 3610 3505 jejunium,

2001 3527 2118 3580 sive
2142 3524 2465 3591 orationem,
2496 3522 2612 3578 siVe
2637 3521 3042 3596 elcemosynatn
3068 3524 3324 3581 exerceat
3343 3568 3356 3592 ,
3386 3543 3605 3582 omnem

2001 3618 2202 3673 amittit
2225 3615 2556 3672 mercedem.
2587 3614 2707 3683 Quo
2733 3615 2934 3671 damno
2957 3616 3082 3688 quid
3106 3619 3473 3674 misembilius
3497 3621 3611 3677 lue-

2001 3709 2112 3765 rit?
2139 3707 2358 3779 quando
2385 3723 2582 3780 nempe
2609 3709 2731 3779 quis
2759 3724 2819 3764 se
2845 3706 3044 3764 frustra
3078 3721 3356 3778 macerat,
3406 3713 3610 3770 ridicu-

2002 3801 2192 3871 Iusque
2211 3800 2411 3866 eVadit,
2437 3811 2493 3855 et
2513 3815 2544 3855 a
2561 3814 2794 3871 superna
2821 3800 2994 3871 gloria
3015 3802 3240 3858 excidit.
3263 3801 3449 3874 Neque
3465 3808 3610 3860 enim

2002 3900 2180 3962 potest
2209 3893 2299 3963 qui
2351 3899 2634 3962 utramque
2665 3890 2976 3959 desiderat,
3009 3902 3296 3966 utramque
3326 3897 3605 3966 consequi.

2001 3982 2294 4039 Possumus
2325 3991 2503 4039 tamen
2534 3993 2819 4054 utramque
2851 3986 3113 4056 consequi
3138 4028 3153 4051 ,
3185 3987 3231 4041 si
3262 4002 3370 4042 non
3402 3997 3614 4043 utram-

2000 4090 2106 4146 que
2137 4074 2363 4146 gloriam
2409 4075 2860 4146 concupiscamus
2881 4117 2897 4142 ,
2927 4076 3023 4133 sed
3054 4079 3326 4133 cmlestcm
3361 4089 3610 4149 tantum;

2000 4167 2092 4237 qui
2126 4175 2253 4221 Vero
2284 4176 2569 4238 utramque
2594 4177 2776 4236 amat,
2806 4184 2913 4223 non
2942 4177 3226 4241 utramque
3252 4169 3481 4242 adipisci
3511 4187 3610 4242 po-

2002 4266 2125 4315 test.
2154 4259 2518 4327 Quamobrem
2548 4261 2593 4315 si
2627 4261 2856 4316 velimus
2889 4263 3116 4332 gloriam
3146 4264 3411 4336 adipisci,
3443 4264 3615 4337 fugia-

2000 4367 2120 4407 mus
2151 4351 2440 4408 humanatn
2474 4354 2740 4424 gloriam,
2770 4364 2825 4410 et
2853 4371 2971 4411 eam
3015 4373 3136 4427 qua:
3162 4377 3190 4412 a
3219 4359 3341 4415 solo
3381 4360 3494 4416 Deo
3527 4371 3611 4416 est

1999 4443 2410 4511 desideremus;
2442 4455 2498 4500 et
2539 4447 2618 4500 sic
2647 4455 2874 4518 utraque
2920 4450 3207 4517 potiemur.
3243 4450 3456 4507 Utinam
3488 4469 3614 4508 vero

2000 4535 2103 4592 hac
2123 4535 2387 4605 fruamur,
2409 4538 2583 4607 gratia
2608 4546 2664 4592 et
2686 4537 3016 4609 benignitate
3044 4541 3254 4596 Domini
3287 4545 3456 4598 nostri
3479 4543 3609 4600 Jesu

1997 4629 2198 4686 Christi
2226 4663 2240 4698 δ
2274 4646 2370 4702 per
2398 4647 2557 4702 quem
2589 4642 2648 4688 et
2676 4648 2798 4687 cum
2843 4648 2954 4704 quo
3002 4634 3144 4689 Patri
3189 4636 3362 4705 gloria
3395 4653 3609 4708 unaque

1999 4731 2187 4779 sancto
2212 4723 2437 4794 Spiritui
2462 4765 2478 4790 ,
2511 4725 2564 4778 in
2595 4725 2792 4778 sarcula
2817 4726 3169 4780 swculorum.
3198 4723 3394 4782 Amen‘.

361 4855 3610 4883 Μ

1616 4934 1967 4997 HOMILIA
2011 4935 2258 4998 XXIX.

286 5080 382 5136 ἓξ.
438 5077 585 5134 Venit
623 5089 791 5133 autent
833 5080 886 5133 in
913 5077 1155 5134 Juddam
1184 5087 1372 5132 terram
1401 5079 1512 5148 ipse
1561 5089 1608 5132 et
1651 5077 1893 5150 discipuli

418 5173 549 5242 ejus,
575 5181 621 5225 et
642 5170 750 5225 illic
777 5171 1132 5226 demorabatur
1153 5187 1269 5226 cum
1294 5171 1385 5236 eis,
1409 5181 1454 5226 et
1474 5170 1783 5242 baptizabat.

375 5263 423 5316 I.
460 5261 607 5316 Nihil
641 5263 847 5317 ueritate
884 5263 1092 5329 clarius,
1135 5262 1265 5318 nihil
1309 5263 1576 5317 mendacio
1614 5264 1892 5333 inﬁrmius.

289 5355 403 5410 Cur
428 5351 659 5410 Christus
679 5371 782 5410 non
809 5356 1102 5426 baptizavit,
1133 5356 1222 5410 sed
1245 5355 1505 5426 discipuli.
1535 5385 1606 5397 ——
1631 5356 1771 5416 Nihil
1799 5374 1893 5414 ve-

289 5450 457 5506 ritate
481 5449 700 5513 clarius.
738 5447 874 5504 nihii
915 5448 1124 5513 tertius,
1172 5458 1229 5503 ut
1267 5449 1549 5506 mendacio
1579 5450 1708 5508 nihil
1738 5451 1893 5506 infir-

291 5540 459 5605 mius,
491 5541 697 5596 etiamsi
731 5541 1029 5597 innumeris
1072 5556 1132 5597 se
1169 5550 1314 5613 tegat
1353 5542 1724 5614 operimentis.
1758 5544 1892 5600 Nam

291 5634 450 5689 facile
476 5634 919 5705 deprehenditur,
952 5641 1006 5689 et
1042 5631 1198 5690 facile
1222 5632 1434 5689 difﬂuit.
1467 5633 1685 5691 Veritas
1704 5645 1889 5692 contra

294 5726 435 5785 nuda
463 5739 670 5803 prostat
712 5727 990 5792 omnibus,
1035 5726 1124 5796 qui
1171 5727 1357 5786 volunt
1394 5732 1511 5796 ejus
1541 5728 1892 5799 pulchritudi-

290 5841 402 5886 nem
433 5827 661 5891 intueri;
695 5839 812 5878 non
855 5821 969 5875 vult
1015 5821 1201 5888 latere,
1255 5838 1359 5877 non
1390 5822 1686 5891 periculum
1715 5823 1892 5888 timet,

277 5932 373 5988 non
401 5925 655 5990 insidias,
687 5933 807 5975 non
855 5914 1080 5988 gloriam
1124 5915 1482 5972 multitudinis
1520 5915 1710 5984 ambit,
1760 5914 1896 5972 nulli

2012 5078 2366 5135 humanarum
2403 5096 2582 5137 rerum
2620 5082 2902 5153 subjacet;
2931 5082 3026 5140 sed
3057 5084 3308 5142 omnibus
3343 5088 3612 5158 superior,

2005 5173 2200 5228 multas
2227 5175 2427 5244 excipit
2465 5175 2704 5243 insidias,
2737 5189 2919 5235 manet
2953 5187 3132 5234 autem
3162 5179 3379 5247 invicta,
3408 5198 3613 5253 eosque

2004 5267 2094 5336 qui
2122 5265 2186 5320 ad
2215 5281 2275 5322 se
2299 5268 2632 5338 confugiunt,
2677 5269 2826 5339 quasi
2865 5270 3136 5326 tutissimo
3182 5288 3339 5329 muro
3376 5274 3616 5329 nnmitos

2005 5364 2205 5425 servat,
2239 5358 2401 5429 idque
2431 5374 2495 5414 cx
2542 5361 2797 5430 potentia:
2844 5377 2956 5418 sua:
2983 5363 3390 5433 magnitudine;
3417 5375 3471 5422 et
3513 5381 3610 5421 oe-

2007 5452 2180 5507 cultos
2209 5453 2436 5508 iusultus
2463 5457 2677 5520 evertit,
2708 5470 2803 5511 sua
2827 5471 2955 5512 vero
2985 5457 3164 5527 palam
3193 5461 3445 5514 omnibus
3485 5468 3610 5529 pro.

2006 5546 2160 5616 ponit
2185 5563 2198 5599 :
2228 5545 2372 5614 quod
2394 5556 2447 5602 et
2475 5547 2722 5604 Christus
2742 5548 2916 5604 Pilato
2939 5547 3023 5605 his
3048 5552 3229 5606 verbis
3249 5551 3569 5622 signiﬁcavit
3593 5569 3610 5607 t

2008 5639 2122 5712 Ego
2151 5639 2320 5707 palam
2352 5641 2588 5711 loquutus
2613 5658 2725 5695 sum
2751 5642 2962 5706 mundo,
2995 5651 3044 5697 et
3071 5644 3125 5697 in
3151 5644 3347 5698 occulto
3374 5645 3611 5712 loquutus

2007 5747 2119 5787 sum
2149 5732 2279 5787 nihil
2309 5733 2488 5804 (Joan.
2528 5735 2616 5789 18.
2649 5732 2762 5805 20).
2795 5735 2948 5804 Quod
2990 5747 3115 5792 tunc
3141 5737 3275 5791 dixit
3297 5737 3472 5798 Jesus,
3508 5735 3611 5792 hoc

2011 5841 2153 5881 nunc
2184 5825 2328 5882 fecit.
2376 5825 2501 5880 Post
2533 5828 2661 5894 ha’c,
2697 5828 2888 5900 inquit,
2924 5832 3054 5886 veni!
3082 5832 3134 5884 in
3161 5831 3400 5885 Judaram
3423 5842 3610 5886 terram

2007 5919 2115 5989 ipse
2142 5928 2186 5974 et
2217 5919 2452 5992 discipuli
2481 5922 2611 5992 ejus,
2645 5932 2689 5976 et
2720 5923 2826 5978 illic
2843 5923 3220 5996 demorabatur,
3242 5935 3287 5982 et
3305 5923 3612 5988 baptisabat.
