4078 6468
534 390 634 458 1ιῖ⁴1

534 512 586 564 In
614 509 1037 566 solemnitatibus
1067 509 1118 562 in
1157 507 1419 561 civitatem
1461 504 1802 569 ascendebat,
1832 502 1964 557 utin
1995 516 2106 555 me-

533 602 621 655 dio
661 602 952 656 doctrinam
993 599 1097 654 illis
1143 607 1485 666 proponeret,
1532 608 1694 667 utque
1737 612 1800 650 ex
1842 593 2109 648 miraculis

538 693 812 746 utilitatem
861 698 1134 757 caperent.
1159 688 1412 743 'l‘eractis
1439 696 1613 740 autem
1639 686 1824 740 diebus
1863 684 2028 744 festis,
2056 682 2108 734 in

533 783 819 837 Jurdanem
857 795 998 849 smpe
1037 780 1314 846 veniebat,
1355 781 1476 849 quia
1513 777 1602 832 illo
1642 775 1791 830 multi
1824 788 2112 832 concurre-

538 877 679 928 bant.
710 873 796 926 illa
824 875 964 927 enim
995 888 1113 942 quae
1142 872 1309 942 magis
1333 868 1803 937 frequentabantur
1827 868 1940 922 loca
1972 881 2112 920 sem-

536 980 628 1031 per
658 963 901 1030 petebat;
951 976 1054 1015 non
1083 959 1451 1015 ostentationis
1489 972 1644 1013 causa
1674 957 1756 1012 vel
1786 955 2109 1018 ambitionis.

534 1053 628 1108 sed
662 1061 718 1106 ut
745 1050 982 1121 pluribus
1013 1050 1302 1119 prodesset.
1333 1049 1489 1119 Atqui
1521 1049 1620 1103 sub
1647 1048 1762 1101 lure
1795 1048 1922 1102 dicit
1951 1062 2114 1101 evan-

532 1145 741 1213 gelista,
777 1158 877 1196 non
903 1142 1080 1196 Je-um
1115 1142 1155 1204 ¹.
1185 1141 1277 1195 sed
1301 1140 1591 1208 discipulos
1635 1138 1753 1209 ejus
1780 1139 2110 1208 baptizasse;

537 1236 678 1289 unde
708 1234 876 1303 palam
910 1243 990 1286 est
1036 1232 1137 1287 hoc
1165 1230 1321 1286 etiam
1355 1231 1405 1284 in
1440 1231 1556 1285 loco
1590 1232 1658 1284 ita
1693 1229 1933 1299 intelligi,
1972 1229 2114 1296 ipsos

539 1342 729 1396 nempe
755 1327 897 1379 solos
925 1325 1293 1393 baptizavisse.
1327 1324 1391 1377 Et
1418 1339 1534 1388 cur,
1565 1323 1791 1392 inquies,
1817 1336 1919 1374 non
1947 1319 2116 1388 bapti—

538 1418 727 1474 zabat?
751 1418 866 1472 Jam
893 1417 1037 1486 prius
1059 1414 1273 1472 dixerat
1301 1416 1530 1470 Jerinnes
1558 1436 1570 1468 :
1596 1413 1713 1484 Ipse
1741 1430 1822 1468 vos
1843 1411 2117 1482 baptizabit

537 1513 586 1564 in
616 1511 812 1581 Spiritu
844 1520 1014 1563 sancto
1036 1519 1082 1562 et
1111 1509 1233 1580 igni.
1259 1507 1514 1578 Spiritum
1543 1523 1667 1560 vero
1691 1504 1920 1560 nondum
1952 1503 2115 1558 dedc-

542 1615 638 1657 rat.
668 1603 794 1658 Jure
825 1617 950 1671 ergo
982 1617 1084 1655 non
1115 1600 1447 1669 baptizabat;
1493 1599 1586 1655 sed
1617 1597 1857 1666 discipuli
1891 1605 2114 1660 tantum,

539 1693 679 1763 quod
711 1691 908 1747 Vellent
934 1691 1189 1761 plurimos
1213 1689 1277 1744 ad
1308 1691 1594 1744 salutarem
1631 1688 1926 1744 doctrinam
1957 1697 2119 1741 attra-

542 1786 686 1837 here.
717 1781 784 1836 Et
805 1795 988 1850 quare,
1013 1779 1286 1849 discipulis
1305 1778 1433 1835 Jesu
1455 1779 1860 1849 baptizantibus,
1885 1777 2118 1832 Joannes

542 1873 809 1942 baptizare
837 1884 941 1926 non
963 1871 1185 1935 destitit,
1209 1870 1380 1926 donec
1407 1872 1458 1925 in
1485 1872 1755 1927 carcerem
1781 1868 2118 1925 traderetur?

544 1962 674 2016 Nam
704 1978 824 2017 cmn
853 1961 1066 2027 dicitur,
1112 1959 1235 2015 Erat
1273 1960 1498 2015 Joannes
1541 1960 1798 2028 baptisans
1831 1960 1884 2014 in
1909 1957 2119 2022 .Enon;

541 2054 912 2124 adjiciturque,
949 2051 1050 2107 212
1084 2050 1325 2105 Nondum
1362 2052 1544 2106 missus
1576 2056 1740 2121 fuerat
1767 2053 1818 2104 in
1848 2065 2118 2113 carcerem,

540 2143 803 2213 signiﬁcat
853 2143 1032 2212 utique
1084 2141 1230 2195 illum
1276 2157 1382 2196 non
1429 2140 1683 2195 hactenus
1722 2139 2010 2195 destitisse.
2057 2137 2121 2191 Et

541 2250 635 2289 cur
658 2235 725 2289 ad
752 2234 878 2289 illud
912 2248 1076 2299 usque
1106 2241 1313 2301 tempus
1340 2231 1666 2301 baptizavit?
1694 2245 1812 2283 nam
1848 2229 2118 2300 digniores

541 2325 666 2382 Jcsn
693 2326 980 2396 discipulos
1001 2325 1347 2391 declarasset,
1377 2324 1420 2377 si
1452 2324 1552 2377 illis
1584 2322 1976 2391 incipientibus,
2008 2322 2120 2390 ipse

543 2419 854 2474 destitisset.
895 2416 1003 2473 Cur
1036 2433 1163 2488 ergo
1193 2413 1530 2487 baptizabat?
1571 2414 1647 2469 Ne
1685 2413 1972 2482 discipulus
1996 2426 2123 2466 suos

545 2512 595 2564 in
625 2510 879 2578 majorem
901 2507 1147 2562 invidiam
1168 2519 1222 2563 et
1240 2506 1636 2562 contentionem
1661 2505 1965 2573 conjiceret.
1991 2502 2122 2557 Nam

545 2603 587 2655 si
635 2616 777 2670 saepe
818 2598 1118 2665 clamando,
1172 2599 1474 2669 primasque
1503 2597 1714 2651 Christo
1755 2593 2119 2657 concedendo,

544 2706 767 2760 seseque
796 2691 1054 2745 minorem
1099 2688 1436 2759 pnrdicando
1479 2702 1583 2742 nou
1635 2685 1896 2756 persuasit
1940 2684 2124 2739 illisut

548 2782 613 2835 ad
644 2797 762 2834 eum
794 2780 1108 2836 accederent
1139 2797 1152 2832 :
1187 2779 1232 2834 si
1276 2780 1376 2833 hoc
1422 2778 1584 2833 etiam
1625 2776 1927 2845 adiecisset,
1970 2776 2126 2846 longe

546 2870 984 2926 eontentiosiores
1031 2870 1152 2925 illos
1191 2869 1530 2924 reddidisset.
1565 2868 1686 2924 Ideo
1713 2867 1961 2922 Christus
2000 2878 2125 2926 tunc

545 2961 773 3016 maxime
798 2959 1087 3030 praedicare
1109 2961 1292 3028 cmpit,
1319 2974 1440 3014 cum
1479 2959 1546 3013 de
1573 2957 1748 3013 medio
1775 2958 2014 3013 sublatus
2043 2965 2126 3013 est

545 3051 796 3110 Joannes.
827 3051 960 3106 Puto
980 3059 1159 3106 autem
1187 3052 1306 3106 ideo
1335 3051 1491 3105 cltius
1511 3049 1766 3106 Joannem
1798 3059 1970 3105 morte
1996 3049 2126 3106 sub-

548 3144 710 3198 latum
753 3143 931 3208 fuisse,
978 3151 1036 3198 ut
1064 3144 1224 3198 tetius
1271 3141 1624 3198 multitudinis
1663 3142 1826 3196 animi
1872 3141 1939 3197 ad
1973 3139 2128 3198 Chri-

547 3243 686 3288 stum
727 3240 1173 3289 converterentur
1199 3267 1214 3298 ,—
1266 3248 1438 3304 neque
1482 3233 1709 3303 amplius
1753 3233 1894 3288 circa
1940 3232 2126 3288 ambos

548 3327 935 3382 scindereutnr.
971 3327 1232 3382 Praeterea
1263 3324 1389 3381 dum
1419 3325 1718 3396 baptizabat
1740 3325 1995 3389 Joannes,
2022 3340 2125 3379 non

549 3418 704 3469 tinem
733 3416 956 3470 faciebat
981 3415 1232 3472 monendi
1263 3424 1317 3471 et
1360 3431 1548 3488 magna
1573 3417 1640 3471 de
1669 3416 1794 3473 Jesu
1830 3417 2124 3485 pradican-

547 3505 597 3558 di
651 3506 958 3574 Baptizabat
985 3521 1114 3562 vero
1141 3516 1341 3562 tantum
1377 3508 1428 3562 in
1455 3499 1576 3562 eum
1606 3509 1695 3578 qui
1736 3517 1855 3578 post
1897 3523 1955 3562 se
1999 3524 2126 3563 ven-

551 3606 698 3650 turus
721 3606 860 3663 erat,
887 3607 945 3651 ut
970 3598 1021 3650 in
1050 3612 1170 3652 eum
1215 3597 1511 3653 crederent.
1540 3599 1638 3665 Qui
1669 3598 1827 3667 igitur
1855 3598 1955 3652 hoc
1983 3613 2124 3668 pra:-

548 3687 776 3753 dicabat,
820 3687 1087 3757 quernodo
1123 3687 1503 3757 discipulorum
1537 3688 1730 3745 Christi
1764 3691 2124 3760 pnestanziam

548 3778 986 3844 demonstrasset,
1032 3779 1077 3834 si
1116 3795 1145 3834 a
1191 3781 1506 3852 baptismate
1542 3781 1870 3837 destitisset?
1921 3781 2050 3836 Nam
2098 3797 2128 3837 e

547 3869 814 3924 contrario
841 3870 1014 3924 visum
1040 3865 1245 3937 fuisset,
1275 3873 1447 3940 ipsum
1475 3887 1538 3928 ex
1567 3872 1760 3927 invidia
1784 3873 1865 3928 vel
1911 3874 1985 3926 ira
2014 3887 2129 3927 ces-

548 3977 668 4016 sare
702 3979 715 4015 :
761 3961 1094 4030 persistcndo
1132 3973 1332 4030 autem,
1378 3964 1492 4018 hmc
1531 3963 1764 4029 ﬁrmiora
1802 3966 2123 4020 declarabat.

551 4052 662 4106 Non
693 4053 834 4108 enim
860 4054 960 4108 sibi
991 4055 1213 4121 gloriam
1248 4057 1610 4125 comparabat,
1639 4057 1731 4112 sed
1763 4058 2034 4113 auditores
2060 4057 2124 4112 ad

548 4143 815 4199 Christmn
843 4147 1104 4213 mittebat,
1132 4162 1230 4204 nec
1261 4149 1433 4202 minus
1457 4165 1618 4220 quam
1645 4149 1889 4220 discipuli
1919 4151 1983 4204 ad
2007 4166 2123 4205 eam

553 4251 662 4290 rem
692 4237 1007 4306 prtestabat;
1041 4239 1148 4293 ituo
1177 4240 1292 4308 plus
1322 4256 1479 4309 quam
1513 4239 1607 4294 illi.
1641 4239 1774 4295 Nam
1802 4251 2002 4311 quanto
2031 4242 2132 4295 mi-

553 4343 650 4380 nus
671 4338 975 4398 suspectum
1011 4341 1127 4385 erat
1165 4331 1283 4399 ejus
1321 4332 1706 4395 testimonium,
1739 4341 1886 4386 tanto
1927 4333 2130 4403 majore

550 4433 707 4485 quam
740 4419 836 4488 ipsi
867 4419 1003 4472 fama
1034 4419 1242 4474 valebat
1270 4420 1406 4489 apud
1433 4435 1640 4476 omnes.
1666 4421 1778 4478 Hoc
1807 4424 2128 4494 evangelista

551 4506 892 4562 subindicans
922 4509 1131 4564 dicebat
1164 4526 1176 4563 :
1209 4509 1431 4564 Exibunt
1472 4522 1518 4564 et
1560 4512 1943 4580 baptizabantur
1984 4514 2045 4566 ab
2072 4530 2130 4568 eo

551 4599 712 4652 onmis
749 4597 933 4653 Judtea
967 4608 1012 4654 et
1047 4600 1185 4672 regio
1225 4602 1360 4655 circa
1405 4600 1683 4656 Iordanem
1711 4603 1920 4673 (Matth.
1963 4607 2016 4660 ‘5.
2047 4605 2126 4673 5).

555 4687 829 4760 Iliseipt’ilis
857 4692 1266 4761 baptizantibus,
1315 4710 1418 4748 non
1448 4695 1727 4751 cessabant
1764 4697 1913 4751 multi
1940 4699 2003 4752 ad
2031 4698 2127 4753 Jo-

553 4795 743 4833 annem
775 4796 1070 4838 accurerre.
1091 4782 1242 4850 Quod
1265 4785 1308 4838 si
1327 4785 1444 4853 quis
1471 4796 1833 4855 percontetur,
1864 4788 1986 4857 quid
2010 4789 2130 4858 plus

557 4871 798 4926 habuerit
828 4873 1230 4942 discipulorum,
1263 4891 1420 4945 quam
1465 4877 1689 4933 Joannis
1719 4879 1977 4948 baptisma
1999 4883 2022 4934 ’ἔ
2043 4882 2126 4935 di-

551 4978 753 5029 cemus,
784 4963 934 5017 nihil.
962 4965 1090 5020 Nam
1121 4978 1403 5037 utrumque
1431 4969 1689 5039 baptisma
1707 4970 1935 5040 Spiritus
1957 4974 2126 5041 gratia

557 5069 776 5108 vacuum
806 5065 938 5120 erat,
970 5067 1022 5111 et
1049 5074 1150 5110 una
1181 5059 1452 5128 utriusque
1481 5061 1778 5130 baptizandi
1807 5079 1963 5118 causa
1991 5075 2126 5131 erat,

553 5154 610 5199 nt
635 5147 923 5216 baptizatos
948 5149 1014 5202 ad
1042 5147 1310 5204 Christum
1343 5153 1725 5218 pertraherent.
1756 5155 1831 5210 Ne
1859 5157 2001 5211 enim
2027 5158 2130 5212 cir-

554 5250 953 5296 eumcursautes
983 5243 1295 5313 colligerent
1325 5260 1418 5299 eos
1462 5246 1549 5314 qui
1578 5247 1825 5301 credituri
1857 5260 2030 5315 erant,
2073 5261 2131 5306 ut

556 5331 823 5387 Simonem
854 5334 1035 5399 frater,
1062 5336 1441 5394 Nathanaelem
1471 5338 1743 5409 Philippus
1771 5342 2125 5412 adduxerunt,

557 5421 823 5490 baptizare
870 5427 1282 5492 constituerunt,
1345 5439 1401 5483 ut
1456 5444 1549 5500 per
1585 5429 1901 5500 baptismum
1943 5449 2128 5490 omnes

619 5576 723 5650 'hln
749 5574 917 5650 libello
938 5582 1258 5650 Qumstionmn
1287 5589 1331 5633 in
1349 5593 1603 5650 _Joannem,
1632 5587 1786 5650 inquit
1827 5590 2042 5648 Saviltus,
2065 5593 2126 5641 ita

555 5636 732 5712 lygitur.
757 5639 833 5712 hie
857 5636 992 5712 locus
1016 5641 1235 5712 pluribus
1258 5648 1422 5712 verbis
1447 5661 1458 5694 :
1488 5636 2127 5712 ᾳιιαὶιιινὶἱὲὺαιιῃέιῖὲῖινιῆ*

554 5698 681 5774 dicat
700 5699 957 5774 dethisto
984 5739 998 5762 ,
1018 5698 1152 5773 quod
1169 5705 1465 5774 (inputaret,
1490 5698 1576 5759 ltoc
1599 5709 1735 5774 dicit,
1767 5698 2126 5774 n‘ou'c‘bristuin

547 5771 636 5832 pet"
682 5774 730 5809 se
773 5762 1018 5822 baptizare
1038 5762 1354 5832 signiﬁcans.
1382 5762 1466 5820 sed
1489 5762 1949 5832 ntagistro'tribucns
1979 5762 2124 5826 dis-ri;

550 5838 580 5881 υ
606 5820 769 5870 iturum
791 5820 978 5876 ntnnns.
1007 5820 1290 5879 Iz‘tt't't'im'snb
1306 5820 1408 5880 Ιιιιτ
1434 5830 1546 5882 (Ιιίιι
1569 5820 1662 5884 imit
1685 5820 1883 5895 desunt,
1909 5820 2000 5887 ctu.

1337 378 1694 449 5.10»:le
1731 374 2205 445 CllRYSOSTOlIl
2245 381 2558 440 ARCIIIEP.
2601 371 3130 438 CONSTAN’IINOP.

3706 368 3816 431 {63

2224 497 2338 553 sine
2353 497 2534 552 labore
2554 496 2942 564 pertraherent,
2963 504 3017 549 et
3033 496 3219 548 futura:
3235 490 3356 546 lidei
3379 491 3516 545 viam
3534 501 3800 561 pararent.

2215 588 2366 656 Quod
2396 597 2571 641 autem
2603 587 2717 641 lucc
2743 587 3057 655 bapti~mata
3089 584 3316 639 alterum
3344 585 3511 638 altero
3533 581 3663 636 nihil
3689 583 3808 652 plus

2221 679 2475 733 haberent
2501 678 2774 748 sequentia
2810 677 3064 732 indicant.
3092 676 3348 744 Quzenam
3372 674 3498 728 illa?
3525 673 3614 726 25.
3646 672 3807 726 Facta

2217 782 2310 835 est,
2347 770 2532 840 inquit,
2574 770 2783 832 qnazstio
2831 785 2891 822 ea:
2931 767 3193 836 discipulis
3219 765 3439 820 Joannis
3476 781 3591 819 cum
3615 763 3808 818 Judwo

2219 862 2283 914 de
2328 862 2698 930 purificatione.
2743 858 3048 914 luvidebant
3089 860 3283 928 quippe
3322 862 3537 925 semper
3561 854 3809 924 discipuli

2219 953 2439 1009 Joannis
2477 952 2672 1008 Christi
2708 953 3000 1024 discipulis,
3030 953 3138 1006 imo
3167 952 3262 1020 ipsi
3292 949 3546 1014 Christo;
3595 958 3650 1002 et
3686 963 3809 1002 cum

2224 1044 2463 1099 viderent
2513 1045 2630 1099 illus
2662 1044 2950 1110 baptizare,
2985 1058 3078 1098 eos
3109 1042 3196 1111 qtti
3241 1041 3644 1109 baptizabantur
3671 1039 3809 1093 alio.

2222 1135 2309 1204 qui
2343 1144 2638 1202 ca'pcrunt,
2667 1134 2815 1203 quasi
2846 1133 3106 1202 baptisma
3153 1148 3304 1185 suum
3331 1129 3458 1199 quid
3487 1130 3606 1201 plus
3642 1129 3808 1182 habe-

2225 1236 2326 1291 ret,
2359 1244 2516 1296 qnam
2565 1228 2822 1297 baptisma
2871 1226 3254 1295 discipulorum
3288 1225 3486 1279 Christi
3515 1243 3528 1280 :
3559 1232 3716 1292 atque
3743 1236 3811 1276 es

2225 1315 2502 1384 baptizatis
2553 1318 2784 1386 aliquem
2824 1316 3018 1382 adorti,
3055 1315 3104 1370 id
3154 1317 3228 1370 illi
3271 1315 3593 1385 persuadere
3633 1315 3812 1368 conati

2224 1417 2368 1473 sunt,
2397 1423 2494 1461 nec
2517 1415 2820 1477 potuerunt.
2851 1407 3000 1473 Quod
3039 1417 3216 1461 autem
3258 1407 3352 1471 illi,
3383 1421 3487 1459 non
3516 1414 3690 1460 autem
3713 1403 3809 1458 Juo

2224 1495 2373 1552 dazus
2419 1498 2526 1563 ille,
2569 1499 2919 1567 quntionem
2967 1505 3265 1563 moverint,
3307 1496 3428 1551 audi
3458 1495 3730 1566 quomodo
3763 1496 3817 1549 id

2225 1591 2544 1661 evangelista
2573 1591 2890 1648 subindicet.
2923 1591 3038 1646 Non
3072 1592 3214 1646 enim
3245 1591 3397 1654 dixit,
3427 1589 3670 1644 Judteum
3710 1589 3813 1642 ali-

2225 1698 2383 1753 quem
2413 1684 2478 1736 ab
2509 1683 2614 1738 illis
2658 1684 2989 1752 qumsivisse,
3020 1683 3115 1738 sed
3165 1698 3230 1737 ex
3270 1682 3494 1738 Joannis
3538 1679 3817 1748 discipulis

2225 1774 2572 1842 quzcstionem
2597 1784 2792 1829 motam
2823 1774 2986 1829 fuisse
3014 1789 3134 1828 cum
3165 1773 3348 1829 Juda‘o
3367 1772 3596 1844 quodam
3625 1773 3692 1827 de
3715 1787 3816 1841 pu-

2228 1863 2540 1932 rilicatione.

2297 1954 2352 2009 2.
2393 1953 2713 2011 Consideres
2745 1964 2923 2011 autem
2955 1957 3114 2011 velim
3148 1954 3490 2025 evangelista:
3519 1954 3811 2009 lenitatem.

2231 2045 2342 2100 Non
2370 2048 2512 2101 enim
2555 2047 2605 2101 in
2635 2047 2920 2103 adversum
2964 2047 3232 2101 invehitur
3255 2089 3268 2112 ,
3301 2046 3395 2101 sed
3443 2061 3538 2115 pro
3570 2045 3818 2099 facultate

2227 2140 2435 2209 culpam
2478 2141 2701 2206 minuit,
2748 2142 3208 2211 qumstionemque
3250 2140 3412 2195 fuisse
3451 2138 3819 2194 tantummodo

2226 2231 2376 2287 dicit.
2405 2231 2539 2286 Nam
2564 2233 2702 2302 quod
2730 2249 2791 2288 ex
2825 2233 3023 2288 invidia
3055 2233 3127 2288 illi
3157 2233 3360 2304 loquuti
3385 2234 3514 2300 sint,
3539 2233 3818 2304 sequentia

2230 2324 2482 2388 indicant,
2507 2341 2623 2394 qua:
2648 2327 2808 2380 etiam
2837 2327 2926 2382 ille
2953 2326 3226 2381 moderate
3253 2329 3482 2382 narravit
3509 2343 3524 2391 ;
3555 2343 3677 2382 nam
3704 2328 3775 2381 ait
3802 2346 3815 2383 :

2227 2415 2317 2469 26.
2355 2414 2604 2470 Venerunt
2624 2416 2692 2469 ad
2712 2416 2961 2470 Joannem
2982 2428 3028 2471 et
3050 2419 3280 2471 dixerunt
3301 2418 3348 2472 ei
3366 2434 3382 2470 :
3407 2417 3586 2480 Robbi,
3606 2421 3694 2488 qui
3713 2428 3824 2473 erat

2231 2515 2390 2558 tecum
2417 2515 2558 2559 trans
2581 2504 2861 2560 Iordanem
2882 2548 2897 2572 ,
2927 2508 3008 2560 cui
3035 2517 3087 2560 tu
3118 2509 3453 2561 testimonium
3483 2509 3776 2578 perhibuisti
3802 2550 3815 2572 ,

2232 2614 2342 2652 ecce
2384 2599 2465 2651 hic
2498 2598 2752 2667 baptisat,
2787 2609 2832 2652 et
2877 2615 3051 2654 omnes
3089 2601 3288 2653 ueniunt
3329 2600 3398 2652 ad
3437 2616 3586 2662 eum;
3620 2601 3668 2655 id
3699 2609 3817 2664 est,

2231 2690 2398 2758 Quem
2445 2700 2498 2744 tu
2543 2691 2851 2760 baptizasti;
2885 2706 3005 2746 nam
3046 2691 3174 2746 illud
3200 2732 3215 2756 ,
3259 2691 3352 2746 Cui
3391 2699 3444 2744 tu
3482 2693 3819 2746 testimonium

2232 2780 2545 2848 perhibuisti,
2577 2781 2679 2836 hoc
2708 2781 2939 2848 indicat,
2975 2797 3038 2837 ac
3065 2783 3108 2836 si
3135 2782 3395 2848 dicerent,
3423 2784 3590 2850 Quem
3617 2783 3820 2838 clarum

2230 2883 2282 2928 et
2301 2875 2645 2944 conspicuum
2667 2875 2914 2941 effecisti,
2939 2877 3052 2933 luce
3074 2893 3192 2947 qua:
3219 2887 3274 2931 tu
3301 2877 3429 2931 facis
3451 2879 3612 2935 aud-et
3633 2895 3820 2950 aggre-

2229 2966 2304 3019 di.
2349 2964 2464 3021 Non
2507 2965 2790 3033 dixerunt,
2821 2967 2990 3035 Quem
3033 2979 3086 3022 ιιι
3132 2969 3411 3038 baptizasti
3445 2986 3458 3022 :
3488 2986 3610 3024 nam
3649 2971 3818 3024 coacti

2233 3055 2456 3112 fuissent
2471 3072 2654 3113 vocem
2679 3059 2820 3113 illam
2843 3074 3127 3128 supernam
3147 3074 3592 3128 commemorare,
3612 3078 3821 3117 necnon

2231 3148 2461 3219 Spiritus
2486 3150 2656 3204 sancti
2683 3150 2999 3207 descensum
3027 3151 3156 3206 :sed
3185 3151 3311 3222 quid
3341 3153 3562 3208 dicunt?
3593 3154 3690 3219 Qui
3713 3165 3822 3208 erat

2233 3248 2392 3292 terum
2419 3250 2559 3293 trans
2587 3239 2863 3294 Iordanem
2882 3284 2896 3307 ,
2925 3242 3006 3295 cui
3033 3252 3086 3295 tu
3119 3243 3458 3298 testimonium
3485 3245 3778 3314 per/tibitiin
3803 3260 3819 3298 .'

2233 3330 2283 3383 id
2313 3341 2416 3397 est,
2445 3330 2544 3398 Qui
2570 3332 2620 3386 in
2647 3331 3025 3404 discipulorum
3053 3333 3242 3389 ordine
3265 3345 3400 3400 erat,
3426 3336 3514 3405 qui
3541 3335 3670 3390 nihil
3704 3337 3822 3405 plus

2235 3420 2461 3478 habebat
2487 3439 2645 3494 quam
2678 3439 2810 3490 nos,
2847 3426 2892 3479 is
2921 3440 2980 3480 se
3010 3425 3105 3481 abs
3136 3436 3186 3481 te
3213 3441 3534 3497 segregans,
3570 3426 3817 3497 baptizat.

2233 3513 2348 3570 Non
2378 3515 2480 3571 hoc
2508 3526 2684 3570 autem
2713 3518 2884 3572 solum
2915 3517 3074 3573 modo
3101 3519 3354 3587 putabant
3381 3533 3441 3574 se
3470 3519 3619 3573 illum
3644 3520 3825 3574 cuneis

2237 3616 2348 3662 tare
2371 3623 2544 3677 passo,
2568 3607 2660 3663 sed
2683 3608 2823 3678 quod
2843 3608 3002 3662 etiam
3020 3621 3115 3662 sua
3129 3609 3236 3679 jam
3261 3610 3438 3663 minus
3456 3609 3598 3664 clara
3618 3618 3670 3665 et
3688 3624 3813 3664 con-

2236 3699 2418 3768 Spicua
2450 3700 2625 3754 forent
2653 3717 2664 3752 :
2699 3699 2886 3754 Omnes
2912 3701 3042 3754 enim
3067 3701 3266 3754 veniunt
3297 3701 3365 3753 ad
3392 3717 3526 3765 eum,
3558 3701 3819 3772 inquiunt.

2241 3788 2390 3844 Unde
2418 3791 2586 3858 palam
2619 3800 2696 3845 est
2729 3804 2824 3845 eos
2854 3807 2952 3846 nec
2981 3789 3243 3854 Judaeum,
3277 3792 3489 3862 quicum
3520 3793 3825 3862 disputavco

2238 3893 2356 3936 rant
2379 3923 2393 3944 ,
2427 3882 2492 3937 ad
2522 3898 2670 3937 suam
2701 3885 3020 3938 sententiam
3056 3883 3363 3938 adduxisse.
3396 3884 3520 3940 llaec
3552 3901 3712 3956 porro
3735 3887 3822 3939 di-

2235 3975 2427 4031 cebant
2446 4016 2459 4041 ,
2487 3975 2627 4045 quod
2653 3975 2827 4030 adhuc
2855 3976 3298 4044 imperfectiores,
3330 3993 3427 4033 nec
3459 3993 3677 4048 prorsus
3707 3995 3825 4035 am-

2235 4066 2435 4121 bitione
2480 4069 2626 4120 vacui
2671 4076 2868 4122 essent.
2916 4067 3052 4136 Quid
3093 4083 3220 4138 ergo
3250 4068 3521 4125 Joannes?
3561 4070 3669 4126 Nec
3710 4073 3826 4144 ipse

2238 4161 2357 4215 illos
2385 4160 2731 4215 vehementer
2759 4161 2953 4231 arguit,
2982 4178 3048 4214 ne
3075 4176 3134 4216 se
3166 4162 3352 4216 relicto
3380 4163 3524 4217 aliud
3553 4165 3823 4234 quidpiam

2237 4251 2362 4305 mali
2392 4253 2838 4321 aggrederentur;
2873 4251 2965 4306 sed
2994 4251 3119 4321 quid
3151 4251 3321 4307 dicit?
3348 4252 3437 4308 27.
3476 4253 3638 4308 Nemo
3666 4265 3828 4325 potest

2237 4347 2464 4413 accipere
2499 4346 2793 4415 quidquam,
2827 4345 2925 4398 nisi
2954 4345 3105 4411 fuerit
3132 4346 3178 4399 ei
3204 4349 3375 4400 datum
3404 4347 3467 4400 de
3494 4349 3640 4402 calo.
3671 4349 3823 4414 Quod

2239 4438 2281 4489 si
2314 4437 2562 4490 humilius
2589 4437 2834 4506 loquatur
2857 4437 2924 4492 de
2951 4435 3195 4504 Christo,
3227 4453 3293 4492 ne
3317 4439 3561 4506 mireris;
3593 4455 3696 4494 non
3728 4457 3826 4509 po-

2240 4538 2377 4582 terat
2421 4529 2510 4582 tali
2538 4527 2728 4583 aﬂcclu
2761 4538 3163 4599 prteoccupatos
3192 4530 3370 4584 statim
3401 4531 3578 4585 omnia
3609 4531 3826 4587 docere.

2235 4619 2337 4674 Sed
2375 4619 2487 4672 vnlt
2521 4620 2732 4673 interim
2776 4619 2897 4674 illos
2937 4627 3143 4675 terrere
3167 4661 3184 4687 ,
3227 4621 3462 4691 ipsisque
3500 4624 3785 4680 ostendere
3808 4668 3825 4691 ,

2239 4709 2384 4777 ipsos
2415 4724 2518 4761 non
2563 4709 2653 4762 alii
2694 4724 2849 4777 quam
2897 4710 3006 4764 Deo
3051 4711 3147 4780 ipsi
3183 4710 3474 4778 adversari,
3514 4714 3637 4768 dum
3681 4716 3827 4770 illum

2239 4799 2640 4868 impugnarent;
2687 4800 2825 4870 quod
2875 4801 3047 4871 ipsum
3092 4802 3303 4858 dicebat
3349 4803 3606 4861 Cainaliel
3651 4824 3664 4859 :
3707 4806 3829 4862 Non

2238 4892 2463 4961 poteritis
2503 4893 2773 4946 dissolvere
2813 4893 2944 4946 illud
2967 4935 2982 4960 ,
3013 4895 3280 4964 nequando
3318 4907 3366 4950 et
3402 4896 3510 4951 Deo
3545 4914 3830 4970 repugnare

2239 4983 2561 5052 reperiamini
2585 4985 2599 5014 ¹
2629 4985 2767 5051 (Act.
2799 4986 2851 5038 5.
2883 4985 2994 5054 59).
3031 4985 3140 5041 lloc
3164 4997 3217 5041 et
3243 4988 3356 5058 ipse
3381 4989 3708 5045 subobscure
3731 4991 3830 5044 atl-

2238 5076 2412 5128 strnit.
2453 5074 2586 5130 Cum
2628 5077 2769 5130 enim
2810 5076 2974 5142 dicit,
3019 5076 3186 5132 Nemo
3226 5089 3386 5148 potest
3423 5081 3688 5149 accipere,
3729 5083 3830 5134 nisi

2237 5167 2384 5236 fuerit
2423 5169 2468 5221 ei
2514 5169 2689 5222 datum
2728 5169 2792 5223 de
2817 5171 2978 5234 ca'lo;
3009 5169 3138 5224 nihil
3161 5171 3302 5225 aliud
3334 5172 3638 5244 significat,
3665 5189 3827 5244 quam

2239 5258 2382 5326 ipsos
2420 5259 2766 5328 impossibilia
2797 5261 3011 5332 aggredi
3039 5304 3053 5327 ,
3087 5263 3317 5332 hincque
3349 5263 3462 5318 Deo
3487 5263 3828 5320 adversarios

2238 5349 2586 5419 deprehendi.
2608 5352 2744 5418 Quid
2771 5353 2967 5422 igitur?
2998 5353 3248 5410 Theudas
3273 5370 3451 5412 nonne
3476 5371 3506 5410 a
3533 5357 3710 5428 seipse
3733 5372 3826 5412 ac-

2235 5441 2489 5509 ceperat?
2532 5442 2825 5511 Acceperat
2869 5445 3118 5513 quidem,
3165 5446 3258 5501 sed
3307 5448 3486 5501 statim
3532 5456 3827 5517 prostratus

2239 5533 2393 5601 periit
2424 5550 2434 5582 :
2465 5549 2550 5586 res
2595 5544 2770 5588 autem
2815 5536 3012 5590 Christi
3055 5551 3158 5590 non
3205 5538 3301 5590 sic.
3356 5539 3488 5592 lline
3535 5552 3628 5592 eos
3664 5539 3826 5592 etiam

2238 5624 2437 5677 sensim
2491 5625 2830 5692 consolatur,
2880 5627 3170 5681 ostendens
3215 5643 3319 5681 mut
3371 5628 3682 5696 hominem,
3730 5626 3828 5684 sed

2240 5719 2401 5771 Deum
2443 5732 2563 5770 esse
2592 5718 2677 5787 qui
2711 5719 2853 5788 ipsos
2882 5719 3046 5790 gloria
3087 5732 3384 5790 superaret.
3419 5723 3753 5792 Quapropter
3779 5720 3824 5776 si

2306 5845 2318 5871 ³
2356 5841 2517 5892 \tnrcl.
2549 5841 2689 5904 legit,
2718 5861 3030 5910 rt'pi't'ttmmr.
3060 5849 3506 5912 pro,rcmmmtint'.
