  <div class='ocr_page' id='page_1' title='image "/cluster/home/n/w/nwhite01/storage/ocr_20150623/59/uva.x004914832/170.png"; bbox 0 0 4120 6488; ppageno 0'>
   <div class='ocr_carea' id='block_1_1' title="bbox 249 434 357 492">
    <p class='ocr_par' dir='ltr' id='par_1_1' title="bbox 249 434 357 492">
     <span class='ocr_line' id='line_1_1' title="bbox 249 434 357 492; baseline -0.019 -2"><span class='ocrx_word' id='word_1_1' title='bbox 249 434 357 492; x_wconf 61' lang='lat'><strong>169</strong></span> 
     </span>
    </p>
   </div>
   <div class='ocr_carea' id='block_1_2' title="bbox 263 533 1875 616">
    <p class='ocr_par' dir='ltr' id='par_1_2' title="bbox 263 533 1875 616">
     <span class='ocr_line' id='line_1_2' title="bbox 263 533 1875 616; baseline -0.008 -16"><span class='ocrx_word' id='word_1_2' title='bbox 263 544 567 616; x_wconf 75' lang='lat' dir='ltr'><strong>splendida:</strong></span> <span class='ocrx_word' id='word_1_3' title='bbox 611 556 704 597; x_wconf 89' lang='lat' dir='ltr'><strong>res</strong></span> <span class='ocrx_word' id='word_1_4' title='bbox 744 540 859 610; x_wconf 73' lang='lat' dir='ltr'><strong>ejus</strong></span> <span class='ocrx_word' id='word_1_5' title='bbox 885 547 1103 605; x_wconf 77' lang='lat' dir='ltr'><strong>essent,</strong></span> <span class='ocrx_word' id='word_1_6' title='bbox 1135 538 1178 593; x_wconf 87' lang='lat' dir='ltr'><strong>si</strong></span> <span class='ocrx_word' id='word_1_7' title='bbox 1221 551 1409 592; x_wconf 87' lang='lat' dir='ltr'><strong>omnes</strong></span> <span class='ocrx_word' id='word_1_8' title='bbox 1451 535 1596 590; x_wconf 91' lang='lat' dir='ltr'><strong>illum</strong></span> <span class='ocrx_word' id='word_1_9' title='bbox 1626 533 1875 597; x_wconf 81' lang='lat' dir='ltr'><strong>adirem,</strong></span> 
     </span>
    </p>
   </div>
   <div class='ocr_carea' id='block_1_3' title="bbox 260 625 1879 700">
    <p class='ocr_par' dir='ltr' id='par_1_3' title="bbox 260 625 1879 700">
     <span class='ocr_line' id='line_1_3' title="bbox 260 625 1879 700; baseline -0.007 -11"><span class='ocrx_word' id='word_1_10' title='bbox 260 651 361 690; x_wconf 87' lang='lat' dir='ltr'><strong>non</strong></span> <span class='ocrx_word' id='word_1_11' title='bbox 394 633 718 688; x_wconf 87' lang='lat' dir='ltr'><strong>mirandum</strong></span> <span class='ocrx_word' id='word_1_12' title='bbox 749 647 904 696; x_wconf 62' lang='lat' dir='ltr'><strong>esse;</strong></span> <span class='ocrx_word' id='word_1_13' title='bbox 938 628 1241 700; x_wconf 91' lang='lat' dir='ltr'><strong>hujusmodi</strong></span> <span class='ocrx_word' id='word_1_14' title='bbox 1271 628 1413 683; x_wconf 90' lang='lat' dir='ltr'><strong>enim</strong></span> <span class='ocrx_word' id='word_1_15' title='bbox 1445 636 1570 682; x_wconf 89' lang='lat' dir='ltr'><strong>sunt</strong></span> <span class='ocrx_word' id='word_1_16' title='bbox 1606 641 1694 682; x_wconf 90' lang='lat' dir='ltr'><strong>res</strong></span> <span class='ocrx_word' id='word_1_17' title='bbox 1740 625 1879 679; x_wconf 88' lang='lat' dir='ltr'><strong>divi-</strong></span> 
     </span>
    </p>
   </div>
   <div class='ocr_carea' id='block_1_4' title="bbox 258 715 1875 792">
    <p class='ocr_par' dir='ltr' id='par_1_4' title="bbox 258 715 1875 792">
     <span class='ocr_line' id='line_1_4' title="bbox 258 715 1875 792; baseline -0.006 -13"><span class='ocrx_word' id='word_1_18' title='bbox 258 739 372 789; x_wconf 73' lang='lat' dir='ltr'><strong>nze;</strong></span> <span class='ocrx_word' id='word_1_19' title='bbox 411 735 466 779; x_wconf 88' lang='lat' dir='ltr'><strong>et</strong></span> <span class='ocrx_word' id='word_1_20' title='bbox 503 725 680 779; x_wconf 85' lang='lat' dir='ltr'><strong>Deum</strong></span> <span class='ocrx_word' id='word_1_21' title='bbox 722 738 840 778; x_wconf 85' lang='lat' dir='ltr'><strong>esse</strong></span> <span class='ocrx_word' id='word_1_22' title='bbox 877 723 968 792; x_wconf 85' lang='lat' dir='ltr'><strong>qui</strong></span> <span class='ocrx_word' id='word_1_23' title='bbox 1011 721 1158 776; x_wconf 63' lang='lat' dir='ltr'><strong>istaec</strong></span> <span class='ocrx_word' id='word_1_24' title='bbox 1197 728 1525 789; x_wconf 76' lang='lat' dir='ltr'><strong>appararet:</strong></span> <span class='ocrx_word' id='word_1_25' title='bbox 1562 717 1693 771; x_wconf 88' lang='lat' dir='ltr'><strong>alias</strong></span> <span class='ocrx_word' id='word_1_26' title='bbox 1732 715 1875 771; x_wconf 92' lang='lat' dir='ltr'><strong>enim</strong></span> 
     </span>
    </p>
   </div>
   <div class='ocr_carea' id='block_1_5' title="bbox 256 808 1879 882">
    <p class='ocr_par' dir='ltr' id='par_1_5' title="bbox 256 808 1879 882">
     <span class='ocr_line' id='line_1_5' title="bbox 256 808 1879 882; baseline -0.005 -10"><span class='ocrx_word' id='word_1_27' title='bbox 256 832 358 872; x_wconf 89' lang='lat' dir='ltr'><strong>non</strong></span> <span class='ocrx_word' id='word_1_28' title='bbox 396 826 622 871; x_wconf 87' lang='lat' dir='ltr'><strong>tantum</strong></span> <span class='ocrx_word' id='word_1_29' title='bbox 665 814 1014 870; x_wconf 91' lang='lat' dir='ltr'><strong>invaluissent</strong></span> <span class='ocrx_word' id='word_1_30' title='bbox 1037 815 1076 866; x_wconf 80' lang='lat'><strong>&#39;.</strong></span> <span class='ocrx_word' id='word_1_31' title='bbox 1113 813 1352 867; x_wconf 89' lang='lat' dir='ltr'><strong>llumana</strong></span> <span class='ocrx_word' id='word_1_32' title='bbox 1378 811 1575 882; x_wconf 87' lang='lat' dir='ltr'><strong>quippe</strong></span> <span class='ocrx_word' id='word_1_33' title='bbox 1605 808 1759 864; x_wconf 49' lang='lat' dir='ltr'><strong>facile</strong></span> <span class='ocrx_word' id='word_1_34' title='bbox 1785 808 1879 864; x_wconf 88' lang='lat' dir='ltr'><strong>de-</strong></span> 
     </span>
    </p>
   </div>
   <div class='ocr_carea' id='block_1_6' title="bbox 258 903 1874 977">
    <p class='ocr_par' dir='ltr' id='par_1_6' title="bbox 258 903 1874 977">
     <span class='ocr_line' id='line_1_6' title="bbox 258 903 1874 977; baseline -0.004 -17"><span class='ocrx_word' id='word_1_35' title='bbox 258 907 706 977; x_wconf 89' lang='lat' dir='ltr'><strong>prehenduntur,</strong></span> <span class='ocrx_word' id='word_1_36' title='bbox 729 918 781 962; x_wconf 93' lang='lat' dir='ltr'><strong>et</strong></span> <span class='ocrx_word' id='word_1_37' title='bbox 805 906 945 960; x_wconf 80' lang='lat' dir='ltr'><strong>ﬁuxa</strong></span> <span class='ocrx_word' id='word_1_38' title='bbox 969 913 1116 970; x_wconf 88' lang='lat' dir='ltr'><strong>sunt,</strong></span> <span class='ocrx_word' id='word_1_39' title='bbox 1140 905 1248 959; x_wconf 91' lang='lat' dir='ltr'><strong>cito</strong></span> <span class='ocrx_word' id='word_1_40' title='bbox 1270 903 1518 959; x_wconf 78' lang='lat' dir='ltr'><strong>difﬂuunt</strong></span> <span class='ocrx_word' id='word_1_41' title='bbox 1538 911 1590 956; x_wconf 91' lang='lat' dir='ltr'><strong>et</strong></span> <span class='ocrx_word' id='word_1_42' title='bbox 1617 909 1874 970; x_wconf 88' lang='lat' dir='ltr'><strong>pereunt;</strong></span> 
     </span>
    </p>
   </div>
   <div class='ocr_carea' id='block_1_7' title="bbox 256 993 1877 1071">
    <p class='ocr_par' dir='ltr' id='par_1_7' title="bbox 256 993 1877 1071">
     <span class='ocr_line' id='line_1_7' title="bbox 256 993 1877 1071; baseline -0.006 -16"><span class='ocrx_word' id='word_1_43' title='bbox 256 1001 368 1055; x_wconf 63' lang='lat' dir='ltr'><strong>base</strong></span> <span class='ocrx_word' id='word_1_44' title='bbox 409 1016 589 1071; x_wconf 88' lang='lat' dir='ltr'><strong>porro</strong></span> <span class='ocrx_word' id='word_1_45' title='bbox 629 1016 734 1054; x_wconf 87' lang='lat' dir='ltr'><strong>non</strong></span> <span class='ocrx_word' id='word_1_46' title='bbox 771 999 933 1063; x_wconf 88' lang='lat' dir='ltr'><strong>item;</strong></span> <span class='ocrx_word' id='word_1_47' title='bbox 977 1013 1150 1067; x_wconf 90' lang='lat' dir='ltr'><strong>neque</strong></span> <span class='ocrx_word' id='word_1_48' title='bbox 1179 997 1338 1066; x_wconf 90' lang='lat' dir='ltr'><strong>igitur</strong></span> <span class='ocrx_word' id='word_1_49' title='bbox 1369 995 1600 1049; x_wconf 86' lang='lat' dir='ltr'><strong>humana</strong></span> <span class='ocrx_word' id='word_1_50' title='bbox 1632 1001 1777 1048; x_wconf 88' lang='lat' dir='ltr'><strong>sunt.</strong></span> <span class='ocrx_word' id='word_1_51' title='bbox 1813 993 1877 1047; x_wconf 80' lang='lat' dir='ltr'><strong>Et</strong></span> 
     </span>
    </p>
   </div>
   <div class='ocr_carea' id='block_1_8' title="bbox 254 1084 1879 1159">
    <p class='ocr_par' dir='ltr' id='par_1_8' title="bbox 254 1084 1879 1159">
     <span class='ocr_line' id='line_1_8' title="bbox 254 1084 1879 1159; baseline -0.002 -17"><span class='ocrx_word' id='word_1_52' title='bbox 254 1090 638 1146; x_wconf 75' lang='lat' dir='ltr'><strong>animadverte</strong></span> <span class='ocrx_word' id='word_1_53' title='bbox 666 1088 936 1159; x_wconf 83' lang='lat' dir='ltr'><strong>quomodo</strong></span> <span class='ocrx_word' id='word_1_54' title='bbox 967 1103 1087 1142; x_wconf 90' lang='lat' dir='ltr'><strong>cum</strong></span> <span class='ocrx_word' id='word_1_55' title='bbox 1120 1087 1393 1151; x_wconf 86' lang='lat' dir='ltr'><strong>dicerent,</strong></span> <span class='ocrx_word' id='word_1_56' title='bbox 1426 1084 1521 1141; x_wconf 87' lang='lat' dir='ltr'><strong>Cui</strong></span> <span class='ocrx_word' id='word_1_57' title='bbox 1559 1095 1614 1138; x_wconf 88' lang='lat' dir='ltr'><strong>tu</strong></span> <span class='ocrx_word' id='word_1_58' title='bbox 1653 1085 1879 1138; x_wconf 86' lang='lat' dir='ltr'><strong>testimo-</strong></span> 
     </span>
    </p>
   </div>
   <div class='ocr_carea' id='block_1_9' title="bbox 254 1176 1878 1252">
    <p class='ocr_par' dir='ltr' id='par_1_9' title="bbox 254 1176 1878 1252">
     <span class='ocr_line' id='line_1_9' title="bbox 254 1176 1878 1252; baseline -0.003 -18"><span class='ocrx_word' id='word_1_59' title='bbox 254 1181 395 1236; x_wconf 84' lang='lat' dir='ltr'><strong>nium</strong></span> <span class='ocrx_word' id='word_1_60' title='bbox 421 1181 734 1252; x_wconf 80' lang='lat' dir='ltr'><strong>perlsibuisti</strong></span> <span class='ocrx_word' id='word_1_61' title='bbox 758 1221 771 1242; x_wconf 92' lang='lat'><strong>,</strong></span> <span class='ocrx_word' id='word_1_62' title='bbox 803 1187 1158 1250; x_wconf 73' lang='lat' dir='ltr'><strong>paterentque</strong></span> <span class='ocrx_word' id='word_1_63' title='bbox 1188 1177 1316 1234; x_wconf 91' lang='lat' dir='ltr'><strong>illud</strong></span> <span class='ocrx_word' id='word_1_64' title='bbox 1342 1178 1408 1232; x_wconf 86' lang='lat' dir='ltr'><strong>ad</strong></span> <span class='ocrx_word' id='word_1_65' title='bbox 1441 1176 1711 1232; x_wconf 79' lang='lat' dir='ltr'><strong>Lbristum</strong></span> <span class='ocrx_word' id='word_1_66' title='bbox 1743 1176 1878 1246; x_wconf 79' lang='lat' dir='ltr'><strong>deji-</strong></span> 
     </span>
    </p>
   </div>
   <div class='ocr_carea' id='block_1_10' title="bbox 254 1254 1874 1340">
    <p class='ocr_par' dir='ltr' id='par_1_10' title="bbox 254 1254 1874 1340">
     <span class='ocr_line' id='line_1_10' title="bbox 254 1254 1874 1340; baseline -0.003 -13"><span class='ocrx_word' id='word_1_67' title='bbox 254 1272 509 1328; x_wconf 89' lang='lat' dir='ltr'><strong>ciendum</strong></span> <span class='ocrx_word' id='word_1_68' title='bbox 534 1273 863 1338; x_wconf 90' lang='lat' dir='ltr'><strong>conducere,</strong></span> <span class='ocrx_word' id='word_1_69' title='bbox 883 1272 985 1326; x_wconf 93' lang='lat' dir='ltr'><strong>hoe</strong></span> <span class='ocrx_word' id='word_1_70' title='bbox 1005 1271 1181 1340; x_wconf 87' lang='lat' dir='ltr'><strong>ipsum</strong></span> <span class='ocrx_word' id='word_1_71' title='bbox 1196 1254 1255 1325; x_wconf 38' lang='lat' dir='ltr'><strong>&#39;in</strong></span> <span class='ocrx_word' id='word_1_72' title='bbox 1281 1270 1400 1326; x_wconf 90' lang='lat' dir='ltr'><strong>illos</strong></span> <span class='ocrx_word' id='word_1_73' title='bbox 1416 1278 1716 1325; x_wconf 77' lang='lat' dir='ltr'><strong>convertat.</strong></span> <span class='ocrx_word' id='word_1_74' title='bbox 1741 1268 1874 1323; x_wconf 83' lang='lat' dir='ltr'><strong>Nam</strong></span> 
     </span>
    </p>
   </div>
   <div class='ocr_carea' id='block_1_11' title="bbox 255 1360 1873 1434">
    <p class='ocr_par' dir='ltr' id='par_1_11' title="bbox 255 1360 1873 1434">
     <span class='ocr_line' id='line_1_11' title="bbox 255 1360 1873 1434; baseline -0.003 -15"><span class='ocrx_word' id='word_1_75' title='bbox 255 1366 402 1434; x_wconf 87' lang='lat' dir='ltr'><strong>prius</strong></span> <span class='ocrx_word' id='word_1_76' title='bbox 429 1380 563 1420; x_wconf 90' lang='lat' dir='ltr'><strong>cum</strong></span> <span class='ocrx_word' id='word_1_77' title='bbox 599 1365 958 1430; x_wconf 85' lang='lat' dir='ltr'><strong>ostendisset,</strong></span> <span class='ocrx_word' id='word_1_78' title='bbox 992 1380 1098 1420; x_wconf 88' lang='lat' dir='ltr'><strong>non</strong></span> <span class='ocrx_word' id='word_1_79' title='bbox 1130 1378 1195 1419; x_wconf 83' lang='lat' dir='ltr'><strong>ex</strong></span> <span class='ocrx_word' id='word_1_80' title='bbox 1236 1364 1546 1418; x_wconf 88' lang='lat' dir='ltr'><strong>testimonio</strong></span> <span class='ocrx_word' id='word_1_81' title='bbox 1585 1377 1684 1417; x_wconf 90' lang='lat' dir='ltr'><strong>suo</strong></span> <span class='ocrx_word' id='word_1_82' title='bbox 1712 1360 1873 1416; x_wconf 83' lang='lat' dir='ltr'><strong>Citri-</strong></span> 
     </span>
    </p>
   </div>
   <div class='ocr_carea' id='block_1_12' title="bbox 255 1453 1877 1526">
    <p class='ocr_par' dir='ltr' id='par_1_12' title="bbox 255 1453 1877 1526">
     <span class='ocr_line' id='line_1_12' title="bbox 255 1453 1877 1526; baseline -0.002 -17"><span class='ocrx_word' id='word_1_83' title='bbox 255 1465 397 1512; x_wconf 88' lang='lat' dir='ltr'><strong>stum</strong></span> <span class='ocrx_word' id='word_1_84' title='bbox 425 1455 644 1511; x_wconf 89' lang='lat' dir='ltr'><strong>clarum</strong></span> <span class='ocrx_word' id='word_1_85' title='bbox 671 1457 910 1511; x_wconf 80' lang='lat' dir='ltr'><strong>evasisse</strong></span> <span class='ocrx_word' id='word_1_86' title='bbox 933 1496 948 1521; x_wconf 94' lang='lat'><strong>,</strong></span> <span class='ocrx_word' id='word_1_87' title='bbox 985 1455 1109 1510; x_wconf 88' lang='lat' dir='ltr'><strong>hinc</strong></span> <span class='ocrx_word' id='word_1_88' title='bbox 1137 1463 1325 1526; x_wconf 81' lang='lat' dir='ltr'><strong>postea</strong></span> <span class='ocrx_word' id='word_1_89' title='bbox 1352 1455 1494 1524; x_wconf 89' lang='lat' dir='ltr'><strong>ipsos</strong></span> <span class='ocrx_word' id='word_1_90' title='bbox 1524 1453 1766 1522; x_wconf 85' lang='lat' dir='ltr'><strong>reprimit</strong></span> <span class='ocrx_word' id='word_1_91' title='bbox 1794 1453 1877 1506; x_wconf 83' lang='lat' dir='ltr'><strong>di-</strong></span> 
     </span>
    </p>
   </div>
   <div class='ocr_carea' id='block_1_13' title="bbox 255 1546 1878 1617">
    <p class='ocr_par' dir='ltr' id='par_1_13' title="bbox 255 1546 1878 1617">
     <span class='ocr_line' id='line_1_13' title="bbox 255 1546 1878 1617; baseline -0.001 -17"><span class='ocrx_word' id='word_1_92' title='bbox 255 1562 388 1603; x_wconf 88' lang='lat' dir='ltr'><strong>cens</strong></span> <span class='ocrx_word' id='word_1_93' title='bbox 413 1566 426 1600; x_wconf 88' lang='lat'>:</span> <span class='ocrx_word' id='word_1_94' title='bbox 453 1546 587 1602; x_wconf 81' lang='lat' dir='ltr'><strong>Non</strong></span> <span class='ocrx_word' id='word_1_95' title='bbox 608 1555 766 1617; x_wconf 81' lang='lat' dir='ltr'><strong>potest</strong></span> <span class='ocrx_word' id='word_1_96' title='bbox 794 1547 942 1600; x_wconf 84' lang='lat' dir='ltr'><strong>Itonia</strong></span> <span class='ocrx_word' id='word_1_97' title='bbox 966 1564 996 1598; x_wconf 82' lang='grc' dir='ltr'><strong>ιι</strong></span> <span class='ocrx_word' id='word_1_98' title='bbox 1019 1548 1186 1616; x_wconf 79' lang='lat' dir='ltr'><strong>seipso</strong></span> <span class='ocrx_word' id='word_1_99' title='bbox 1209 1548 1436 1617; x_wconf 83' lang='lat' dir='ltr'><strong>accipere</strong></span> <span class='ocrx_word' id='word_1_100' title='bbox 1457 1547 1755 1616; x_wconf 75' lang='lat' dir='ltr'><strong>quidquam,</strong></span> <span class='ocrx_word' id='word_1_101' title='bbox 1781 1546 1878 1599; x_wconf 83' lang='lat' dir='ltr'><strong>nisi</strong></span> 
     </span>
    </p>
   </div>
   <div class='ocr_carea' id='block_1_14' title="bbox 232 1638 1875 1710">
    <p class='ocr_par' dir='ltr' id='par_1_14' title="bbox 232 1638 1875 1710">
     <span class='ocr_line' id='line_1_14' title="bbox 232 1638 1875 1710; baseline -0.002 -18"><span class='ocrx_word' id='word_1_102' title='bbox 232 1639 350 1706; x_wconf 77' lang='lat' dir='ltr'><strong>ipsi</strong></span> <span class='ocrx_word' id='word_1_103' title='bbox 391 1641 581 1693; x_wconf 78' lang='lat' dir='ltr'><strong>datum</strong></span> <span class='ocrx_word' id='word_1_104' title='bbox 623 1639 775 1710; x_wconf 78' lang='lat' dir='ltr'><strong>fuerit</strong></span> <span class='ocrx_word' id='word_1_105' title='bbox 817 1639 881 1692; x_wconf 85' lang='lat' dir='ltr'><strong>de</strong></span> <span class='ocrx_word' id='word_1_106' title='bbox 922 1639 1066 1693; x_wconf 73' lang='lat' dir='ltr'><strong>creto.</strong></span> <span class='ocrx_word' id='word_1_107' title='bbox 1119 1639 1255 1705; x_wconf 86' lang='lat' dir='ltr'><strong>Quid</strong></span> <span class='ocrx_word' id='word_1_108' title='bbox 1297 1639 1398 1693; x_wconf 92' lang='lat' dir='ltr'><strong>hoc</strong></span> <span class='ocrx_word' id='word_1_109' title='bbox 1439 1639 1561 1692; x_wconf 86' lang='lat' dir='ltr'><strong>est?</strong></span> <span class='ocrx_word' id='word_1_110' title='bbox 1601 1638 1655 1692; x_wconf 86' lang='lat' dir='ltr'><strong>Si</strong></span> <span class='ocrx_word' id='word_1_111' title='bbox 1699 1652 1875 1691; x_wconf 89' lang='lat' dir='ltr'><strong>meum</strong></span> 
     </span>
    </p>
   </div>
   <div class='ocr_carea' id='block_1_15' title="bbox 257 1729 1877 1801">
    <p class='ocr_par' dir='ltr' id='par_1_15' title="bbox 257 1729 1877 1801">
     <span class='ocr_line' id='line_1_15' title="bbox 257 1729 1877 1801; baseline 0.001 -19"><span class='ocrx_word' id='word_1_112' title='bbox 257 1745 483 1800; x_wconf 81' lang='lat' dir='ltr'><strong>prorsus</strong></span> <span class='ocrx_word' id='word_1_113' title='bbox 521 1731 888 1785; x_wconf 85' lang='lat' dir='ltr'><strong>testimonium</strong></span> <span class='ocrx_word' id='word_1_114' title='bbox 918 1731 1158 1799; x_wconf 82' lang='lat' dir='ltr'><strong>accipitis</strong></span> <span class='ocrx_word' id='word_1_115' title='bbox 1179 1773 1191 1793; x_wconf 86' lang='lat'><strong>,</strong></span> <span class='ocrx_word' id='word_1_116' title='bbox 1225 1739 1279 1783; x_wconf 90' lang='lat' dir='ltr'><strong>et</strong></span> <span class='ocrx_word' id='word_1_117' title='bbox 1309 1746 1492 1785; x_wconf 90' lang='lat' dir='ltr'><strong>verum</strong></span> <span class='ocrx_word' id='word_1_118' title='bbox 1522 1732 1756 1801; x_wconf 83' lang='lat' dir='ltr'><strong>putatis,</strong></span> <span class='ocrx_word' id='word_1_119' title='bbox 1792 1729 1877 1784; x_wconf 90' lang='lat' dir='ltr'><strong>vel</strong></span> 
     </span>
    </p>
   </div>
   <div class='ocr_carea' id='block_1_16' title="bbox 257 1821 1880 1892">
    <p class='ocr_par' dir='ltr' id='par_1_16' title="bbox 257 1821 1880 1892">
     <span class='ocr_line' id='line_1_16' title="bbox 257 1821 1880 1892; baseline 0 -16"><span class='ocrx_word' id='word_1_120' title='bbox 257 1839 321 1876; x_wconf 76' lang='lat' dir='ltr'><strong>ex</strong></span> <span class='ocrx_word' id='word_1_121' title='bbox 367 1838 436 1876; x_wconf 90' lang='lat' dir='ltr'><strong>eo</strong></span> <span class='ocrx_word' id='word_1_122' title='bbox 477 1824 710 1888; x_wconf 90' lang='lat' dir='ltr'><strong>discite,</strong></span> <span class='ocrx_word' id='word_1_123' title='bbox 739 1839 845 1876; x_wconf 91' lang='lat' dir='ltr'><strong>non</strong></span> <span class='ocrx_word' id='word_1_124' title='bbox 890 1838 976 1876; x_wconf 91' lang='lat' dir='ltr'><strong>me</strong></span> <span class='ocrx_word' id='word_1_125' title='bbox 1000 1865 1014 1887; x_wconf 90' lang='lat'><strong>,</strong></span> <span class='ocrx_word' id='word_1_126' title='bbox 1052 1824 1146 1877; x_wconf 89' lang='lat' dir='ltr'><strong>sed</strong></span> <span class='ocrx_word' id='word_1_127' title='bbox 1185 1823 1331 1878; x_wconf 87' lang='lat' dir='ltr'><strong>illum</strong></span> <span class='ocrx_word' id='word_1_128' title='bbox 1371 1822 1629 1892; x_wconf 86' lang='lat' dir='ltr'><strong>potiorem</strong></span> <span class='ocrx_word' id='word_1_129' title='bbox 1679 1821 1880 1876; x_wconf 81' lang='lat' dir='ltr'><strong>haben-</strong></span> 
     </span>
    </p>
   </div>
   <div class='ocr_carea' id='block_1_17' title="bbox 255 1913 1876 1983">
    <p class='ocr_par' dir='ltr' id='par_1_17' title="bbox 255 1913 1876 1983">
     <span class='ocr_line' id='line_1_17' title="bbox 255 1913 1876 1983; baseline 0.001 -15"><span class='ocrx_word' id='word_1_130' title='bbox 255 1913 381 1968; x_wconf 89' lang='lat' dir='ltr'><strong>dum</strong></span> <span class='ocrx_word' id='word_1_131' title='bbox 410 1929 561 1970; x_wconf 88' lang='lat' dir='ltr'><strong>esse.</strong></span> <span class='ocrx_word' id='word_1_132' title='bbox 593 1914 729 1983; x_wconf 82' lang='lat' dir='ltr'><strong>Quid</strong></span> <span class='ocrx_word' id='word_1_133' title='bbox 761 1913 903 1969; x_wconf 76' lang='lat' dir='ltr'><strong>enim</strong></span> <span class='ocrx_word' id='word_1_134' title='bbox 938 1916 1256 1970; x_wconf 66' lang='lat' dir='ltr'><strong>testiﬁcatus</strong></span> <span class='ocrx_word' id='word_1_135' title='bbox 1283 1914 1442 1968; x_wconf 79' lang='lat' dir='ltr'><strong>sum?</strong></span> <span class='ocrx_word' id='word_1_136' title='bbox 1472 1914 1579 1969; x_wconf 78' lang='lat' dir='ltr'><strong>Vos</strong></span> <span class='ocrx_word' id='word_1_137' title='bbox 1605 1928 1772 1969; x_wconf 88' lang='lat' dir='ltr'><strong>evoco</strong></span> <span class='ocrx_word' id='word_1_138' title='bbox 1803 1914 1876 1969; x_wconf 89' lang='lat' dir='ltr'><strong>rei</strong></span> 
     </span>
    </p>
   </div>
   <div class='ocr_carea' id='block_1_18' title="bbox 257 2006 1880 2077">
    <p class='ocr_par' dir='ltr' id='par_1_18' title="bbox 257 2006 1880 2077">
     <span class='ocr_line' id='line_1_18' title="bbox 257 2006 1880 2077; baseline 0 -18"><span class='ocrx_word' id='word_1_139' title='bbox 257 2016 446 2063; x_wconf 66' lang='lat' dir='ltr'><strong>testes.</strong></span> <span class='ocrx_word' id='word_1_140' title='bbox 484 2008 614 2062; x_wconf 88' lang='lat' dir='ltr'><strong>Ideo</strong></span> <span class='ocrx_word' id='word_1_141' title='bbox 642 2007 790 2061; x_wconf 89' lang='lat' dir='ltr'><strong>addit</strong></span> <span class='ocrx_word' id='word_1_142' title='bbox 816 2024 829 2059; x_wconf 90' lang='lat'><strong>:</strong></span> <span class='ocrx_word' id='word_1_143' title='bbox 859 2006 949 2062; x_wconf 70' lang='grc'><strong>28.</strong></span> <span class='ocrx_word' id='word_1_144' title='bbox 985 2006 1096 2077; x_wconf 88' lang='lat' dir='ltr'><strong>Ipsi</strong></span> <span class='ocrx_word' id='word_1_145' title='bbox 1124 2022 1210 2060; x_wconf 88' lang='lat' dir='ltr'><strong>vos</strong></span> <span class='ocrx_word' id='word_1_146' title='bbox 1240 2006 1363 2059; x_wconf 83' lang='lat' dir='ltr'><strong>milii</strong></span> <span class='ocrx_word' id='word_1_147' title='bbox 1391 2006 1736 2060; x_wconf 87' lang='lat' dir='ltr'><strong>testimonium</strong></span> <span class='ocrx_word' id='word_1_148' title='bbox 1763 2022 1880 2074; x_wconf 85' lang='lat' dir='ltr'><strong>per-</strong></span> 
     </span>
    </p>
   </div>
   <div class='ocr_carea' id='block_1_19' title="bbox 253 2097 1880 2169">
    <p class='ocr_par' dir='ltr' id='par_1_19' title="bbox 253 2097 1880 2169">
     <span class='ocr_line' id='line_1_19' title="bbox 253 2097 1880 2169; baseline -0.001 -17"><span class='ocrx_word' id='word_1_149' title='bbox 253 2099 459 2163; x_wconf 69' lang='lat' dir='ltr'><strong>hibetis,</strong></span> <span class='ocrx_word' id='word_1_150' title='bbox 485 2100 629 2168; x_wconf 75' lang='lat' dir='ltr'><strong>quod</strong></span> <span class='ocrx_word' id='word_1_151' title='bbox 651 2098 890 2161; x_wconf 76' lang='lat' dir='ltr'><strong>dixerim,</strong></span> <span class='ocrx_word' id='word_1_152' title='bbox 921 2097 1040 2152; x_wconf 76' lang='lat' dir='ltr'><strong>Non</strong></span> <span class='ocrx_word' id='word_1_153' title='bbox 1062 2115 1174 2153; x_wconf 87' lang='lat' dir='ltr'><strong>sunt</strong></span> <span class='ocrx_word' id='word_1_154' title='bbox 1197 2114 1288 2169; x_wconf 88' lang='lat' dir='ltr'><strong>ego</strong></span> <span class='ocrx_word' id='word_1_155' title='bbox 1312 2097 1561 2160; x_wconf 74' lang='lat' dir='ltr'><strong>Christus,</strong></span> <span class='ocrx_word' id='word_1_156' title='bbox 1587 2099 1674 2151; x_wconf 88' lang='lat' dir='ltr'><strong>sed</strong></span> <span class='ocrx_word' id='word_1_157' title='bbox 1697 2098 1880 2151; x_wconf 84' lang='lat' dir='ltr'><strong>missus</strong></span> 
     </span>
    </p>
   </div>
   <div class='ocr_carea' id='block_1_20' title="bbox 255 2189 1878 2260">
    <p class='ocr_par' dir='ltr' id='par_1_20' title="bbox 255 2189 1878 2260">
     <span class='ocr_line' id='line_1_20' title="bbox 255 2189 1878 2260; baseline 0.001 -18"><span class='ocrx_word' id='word_1_158' title='bbox 255 2206 365 2243; x_wconf 87' lang='lat' dir='ltr'><strong>sum</strong></span> <span class='ocrx_word' id='word_1_159' title='bbox 390 2199 516 2244; x_wconf 85' lang='lat' dir='ltr'><strong>ante</strong></span> <span class='ocrx_word' id='word_1_160' title='bbox 537 2189 710 2243; x_wconf 85' lang='lat' dir='ltr'><strong>illum.</strong></span> <span class='ocrx_word' id='word_1_161' title='bbox 735 2189 790 2245; x_wconf 90' lang='lat' dir='ltr'><strong>Si</strong></span> <span class='ocrx_word' id='word_1_162' title='bbox 813 2204 942 2260; x_wconf 90' lang='lat' dir='ltr'><strong>ergo</strong></span> <span class='ocrx_word' id='word_1_163' title='bbox 966 2205 1085 2244; x_wconf 91' lang='lat' dir='ltr'><strong>meo</strong></span> <span class='ocrx_word' id='word_1_164' title='bbox 1109 2189 1378 2246; x_wconf 73' lang='lat' dir='ltr'><strong>hmrentes</strong></span> <span class='ocrx_word' id='word_1_165' title='bbox 1406 2191 1734 2254; x_wconf 83' lang='lat' dir='ltr'><strong>testimonio,</strong></span> <span class='ocrx_word' id='word_1_166' title='bbox 1764 2189 1878 2244; x_wconf 63' lang='lat' dir='ltr'><strong>haec</strong></span> 
     </span>
    </p>
   </div>
   <div class='ocr_carea' id='block_1_21' title="bbox 253 2282 1879 2354">
    <p class='ocr_par' dir='ltr' id='par_1_21' title="bbox 253 2282 1879 2354">
     <span class='ocr_line' id='line_1_21' title="bbox 253 2282 1879 2354; baseline -0.002 -14"><span class='ocrx_word' id='word_1_167' title='bbox 253 2284 384 2340; x_wconf 85' lang='lat' dir='ltr'><strong>mihi</strong></span> <span class='ocrx_word' id='word_1_168' title='bbox 426 2283 668 2354; x_wconf 85' lang='lat' dir='ltr'><strong>objicitis</strong></span> <span class='ocrx_word' id='word_1_169' title='bbox 705 2283 946 2339; x_wconf 80' lang='lat' dir='ltr'><strong>dicentes</strong></span> <span class='ocrx_word' id='word_1_170' title='bbox 969 2323 983 2348; x_wconf 93' lang='lat'><strong>,</strong></span> <span class='ocrx_word' id='word_1_171' title='bbox 1017 2282 1109 2338; x_wconf 86' lang='lat' dir='ltr'><strong>Cui</strong></span> <span class='ocrx_word' id='word_1_172' title='bbox 1153 2284 1493 2338; x_wconf 85' lang='lat' dir='ltr'><strong>testimonium</strong></span> <span class='ocrx_word' id='word_1_173' title='bbox 1533 2283 1836 2354; x_wconf 82' lang='lat' dir='ltr'><strong>perhibuisti</strong></span> <span class='ocrx_word' id='word_1_174' title='bbox 1861 2299 1879 2336; x_wconf 88' lang='lat'><strong><em>:</em></strong></span> 
     </span>
    </p>
   </div>
   <div class='ocr_carea' id='block_1_22' title="bbox 256 2374 1870 2444">
    <p class='ocr_par' dir='ltr' id='par_1_22' title="bbox 256 2374 1870 2444">
     <span class='ocr_line' id='line_1_22' title="bbox 256 2374 1870 2444; baseline -0.001 -13"><span class='ocrx_word' id='word_1_175' title='bbox 256 2391 359 2431; x_wconf 86' lang='lat' dir='ltr'><strong>non</strong></span> <span class='ocrx_word' id='word_1_176' title='bbox 391 2377 561 2431; x_wconf 90' lang='lat' dir='ltr'><strong>modo</strong></span> <span class='ocrx_word' id='word_1_177' title='bbox 590 2392 693 2430; x_wconf 93' lang='lat' dir='ltr'><strong>non</strong></span> <span class='ocrx_word' id='word_1_178' title='bbox 724 2375 811 2431; x_wconf 90' lang='lat' dir='ltr'><strong>ille</strong></span> <span class='ocrx_word' id='word_1_179' title='bbox 839 2376 1152 2431; x_wconf 88' lang='lat' dir='ltr'><strong>imminutus</strong></span> <span class='ocrx_word' id='word_1_180' title='bbox 1175 2374 1273 2431; x_wconf 90' lang='lat' dir='ltr'><strong>fuit</strong></span> <span class='ocrx_word' id='word_1_181' title='bbox 1296 2391 1362 2431; x_wconf 83' lang='lat' dir='ltr'><strong>ex</strong></span> <span class='ocrx_word' id='word_1_182' title='bbox 1390 2376 1697 2431; x_wconf 88' lang='lat' dir='ltr'><strong>testimonio</strong></span> <span class='ocrx_word' id='word_1_183' title='bbox 1728 2390 1870 2444; x_wconf 92' lang='lat' dir='ltr'><strong>meo,</strong></span> 
     </span>
    </p>
   </div>
   <div class='ocr_carea' id='block_1_23' title="bbox 256 2467 1875 2539">
    <p class='ocr_par' dir='ltr' id='par_1_23' title="bbox 256 2467 1875 2539">
     <span class='ocr_line' id='line_1_23' title="bbox 256 2467 1875 2539; baseline 0.002 -18"><span class='ocrx_word' id='word_1_184' title='bbox 256 2467 348 2522; x_wconf 89' lang='lat' dir='ltr'><strong>sed</strong></span> <span class='ocrx_word' id='word_1_185' title='bbox 391 2483 460 2522; x_wconf 89' lang='lat' dir='ltr'><strong>ex</strong></span> <span class='ocrx_word' id='word_1_186' title='bbox 513 2469 608 2522; x_wconf 92' lang='lat' dir='ltr'><strong>illo</strong></span> <span class='ocrx_word' id='word_1_187' title='bbox 650 2469 935 2539; x_wconf 91' lang='lat' dir='ltr'><strong>plurimum</strong></span> <span class='ocrx_word' id='word_1_188' title='bbox 978 2477 1202 2538; x_wconf 83' lang='lat' dir='ltr'><strong>augetur</strong></span> <span class='ocrx_word' id='word_1_189' title='bbox 1239 2487 1251 2522; x_wconf 91' lang='lat'><strong>:</strong></span> <span class='ocrx_word' id='word_1_190' title='bbox 1282 2469 1517 2539; x_wconf 87' lang='lat' dir='ltr'><strong>alioquin</strong></span> <span class='ocrx_word' id='word_1_191' title='bbox 1559 2479 1734 2524; x_wconf 90' lang='lat' dir='ltr'><strong>autem</strong></span> <span class='ocrx_word' id='word_1_192' title='bbox 1770 2487 1875 2524; x_wconf 86' lang='lat' dir='ltr'><strong>non</strong></span> 
     </span>
    </p>
   </div>
   <div class='ocr_carea' id='block_1_24' title="bbox 257 2559 1881 2628">
    <p class='ocr_par' dir='ltr' id='par_1_24' title="bbox 257 2559 1881 2628">
     <span class='ocr_line' id='line_1_24' title="bbox 257 2559 1881 2628; baseline 0.002 -15"><span class='ocrx_word' id='word_1_193' title='bbox 257 2574 464 2625; x_wconf 88' lang='lat' dir='ltr'><strong>meum,</strong></span> <span class='ocrx_word' id='word_1_194' title='bbox 495 2559 594 2615; x_wconf 88' lang='lat' dir='ltr'><strong>sed</strong></span> <span class='ocrx_word' id='word_1_195' title='bbox 632 2560 722 2614; x_wconf 90' lang='lat' dir='ltr'><strong>Dei</strong></span> <span class='ocrx_word' id='word_1_196' title='bbox 752 2570 867 2615; x_wconf 89' lang='lat' dir='ltr'><strong>erat</strong></span> <span class='ocrx_word' id='word_1_197' title='bbox 895 2561 1282 2616; x_wconf 88' lang='lat' dir='ltr'><strong>testimonium.</strong></span> <span class='ocrx_word' id='word_1_198' title='bbox 1311 2560 1675 2628; x_wconf 81' lang='lat' dir='ltr'><strong>Quamobrem</strong></span> <span class='ocrx_word' id='word_1_199' title='bbox 1703 2562 1745 2614; x_wconf 92' lang='lat' dir='ltr'><strong>si</strong></span> <span class='ocrx_word' id='word_1_200' title='bbox 1777 2560 1881 2617; x_wconf 93' lang='lat' dir='ltr'><strong>ﬁde</strong></span> 
     </span>
    </p>
   </div>
   <div class='ocr_carea' id='block_1_25' title="bbox 265 2651 1878 2722">
    <p class='ocr_par' dir='ltr' id='par_1_25' title="bbox 265 2651 1878 2722">
     <span class='ocr_line' id='line_1_25' title="bbox 265 2651 1878 2722; baseline 0.003 -18"><span class='ocrx_word' id='word_1_201' title='bbox 265 2651 464 2722; x_wconf 86' lang='lat' dir='ltr'><strong>dignus</strong></span> <span class='ocrx_word' id='word_1_202' title='bbox 495 2651 649 2706; x_wconf 84' lang='lat' dir='ltr'><strong>vobis</strong></span> <span class='ocrx_word' id='word_1_203' title='bbox 681 2653 862 2708; x_wconf 89' lang='lat' dir='ltr'><strong>videar</strong></span> <span class='ocrx_word' id='word_1_204' title='bbox 891 2668 1012 2709; x_wconf 64' lang='lat' dir='ltr'><strong>esse</strong></span> <span class='ocrx_word' id='word_1_205' title='bbox 1037 2696 1051 2720; x_wconf 93' lang='lat'><strong>,</strong></span> <span class='ocrx_word' id='word_1_206' title='bbox 1087 2657 1188 2708; x_wconf 91' lang='lat' dir='ltr'><strong>hoc</strong></span> <span class='ocrx_word' id='word_1_207' title='bbox 1215 2654 1375 2707; x_wconf 87' lang='lat' dir='ltr'><strong>etiam</strong></span> <span class='ocrx_word' id='word_1_208' title='bbox 1410 2653 1549 2707; x_wconf 91' lang='lat' dir='ltr'><strong>inter</strong></span> <span class='ocrx_word' id='word_1_209' title='bbox 1575 2652 1678 2708; x_wconf 88' lang='lat' dir='ltr'><strong>alia</strong></span> <span class='ocrx_word' id='word_1_210' title='bbox 1711 2653 1878 2709; x_wconf 87' lang='lat' dir='ltr'><strong>multa</strong></span> 
     </span>
    </p>
   </div>
   <div class='ocr_carea' id='block_1_26' title="bbox 263 2744 1881 2815">
    <p class='ocr_par' dir='ltr' id='par_1_26' title="bbox 263 2744 1881 2815">
     <span class='ocr_line' id='line_1_26' title="bbox 263 2744 1881 2815; baseline 0.001 -17"><span class='ocrx_word' id='word_1_211' title='bbox 263 2744 417 2811; x_wconf 85' lang='lat' dir='ltr'><strong>dixi,</strong></span> <span class='ocrx_word' id='word_1_212' title='bbox 454 2761 546 2800; x_wconf 90' lang='lat' dir='ltr'><strong>me</strong></span> <span class='ocrx_word' id='word_1_213' title='bbox 577 2745 804 2799; x_wconf 90' lang='lat' dir='ltr'><strong>missum</strong></span> <span class='ocrx_word' id='word_1_214' title='bbox 846 2746 1008 2800; x_wconf 84' lang='lat' dir='ltr'><strong>fuisse</strong></span> <span class='ocrx_word' id='word_1_215' title='bbox 1038 2755 1162 2799; x_wconf 87' lang='lat' dir='ltr'><strong>ante</strong></span> <span class='ocrx_word' id='word_1_216' title='bbox 1194 2745 1365 2800; x_wconf 88' lang='lat' dir='ltr'><strong>illum.</strong></span> <span class='ocrx_word' id='word_1_217' title='bbox 1394 2744 1584 2799; x_wconf 79' lang='lat' dir='ltr'><strong>Viden&#39;</strong></span> <span class='ocrx_word' id='word_1_218' title='bbox 1609 2747 1881 2815; x_wconf 88' lang='lat' dir='ltr'><strong>quomodo</strong></span> 
     </span>
    </p>
   </div>
   <div class='ocr_carea' id='block_1_27' title="bbox 262 2836 1882 2906">
    <p class='ocr_par' dir='ltr' id='par_1_27' title="bbox 262 2836 1882 2906">
     <span class='ocr_line' id='line_1_27' title="bbox 262 2836 1882 2906; baseline 0.001 -16"><span class='ocrx_word' id='word_1_219' title='bbox 262 2837 534 2906; x_wconf 81' lang='lat' dir='ltr'><strong>paulatim</strong></span> <span class='ocrx_word' id='word_1_220' title='bbox 583 2837 832 2892; x_wconf 88' lang='lat' dir='ltr'><strong>ostendat</strong></span> <span class='ocrx_word' id='word_1_221' title='bbox 870 2853 1056 2892; x_wconf 87' lang='lat' dir='ltr'><strong>vocem</strong></span> <span class='ocrx_word' id='word_1_222' title='bbox 1105 2837 1249 2890; x_wconf 87' lang='lat' dir='ltr'><strong>illam</strong></span> <span class='ocrx_word' id='word_1_223' title='bbox 1291 2851 1410 2891; x_wconf 89' lang='lat' dir='ltr'><strong>esse</strong></span> <span class='ocrx_word' id='word_1_224' title='bbox 1451 2836 1728 2890; x_wconf 83' lang='lat' dir='ltr'><strong>divinam?</strong></span> <span class='ocrx_word' id='word_1_225' title='bbox 1769 2837 1882 2891; x_wconf 89' lang='lat' dir='ltr'><strong>Hoc</strong></span> 
     </span>
    </p>
   </div>
   <div class='ocr_carea' id='block_1_28' title="bbox 266 2927 1882 2998">
    <p class='ocr_par' dir='ltr' id='par_1_28' title="bbox 266 2927 1882 2998">
     <span class='ocr_line' id='line_1_28' title="bbox 266 2927 1882 2998; baseline -0.001 -16"><span class='ocrx_word' id='word_1_226' title='bbox 266 2929 408 2982; x_wconf 88' lang='lat' dir='ltr'><strong>enim</strong></span> <span class='ocrx_word' id='word_1_227' title='bbox 453 2929 575 2982; x_wconf 84' lang='lat' dir='ltr'><strong>vult</strong></span> <span class='ocrx_word' id='word_1_228' title='bbox 622 2929 924 2998; x_wconf 81' lang='lat' dir='ltr'><strong>significare</strong></span> <span class='ocrx_word' id='word_1_229' title='bbox 957 2947 969 2981; x_wconf 92' lang='lat'><strong>:</strong></span> <span class='ocrx_word' id='word_1_230' title='bbox 1003 2928 1243 2982; x_wconf 78' lang='lat' dir='ltr'><strong>Minister</strong></span> <span class='ocrx_word' id='word_1_231' title='bbox 1283 2942 1399 2981; x_wconf 90' lang='lat' dir='ltr'><strong>sum</strong></span> <span class='ocrx_word' id='word_1_232' title='bbox 1425 2967 1442 2992; x_wconf 94' lang='lat'><strong>,</strong></span> <span class='ocrx_word' id='word_1_233' title='bbox 1486 2936 1538 2981; x_wconf 89' lang='lat' dir='ltr'><strong>et</strong></span> <span class='ocrx_word' id='word_1_234' title='bbox 1579 2941 1640 2981; x_wconf 89' lang='lat' dir='ltr'><strong>ea</strong></span> <span class='ocrx_word' id='word_1_235' title='bbox 1692 2927 1882 2996; x_wconf 88' lang='lat' dir='ltr'><strong>loquor</strong></span> 
     </span>
    </p>
   </div>
   <div class='ocr_carea' id='block_1_29' title="bbox 269 3018 1882 3088">
    <p class='ocr_par' dir='ltr' id='par_1_29' title="bbox 269 3018 1882 3088">
     <span class='ocr_line' id='line_1_29' title="bbox 269 3018 1882 3088; baseline -0.001 -16"><span class='ocrx_word' id='word_1_236' title='bbox 269 3036 386 3088; x_wconf 71' lang='lat' dir='ltr'><strong>qua:</strong></span> <span class='ocrx_word' id='word_1_237' title='bbox 411 3021 480 3074; x_wconf 89' lang='lat' dir='ltr'><strong>ad</strong></span> <span class='ocrx_word' id='word_1_238' title='bbox 512 3020 813 3074; x_wconf 85' lang='lat' dir='ltr'><strong>mittentem</strong></span> <span class='ocrx_word' id='word_1_239' title='bbox 843 3035 929 3074; x_wconf 89' lang='lat' dir='ltr'><strong>me</strong></span> <span class='ocrx_word' id='word_1_240' title='bbox 955 3028 1233 3088; x_wconf 87' lang='lat' dir='ltr'><strong>spectant:</strong></span> <span class='ocrx_word' id='word_1_241' title='bbox 1263 3032 1370 3072; x_wconf 91' lang='lat' dir='ltr'><strong>non</strong></span> <span class='ocrx_word' id='word_1_242' title='bbox 1403 3018 1692 3071; x_wconf 84' lang='lat' dir='ltr'><strong>humanam</strong></span> <span class='ocrx_word' id='word_1_243' title='bbox 1718 3031 1882 3071; x_wconf 64' lang='lat' dir='ltr'><strong>aueuo</strong></span> 
     </span>
    </p>
   </div>
   <div class='ocr_carea' id='block_1_30' title="bbox 269 3109 1880 3184">
    <p class='ocr_par' dir='ltr' id='par_1_30' title="bbox 269 3109 1880 3184">
     <span class='ocr_line' id='line_1_30' title="bbox 269 3109 1880 3184; baseline -0.001 -18"><span class='ocrx_word' id='word_1_244' title='bbox 269 3126 365 3180; x_wconf 79' lang='lat' dir='ltr'><strong>por</strong></span> <span class='ocrx_word' id='word_1_245' title='bbox 404 3115 640 3184; x_wconf 81' lang='lat' dir='ltr'><strong>gratiam</strong></span> <span class='ocrx_word' id='word_1_246' title='bbox 667 3154 682 3180; x_wconf 95' lang='lat'><strong>,</strong></span> <span class='ocrx_word' id='word_1_247' title='bbox 714 3111 808 3167; x_wconf 90' lang='lat' dir='ltr'><strong>scd</strong></span> <span class='ocrx_word' id='word_1_248' title='bbox 858 3111 1031 3166; x_wconf 83' lang='lat' dir='ltr'><strong>Patris</strong></span> <span class='ocrx_word' id='word_1_249' title='bbox 1069 3110 1186 3181; x_wconf 87' lang='lat' dir='ltr'><strong>ejus</strong></span> <span class='ocrx_word' id='word_1_250' title='bbox 1215 3110 1305 3179; x_wconf 90' lang='lat' dir='ltr'><strong>qui</strong></span> <span class='ocrx_word' id='word_1_251' title='bbox 1341 3125 1429 3164; x_wconf 91' lang='lat' dir='ltr'><strong>me</strong></span> <span class='ocrx_word' id='word_1_252' title='bbox 1459 3110 1601 3164; x_wconf 90' lang='lat' dir='ltr'><strong>misit</strong></span> <span class='ocrx_word' id='word_1_253' title='bbox 1635 3109 1880 3164; x_wconf 89' lang='lat' dir='ltr'><strong>ministe-</strong></span> 
     </span>
    </p>
   </div>
   <div class='ocr_carea' id='block_1_31' title="bbox 268 3202 1876 3274">
    <p class='ocr_par' dir='ltr' id='par_1_31' title="bbox 268 3202 1876 3274">
     <span class='ocr_line' id='line_1_31' title="bbox 268 3202 1876 3274; baseline -0.001 -17"><span class='ocrx_word' id='word_1_254' title='bbox 268 3205 406 3259; x_wconf 88' lang='lat' dir='ltr'><strong>rium</strong></span> <span class='ocrx_word' id='word_1_255' title='bbox 437 3203 695 3260; x_wconf 77' lang='lat' dir='ltr'><strong>exhibeo.</strong></span> <span class='ocrx_word' id='word_1_256' title='bbox 726 3203 841 3258; x_wconf 86' lang='lat' dir='ltr'><strong>Non</strong></span> <span class='ocrx_word' id='word_1_257' title='bbox 869 3219 997 3274; x_wconf 87' lang='lat' dir='ltr'><strong>ergo</strong></span> <span class='ocrx_word' id='word_1_258' title='bbox 1027 3203 1094 3258; x_wconf 90' lang='lat' dir='ltr'><strong>ad</strong></span> <span class='ocrx_word' id='word_1_259' title='bbox 1118 3204 1344 3274; x_wconf 78' lang='lat' dir='ltr'><strong>gratiam</strong></span> <span class='ocrx_word' id='word_1_260' title='bbox 1377 3202 1693 3256; x_wconf 86' lang='lat' dir='ltr'><strong>testiﬁcatus</strong></span> <span class='ocrx_word' id='word_1_261' title='bbox 1724 3216 1876 3266; x_wconf 87' lang='lat' dir='ltr'><strong>sum,</strong></span> 
     </span>
    </p>
   </div>
   <div class='ocr_carea' id='block_1_32' title="bbox 273 3293 1881 3365">
    <p class='ocr_par' dir='ltr' id='par_1_32' title="bbox 273 3293 1881 3365">
     <span class='ocr_line' id='line_1_32' title="bbox 273 3293 1881 3365; baseline -0.001 -15"><span class='ocrx_word' id='word_1_262' title='bbox 273 3295 364 3352; x_wconf 89' lang='lat' dir='ltr'><strong>sed</strong></span> <span class='ocrx_word' id='word_1_263' title='bbox 396 3298 450 3352; x_wconf 89' lang='lat' dir='ltr'><strong>id</strong></span> <span class='ocrx_word' id='word_1_264' title='bbox 485 3297 596 3351; x_wconf 90' lang='lat' dir='ltr'><strong>dixi</strong></span> <span class='ocrx_word' id='word_1_265' title='bbox 624 3338 639 3364; x_wconf 92' lang='lat'><strong>,</strong></span> <span class='ocrx_word' id='word_1_266' title='bbox 670 3295 812 3365; x_wconf 91' lang='lat' dir='ltr'><strong>quod</strong></span> <span class='ocrx_word' id='word_1_267' title='bbox 845 3304 902 3350; x_wconf 91' lang='lat' dir='ltr'><strong>ut</strong></span> <span class='ocrx_word' id='word_1_268' title='bbox 929 3296 1164 3351; x_wconf 91' lang='lat' dir='ltr'><strong>dicerem</strong></span> <span class='ocrx_word' id='word_1_269' title='bbox 1193 3294 1390 3349; x_wconf 90' lang='lat' dir='ltr'><strong>missus</strong></span> <span class='ocrx_word' id='word_1_270' title='bbox 1419 3309 1558 3348; x_wconf 90' lang='lat' dir='ltr'><strong>sum.</strong></span> <span class='ocrx_word' id='word_1_271' title='bbox 1594 3293 1670 3348; x_wconf 81' lang='lat' dir='ltr'><strong>Ne</strong></span> <span class='ocrx_word' id='word_1_272' title='bbox 1702 3294 1881 3364; x_wconf 85' lang='lat' dir='ltr'><strong>itaque</strong></span> 
     </span>
    </p>
   </div>
   <div class='ocr_carea' id='block_1_33' title="bbox 267 3385 1881 3458">
    <p class='ocr_par' dir='ltr' id='par_1_33' title="bbox 267 3385 1881 3458">
     <span class='ocr_line' id='line_1_33' title="bbox 267 3385 1881 3458; baseline -0.002 -15"><span class='ocrx_word' id='word_1_273' title='bbox 267 3406 350 3444; x_wconf 89' lang='lat' dir='ltr'><strong>me</strong></span> <span class='ocrx_word' id='word_1_274' title='bbox 375 3405 438 3445; x_wconf 92' lang='lat' dir='ltr'><strong>ea</strong></span> <span class='ocrx_word' id='word_1_275' title='bbox 465 3393 536 3444; x_wconf 87' lang='lat' dir='ltr'><strong>de</strong></span> <span class='ocrx_word' id='word_1_276' title='bbox 559 3403 720 3444; x_wconf 88' lang='lat' dir='ltr'><strong>causa</strong></span> <span class='ocrx_word' id='word_1_277' title='bbox 747 3403 997 3458; x_wconf 83' lang='lat' dir='ltr'><strong>magnum</strong></span> <span class='ocrx_word' id='word_1_278' title='bbox 1021 3402 1142 3442; x_wconf 85' lang='lat' dir='ltr'><strong>esse</strong></span> <span class='ocrx_word' id='word_1_279' title='bbox 1169 3386 1370 3456; x_wconf 89' lang='lat' dir='ltr'><strong>putetis</strong></span> <span class='ocrx_word' id='word_1_280' title='bbox 1397 3403 1409 3438; x_wconf 70' lang='grc' dir='ltr'>ξ</span> <span class='ocrx_word' id='word_1_281' title='bbox 1436 3385 1538 3440; x_wconf 88' lang='lat' dir='ltr'><strong>hoc</strong></span> <span class='ocrx_word' id='word_1_282' title='bbox 1565 3386 1707 3440; x_wconf 89' lang='lat' dir='ltr'><strong>enim</strong></span> <span class='ocrx_word' id='word_1_283' title='bbox 1739 3385 1881 3440; x_wconf 88' lang='lat' dir='ltr'><strong>illius</strong></span> 
     </span>
    </p>
   </div>
   <div class='ocr_carea' id='block_1_34' title="bbox 279 3477 1882 3550">
    <p class='ocr_par' dir='ltr' id='par_1_34' title="bbox 279 3477 1882 3550">
     <span class='ocr_line' id='line_1_34' title="bbox 279 3477 1882 3550; baseline -0.001 -16"><span class='ocrx_word' id='word_1_284' title='bbox 279 3482 522 3536; x_wconf 79' lang='lat' dir='ltr'><strong>ostendit</strong></span> <span class='ocrx_word' id='word_1_285' title='bbox 550 3478 992 3550; x_wconf 80' lang='lat' dir='ltr'><strong>magnitudinem.</strong></span> <span class='ocrx_word' id='word_1_286' title='bbox 1027 3478 1119 3536; x_wconf 90' lang='lat' dir='ltr'><strong>llle</strong></span> <span class='ocrx_word' id='word_1_287' title='bbox 1151 3492 1382 3548; x_wconf 86' lang='lat' dir='ltr'><strong>namque</strong></span> <span class='ocrx_word' id='word_1_288' title='bbox 1411 3493 1589 3532; x_wconf 88' lang='lat' dir='ltr'><strong>rerum</strong></span> <span class='ocrx_word' id='word_1_289' title='bbox 1627 3477 1882 3533; x_wconf 89' lang='lat' dir='ltr'><strong>Dominus</strong></span> 
     </span>
    </p>
   </div>
   <div class='ocr_carea' id='block_1_35' title="bbox 267 3569 1877 3642">
    <p class='ocr_par' dir='ltr' id='par_1_35' title="bbox 267 3569 1877 3642">
     <span class='ocr_line' id='line_1_35' title="bbox 267 3569 1877 3642; baseline -0.002 -15"><span class='ocrx_word' id='word_1_290' title='bbox 267 3584 380 3638; x_wconf 87' lang='lat' dir='ltr'><strong>est;</strong></span> <span class='ocrx_word' id='word_1_291' title='bbox 410 3572 462 3627; x_wconf 90' lang='lat' dir='ltr'><strong>id</strong></span> <span class='ocrx_word' id='word_1_292' title='bbox 493 3571 638 3642; x_wconf 80' lang='lat' dir='ltr'><strong>quod</strong></span> <span class='ocrx_word' id='word_1_293' title='bbox 671 3586 881 3626; x_wconf 90' lang='lat' dir='ltr'><strong>rursum</strong></span> <span class='ocrx_word' id='word_1_294' title='bbox 909 3570 1173 3641; x_wconf 86' lang='lat' dir='ltr'><strong>signiﬁcat</strong></span> <span class='ocrx_word' id='word_1_295' title='bbox 1204 3570 1286 3624; x_wconf 89' lang='lat' dir='ltr'><strong>bis</strong></span> <span class='ocrx_word' id='word_1_296' title='bbox 1317 3569 1513 3625; x_wconf 85' lang='lat' dir='ltr'><strong>additis</strong></span> <span class='ocrx_word' id='word_1_297' title='bbox 1537 3570 1712 3624; x_wconf 85' lang='lat' dir='ltr'><strong>verbis</strong></span> <span class='ocrx_word' id='word_1_298' title='bbox 1741 3587 1754 3623; x_wconf 88' lang='lat'><strong>:</strong></span> <span class='ocrx_word' id='word_1_299' title='bbox 1787 3570 1877 3626; x_wconf 70' lang='lat'><strong>29.</strong></span> 
     </span>
    </p>
   </div>
   <div class='ocr_carea' id='block_1_36' title="bbox 275 3663 1876 3733">
    <p class='ocr_par' dir='ltr' id='par_1_36' title="bbox 275 3663 1876 3733">
     <span class='ocr_line' id='line_1_36' title="bbox 275 3663 1876 3733; baseline 0.001 -18"><span class='ocrx_word' id='word_1_300' title='bbox 275 3663 378 3728; x_wconf 79' lang='lat' dir='ltr'><strong>Qui</strong></span> <span class='ocrx_word' id='word_1_301' title='bbox 401 3664 557 3718; x_wconf 86' lang='lat' dir='ltr'><strong>habet</strong></span> <span class='ocrx_word' id='word_1_302' title='bbox 584 3679 843 3733; x_wconf 86' lang='lat' dir='ltr'><strong>sponsam,</strong></span> <span class='ocrx_word' id='word_1_303' title='bbox 871 3679 1087 3733; x_wconf 87' lang='lat' dir='ltr'><strong>sponsus</strong></span> <span class='ocrx_word' id='word_1_304' title='bbox 1115 3671 1188 3716; x_wconf 89' lang='lat' dir='ltr'><strong>est</strong></span> <span class='ocrx_word' id='word_1_305' title='bbox 1211 3678 1230 3716; x_wconf 89' lang='lat'><strong><em>:</em></strong></span> <span class='ocrx_word' id='word_1_306' title='bbox 1249 3663 1444 3716; x_wconf 87' lang='lat' dir='ltr'><strong>amicus</strong></span> <span class='ocrx_word' id='word_1_307' title='bbox 1470 3672 1640 3716; x_wconf 89' lang='lat' dir='ltr'><strong>autem</strong></span> <span class='ocrx_word' id='word_1_308' title='bbox 1667 3663 1876 3733; x_wconf 87' lang='lat' dir='ltr'><strong>sponsi,</strong></span> 
     </span>
    </p>
   </div>
   <div class='ocr_carea' id='block_1_37' title="bbox 267 3753 1882 3825">
    <p class='ocr_par' dir='ltr' id='par_1_37' title="bbox 267 3753 1882 3825">
     <span class='ocr_line' id='line_1_37' title="bbox 267 3753 1882 3825; baseline 0.001 -18"><span class='ocrx_word' id='word_1_309' title='bbox 267 3755 350 3823; x_wconf 81' lang='lat' dir='ltr'><strong>qui</strong></span> <span class='ocrx_word' id='word_1_310' title='bbox 392 3765 494 3808; x_wconf 87' lang='lat' dir='ltr'><strong>stat</strong></span> <span class='ocrx_word' id='word_1_311' title='bbox 540 3764 588 3808; x_wconf 89' lang='lat' dir='ltr'><strong>et</strong></span> <span class='ocrx_word' id='word_1_312' title='bbox 633 3755 777 3808; x_wconf 87' lang='lat' dir='ltr'><strong>audit</strong></span> <span class='ocrx_word' id='word_1_313' title='bbox 819 3770 931 3808; x_wconf 88' lang='lat' dir='ltr'><strong>eum</strong></span> <span class='ocrx_word' id='word_1_314' title='bbox 957 3795 972 3819; x_wconf 95' lang='lat'><strong>,</strong></span> <span class='ocrx_word' id='word_1_315' title='bbox 1011 3754 1198 3825; x_wconf 82' lang='lat' dir='ltr'><strong>gaudio</strong></span> <span class='ocrx_word' id='word_1_316' title='bbox 1239 3753 1423 3824; x_wconf 85' lang='lat' dir='ltr'><strong>gaudet</strong></span> <span class='ocrx_word' id='word_1_317' title='bbox 1466 3763 1675 3825; x_wconf 85' lang='lat' dir='ltr'><strong>prapter</strong></span> <span class='ocrx_word' id='word_1_318' title='bbox 1711 3771 1882 3809; x_wconf 82' lang='lat' dir='ltr'><strong>vocent</strong></span> 
     </span>
    </p>
   </div>
   <div class='ocr_carea' id='block_1_38' title="bbox 275 3843 1882 3917">
    <p class='ocr_par' dir='ltr' id='par_1_38' title="bbox 275 3843 1882 3917">
     <span class='ocr_line' id='line_1_38' title="bbox 275 3843 1882 3917; baseline 0.001 -19"><span class='ocrx_word' id='word_1_319' title='bbox 275 3847 471 3915; x_wconf 85' lang='lat' dir='ltr'><strong>sponsi.</strong></span> <span class='ocrx_word' id='word_1_320' title='bbox 509 3845 690 3912; x_wconf 87' lang='lat' dir='ltr'><strong>Quare</strong></span> <span class='ocrx_word' id='word_1_321' title='bbox 717 3844 807 3915; x_wconf 86' lang='lat' dir='ltr'><strong>qui</strong></span> <span class='ocrx_word' id='word_1_322' title='bbox 831 3845 928 3914; x_wconf 78' lang='lat' dir='ltr'><strong>ait,</strong></span> <span class='ocrx_word' id='word_1_323' title='bbox 954 3843 1077 3899; x_wconf 80' lang='lat' dir='ltr'><strong>Non</strong></span> <span class='ocrx_word' id='word_1_324' title='bbox 1106 3861 1220 3900; x_wconf 88' lang='lat' dir='ltr'><strong>sum</strong></span> <span class='ocrx_word' id='word_1_325' title='bbox 1247 3845 1454 3915; x_wconf 86' lang='lat' dir='ltr'><strong>dignus,</strong></span> <span class='ocrx_word' id='word_1_326' title='bbox 1478 3855 1530 3899; x_wconf 89' lang='lat' dir='ltr'><strong>ut</strong></span> <span class='ocrx_word' id='word_1_327' title='bbox 1556 3845 1747 3899; x_wconf 86' lang='lat' dir='ltr'><strong>solvant</strong></span> <span class='ocrx_word' id='word_1_328' title='bbox 1775 3847 1882 3917; x_wconf 86' lang='lat' dir='ltr'><strong>ejus</strong></span> 
     </span>
    </p>
   </div>
   <div class='ocr_carea' id='block_1_39' title="bbox 270 3935 1883 4010">
    <p class='ocr_par' dir='ltr' id='par_1_39' title="bbox 270 3935 1883 4010">
     <span class='ocr_line' id='line_1_39' title="bbox 270 3935 1883 4010; baseline 0.001 -19"><span class='ocrx_word' id='word_1_329' title='bbox 270 3939 547 4010; x_wconf 77' lang='lat' dir='ltr'><strong>corrigiam</strong></span> <span class='ocrx_word' id='word_1_330' title='bbox 591 3937 951 4002; x_wconf 88' lang='lat' dir='ltr'><strong>calceamenti,</strong></span> <span class='ocrx_word' id='word_1_331' title='bbox 989 3952 1049 3992; x_wconf 89' lang='lat' dir='ltr'><strong>se</strong></span> <span class='ocrx_word' id='word_1_332' title='bbox 1091 3941 1321 3992; x_wconf 86' lang='lat' dir='ltr'><strong>amicum</strong></span> <span class='ocrx_word' id='word_1_333' title='bbox 1365 3935 1484 4006; x_wconf 87' lang='lat' dir='ltr'><strong>ejus</strong></span> <span class='ocrx_word' id='word_1_334' title='bbox 1528 3952 1670 3992; x_wconf 88' lang='lat' dir='ltr'><strong>nunc</strong></span> <span class='ocrx_word' id='word_1_335' title='bbox 1715 3937 1883 3993; x_wconf 80' lang='lat' dir='ltr'><strong>dicit?</strong></span> 
     </span>
    </p>
   </div>
   <div class='ocr_carea' id='block_1_40' title="bbox 270 4024 1886 4108">
    <p class='ocr_par' dir='ltr' id='par_1_40' title="bbox 270 4024 1886 4108">
     <span class='ocr_line' id='line_1_40' title="bbox 270 4024 1886 4108; baseline 0.002 -27"><span class='ocrx_word' id='word_1_336' title='bbox 270 4024 383 4082; x_wconf 74' lang='lat' dir='ltr'><strong>Non</strong></span> <span class='ocrx_word' id='word_1_337' title='bbox 435 4036 499 4082; x_wconf 87' lang='lat' dir='ltr'><strong>ut</strong></span> <span class='ocrx_word' id='word_1_338' title='bbox 545 4027 769 4108; x_wconf 75' lang='lat' dir='ltr'><strong>extollat</strong></span> <span class='ocrx_word' id='word_1_339' title='bbox 822 4037 876 4082; x_wconf 88' lang='lat' dir='ltr'><strong>et</strong></span> <span class='ocrx_word' id='word_1_340' title='bbox 933 4027 1114 4083; x_wconf 88' lang='lat' dir='ltr'><strong>laudet</strong></span> <span class='ocrx_word' id='word_1_341' title='bbox 1159 4042 1260 4093; x_wconf 89' lang='lat' dir='ltr'><strong>se,</strong></span> <span class='ocrx_word' id='word_1_342' title='bbox 1307 4027 1422 4083; x_wconf 72' lang='lat' dir='ltr'><strong>haec</strong></span> <span class='ocrx_word' id='word_1_343' title='bbox 1466 4027 1632 4094; x_wconf 87' lang='lat' dir='ltr'><strong>dicit;</strong></span> <span class='ocrx_word' id='word_1_344' title='bbox 1679 4028 1775 4084; x_wconf 89' lang='lat' dir='ltr'><strong>sed</strong></span> <span class='ocrx_word' id='word_1_345' title='bbox 1827 4037 1886 4085; x_wconf 90' lang='lat' dir='ltr'><strong>ut</strong></span> 
     </span>
    </p>
   </div>
   <div class='ocr_carea' id='block_1_41' title="bbox 194 4111 1883 4192">
    <p class='ocr_par' dir='ltr' id='par_1_41' title="bbox 194 4111 1883 4192">
     <span class='ocr_line' id='line_1_41' title="bbox 194 4111 1883 4192; baseline 0.004 -19"><span class='ocrx_word' id='word_1_346' title='bbox 194 4115 196 4117; x_wconf 68' lang='grc'><em>’</em></span> <span class='ocrx_word' id='word_1_347' title='bbox 271 4121 529 4176; x_wconf 87' lang='lat' dir='ltr'><strong>ostendat</strong></span> <span class='ocrx_word' id='word_1_348' title='bbox 571 4120 622 4174; x_wconf 91' lang='lat' dir='ltr'><strong>id</strong></span> <span class='ocrx_word' id='word_1_349' title='bbox 652 4135 710 4174; x_wconf 88' lang='lat' dir='ltr'><strong>se</strong></span> <span class='ocrx_word' id='word_1_350' title='bbox 747 4121 986 4176; x_wconf 82' lang='lat' dir='ltr'><strong>maxime</strong></span> <span class='ocrx_word' id='word_1_351' title='bbox 1026 4135 1253 4188; x_wconf 88' lang='lat' dir='ltr'><strong>curare,</strong></span> <span class='ocrx_word' id='word_1_352' title='bbox 1297 4111 1474 4192; x_wconf 81' lang='lat' dir='ltr'><strong>neque</strong></span> <span class='ocrx_word' id='word_1_353' title='bbox 1512 4137 1571 4177; x_wconf 90' lang='lat' dir='ltr'><strong>se</strong></span> <span class='ocrx_word' id='word_1_354' title='bbox 1608 4122 1773 4176; x_wconf 87' lang='lat' dir='ltr'><strong>invito</strong></span> <span class='ocrx_word' id='word_1_355' title='bbox 1801 4125 1883 4180; x_wconf 90' lang='lat' dir='ltr'><strong>vel</strong></span> 
     </span>
    </p>
   </div>
   <div class='ocr_carea' id='block_1_42' title="bbox 275 4209 1883 4284">
    <p class='ocr_par' dir='ltr' id='par_1_42' title="bbox 275 4209 1883 4284">
     <span class='ocr_line' id='line_1_42' title="bbox 275 4209 1883 4284; baseline 0.004 -20"><span class='ocrx_word' id='word_1_356' title='bbox 275 4211 500 4268; x_wconf 91' lang='lat' dir='ltr'><strong>nolente</strong></span> <span class='ocrx_word' id='word_1_357' title='bbox 527 4209 648 4266; x_wconf 71' lang='lat' dir='ltr'><strong>hac</strong></span> <span class='ocrx_word' id='word_1_358' title='bbox 675 4210 792 4266; x_wconf 88' lang='lat' dir='ltr'><strong>ﬁeri</strong></span> <span class='ocrx_word' id='word_1_359' title='bbox 819 4253 834 4277; x_wconf 91' lang='lat'><strong>,</strong></span> <span class='ocrx_word' id='word_1_360' title='bbox 866 4212 960 4267; x_wconf 89' lang='lat' dir='ltr'><strong>sed</strong></span> <span class='ocrx_word' id='word_1_361' title='bbox 989 4211 1274 4268; x_wconf 89' lang='lat' dir='ltr'><strong>admodum</strong></span> <span class='ocrx_word' id='word_1_362' title='bbox 1302 4214 1550 4283; x_wconf 88' lang='lat' dir='ltr'><strong>cupiente</strong></span> <span class='ocrx_word' id='word_1_363' title='bbox 1579 4223 1634 4269; x_wconf 92' lang='lat' dir='ltr'><strong>et</strong></span> <span class='ocrx_word' id='word_1_364' title='bbox 1664 4230 1883 4284; x_wconf 85' lang='lat' dir='ltr'><strong>promo-</strong></span> 
     </span>
    </p>
   </div>
   <div class='ocr_carea' id='block_1_43' title="bbox 272 4303 1884 4376">
    <p class='ocr_par' dir='ltr' id='par_1_43' title="bbox 272 4303 1884 4376">
     <span class='ocr_line' id='line_1_43' title="bbox 272 4303 1884 4376; baseline 0.004 -20"><span class='ocrx_word' id='word_1_365' title='bbox 272 4315 447 4370; x_wconf 83' lang='lat' dir='ltr'><strong>vente,</strong></span> <span class='ocrx_word' id='word_1_366' title='bbox 477 4314 536 4358; x_wconf 90' lang='lat' dir='ltr'><strong>et</strong></span> <span class='ocrx_word' id='word_1_367' title='bbox 565 4303 667 4358; x_wconf 91' lang='lat' dir='ltr'><strong>hac</strong></span> <span class='ocrx_word' id='word_1_368' title='bbox 691 4303 760 4358; x_wconf 89' lang='lat' dir='ltr'><strong>de</strong></span> <span class='ocrx_word' id='word_1_369' title='bbox 788 4318 949 4359; x_wconf 90' lang='lat' dir='ltr'><strong>causa</strong></span> <span class='ocrx_word' id='word_1_370' title='bbox 977 4318 1038 4360; x_wconf 87' lang='lat' dir='ltr'><strong>se</strong></span> <span class='ocrx_word' id='word_1_371' title='bbox 1063 4306 1241 4358; x_wconf 89' lang='lat' dir='ltr'><strong>omnia</strong></span> <span class='ocrx_word' id='word_1_372' title='bbox 1270 4304 1492 4372; x_wconf 89' lang='lat' dir='ltr'><strong>fecisse;</strong></span> <span class='ocrx_word' id='word_1_373' title='bbox 1526 4307 1668 4376; x_wconf 92' lang='lat' dir='ltr'><strong>quod</strong></span> <span class='ocrx_word' id='word_1_374' title='bbox 1694 4306 1884 4364; x_wconf 88' lang='lat' dir='ltr'><strong>admo-</strong></span> 
     </span>
    </p>
   </div>
   <div class='ocr_carea' id='block_1_44' title="bbox 270 4395 1880 4467">
    <p class='ocr_par' dir='ltr' id='par_1_44' title="bbox 270 4395 1880 4467">
     <span class='ocr_line' id='line_1_44' title="bbox 270 4395 1880 4467; baseline 0.005 -18"><span class='ocrx_word' id='word_1_375' title='bbox 270 4395 390 4450; x_wconf 85' lang='lat' dir='ltr'><strong>dum</strong></span> <span class='ocrx_word' id='word_1_376' title='bbox 426 4395 725 4466; x_wconf 83' lang='lat' dir='ltr'><strong>prudenter</strong></span> <span class='ocrx_word' id='word_1_377' title='bbox 755 4397 915 4452; x_wconf 87' lang='lat' dir='ltr'><strong>amici</strong></span> <span class='ocrx_word' id='word_1_378' title='bbox 956 4397 1173 4453; x_wconf 90' lang='lat' dir='ltr'><strong>nomine</strong></span> <span class='ocrx_word' id='word_1_379' title='bbox 1209 4396 1549 4467; x_wconf 84' lang='lat' dir='ltr'><strong>signiﬁcavit.</strong></span> <span class='ocrx_word' id='word_1_380' title='bbox 1586 4398 1702 4455; x_wconf 87' lang='lat' dir='ltr'><strong>Non</strong></span> <span class='ocrx_word' id='word_1_381' title='bbox 1734 4402 1880 4457; x_wconf 90' lang='lat' dir='ltr'><strong>enim</strong></span> 
     </span>
    </p>
   </div>
   <div class='ocr_carea' id='block_1_45' title="bbox 278 4487 1881 4561">
    <p class='ocr_par' dir='ltr' id='par_1_45' title="bbox 278 4487 1881 4561">
     <span class='ocr_line' id='line_1_45' title="bbox 278 4487 1881 4561; baseline 0.007 -21"><span class='ocrx_word' id='word_1_382' title='bbox 278 4488 347 4542; x_wconf 78' lang='lat' dir='ltr'><strong>ita</strong></span> <span class='ocrx_word' id='word_1_383' title='bbox 379 4488 531 4544; x_wconf 80' lang='lat' dir='ltr'><strong>servi</strong></span> <span class='ocrx_word' id='word_1_384' title='bbox 558 4487 764 4557; x_wconf 85' lang='lat' dir='ltr'><strong>sponsi,</strong></span> <span class='ocrx_word' id='word_1_385' title='bbox 792 4496 850 4543; x_wconf 89' lang='lat' dir='ltr'><strong>ut</strong></span> <span class='ocrx_word' id='word_1_386' title='bbox 878 4488 1033 4543; x_wconf 88' lang='lat' dir='ltr'><strong>amici</strong></span> <span class='ocrx_word' id='word_1_387' title='bbox 1060 4488 1310 4560; x_wconf 86' lang='lat' dir='ltr'><strong>gaudent,</strong></span> <span class='ocrx_word' id='word_1_388' title='bbox 1341 4499 1501 4561; x_wconf 91' lang='lat' dir='ltr'><strong>atque</strong></span> <span class='ocrx_word' id='word_1_389' title='bbox 1531 4491 1615 4546; x_wconf 88' lang='lat' dir='ltr'><strong>bis</strong></span> <span class='ocrx_word' id='word_1_390' title='bbox 1641 4493 1694 4548; x_wconf 91' lang='lat' dir='ltr'><strong>in</strong></span> <span class='ocrx_word' id='word_1_391' title='bbox 1720 4493 1881 4551; x_wconf 86' lang='lat' dir='ltr'><strong>rebus</strong></span> 
     </span>
    </p>
   </div>
   <div class='ocr_carea' id='block_1_46' title="bbox 281 4575 1876 4652">
    <p class='ocr_par' dir='ltr' id='par_1_46' title="bbox 281 4575 1876 4652">
     <span class='ocr_line' id='line_1_46' title="bbox 281 4575 1876 4652; baseline 0.006 -21"><span class='ocrx_word' id='word_1_392' title='bbox 281 4577 554 4634; x_wconf 75' lang='lat' dir='ltr'><strong>lzetantur.</strong></span> <span class='ocrx_word' id='word_1_393' title='bbox 585 4575 703 4633; x_wconf 78' lang='lat' dir='ltr'><strong>Non</strong></span> <span class='ocrx_word' id='word_1_394' title='bbox 729 4593 859 4649; x_wconf 85' lang='lat' dir='ltr'><strong>ergo</strong></span> <span class='ocrx_word' id='word_1_395' title='bbox 889 4593 948 4634; x_wconf 88' lang='lat' dir='ltr'><strong>se</strong></span> <span class='ocrx_word' id='word_1_396' title='bbox 977 4577 1183 4635; x_wconf 85' lang='lat' dir='ltr'><strong>honore</strong></span> <span class='ocrx_word' id='word_1_397' title='bbox 1213 4581 1472 4651; x_wconf 75' lang='lat' dir='ltr'><strong>aequalem</strong></span> <span class='ocrx_word' id='word_1_398' title='bbox 1502 4581 1669 4651; x_wconf 89' lang='lat' dir='ltr'><strong>dicit,</strong></span> <span class='ocrx_word' id='word_1_399' title='bbox 1701 4586 1833 4641; x_wconf 88' lang='lat' dir='ltr'><strong>absit</strong></span> <span class='ocrx_word' id='word_1_400' title='bbox 1862 4606 1876 4652; x_wconf 93' lang='lat'><strong>;</strong></span> 
     </span>
    </p>
   </div>
   <div class='ocr_carea' id='block_1_47' title="bbox 275 4668 1881 4746">
    <p class='ocr_par' dir='ltr' id='par_1_47' title="bbox 275 4668 1881 4746">
     <span class='ocr_line' id='line_1_47' title="bbox 275 4668 1881 4746; baseline 0.006 -22"><span class='ocrx_word' id='word_1_401' title='bbox 275 4669 365 4725; x_wconf 88' lang='lat' dir='ltr'><strong>sed</strong></span> <span class='ocrx_word' id='word_1_402' title='bbox 401 4680 463 4724; x_wconf 89' lang='lat' dir='ltr'><strong>ut</strong></span> <span class='ocrx_word' id='word_1_403' title='bbox 493 4668 672 4740; x_wconf 82' lang='lat' dir='ltr'><strong>gaudii</strong></span> <span class='ocrx_word' id='word_1_404' title='bbox 697 4671 779 4725; x_wconf 88' lang='lat' dir='ltr'><strong>sui</strong></span> <span class='ocrx_word' id='word_1_405' title='bbox 809 4671 1227 4743; x_wconf 86' lang='lat' dir='ltr'><strong>magnitudinem</strong></span> <span class='ocrx_word' id='word_1_406' title='bbox 1259 4672 1515 4742; x_wconf 88' lang='lat' dir='ltr'><strong>declaret,</strong></span> <span class='ocrx_word' id='word_1_407' title='bbox 1543 4685 1706 4746; x_wconf 82' lang='lat' dir='ltr'><strong>atque</strong></span> <span class='ocrx_word' id='word_1_408' title='bbox 1737 4687 1793 4732; x_wconf 92' lang='lat' dir='ltr'><strong>ut</strong></span> <span class='ocrx_word' id='word_1_409' title='bbox 1821 4695 1881 4735; x_wconf 91' lang='lat' dir='ltr'><strong>se</strong></span> 
     </span>
    </p>
   </div>
   <div class='ocr_carea' id='block_1_48' title="bbox 271 4760 1878 4835">
    <p class='ocr_par' dir='ltr' id='par_1_48' title="bbox 271 4760 1878 4835">
     <span class='ocr_line' id='line_1_48' title="bbox 271 4760 1878 4835; baseline 0.008 -19"><span class='ocrx_word' id='word_1_410' title='bbox 271 4775 460 4816; x_wconf 86' lang='lat' dir='ltr'><strong>eorum</strong></span> <span class='ocrx_word' id='word_1_411' title='bbox 489 4760 790 4818; x_wconf 85' lang='lat' dir='ltr'><strong>inﬁrmitati</strong></span> <span class='ocrx_word' id='word_1_412' title='bbox 815 4772 1160 4835; x_wconf 87' lang='lat' dir='ltr'><strong>attemperet,</strong></span> <span class='ocrx_word' id='word_1_413' title='bbox 1189 4766 1423 4822; x_wconf 89' lang='lat' dir='ltr'><strong>amicum</strong></span> <span class='ocrx_word' id='word_1_414' title='bbox 1452 4783 1512 4824; x_wconf 88' lang='lat' dir='ltr'><strong>se</strong></span> <span class='ocrx_word' id='word_1_415' title='bbox 1537 4769 1687 4825; x_wconf 90' lang='lat' dir='ltr'><strong>dicit.</strong></span> <span class='ocrx_word' id='word_1_416' title='bbox 1721 4771 1878 4828; x_wconf 80' lang='lat' dir='ltr'><strong>Mini-</strong></span> 
     </span>
    </p>
   </div>
   <div class='ocr_carea' id='block_1_49' title="bbox 271 4853 1878 4927">
    <p class='ocr_par' dir='ltr' id='par_1_49' title="bbox 271 4853 1878 4927">
     <span class='ocr_line' id='line_1_49' title="bbox 271 4853 1878 4927; baseline 0.007 -21"><span class='ocrx_word' id='word_1_417' title='bbox 271 4855 496 4908; x_wconf 83' lang='lat' dir='ltr'><strong>steritnn</strong></span> <span class='ocrx_word' id='word_1_418' title='bbox 537 4853 736 4924; x_wconf 86' lang='lat' dir='ltr'><strong>quippe</strong></span> <span class='ocrx_word' id='word_1_419' title='bbox 769 4855 1160 4922; x_wconf 87' lang='lat' dir='ltr'><strong>subindicavit,</strong></span> <span class='ocrx_word' id='word_1_420' title='bbox 1191 4872 1315 4913; x_wconf 89' lang='lat' dir='ltr'><strong>cum</strong></span> <span class='ocrx_word' id='word_1_421' title='bbox 1355 4857 1536 4927; x_wconf 86' lang='lat' dir='ltr'><strong>dixit,</strong></span> <span class='ocrx_word' id='word_1_422' title='bbox 1568 4875 1626 4917; x_wconf 88' lang='lat' dir='ltr'><strong>se</strong></span> <span class='ocrx_word' id='word_1_423' title='bbox 1654 4863 1878 4918; x_wconf 88' lang='lat' dir='ltr'><strong>missum</strong></span> 
     </span>
    </p>
   </div>
   <div class='ocr_carea' id='block_1_50' title="bbox 272 4943 1879 5029">
    <p class='ocr_par' dir='ltr' id='par_1_50' title="bbox 272 4943 1879 5029">
     <span class='ocr_line' id='line_1_50' title="bbox 272 4943 1879 5029; baseline 0.009 -30"><span class='ocrx_word' id='word_1_424' title='bbox 272 4943 440 5001; x_wconf 86' lang='lat' dir='ltr'><strong>fuisse</strong></span> <span class='ocrx_word' id='word_1_425' title='bbox 465 4954 592 5001; x_wconf 85' lang='lat' dir='ltr'><strong>ante</strong></span> <span class='ocrx_word' id='word_1_426' title='bbox 618 4945 791 5002; x_wconf 90' lang='lat' dir='ltr'><strong>illum.</strong></span> <span class='ocrx_word' id='word_1_427' title='bbox 821 4948 1027 5005; x_wconf 86' lang='lat' dir='ltr'><strong>idcirco</strong></span> <span class='ocrx_word' id='word_1_428' title='bbox 1049 4948 1191 5020; x_wconf 91' lang='lat' dir='ltr'><strong>quod</strong></span> <span class='ocrx_word' id='word_1_429' title='bbox 1216 4960 1432 5022; x_wconf 85' lang='lat' dir='ltr'><strong>putaret</strong></span> <span class='ocrx_word' id='word_1_430' title='bbox 1456 4952 1577 5010; x_wconf 89' lang='lat' dir='ltr'><strong>illos</strong></span> <span class='ocrx_word' id='word_1_431' title='bbox 1601 4953 1717 5012; x_wconf 84' lang='lat' dir='ltr'><strong>haec</strong></span> <span class='ocrx_word' id='word_1_432' title='bbox 1738 4973 1879 5029; x_wconf 62' lang='lat' dir='ltr'><strong>aegre</strong></span> 
     </span>
    </p>
   </div>
   <div class='ocr_carea' id='block_1_51' title="bbox 273 5036 1879 5113">
    <p class='ocr_par' dir='ltr' id='par_1_51' title="bbox 273 5036 1879 5113">
     <span class='ocr_line' id='line_1_51' title="bbox 273 5036 1879 5113; baseline 0.011 -21"><span class='ocrx_word' id='word_1_433' title='bbox 273 5036 417 5094; x_wconf 81' lang='lat' dir='ltr'><strong>terre</strong></span> <span class='ocrx_word' id='word_1_434' title='bbox 449 5039 473 5070; x_wconf 78' lang='grc'>³</span> <span class='ocrx_word' id='word_1_435' title='bbox 498 5080 513 5105; x_wconf 83' lang='grc'><strong><em>,</em></strong></span> <span class='ocrx_word' id='word_1_436' title='bbox 547 5053 607 5094; x_wconf 88' lang='lat' dir='ltr'><strong>se</strong></span> <span class='ocrx_word' id='word_1_437' title='bbox 644 5041 876 5096; x_wconf 91' lang='lat' dir='ltr'><strong>amicum</strong></span> <span class='ocrx_word' id='word_1_438' title='bbox 921 5044 1104 5113; x_wconf 86' lang='lat' dir='ltr'><strong>sponsi</strong></span> <span class='ocrx_word' id='word_1_439' title='bbox 1140 5042 1272 5101; x_wconf 85' lang='lat' dir='ltr'><strong>dicit</strong></span> <span class='ocrx_word' id='word_1_440' title='bbox 1309 5060 1432 5103; x_wconf 89' lang='lat' dir='ltr'><strong>esse</strong></span> <span class='ocrx_word' id='word_1_441' title='bbox 1457 5089 1472 5113; x_wconf 94' lang='lat'><strong>,</strong></span> <span class='ocrx_word' id='word_1_442' title='bbox 1501 5050 1792 5107; x_wconf 88' lang='lat' dir='ltr'><strong>ostendens</strong></span> <span class='ocrx_word' id='word_1_443' title='bbox 1819 5067 1879 5109; x_wconf 89' lang='lat' dir='ltr'><strong>se</strong></span> 
     </span>
    </p>
   </div>
   <div class='ocr_carea' id='block_1_52' title="bbox 273 5129 1874 5212">
    <p class='ocr_par' dir='ltr' id='par_1_52' title="bbox 273 5129 1874 5212">
     <span class='ocr_line' id='line_1_52' title="bbox 273 5129 1874 5212; baseline 0.009 -28"><span class='ocrx_word' id='word_1_444' title='bbox 273 5143 378 5203; x_wconf 80' lang='lat' dir='ltr'><strong>non</strong></span> <span class='ocrx_word' id='word_1_445' title='bbox 424 5129 588 5186; x_wconf 90' lang='lat' dir='ltr'><strong>modo</strong></span> <span class='ocrx_word' id='word_1_446' title='bbox 628 5146 734 5187; x_wconf 91' lang='lat' dir='ltr'><strong>non</strong></span> <span class='ocrx_word' id='word_1_447' title='bbox 774 5149 916 5203; x_wconf 80' lang='lat' dir='ltr'><strong>aegre</strong></span> <span class='ocrx_word' id='word_1_448' title='bbox 953 5134 1101 5191; x_wconf 89' lang='lat' dir='ltr'><strong>ferre</strong></span> <span class='ocrx_word' id='word_1_449' title='bbox 1123 5176 1137 5202; x_wconf 91' lang='lat'><strong>,</strong></span> <span class='ocrx_word' id='word_1_450' title='bbox 1180 5135 1275 5193; x_wconf 87' lang='lat' dir='ltr'><strong>sed</strong></span> <span class='ocrx_word' id='word_1_451' title='bbox 1303 5137 1592 5195; x_wconf 87' lang='lat' dir='ltr'><strong>admodum</strong></span> <span class='ocrx_word' id='word_1_452' title='bbox 1620 5142 1874 5212; x_wconf 88' lang='lat' dir='ltr'><strong>gaudere.</strong></span> 
     </span>
    </p>
   </div>
   <div class='ocr_carea' id='block_1_53' title="bbox 275 5219 1881 5297">
    <p class='ocr_par' dir='ltr' id='par_1_53' title="bbox 275 5219 1881 5297">
     <span class='ocr_line' id='line_1_53' title="bbox 275 5219 1881 5297; baseline 0.011 -22"><span class='ocrx_word' id='word_1_453' title='bbox 275 5219 405 5288; x_wconf 83' lang='lat' dir='ltr'><strong>Quia</strong></span> <span class='ocrx_word' id='word_1_454' title='bbox 439 5221 600 5291; x_wconf 84' lang='lat' dir='ltr'><strong>igitur</strong></span> <span class='ocrx_word' id='word_1_455' title='bbox 641 5223 743 5278; x_wconf 91' lang='lat' dir='ltr'><strong>hoc</strong></span> <span class='ocrx_word' id='word_1_456' title='bbox 775 5224 1107 5294; x_wconf 86' lang='lat' dir='ltr'><strong>perfecturus</strong></span> <span class='ocrx_word' id='word_1_457' title='bbox 1134 5226 1372 5297; x_wconf 90' lang='lat' dir='ltr'><strong>adveni,</strong></span> <span class='ocrx_word' id='word_1_458' title='bbox 1406 5238 1614 5287; x_wconf 89' lang='lat' dir='ltr'><strong>tantum</strong></span> <span class='ocrx_word' id='word_1_459' title='bbox 1641 5233 1794 5290; x_wconf 90' lang='lat' dir='ltr'><strong>abest</strong></span> <span class='ocrx_word' id='word_1_460' title='bbox 1821 5248 1881 5294; x_wconf 87' lang='lat' dir='ltr'><strong>ut</strong></span> 
     </span>
    </p>
   </div>
   <div class='ocr_carea' id='block_1_54' title="bbox 279 5313 1878 5394">
    <p class='ocr_par' dir='ltr' id='par_1_54' title="bbox 279 5313 1878 5394">
     <span class='ocr_line' id='line_1_54' title="bbox 279 5313 1878 5394; baseline 0.008 -24"><span class='ocrx_word' id='word_1_461' title='bbox 279 5313 337 5370; x_wconf 80' lang='lat' dir='ltr'><strong>Ie</strong></span> <span class='ocrx_word' id='word_1_462' title='bbox 377 5315 544 5384; x_wconf 81' lang='lat' dir='ltr'><strong>gestis</strong></span> <span class='ocrx_word' id='word_1_463' title='bbox 589 5314 805 5370; x_wconf 87' lang='lat' dir='ltr'><strong>doleam</strong></span> <span class='ocrx_word' id='word_1_464' title='bbox 828 5359 843 5382; x_wconf 88' lang='lat'><strong>,</strong></span> <span class='ocrx_word' id='word_1_465' title='bbox 877 5327 935 5372; x_wconf 93' lang='lat' dir='ltr'><strong>ut</strong></span> <span class='ocrx_word' id='word_1_466' title='bbox 973 5321 1207 5374; x_wconf 82' lang='lat' dir='ltr'><strong>maximo</strong></span> <span class='ocrx_word' id='word_1_467' title='bbox 1246 5336 1479 5378; x_wconf 77' lang='lat' dir='ltr'><strong>mcerore</strong></span> <span class='ocrx_word' id='word_1_468' title='bbox 1516 5322 1761 5381; x_wconf 87' lang='lat' dir='ltr'><strong>afﬁcerer</strong></span> <span class='ocrx_word' id='word_1_469' title='bbox 1784 5369 1800 5394; x_wconf 92' lang='lat'><strong>,</strong></span> <span class='ocrx_word' id='word_1_470' title='bbox 1832 5328 1878 5384; x_wconf 84' lang='lat' dir='ltr'><strong>si</strong></span> 
     </span>
    </p>
   </div>
   <div class='ocr_carea' id='block_1_55' title="bbox 282 5403 1874 5487">
    <p class='ocr_par' dir='ltr' id='par_1_55' title="bbox 282 5403 1874 5487">
     <span class='ocr_line' id='line_1_55' title="bbox 282 5403 1874 5487; baseline 0.009 -29"><span class='ocrx_word' id='word_1_471' title='bbox 282 5418 380 5462; x_wconf 80' lang='lat' dir='ltr'><strong>non</strong></span> <span class='ocrx_word' id='word_1_472' title='bbox 414 5403 626 5460; x_wconf 89' lang='lat' dir='ltr'><strong>ﬁerent.</strong></span> <span class='ocrx_word' id='word_1_473' title='bbox 673 5405 729 5461; x_wconf 90' lang='lat' dir='ltr'><strong>Si</strong></span> <span class='ocrx_word' id='word_1_474' title='bbox 770 5419 966 5476; x_wconf 90' lang='lat' dir='ltr'><strong>sponsa</strong></span> <span class='ocrx_word' id='word_1_475' title='bbox 1005 5409 1070 5464; x_wconf 88' lang='lat' dir='ltr'><strong>ad</strong></span> <span class='ocrx_word' id='word_1_476' title='bbox 1113 5426 1370 5481; x_wconf 88' lang='lat' dir='ltr'><strong>sponsum</strong></span> <span class='ocrx_word' id='word_1_477' title='bbox 1403 5429 1508 5469; x_wconf 92' lang='lat' dir='ltr'><strong>non</strong></span> <span class='ocrx_word' id='word_1_478' title='bbox 1551 5416 1874 5487; x_wconf 84' lang='lat' dir='ltr'><strong>accederet,</strong></span> 
     </span>
    </p>
   </div>
   <div class='ocr_carea' id='block_1_56' title="bbox 281 5495 1875 5578">
    <p class='ocr_par' dir='ltr' id='par_1_56' title="bbox 281 5495 1875 5578">
     <span class='ocr_line' id='line_1_56' title="bbox 281 5495 1875 5578; baseline 0.011 -30"><span class='ocrx_word' id='word_1_479' title='bbox 281 5503 402 5549; x_wconf 86' lang='lat' dir='ltr'><strong>tunc</strong></span> <span class='ocrx_word' id='word_1_480' title='bbox 430 5495 672 5551; x_wconf 90' lang='lat' dir='ltr'><strong>dolerem</strong></span> <span class='ocrx_word' id='word_1_481' title='bbox 697 5513 710 5560; x_wconf 87' lang='lat'><strong>;</strong></span> <span class='ocrx_word' id='word_1_482' title='bbox 742 5511 847 5551; x_wconf 91' lang='lat' dir='ltr'><strong>non</strong></span> <span class='ocrx_word' id='word_1_483' title='bbox 880 5513 1007 5553; x_wconf 86' lang='lat' dir='ltr'><strong>vero</strong></span> <span class='ocrx_word' id='word_1_484' title='bbox 1039 5516 1179 5556; x_wconf 91' lang='lat' dir='ltr'><strong>nunc</strong></span> <span class='ocrx_word' id='word_1_485' title='bbox 1201 5543 1216 5568; x_wconf 91' lang='lat'><strong>,</strong></span> <span class='ocrx_word' id='word_1_486' title='bbox 1251 5518 1372 5557; x_wconf 92' lang='lat' dir='ltr'><strong>cum</strong></span> <span class='ocrx_word' id='word_1_487' title='bbox 1399 5514 1582 5560; x_wconf 88' lang='lat' dir='ltr'><strong>nostra</strong></span> <span class='ocrx_word' id='word_1_488' title='bbox 1608 5511 1875 5578; x_wconf 88' lang='lat' dir='ltr'><strong>completa</strong></span> 
     </span>
    </p>
   </div>
   <div class='ocr_carea' id='block_1_57' title="bbox 280 5586 1878 5666">
    <p class='ocr_par' dir='ltr' id='par_1_57' title="bbox 280 5586 1878 5666">
     <span class='ocr_line' id='line_1_57' title="bbox 280 5586 1878 5666; baseline 0.013 -26"><span class='ocrx_word' id='word_1_489' title='bbox 280 5595 419 5644; x_wconf 79' lang='lat' dir='ltr'><strong>sunt.</strong></span> <span class='ocrx_word' id='word_1_490' title='bbox 451 5586 583 5643; x_wconf 81' lang='lat' dir='ltr'><strong>Nam</strong></span> <span class='ocrx_word' id='word_1_491' title='bbox 620 5604 744 5645; x_wconf 87' lang='lat' dir='ltr'><strong>eum</strong></span> <span class='ocrx_word' id='word_1_492' title='bbox 778 5604 867 5645; x_wconf 87' lang='lat' dir='ltr'><strong>res</strong></span> <span class='ocrx_word' id='word_1_493' title='bbox 901 5590 1018 5662; x_wconf 85' lang='lat' dir='ltr'><strong>ejus</strong></span> <span class='ocrx_word' id='word_1_494' title='bbox 1059 5603 1202 5651; x_wconf 90' lang='lat' dir='ltr'><strong>recte</strong></span> <span class='ocrx_word' id='word_1_495' title='bbox 1244 5597 1581 5666; x_wconf 87' lang='lat' dir='ltr'><strong>procedunt,</strong></span> <span class='ocrx_word' id='word_1_496' title='bbox 1613 5609 1738 5658; x_wconf 90' lang='lat' dir='ltr'><strong>tunc</strong></span> <span class='ocrx_word' id='word_1_497' title='bbox 1779 5619 1878 5660; x_wconf 91' lang='lat' dir='ltr'><strong>nos</strong></span> 
     </span>
    </p>
   </div>
   <div class='ocr_carea' id='block_1_58' title="bbox 338 5704 1876 5781">
    <p class='ocr_par' dir='ltr' id='par_1_58' title="bbox 338 5704 1876 5781">
     <span class='ocr_line' id='line_1_58' title="bbox 338 5704 1876 5781; baseline 0.014 -30"><span class='ocrx_word' id='word_1_498' title='bbox 338 5707 362 5781; x_wconf 54' lang='grc' dir='ltr'><em>ξ</em></span> <span class='ocrx_word' id='word_1_499' title='bbox 395 5704 612 5781; x_wconf 64' lang='lat' dir='ltr'><strong>meavit.</strong></span> <span class='ocrx_word' id='word_1_500' title='bbox 1003 5707 1086 5781; x_wconf 79' lang='lat' dir='ltr'><strong>qui</strong></span> <span class='ocrx_word' id='word_1_501' title='bbox 1119 5712 1136 5781; x_wconf 69' lang='grc' dir='ltr'><strong>ξ</strong></span> <span class='ocrx_word' id='word_1_502' title='bbox 1163 5720 1254 5765; x_wconf 70' lang='lat' dir='ltr'><strong>taac</strong></span> <span class='ocrx_word' id='word_1_503' title='bbox 1284 5726 1587 5781; x_wconf 78' lang='lat' dir='ltr'><strong>appararet:</strong></span> <span class='ocrx_word' id='word_1_504' title='bbox 1617 5732 1876 5781; x_wconf 84' lang='lat' dir='ltr'><strong>numquam</strong></span> 
     </span>
    </p>
   </div>
   <div class='ocr_carea' id='block_1_59' title="bbox 277 5766 1243 5830">
    <p class='ocr_par' dir='ltr' id='par_1_59' title="bbox 277 5766 1243 5830">
     <span class='ocr_line' id='line_1_59' title="bbox 277 5766 1243 5830; baseline 0.008 -15"><span class='ocrx_word' id='word_1_505' title='bbox 277 5766 401 5815; x_wconf 75' lang='lat' dir='ltr'><strong>enim</strong></span> <span class='ocrx_word' id='word_1_506' title='bbox 423 5766 564 5818; x_wconf 77' lang='lat' dir='ltr'><strong>homo</strong></span> <span class='ocrx_word' id='word_1_507' title='bbox 586 5766 728 5818; x_wconf 69' lang='lat' dir='ltr'><strong>tanta</strong></span> <span class='ocrx_word' id='word_1_508' title='bbox 751 5773 982 5830; x_wconf 79' lang='lat' dir='ltr'><strong>potestate</strong></span> <span class='ocrx_word' id='word_1_509' title='bbox 1005 5766 1243 5825; x_wconf 60' lang='lat' dir='ltr'><strong>ualuisset.</strong></span> 
     </span>
    </p>
   </div>
   <div class='ocr_carea' id='block_1_60' title="bbox 338 5829 1878 5905">
    <p class='ocr_par' dir='ltr' id='par_1_60' title="bbox 338 5829 1878 5905">
     <span class='ocr_line' id='line_1_60' title="bbox 338 5829 1878 5905; baseline 0.012 -29"><span class='ocrx_word' id='word_1_510' title='bbox 338 5829 530 5905; x_wconf 31' lang='lat' dir='ltr'><strong>tAsavil.</strong></span> <span class='ocrx_word' id='word_1_511' title='bbox 561 5837 620 5905; x_wconf 62' lang='lat' dir='ltr'><strong>et</strong></span> <span class='ocrx_word' id='word_1_512' title='bbox 653 5829 841 5905; x_wconf 67' lang='lat' dir='ltr'><strong>Boisitts</strong></span> <span class='ocrx_word' id='word_1_513' title='bbox 854 5829 1122 5905; x_wconf 79' lang='lat' dir='ltr'><strong>legendum</strong></span> <span class='ocrx_word' id='word_1_514' title='bbox 1148 5845 1315 5899; x_wconf 87' lang='lat' dir='ltr'><strong>putant</strong></span> <span class='ocrx_word' id='word_1_515' title='bbox 1343 5853 1354 5888; x_wconf 91' lang='lat'>:</span> <span class='ocrx_word' id='word_1_516' title='bbox 1388 5839 1720 5905; x_wconf 74' lang='lat' dir='ltr'><strong>Idcircoquod</strong></span> <span class='ocrx_word' id='word_1_517' title='bbox 1741 5842 1878 5894; x_wconf 86' lang='lat' dir='ltr'><strong>illum</strong></span> 
     </span>
    </p>
   </div>
   <div class='ocr_carea' id='block_1_61' title="bbox 283 5890 958 5959">
    <p class='ocr_par' dir='ltr' id='par_1_61' title="bbox 283 5890 958 5959">
     <span class='ocr_line' id='line_1_61' title="bbox 283 5890 958 5959; baseline -0.001 -19"><span class='ocrx_word' id='word_1_518' title='bbox 283 5890 382 5940; x_wconf 74' lang='lat' dir='ltr'><strong>lta&#39;c</strong></span> <span class='ocrx_word' id='word_1_519' title='bbox 397 5903 531 5959; x_wconf 54' lang='lat' dir='ltr'><strong>aegre</strong></span> <span class='ocrx_word' id='word_1_520' title='bbox 551 5893 688 5956; x_wconf 74' lang='lat' dir='ltr'><strong>ferre</strong></span> <span class='ocrx_word' id='word_1_521' title='bbox 715 5890 958 5953; x_wconf 65' lang='lat' dir='ltr'><strong>putarrn&#39;t.</strong></span> 
     </span>
    </p>
   </div>
   <div class='ocr_carea' id='block_1_62' title="bbox 1301 415 3592 494">
    <p class='ocr_par' dir='ltr' id='par_1_62' title="bbox 1301 415 3592 494">
     <span class='ocr_line' id='line_1_62' title="bbox 1301 415 3592 494; baseline -0.002 -17"><span class='ocrx_word' id='word_1_522' title='bbox 1301 420 1378 477; x_wconf 74' lang='lat' dir='ltr'><strong>1N</strong></span> <span class='ocrx_word' id='word_1_523' title='bbox 1407 415 1716 475; x_wconf 63' lang='lat' dir='ltr'><strong>JOANNEil</strong></span> <span class='ocrx_word' id='word_1_524' title='bbox 1759 415 1990 474; x_wconf 76' lang='lat' dir='ltr'><strong>llOMlL.</strong></span> <span class='ocrx_word' id='word_1_525' title='bbox 2032 417 2228 475; x_wconf 73' lang='lat' dir='ltr'><strong>XXIX.</strong></span> <span class='ocrx_word' id='word_1_526' title='bbox 2265 418 2333 475; x_wconf 89' lang='lat' dir='ltr'><strong>al.</strong></span> <span class='ocrx_word' id='word_1_527' title='bbox 2377 419 2615 478; x_wconf 77' lang='lat' dir='ltr'><strong>XXVI&quot;.</strong></span> <span class='ocrx_word' id='word_1_528' title='bbox 3500 435 3592 494; x_wconf 60' lang='grc' dir='ltr'><strong>ιτα</strong></span> 
     </span>
    </p>
   </div>
   <div class='ocr_carea' id='block_1_63' title="bbox 1997 537 3596 625">
    <p class='ocr_par' dir='ltr' id='par_1_63' title="bbox 1997 537 3596 625">
     <span class='ocr_line' id='line_1_63' title="bbox 1997 537 3596 625; baseline 0.017 -36"><span class='ocrx_word' id='word_1_529' title='bbox 1997 550 2252 607; x_wconf 79' lang='lat' dir='ltr'><strong>prospere</strong></span> <span class='ocrx_word' id='word_1_530' title='bbox 2295 537 2539 609; x_wconf 84' lang='lat' dir='ltr'><strong>agimus;</strong></span> <span class='ocrx_word' id='word_1_531' title='bbox 2581 541 2703 611; x_wconf 87' lang='lat' dir='ltr'><strong>quia</strong></span> <span class='ocrx_word' id='word_1_532' title='bbox 2745 544 2888 612; x_wconf 87' lang='lat' dir='ltr'><strong>quod</strong></span> <span class='ocrx_word' id='word_1_533' title='bbox 2935 547 3248 608; x_wconf 86' lang='lat' dir='ltr'><strong>volebamus</strong></span> <span class='ocrx_word' id='word_1_534' title='bbox 3284 557 3499 625; x_wconf 85' lang='lat' dir='ltr'><strong>evenit,</strong></span> <span class='ocrx_word' id='word_1_535' title='bbox 3540 571 3596 616; x_wconf 85' lang='lat' dir='ltr'><strong>et</strong></span> 
     </span>
    </p>
   </div>
   <div class='ocr_carea' id='block_1_64' title="bbox 1987 634 3597 710">
    <p class='ocr_par' dir='ltr' id='par_1_64' title="bbox 1987 634 3597 710">
     <span class='ocr_line' id='line_1_64' title="bbox 1987 634 3597 710; baseline 0.017 -32"><span class='ocrx_word' id='word_1_536' title='bbox 1987 639 2183 696; x_wconf 88' lang='lat' dir='ltr'><strong>sponsa</strong></span> <span class='ocrx_word' id='word_1_537' title='bbox 2214 643 2470 697; x_wconf 87' lang='lat' dir='ltr'><strong>sponsum</strong></span> <span class='ocrx_word' id='word_1_538' title='bbox 2498 634 2758 701; x_wconf 77' lang='lat' dir='ltr'><strong>agnoscit.</strong></span> <span class='ocrx_word' id='word_1_539' title='bbox 2790 635 2852 690; x_wconf 87' lang='lat' dir='ltr'><strong>Et</strong></span> <span class='ocrx_word' id='word_1_540' title='bbox 2881 651 2974 692; x_wconf 87' lang='lat' dir='ltr'><strong>vos</strong></span> <span class='ocrx_word' id='word_1_541' title='bbox 3008 640 3106 710; x_wconf 84' lang='lat' dir='ltr'><strong>ipsi</strong></span> <span class='ocrx_word' id='word_1_542' title='bbox 3140 641 3239 699; x_wconf 88' lang='lat' dir='ltr'><strong>hoc</strong></span> <span class='ocrx_word' id='word_1_543' title='bbox 3273 648 3597 705; x_wconf 69' lang='lat' dir='ltr'><strong>testim-ami-</strong></span> 
     </span>
    </p>
   </div>
   <div class='ocr_carea' id='block_1_65' title="bbox 1988 716 3594 795">
    <p class='ocr_par' dir='ltr' id='par_1_65' title="bbox 1988 716 3594 795">
     <span class='ocr_line' id='line_1_65' title="bbox 1988 716 3594 795; baseline 0.017 -26"><span class='ocrx_word' id='word_1_544' title='bbox 1988 716 2039 770; x_wconf 92' lang='lat' dir='ltr'><strong>ni</strong></span> <span class='ocrx_word' id='word_1_545' title='bbox 2069 731 2191 772; x_wconf 88' lang='lat' dir='ltr'><strong>cum</strong></span> <span class='ocrx_word' id='word_1_546' title='bbox 2223 717 2400 774; x_wconf 90' lang='lat' dir='ltr'><strong>dicitis</strong></span> <span class='ocrx_word' id='word_1_547' title='bbox 2423 761 2437 785; x_wconf 93' lang='lat'><strong>,</strong></span> <span class='ocrx_word' id='word_1_548' title='bbox 2471 721 2658 778; x_wconf 84' lang='lat' dir='ltr'><strong>Omnes</strong></span> <span class='ocrx_word' id='word_1_549' title='bbox 2687 727 2893 780; x_wconf 84' lang='lat' dir='ltr'><strong>veniunt</strong></span> <span class='ocrx_word' id='word_1_550' title='bbox 2919 730 2987 784; x_wconf 86' lang='lat' dir='ltr'><strong>ad</strong></span> <span class='ocrx_word' id='word_1_551' title='bbox 3013 748 3147 786; x_wconf 87' lang='lat' dir='ltr'><strong>eum.</strong></span> <span class='ocrx_word' id='word_1_552' title='bbox 3183 734 3297 790; x_wconf 86' lang='lat' dir='ltr'><strong>lloc</strong></span> <span class='ocrx_word' id='word_1_553' title='bbox 3320 738 3463 793; x_wconf 90' lang='lat' dir='ltr'><strong>enim</strong></span> <span class='ocrx_word' id='word_1_554' title='bbox 3497 756 3594 795; x_wconf 75' lang='lat' dir='ltr'><strong>en-</strong></span> 
     </span>
    </p>
   </div>
   <div class='ocr_carea' id='block_1_66' title="bbox 1987 809 3593 894">
    <p class='ocr_par' dir='ltr' id='par_1_66' title="bbox 1987 809 3593 894">
     <span class='ocr_line' id='line_1_66' title="bbox 1987 809 3593 894; baseline 0.016 -32"><span class='ocrx_word' id='word_1_555' title='bbox 1987 809 2171 864; x_wconf 88' lang='lat' dir='ltr'><strong>rabatn</strong></span> <span class='ocrx_word' id='word_1_556' title='bbox 2194 854 2208 878; x_wconf 94' lang='lat'><strong>,</strong></span> <span class='ocrx_word' id='word_1_557' title='bbox 2239 823 2293 867; x_wconf 88' lang='lat' dir='ltr'><strong>et</strong></span> <span class='ocrx_word' id='word_1_558' title='bbox 2319 828 2380 868; x_wconf 91' lang='lat' dir='ltr'><strong>ea</strong></span> <span class='ocrx_word' id='word_1_559' title='bbox 2412 815 2481 870; x_wconf 91' lang='lat' dir='ltr'><strong>de</strong></span> <span class='ocrx_word' id='word_1_560' title='bbox 2514 831 2672 870; x_wconf 91' lang='lat' dir='ltr'><strong>causa</strong></span> <span class='ocrx_word' id='word_1_561' title='bbox 2720 821 2898 874; x_wconf 88' lang='lat' dir='ltr'><strong>omnia</strong></span> <span class='ocrx_word' id='word_1_562' title='bbox 2945 821 3069 878; x_wconf 78' lang='lat' dir='ltr'><strong>feci.</strong></span> <span class='ocrx_word' id='word_1_563' title='bbox 3103 825 3282 894; x_wconf 89' lang='lat' dir='ltr'><strong>Quare</strong></span> <span class='ocrx_word' id='word_1_564' title='bbox 3311 843 3431 884; x_wconf 91' lang='lat' dir='ltr'><strong>cum</strong></span> <span class='ocrx_word' id='word_1_565' title='bbox 3466 832 3593 889; x_wconf 83' lang='lat' dir='ltr'><strong>illud</strong></span> 
     </span>
    </p>
   </div>
   <div class='ocr_carea' id='block_1_67' title="bbox 1982 900 3206 980">
    <p class='ocr_par' dir='ltr' id='par_1_67' title="bbox 1982 900 3206 980">
     <span class='ocr_line' id='line_1_67' title="bbox 1982 900 3206 980; baseline 0.013 -26"><span class='ocrx_word' id='word_1_566' title='bbox 1982 900 2092 970; x_wconf 85' lang='lat' dir='ltr'><strong>jam</strong></span> <span class='ocrx_word' id='word_1_567' title='bbox 2119 905 2368 960; x_wconf 81' lang='lat' dir='ltr'><strong>evenisse</strong></span> <span class='ocrx_word' id='word_1_568' title='bbox 2395 907 2602 963; x_wconf 85' lang='lat' dir='ltr'><strong>videam</strong></span> <span class='ocrx_word' id='word_1_569' title='bbox 2623 952 2638 976; x_wconf 94' lang='lat'><strong>,</strong></span> <span class='ocrx_word' id='word_1_570' title='bbox 2668 911 2874 980; x_wconf 90' lang='lat' dir='ltr'><strong>gaudeo</strong></span> <span class='ocrx_word' id='word_1_571' title='bbox 2899 924 2951 967; x_wconf 93' lang='lat' dir='ltr'><strong>et</strong></span> <span class='ocrx_word' id='word_1_572' title='bbox 2977 917 3206 972; x_wconf 80' lang='lat' dir='ltr'><strong>exsullo.</strong></span> 
     </span>
    </p>
   </div>
   <div class='ocr_carea' id='block_1_68' title="bbox 1979 993 3595 1077">
    <p class='ocr_par' dir='ltr' id='par_1_68' title="bbox 1979 993 3595 1077">
     <span class='ocr_line' id='line_1_68' title="bbox 1979 993 3595 1077; baseline 0.013 -29"><span class='ocrx_word' id='word_1_573' title='bbox 1979 1070 1983 1073; x_wconf 82' lang='lat'><strong><em>_</em></strong></span> <span class='ocrx_word' id='word_1_574' title='bbox 2060 995 2112 1049; x_wconf 77' lang='grc'><strong>5.</strong></span> <span class='ocrx_word' id='word_1_575' title='bbox 2160 993 2390 1050; x_wconf 67' lang='lat' dir='ltr'><strong>Ecclesia</strong></span> <span class='ocrx_word' id='word_1_576' title='bbox 2433 1000 2687 1068; x_wconf 86' lang='lat' dir='ltr'><strong>quomodo</strong></span> <span class='ocrx_word' id='word_1_577' title='bbox 2729 1017 2920 1073; x_wconf 82' lang='lat' dir='ltr'><strong>sponsa</strong></span> <span class='ocrx_word' id='word_1_578' title='bbox 2969 1005 3162 1062; x_wconf 82' lang='lat' dir='ltr'><strong>Christi</strong></span> <span class='ocrx_word' id='word_1_579' title='bbox 3199 1010 3312 1077; x_wconf 82' lang='lat' dir='ltr'><strong>ﬁat.</strong></span> <span class='ocrx_word' id='word_1_580' title='bbox 3365 1010 3595 1069; x_wconf 80' lang='lat' dir='ltr'><strong>Joannes</strong></span> 
     </span>
    </p>
   </div>
   <div class='ocr_carea' id='block_1_69' title="bbox 1986 1085 3594 1167">
    <p class='ocr_par' dir='ltr' id='par_1_69' title="bbox 1986 1085 3594 1167">
     <span class='ocr_line' id='line_1_69' title="bbox 1986 1085 3594 1167; baseline 0.015 -28"><span class='ocrx_word' id='word_1_581' title='bbox 1986 1085 2219 1154; x_wconf 67' lang='lat' dir='ltr'><strong>Baptista</strong></span> <span class='ocrx_word' id='word_1_582' title='bbox 2249 1088 2311 1140; x_wconf 84' lang='lat' dir='ltr'><strong>de</strong></span> <span class='ocrx_word' id='word_1_583' title='bbox 2336 1087 2537 1143; x_wconf 79' lang='lat' dir='ltr'><strong>Christo</strong></span> <span class='ocrx_word' id='word_1_584' title='bbox 2567 1093 2909 1149; x_wconf 85' lang='lat' dir='ltr'><strong>testimonium</strong></span> <span class='ocrx_word' id='word_1_585' title='bbox 2934 1100 3138 1167; x_wconf 83' lang='lat' dir='ltr'><strong>sapiens</strong></span> <span class='ocrx_word' id='word_1_586' title='bbox 3174 1112 3221 1154; x_wconf 78' lang='lat' dir='ltr'><strong>et</strong></span> <span class='ocrx_word' id='word_1_587' title='bbox 3249 1102 3594 1162; x_wconf 86' lang='lat' dir='ltr'><strong>ineluctabile.</strong></span> 
     </span>
    </p>
   </div>
   <div class='ocr_carea' id='block_1_70' title="bbox 2000 1179 3596 1266">
    <p class='ocr_par' dir='ltr' id='par_1_70' title="bbox 2000 1179 3596 1266">
     <span class='ocr_line' id='line_1_70' title="bbox 2000 1179 3596 1266; baseline 0.015 -32"><span class='ocrx_word' id='word_1_588' title='bbox 2000 1179 2156 1237; x_wconf 68' lang='lat' dir='ltr'><strong>Vanis</strong></span> <span class='ocrx_word' id='word_1_589' title='bbox 2177 1183 2356 1255; x_wconf 82' lang='lat' dir='ltr'><strong>gloria:</strong></span> <span class='ocrx_word' id='word_1_590' title='bbox 2377 1186 2600 1252; x_wconf 84' lang='lat' dir='ltr'><strong>damna;</strong></span> <span class='ocrx_word' id='word_1_591' title='bbox 2619 1192 2870 1258; x_wconf 83' lang='lat' dir='ltr'><strong>quomodo</strong></span> <span class='ocrx_word' id='word_1_592' title='bbox 2888 1196 2951 1247; x_wconf 89' lang='lat' dir='ltr'><strong>sit</strong></span> <span class='ocrx_word' id='word_1_593' title='bbox 2969 1196 3293 1265; x_wconf 75' lang='lat' dir='ltr'><strong>fuganda.—</strong></span> <span class='ocrx_word' id='word_1_594' title='bbox 3309 1203 3446 1266; x_wconf 87' lang='lat' dir='ltr'><strong>Quid</strong></span> <span class='ocrx_word' id='word_1_595' title='bbox 3470 1220 3596 1261; x_wconf 74' lang='lat' dir='ltr'><strong>vero</strong></span> 
     </span>
    </p>
   </div>
   <div class='ocr_carea' id='block_1_71' title="bbox 1985 1274 3596 1366">
    <p class='ocr_par' dir='ltr' id='par_1_71' title="bbox 1985 1274 3596 1366">
     <span class='ocr_line' id='line_1_71' title="bbox 1985 1274 3596 1366; baseline 0.015 -39"><span class='ocrx_word' id='word_1_596' title='bbox 1985 1274 2250 1343; x_wconf 89' lang='lat' dir='ltr'><strong>signiﬁcat</strong></span> <span class='ocrx_word' id='word_1_597' title='bbox 2281 1275 2409 1331; x_wconf 92' lang='lat' dir='ltr'><strong>illud</strong></span> <span class='ocrx_word' id='word_1_598' title='bbox 2435 1319 2449 1345; x_wconf 87' lang='lat'><strong>,</strong></span> <span class='ocrx_word' id='word_1_599' title='bbox 2485 1279 2587 1346; x_wconf 84' lang='lat' dir='ltr'><strong>Qui</strong></span> <span class='ocrx_word' id='word_1_600' title='bbox 2606 1289 2703 1334; x_wconf 86' lang='lat' dir='ltr'><strong>stat</strong></span> <span class='ocrx_word' id='word_1_601' title='bbox 2735 1290 2781 1336; x_wconf 86' lang='lat' dir='ltr'><strong>et</strong></span> <span class='ocrx_word' id='word_1_602' title='bbox 2811 1286 2956 1338; x_wconf 82' lang='lat' dir='ltr'><strong>audit</strong></span> <span class='ocrx_word' id='word_1_603' title='bbox 3005 1303 3116 1341; x_wconf 88' lang='lat' dir='ltr'><strong>eum</strong></span> <span class='ocrx_word' id='word_1_604' title='bbox 3137 1330 3150 1351; x_wconf 84' lang='lat'><strong>.</strong></span> <span class='ocrx_word' id='word_1_605' title='bbox 3183 1292 3371 1360; x_wconf 85' lang='lat' dir='ltr'><strong>gaudio</strong></span> <span class='ocrx_word' id='word_1_606' title='bbox 3406 1296 3596 1366; x_wconf 83' lang='lat' dir='ltr'><strong>gaudet</strong></span> 
     </span>
    </p>
   </div>
   <div class='ocr_carea' id='block_1_72' title="bbox 1986 1374 3594 1459">
    <p class='ocr_par' dir='ltr' id='par_1_72' title="bbox 1986 1374 3594 1459">
     <span class='ocr_line' id='line_1_72' title="bbox 1986 1374 3594 1459; baseline 0.017 -40"><span class='ocrx_word' id='word_1_607' title='bbox 1986 1377 2191 1438; x_wconf 85' lang='lat' dir='ltr'><strong>propter</strong></span> <span class='ocrx_word' id='word_1_608' title='bbox 2222 1385 2390 1424; x_wconf 74' lang='lat' dir='ltr'><strong>uocem</strong></span> <span class='ocrx_word' id='word_1_609' title='bbox 2442 1374 2655 1444; x_wconf 83' lang='lat' dir='ltr'><strong>sponsi?</strong></span> <span class='ocrx_word' id='word_1_610' title='bbox 2685 1376 2760 1429; x_wconf 83' lang='lat' dir='ltr'><strong>Ex</strong></span> <span class='ocrx_word' id='word_1_611' title='bbox 2793 1379 3044 1445; x_wconf 86' lang='lat' dir='ltr'><strong>parabola</strong></span> <span class='ocrx_word' id='word_1_612' title='bbox 3086 1383 3154 1437; x_wconf 90' lang='lat' dir='ltr'><strong>ad</strong></span> <span class='ocrx_word' id='word_1_613' title='bbox 3198 1400 3311 1440; x_wconf 88' lang='lat' dir='ltr'><strong>rem</strong></span> <span class='ocrx_word' id='word_1_614' title='bbox 3347 1394 3594 1459; x_wconf 87' lang='lat' dir='ltr'><strong>pr0posi-</strong></span> 
     </span>
    </p>
   </div>
   <div class='ocr_carea' id='block_1_73' title="bbox 1987 1465 3594 1554">
    <p class='ocr_par' dir='ltr' id='par_1_73' title="bbox 1987 1465 3594 1554">
     <span class='ocr_line' id='line_1_73' title="bbox 1987 1465 3594 1554; baseline 0.018 -45"><span class='ocrx_word' id='word_1_615' title='bbox 1987 1465 2093 1511; x_wconf 87' lang='lat' dir='ltr'><strong>tam</strong></span> <span class='ocrx_word' id='word_1_616' title='bbox 2115 1473 2420 1517; x_wconf 89' lang='lat' dir='ltr'><strong>sermonem</strong></span> <span class='ocrx_word' id='word_1_617' title='bbox 2447 1466 2736 1522; x_wconf 84' lang='lat' dir='ltr'><strong>transtulit.</strong></span> <span class='ocrx_word' id='word_1_618' title='bbox 2758 1467 2891 1536; x_wconf 88' lang='lat' dir='ltr'><strong>Quia</strong></span> <span class='ocrx_word' id='word_1_619' title='bbox 2916 1472 3056 1526; x_wconf 90' lang='lat' dir='ltr'><strong>enim</strong></span> <span class='ocrx_word' id='word_1_620' title='bbox 3081 1489 3338 1544; x_wconf 84' lang='lat' dir='ltr'><strong>sponsum</strong></span> <span class='ocrx_word' id='word_1_621' title='bbox 3362 1490 3414 1534; x_wconf 92' lang='lat' dir='ltr'><strong>et</strong></span> <span class='ocrx_word' id='word_1_622' title='bbox 3435 1495 3594 1554; x_wconf 78' lang='lat' dir='ltr'><strong>spon~</strong></span> 
     </span>
    </p>
   </div>
   <div class='ocr_carea' id='block_1_74' title="bbox 1986 1555 3592 1636">
    <p class='ocr_par' dir='ltr' id='par_1_74' title="bbox 1986 1555 3592 1636">
     <span class='ocr_line' id='line_1_74' title="bbox 1986 1555 3592 1636; baseline 0.021 -35"><span class='ocrx_word' id='word_1_623' title='bbox 1986 1561 2101 1602; x_wconf 90' lang='lat' dir='ltr'><strong>sam</strong></span> <span class='ocrx_word' id='word_1_624' title='bbox 2149 1555 2504 1619; x_wconf 85' lang='lat' dir='ltr'><strong>memoravit,</strong></span> <span class='ocrx_word' id='word_1_625' title='bbox 2531 1558 2766 1612; x_wconf 88' lang='lat' dir='ltr'><strong>ostendit</strong></span> <span class='ocrx_word' id='word_1_626' title='bbox 2810 1565 3084 1630; x_wconf 89' lang='lat' dir='ltr'><strong>quomodo</strong></span> <span class='ocrx_word' id='word_1_627' title='bbox 3121 1570 3389 1636; x_wconf 81' lang='lat' dir='ltr'><strong>sponsalia</strong></span> <span class='ocrx_word' id='word_1_628' title='bbox 3422 1572 3547 1631; x_wconf 79' lang='lat' dir='ltr'><strong>fiant</strong></span> <span class='ocrx_word' id='word_1_629' title='bbox 3578 1595 3592 1636; x_wconf 87' lang='lat'><strong>:</strong></span> 
     </span>
    </p>
   </div>
   <div class='ocr_carea' id='block_1_75' title="bbox 1985 1650 3594 1724">
    <p class='ocr_par' dir='ltr' id='par_1_75' title="bbox 1985 1650 3594 1724">
     <span class='ocr_line' id='line_1_75' title="bbox 1985 1650 3594 1724; baseline 0.019 -31"><span class='ocrx_word' id='word_1_630' title='bbox 1985 1655 2081 1710; x_wconf 88' lang='lat' dir='ltr'><strong>per</strong></span> <span class='ocrx_word' id='word_1_631' title='bbox 2110 1657 2294 1697; x_wconf 90' lang='lat' dir='ltr'><strong>vocem</strong></span> <span class='ocrx_word' id='word_1_632' title='bbox 2319 1661 2512 1714; x_wconf 88' lang='lat' dir='ltr'><strong>nempe</strong></span> <span class='ocrx_word' id='word_1_633' title='bbox 2535 1658 2696 1717; x_wconf 84' lang='lat' dir='ltr'><strong>atque</strong></span> <span class='ocrx_word' id='word_1_634' title='bbox 2719 1650 3020 1708; x_wconf 83' lang='lat' dir='ltr'><strong>doctrinam</strong></span> <span class='ocrx_word' id='word_1_635' title='bbox 3047 1675 3060 1710; x_wconf 88' lang='lat'><strong><em>:</em></strong></span> <span class='ocrx_word' id='word_1_636' title='bbox 3098 1657 3165 1712; x_wconf 86' lang='lat' dir='ltr'><strong>ita</strong></span> <span class='ocrx_word' id='word_1_637' title='bbox 3189 1662 3330 1716; x_wconf 88' lang='lat' dir='ltr'><strong>enim</strong></span> <span class='ocrx_word' id='word_1_638' title='bbox 3356 1664 3594 1724; x_wconf 85' lang='lat' dir='ltr'><strong>Ecclesia</strong></span> 
     </span>
    </p>
   </div>
   <div class='ocr_carea' id='block_1_76' title="bbox 1984 1731 3594 1816">
    <p class='ocr_par' dir='ltr' id='par_1_76' title="bbox 1984 1731 3594 1816">
     <span class='ocr_line' id='line_1_76' title="bbox 1984 1731 3594 1816; baseline 0.018 -29"><span class='ocrx_word' id='word_1_639' title='bbox 1984 1731 2351 1802; x_wconf 86' lang='lat' dir='ltr'><strong>despondelur</strong></span> <span class='ocrx_word' id='word_1_640' title='bbox 2393 1738 2521 1792; x_wconf 88' lang='lat' dir='ltr'><strong>Deo.</strong></span> <span class='ocrx_word' id='word_1_641' title='bbox 2566 1741 2771 1796; x_wconf 86' lang='lat' dir='ltr'><strong>Idcirco</strong></span> <span class='ocrx_word' id='word_1_642' title='bbox 2814 1744 3008 1800; x_wconf 79' lang='lat' dir='ltr'><strong>Paulus</strong></span> <span class='ocrx_word' id='word_1_643' title='bbox 3056 1748 3304 1807; x_wconf 84' lang='lat' dir='ltr'><strong>dicebat:</strong></span> <span class='ocrx_word' id='word_1_644' title='bbox 3344 1755 3500 1812; x_wconf 78' lang='lat' dir='ltr'><strong>Fides</strong></span> <span class='ocrx_word' id='word_1_645' title='bbox 3531 1779 3594 1816; x_wconf 76' lang='lat' dir='ltr'><strong>ea;</strong></span> 
     </span>
    </p>
   </div>
   <div class='ocr_carea' id='block_1_77' title="bbox 1985 1826 3593 1923">
    <p class='ocr_par' dir='ltr' id='par_1_77' title="bbox 1985 1826 3593 1923">
     <span class='ocr_line' id='line_1_77' title="bbox 1985 1826 3593 1923; baseline 0.018 -46"><span class='ocrx_word' id='word_1_646' title='bbox 1985 1826 2186 1892; x_wconf 83' lang='lat' dir='ltr'><strong>auditu,</strong></span> <span class='ocrx_word' id='word_1_647' title='bbox 2225 1829 2436 1883; x_wconf 85' lang='lat' dir='ltr'><strong>auditus</strong></span> <span class='ocrx_word' id='word_1_648' title='bbox 2464 1845 2636 1886; x_wconf 82' lang='lat' dir='ltr'><strong>autent</strong></span> <span class='ocrx_word' id='word_1_649' title='bbox 2666 1851 2755 1902; x_wconf 88' lang='lat' dir='ltr'><strong>per</strong></span> <span class='ocrx_word' id='word_1_650' title='bbox 2779 1838 2981 1891; x_wconf 74' lang='lat' dir='ltr'><strong>verbum</strong></span> <span class='ocrx_word' id='word_1_651' title='bbox 3004 1839 3101 1894; x_wconf 87' lang='lat' dir='ltr'><strong>Dei</strong></span> <span class='ocrx_word' id='word_1_652' title='bbox 3129 1842 3308 1912; x_wconf 80' lang='lat' dir='ltr'><strong>(Rom.</strong></span> <span class='ocrx_word' id='word_1_653' title='bbox 3347 1847 3431 1903; x_wconf 79' lang='grc'><strong>10.</strong></span> <span class='ocrx_word' id='word_1_654' title='bbox 3467 1851 3593 1923; x_wconf 78' lang='grc'><strong>17).</strong></span> 
     </span>
    </p>
   </div>
   <div class='ocr_carea' id='block_1_78' title="bbox 1987 1917 3596 2004">
    <p class='ocr_par' dir='ltr' id='par_1_78' title="bbox 1987 1917 3596 2004">
     <span class='ocr_line' id='line_1_78' title="bbox 1987 1917 3596 2004; baseline 0.021 -34"><span class='ocrx_word' id='word_1_655' title='bbox 1987 1917 2099 1973; x_wconf 81' lang='lat' dir='ltr'><strong>llac</strong></span> <span class='ocrx_word' id='word_1_656' title='bbox 2129 1935 2228 1990; x_wconf 85' lang='lat' dir='ltr'><strong>ego</strong></span> <span class='ocrx_word' id='word_1_657' title='bbox 2259 1937 2389 1977; x_wconf 89' lang='lat' dir='ltr'><strong>voce</strong></span> <span class='ocrx_word' id='word_1_658' title='bbox 2418 1925 2647 1994; x_wconf 87' lang='lat' dir='ltr'><strong>gaudeo.</strong></span> <span class='ocrx_word' id='word_1_659' title='bbox 2683 1928 2819 1984; x_wconf 91' lang='lat' dir='ltr'><strong>lllud</strong></span> <span class='ocrx_word' id='word_1_660' title='bbox 2847 1947 2972 1987; x_wconf 85' lang='lat' dir='ltr'><strong>vero</strong></span> <span class='ocrx_word' id='word_1_661' title='bbox 2997 1974 3014 2002; x_wconf 95' lang='lat'><strong>,</strong></span> <span class='ocrx_word' id='word_1_662' title='bbox 3047 1935 3148 2002; x_wconf 83' lang='lat' dir='ltr'><strong>Qui</strong></span> <span class='ocrx_word' id='word_1_663' title='bbox 3174 1951 3307 2003; x_wconf 83' lang='lat' dir='ltr'><strong>stat,</strong></span> <span class='ocrx_word' id='word_1_664' title='bbox 3345 1960 3449 1998; x_wconf 89' lang='lat' dir='ltr'><strong>non</strong></span> <span class='ocrx_word' id='word_1_665' title='bbox 3479 1917 3596 2004; x_wconf 84' lang='lat' dir='ltr'><strong>sine</strong></span> 
     </span>
    </p>
   </div>
   <div class='ocr_carea' id='block_1_79' title="bbox 1985 2013 3587 2103">
    <p class='ocr_par' dir='ltr' id='par_1_79' title="bbox 1985 2013 3587 2103">
     <span class='ocr_line' id='line_1_79' title="bbox 1985 2013 3587 2103; baseline 0.019 -40"><span class='ocrx_word' id='word_1_666' title='bbox 1985 2023 2147 2064; x_wconf 88' lang='lat' dir='ltr'><strong>causa</strong></span> <span class='ocrx_word' id='word_1_667' title='bbox 2181 2013 2377 2080; x_wconf 82' lang='lat' dir='ltr'><strong>posuit,</strong></span> <span class='ocrx_word' id='word_1_668' title='bbox 2409 2016 2502 2070; x_wconf 89' lang='lat' dir='ltr'><strong>sed</strong></span> <span class='ocrx_word' id='word_1_669' title='bbox 2533 2026 2589 2070; x_wconf 92' lang='lat' dir='ltr'><strong>ut</strong></span> <span class='ocrx_word' id='word_1_670' title='bbox 2618 2020 2950 2089; x_wconf 83' lang='lat' dir='ltr'><strong>ostenderet,</strong></span> <span class='ocrx_word' id='word_1_671' title='bbox 2986 2040 3075 2101; x_wconf 76' lang='lat' dir='ltr'><strong>res</strong></span> <span class='ocrx_word' id='word_1_672' title='bbox 3103 2044 3228 2084; x_wconf 89' lang='lat' dir='ltr'><strong>suas</strong></span> <span class='ocrx_word' id='word_1_673' title='bbox 3251 2037 3551 2092; x_wconf 57' lang='lat' dir='ltr'><strong>cessavisse</strong></span> <span class='ocrx_word' id='word_1_674' title='bbox 3574 2082 3587 2103; x_wconf 88' lang='lat'><strong>,</strong></span> 
     </span>
    </p>
   </div>
   <div class='ocr_carea' id='block_1_80' title="bbox 1992 2101 3594 2196">
    <p class='ocr_par' dir='ltr' id='par_1_80' title="bbox 1992 2101 3594 2196">
     <span class='ocr_line' id='line_1_80' title="bbox 1992 2101 3594 2196; baseline 0.019 -44"><span class='ocrx_word' id='word_1_675' title='bbox 1992 2109 2047 2153; x_wconf 89' lang='lat' dir='ltr'><strong>et</strong></span> <span class='ocrx_word' id='word_1_676' title='bbox 2078 2101 2179 2156; x_wconf 91' lang='lat' dir='ltr'><strong>sibi</strong></span> <span class='ocrx_word' id='word_1_677' title='bbox 2204 2102 2314 2173; x_wconf 84' lang='lat' dir='ltr'><strong>jam</strong></span> <span class='ocrx_word' id='word_1_678' title='bbox 2347 2107 2596 2162; x_wconf 84' lang='lat' dir='ltr'><strong>Standum</strong></span> <span class='ocrx_word' id='word_1_679' title='bbox 2643 2120 2696 2164; x_wconf 91' lang='lat' dir='ltr'><strong>et</strong></span> <span class='ocrx_word' id='word_1_680' title='bbox 2741 2113 3068 2170; x_wconf 81' lang='lat' dir='ltr'><strong>audiendum</strong></span> <span class='ocrx_word' id='word_1_681' title='bbox 3097 2134 3220 2175; x_wconf 89' lang='lat' dir='ltr'><strong>esse</strong></span> <span class='ocrx_word' id='word_1_682' title='bbox 3243 2163 3260 2188; x_wconf 89' lang='lat'><strong>,</strong></span> <span class='ocrx_word' id='word_1_683' title='bbox 3289 2138 3352 2178; x_wconf 90' lang='lat' dir='ltr'><strong>ac</strong></span> <span class='ocrx_word' id='word_1_684' title='bbox 3394 2101 3594 2196; x_wconf 87' lang='lat' dir='ltr'><strong>sponso</strong></span> 
     </span>
    </p>
   </div>
   <div class='ocr_carea' id='block_1_81' title="bbox 1987 2193 3592 2276">
    <p class='ocr_par' dir='ltr' id='par_1_81' title="bbox 1987 2193 3592 2276">
     <span class='ocr_line' id='line_1_81' title="bbox 1987 2193 3592 2276; baseline 0.018 -30"><span class='ocrx_word' id='word_1_685' title='bbox 1987 2193 2303 2250; x_wconf 85' lang='lat' dir='ltr'><strong>tradendam</strong></span> <span class='ocrx_word' id='word_1_686' title='bbox 2333 2214 2456 2254; x_wconf 87' lang='lat' dir='ltr'><strong>esse</strong></span> <span class='ocrx_word' id='word_1_687' title='bbox 2479 2216 2732 2270; x_wconf 84' lang='lat' dir='ltr'><strong>sponsam</strong></span> <span class='ocrx_word' id='word_1_688' title='bbox 2758 2219 2957 2276; x_wconf 87' lang='lat' dir='ltr'><strong>:seque</strong></span> <span class='ocrx_word' id='word_1_689' title='bbox 2979 2210 3282 2268; x_wconf 83' lang='lat' dir='ltr'><strong>ministrum</strong></span> <span class='ocrx_word' id='word_1_690' title='bbox 3305 2227 3358 2270; x_wconf 76' lang='lat' dir='ltr'><strong>et</strong></span> <span class='ocrx_word' id='word_1_691' title='bbox 3378 2193 3592 2275; x_wconf 81' lang='lat' dir='ltr'><strong>servum</strong></span> 
     </span>
    </p>
   </div>
   <div class='ocr_carea' id='block_1_82' title="bbox 1986 2290 3594 2384">
    <p class='ocr_par' dir='ltr' id='par_1_82' title="bbox 1986 2290 3594 2384">
     <span class='ocr_line' id='line_1_82' title="bbox 1986 2290 3594 2384; baseline 0.02 -45"><span class='ocrx_word' id='word_1_692' title='bbox 1986 2293 2140 2350; x_wconf 87' lang='lat' dir='ltr'><strong>esse,</strong></span> <span class='ocrx_word' id='word_1_693' title='bbox 2172 2290 2368 2345; x_wconf 90' lang='lat' dir='ltr'><strong>bonam</strong></span> <span class='ocrx_word' id='word_1_694' title='bbox 2398 2307 2546 2363; x_wconf 90' lang='lat' dir='ltr'><strong>spem</strong></span> <span class='ocrx_word' id='word_1_695' title='bbox 2589 2311 2740 2350; x_wconf 87' lang='lat' dir='ltr'><strong>suam</strong></span> <span class='ocrx_word' id='word_1_696' title='bbox 2771 2309 2931 2370; x_wconf 89' lang='lat' dir='ltr'><strong>atque</strong></span> <span class='ocrx_word' id='word_1_697' title='bbox 2963 2303 3201 2360; x_wconf 68' lang='lat' dir='ltr'><strong>laetitiam</strong></span> <span class='ocrx_word' id='word_1_698' title='bbox 3234 2309 3284 2362; x_wconf 92' lang='lat' dir='ltr'><strong>in</strong></span> <span class='ocrx_word' id='word_1_699' title='bbox 3329 2326 3464 2383; x_wconf 84' lang='lat' dir='ltr'><strong>Opus</strong></span> <span class='ocrx_word' id='word_1_700' title='bbox 3483 2315 3594 2384; x_wconf 90' lang='lat' dir='ltr'><strong>jam</strong></span> 
     </span>
    </p>
   </div>
   <div class='ocr_carea' id='block_1_83' title="bbox 1986 2379 3594 2470">
    <p class='ocr_par' dir='ltr' id='par_1_83' title="bbox 1986 2379 3594 2470">
     <span class='ocr_line' id='line_1_83' title="bbox 1986 2379 3594 2470; baseline 0.019 -39"><span class='ocrx_word' id='word_1_701' title='bbox 1986 2379 2201 2470; x_wconf 80' lang='lat' dir='ltr'><strong>exiisse.</strong></span> <span class='ocrx_word' id='word_1_702' title='bbox 2254 2381 2377 2439; x_wconf 91' lang='lat' dir='ltr'><strong>ldeo</strong></span> <span class='ocrx_word' id='word_1_703' title='bbox 2424 2384 2502 2440; x_wconf 89' lang='lat' dir='ltr'><strong>sic</strong></span> <span class='ocrx_word' id='word_1_704' title='bbox 2550 2389 2764 2458; x_wconf 87' lang='lat' dir='ltr'><strong>pergit:</strong></span> <span class='ocrx_word' id='word_1_705' title='bbox 2801 2390 2915 2446; x_wconf 82' lang='lat' dir='ltr'><strong>Hoc</strong></span> <span class='ocrx_word' id='word_1_706' title='bbox 2965 2412 3086 2468; x_wconf 88' lang='lat' dir='ltr'><strong>ergo</strong></span> <span class='ocrx_word' id='word_1_707' title='bbox 3130 2379 3382 2470; x_wconf 68' lang='lat' dir='ltr'><strong>gaudium</strong></span> <span class='ocrx_word' id='word_1_708' title='bbox 3429 2379 3594 2461; x_wconf 74' lang='lat' dir='ltr'><strong>meum</strong></span> 
     </span>
    </p>
   </div>
   <div class='ocr_carea' id='block_1_84' title="bbox 1985 2467 3596 2561">
    <p class='ocr_par' dir='ltr' id='par_1_84' title="bbox 1985 2467 3596 2561">
     <span class='ocr_line' id='line_1_84' title="bbox 1985 2467 3596 2561; baseline 0.021 -41"><span class='ocrx_word' id='word_1_709' title='bbox 1985 2467 2249 2561; x_wconf 80' lang='lat' dir='ltr'><strong>impletum</strong></span> <span class='ocrx_word' id='word_1_710' title='bbox 2278 2484 2375 2540; x_wconf 86' lang='lat' dir='ltr'><strong>est;</strong></span> <span class='ocrx_word' id='word_1_711' title='bbox 2404 2477 2455 2532; x_wconf 89' lang='lat' dir='ltr'><strong>id</strong></span> <span class='ocrx_word' id='word_1_712' title='bbox 2489 2487 2590 2544; x_wconf 86' lang='lat' dir='ltr'><strong>est,</strong></span> <span class='ocrx_word' id='word_1_713' title='bbox 2626 2480 2930 2539; x_wconf 83' lang='lat' dir='ltr'><strong>Perfectum</strong></span> <span class='ocrx_word' id='word_1_714' title='bbox 2962 2495 3044 2541; x_wconf 91' lang='lat' dir='ltr'><strong>est</strong></span> <span class='ocrx_word' id='word_1_715' title='bbox 3074 2467 3210 2559; x_wconf 75' lang='lat' dir='ltr'><strong>opus</strong></span> <span class='ocrx_word' id='word_1_716' title='bbox 3238 2509 3438 2561; x_wconf 89' lang='lat' dir='ltr'><strong>meum,</strong></span> <span class='ocrx_word' id='word_1_717' title='bbox 3465 2499 3596 2555; x_wconf 84' lang='lat' dir='ltr'><strong>nihil</strong></span> 
     </span>
    </p>
   </div>
   <div class='ocr_carea' id='block_1_85' title="bbox 1989 2560 3598 2658">
    <p class='ocr_par' dir='ltr' id='par_1_85' title="bbox 1989 2560 3598 2658">
     <span class='ocr_line' id='line_1_85' title="bbox 1989 2560 3598 2658; baseline 0.021 -44"><span class='ocrx_word' id='word_1_718' title='bbox 1989 2560 2125 2616; x_wconf 89' lang='lat' dir='ltr'><strong>ultra</strong></span> <span class='ocrx_word' id='word_1_719' title='bbox 2169 2565 2310 2634; x_wconf 90' lang='lat' dir='ltr'><strong>quod</strong></span> <span class='ocrx_word' id='word_1_720' title='bbox 2358 2567 2613 2626; x_wconf 80' lang='lat' dir='ltr'><strong>faciamus</strong></span> <span class='ocrx_word' id='word_1_721' title='bbox 2643 2572 2926 2632; x_wconf 83' lang='lat' dir='ltr'><strong>habemus.</strong></span> <span class='ocrx_word' id='word_1_722' title='bbox 2973 2580 3176 2639; x_wconf 89' lang='lat' dir='ltr'><strong>Deinde</strong></span> <span class='ocrx_word' id='word_1_723' title='bbox 3219 2603 3321 2641; x_wconf 90' lang='lat' dir='ltr'><strong>non</strong></span> <span class='ocrx_word' id='word_1_724' title='bbox 3357 2606 3598 2658; x_wconf 67' lang='lat' dir='ltr'><strong>praesens</strong></span> 
     </span>
    </p>
   </div>
   <div class='ocr_carea' id='block_1_86' title="bbox 1987 2656 3596 2754">
    <p class='ocr_par' dir='ltr' id='par_1_86' title="bbox 1987 2656 3596 2754">
     <span class='ocr_line' id='line_1_86' title="bbox 1987 2656 3596 2754; baseline 0.022 -48"><span class='ocrx_word' id='word_1_725' title='bbox 1987 2656 2271 2754; x_wconf 79' lang='lat' dir='ltr'><strong>modo,sed</strong></span> <span class='ocrx_word' id='word_1_726' title='bbox 2290 2660 2449 2715; x_wconf 90' lang='lat' dir='ltr'><strong>etiam</strong></span> <span class='ocrx_word' id='word_1_727' title='bbox 2470 2661 2706 2720; x_wconf 89' lang='lat' dir='ltr'><strong>futurum</strong></span> <span class='ocrx_word' id='word_1_728' title='bbox 2726 2668 2931 2725; x_wconf 88' lang='lat' dir='ltr'><strong>doloris</strong></span> <span class='ocrx_word' id='word_1_729' title='bbox 2950 2687 3292 2744; x_wconf 84' lang='lat' dir='ltr'><strong>augmentum</strong></span> <span class='ocrx_word' id='word_1_730' title='bbox 3312 2656 3596 2754; x_wconf 84' lang='lat' dir='ltr'><strong>cohibens,</strong></span> 
     </span>
    </p>
   </div>
   <div class='ocr_carea' id='block_1_87' title="bbox 1988 2746 3596 2832">
    <p class='ocr_par' dir='ltr' id='par_1_87' title="bbox 1988 2746 3596 2832">
     <span class='ocr_line' id='line_1_87' title="bbox 1988 2746 3596 2832; baseline 0.021 -33"><span class='ocrx_word' id='word_1_731' title='bbox 1988 2746 2054 2799; x_wconf 90' lang='lat' dir='ltr'><strong>dc</strong></span> <span class='ocrx_word' id='word_1_732' title='bbox 2092 2748 2285 2805; x_wconf 87' lang='lat' dir='ltr'><strong>futuris</strong></span> <span class='ocrx_word' id='word_1_733' title='bbox 2329 2757 2637 2821; x_wconf 90' lang='lat' dir='ltr'><strong>pronuntiat</strong></span> <span class='ocrx_word' id='word_1_734' title='bbox 2683 2775 2743 2813; x_wconf 88' lang='lat' dir='ltr'><strong>ea</strong></span> <span class='ocrx_word' id='word_1_735' title='bbox 2778 2777 2898 2831; x_wconf 73' lang='lat' dir='ltr'><strong>quae</strong></span> <span class='ocrx_word' id='word_1_736' title='bbox 2946 2782 3013 2819; x_wconf 85' lang='lat' dir='ltr'><strong>ex</strong></span> <span class='ocrx_word' id='word_1_737' title='bbox 3041 2766 3199 2824; x_wconf 87' lang='lat' dir='ltr'><strong>dictis</strong></span> <span class='ocrx_word' id='word_1_738' title='bbox 3245 2780 3300 2826; x_wconf 86' lang='lat' dir='ltr'><strong>et</strong></span> <span class='ocrx_word' id='word_1_739' title='bbox 3343 2789 3405 2829; x_wconf 79' lang='lat' dir='ltr'><strong>ex</strong></span> <span class='ocrx_word' id='word_1_740' title='bbox 3442 2746 3596 2832; x_wconf 75' lang='lat' dir='ltr'><strong>factis</strong></span> 
     </span>
    </p>
   </div>
   <div class='ocr_carea' id='block_1_88' title="bbox 1987 2842 3595 2935">
    <p class='ocr_par' dir='ltr' id='par_1_88' title="bbox 1987 2842 3595 2935">
     <span class='ocr_line' id='line_1_88' title="bbox 1987 2842 3595 2935; baseline 0.021 -44"><span class='ocrx_word' id='word_1_741' title='bbox 1987 2842 2270 2896; x_wconf 69' lang='lat' dir='ltr'><strong>ciuitirmat</strong></span> <span class='ocrx_word' id='word_1_742' title='bbox 2299 2843 2381 2898; x_wconf 89' lang='lat' dir='ltr'><strong>his</strong></span> <span class='ocrx_word' id='word_1_743' title='bbox 2414 2848 2592 2901; x_wconf 84' lang='lat' dir='ltr'><strong>verbis</strong></span> <span class='ocrx_word' id='word_1_744' title='bbox 2625 2866 2640 2903; x_wconf 91' lang='lat'><strong>:</strong></span> <span class='ocrx_word' id='word_1_745' title='bbox 2673 2850 2763 2907; x_wconf 80' lang='grc'><strong>50.</strong></span> <span class='ocrx_word' id='word_1_746' title='bbox 2814 2853 2977 2910; x_wconf 89' lang='lat' dir='ltr'><strong>Illum</strong></span> <span class='ocrx_word' id='word_1_747' title='bbox 3009 2873 3207 2926; x_wconf 76' lang='lat' dir='ltr'><strong>Oportet</strong></span> <span class='ocrx_word' id='word_1_748' title='bbox 3233 2879 3475 2935; x_wconf 78' lang='lat' dir='ltr'><strong>crescere,</strong></span> <span class='ocrx_word' id='word_1_749' title='bbox 3516 2888 3595 2924; x_wconf 87' lang='lat' dir='ltr'><strong>me</strong></span> 
     </span>
    </p>
   </div>
   <div class='ocr_carea' id='block_1_89' title="bbox 1985 2935 3598 3026">
    <p class='ocr_par' dir='ltr' id='par_1_89' title="bbox 1985 2935 3598 3026">
     <span class='ocr_line' id='line_1_89' title="bbox 1985 2935 3598 3026; baseline 0.02 -42"><span class='ocrx_word' id='word_1_750' title='bbox 1985 2947 2154 2985; x_wconf 84' lang='lat' dir='ltr'><strong>autem</strong></span> <span class='ocrx_word' id='word_1_751' title='bbox 2178 2936 2339 2987; x_wconf 84' lang='lat' dir='ltr'><strong>minui</strong></span> <span class='ocrx_word' id='word_1_752' title='bbox 2365 2951 2383 2989; x_wconf 89' lang='lat'><strong><em>:</em></strong></span> <span class='ocrx_word' id='word_1_753' title='bbox 2414 2935 2516 2992; x_wconf 83' lang='lat' dir='ltr'><strong>hoc</strong></span> <span class='ocrx_word' id='word_1_754' title='bbox 2545 2948 2646 3006; x_wconf 90' lang='lat' dir='ltr'><strong>est,</strong></span> <span class='ocrx_word' id='word_1_755' title='bbox 2679 2941 2872 2998; x_wconf 80' lang='lat' dir='ltr'><strong>Nostra</strong></span> <span class='ocrx_word' id='word_1_756' title='bbox 2901 2962 3252 3008; x_wconf 88' lang='lat' dir='ltr'><strong>cessaverunt</strong></span> <span class='ocrx_word' id='word_1_757' title='bbox 3277 2974 3289 3008; x_wconf 92' lang='lat'><strong>:</strong></span> <span class='ocrx_word' id='word_1_758' title='bbox 3319 2974 3438 3026; x_wconf 80' lang='lat' dir='ltr'><strong>qua:</strong></span> <span class='ocrx_word' id='word_1_759' title='bbox 3470 2977 3598 3016; x_wconf 89' lang='lat' dir='ltr'><strong>vero</strong></span> 
     </span>
    </p>
   </div>
   <div class='ocr_carea' id='block_1_90' title="bbox 1988 3025 3598 3116">
    <p class='ocr_par' dir='ltr' id='par_1_90' title="bbox 1988 3025 3598 3116">
     <span class='ocr_line' id='line_1_90' title="bbox 1988 3025 3598 3116; baseline 0.019 -37"><span class='ocrx_word' id='word_1_760' title='bbox 1988 3025 2126 3079; x_wconf 82' lang='lat' dir='ltr'><strong>illius</strong></span> <span class='ocrx_word' id='word_1_761' title='bbox 2167 3038 2292 3082; x_wconf 88' lang='lat' dir='ltr'><strong>sunt</strong></span> <span class='ocrx_word' id='word_1_762' title='bbox 2341 3040 2625 3101; x_wconf 89' lang='lat' dir='ltr'><strong>augentur.</strong></span> <span class='ocrx_word' id='word_1_763' title='bbox 2661 3034 2772 3092; x_wconf 91' lang='lat' dir='ltr'><strong>lloc</strong></span> <span class='ocrx_word' id='word_1_764' title='bbox 2817 3039 2998 3110; x_wconf 91' lang='lat' dir='ltr'><strong>itaque</strong></span> <span class='ocrx_word' id='word_1_765' title='bbox 3045 3046 3184 3114; x_wconf 87' lang='lat' dir='ltr'><strong>quod</strong></span> <span class='ocrx_word' id='word_1_766' title='bbox 3221 3025 3420 3105; x_wconf 85' lang='lat' dir='ltr'><strong>timetis</strong></span> <span class='ocrx_word' id='word_1_767' title='bbox 3445 3095 3459 3116; x_wconf 95' lang='lat'><strong>,</strong></span> <span class='ocrx_word' id='word_1_768' title='bbox 3492 3071 3598 3111; x_wconf 92' lang='lat' dir='ltr'><strong>nou</strong></span> 
     </span>
    </p>
   </div>
   <div class='ocr_carea' id='block_1_91' title="bbox 1988 3117 3597 3204">
    <p class='ocr_par' dir='ltr' id='par_1_91' title="bbox 1988 3117 3597 3204">
     <span class='ocr_line' id='line_1_91' title="bbox 1988 3117 3597 3204; baseline 0.022 -36"><span class='ocrx_word' id='word_1_769' title='bbox 1988 3117 2148 3171; x_wconf 86' lang='lat' dir='ltr'><strong>modo</strong></span> <span class='ocrx_word' id='word_1_770' title='bbox 2179 3136 2321 3175; x_wconf 91' lang='lat' dir='ltr'><strong>nunc</strong></span> <span class='ocrx_word' id='word_1_771' title='bbox 2348 3121 2544 3190; x_wconf 88' lang='lat' dir='ltr'><strong>aderit,</strong></span> <span class='ocrx_word' id='word_1_772' title='bbox 2570 3125 2662 3181; x_wconf 90' lang='lat' dir='ltr'><strong>sed</strong></span> <span class='ocrx_word' id='word_1_773' title='bbox 2695 3129 2868 3198; x_wconf 88' lang='lat' dir='ltr'><strong>majus</strong></span> <span class='ocrx_word' id='word_1_774' title='bbox 2892 3133 3054 3188; x_wconf 90' lang='lat' dir='ltr'><strong>etiam</strong></span> <span class='ocrx_word' id='word_1_775' title='bbox 3088 3136 3139 3191; x_wconf 92' lang='lat' dir='ltr'><strong>in</strong></span> <span class='ocrx_word' id='word_1_776' title='bbox 3168 3141 3288 3196; x_wconf 90' lang='lat' dir='ltr'><strong>dies</strong></span> <span class='ocrx_word' id='word_1_777' title='bbox 3321 3145 3428 3199; x_wconf 80' lang='lat' dir='ltr'><strong>fiet.</strong></span> <span class='ocrx_word' id='word_1_778' title='bbox 3466 3145 3597 3204; x_wconf 89' lang='lat' dir='ltr'><strong>Illud</strong></span> 
     </span>
    </p>
   </div>
   <div class='ocr_carea' id='block_1_92' title="bbox 1988 3209 3599 3305">
    <p class='ocr_par' dir='ltr' id='par_1_92' title="bbox 1988 3209 3599 3305">
     <span class='ocr_line' id='line_1_92' title="bbox 1988 3209 3599 3305; baseline 0.02 -40"><span class='ocrx_word' id='word_1_779' title='bbox 1988 3209 2132 3265; x_wconf 88' lang='lat' dir='ltr'><strong>enim</strong></span> <span class='ocrx_word' id='word_1_780' title='bbox 2182 3217 2413 3270; x_wconf 78' lang='lat' dir='ltr'><strong>maxime</strong></span> <span class='ocrx_word' id='word_1_781' title='bbox 2467 3227 2551 3272; x_wconf 93' lang='lat' dir='ltr'><strong>est</strong></span> <span class='ocrx_word' id='word_1_782' title='bbox 2601 3221 2745 3290; x_wconf 88' lang='lat' dir='ltr'><strong>quod</strong></span> <span class='ocrx_word' id='word_1_783' title='bbox 2800 3239 2888 3279; x_wconf 91' lang='lat' dir='ltr'><strong>res</strong></span> <span class='ocrx_word' id='word_1_784' title='bbox 2939 3238 3154 3286; x_wconf 88' lang='lat' dir='ltr'><strong>nostras</strong></span> <span class='ocrx_word' id='word_1_785' title='bbox 3206 3236 3599 3305; x_wconf 82' lang='lat' dir='ltr'><strong>splendidiores</strong></span> 
     </span>
    </p>
   </div>
   <div class='ocr_carea' id='block_1_93' title="bbox 1987 3306 3603 3389">
    <p class='ocr_par' dir='ltr' id='par_1_93' title="bbox 1987 3306 3603 3389">
     <span class='ocr_line' id='line_1_93' title="bbox 1987 3306 3603 3389; baseline 0.02 -32"><span class='ocrx_word' id='word_1_786' title='bbox 1987 3306 2238 3359; x_wconf 77' lang='lat' dir='ltr'><strong>ostendit.</strong></span> <span class='ocrx_word' id='word_1_787' title='bbox 2276 3307 2399 3362; x_wconf 90' lang='lat' dir='ltr'><strong>Ideo</strong></span> <span class='ocrx_word' id='word_1_788' title='bbox 2420 3311 2565 3375; x_wconf 85' lang='lat' dir='ltr'><strong>veni,</strong></span> <span class='ocrx_word' id='word_1_789' title='bbox 2589 3319 2645 3367; x_wconf 89' lang='lat' dir='ltr'><strong>et</strong></span> <span class='ocrx_word' id='word_1_790' title='bbox 2664 3314 2872 3382; x_wconf 86' lang='lat' dir='ltr'><strong>gaudeo</strong></span> <span class='ocrx_word' id='word_1_791' title='bbox 2899 3317 2966 3372; x_wconf 90' lang='lat' dir='ltr'><strong>de</strong></span> <span class='ocrx_word' id='word_1_792' title='bbox 2990 3329 3136 3375; x_wconf 85' lang='lat' dir='ltr'><strong>tanto</strong></span> <span class='ocrx_word' id='word_1_793' title='bbox 3159 3339 3336 3380; x_wconf 89' lang='lat' dir='ltr'><strong>rerum</strong></span> <span class='ocrx_word' id='word_1_794' title='bbox 3360 3331 3424 3384; x_wconf 91' lang='lat' dir='ltr'><strong>ad</strong></span> <span class='ocrx_word' id='word_1_795' title='bbox 3446 3332 3603 3389; x_wconf 87' lang='lat' dir='ltr'><strong>Chri-</strong></span> 
     </span>
    </p>
   </div>
   <div class='ocr_carea' id='block_1_94' title="bbox 1987 3400 3596 3494">
    <p class='ocr_par' dir='ltr' id='par_1_94' title="bbox 1987 3400 3596 3494">
     <span class='ocr_line' id='line_1_94' title="bbox 1987 3400 3596 3494; baseline 0.021 -45"><span class='ocrx_word' id='word_1_796' title='bbox 1987 3404 2126 3450; x_wconf 88' lang='lat' dir='ltr'><strong>stum</strong></span> <span class='ocrx_word' id='word_1_797' title='bbox 2163 3400 2546 3466; x_wconf 88' lang='lat' dir='ltr'><strong>pertinentium</strong></span> <span class='ocrx_word' id='word_1_798' title='bbox 2575 3403 2932 3476; x_wconf 85' lang='lat' dir='ltr'><strong>incremento,</strong></span> <span class='ocrx_word' id='word_1_799' title='bbox 2965 3421 3020 3466; x_wconf 89' lang='lat' dir='ltr'><strong>et</strong></span> <span class='ocrx_word' id='word_1_800' title='bbox 3045 3417 3186 3483; x_wconf 90' lang='lat' dir='ltr'><strong>quod</strong></span> <span class='ocrx_word' id='word_1_801' title='bbox 3216 3433 3277 3472; x_wconf 94' lang='lat' dir='ltr'><strong>ea</strong></span> <span class='ocrx_word' id='word_1_802' title='bbox 3297 3428 3596 3494; x_wconf 83' lang='lat' dir='ltr'><strong>evenerint,</strong></span> 
     </span>
    </p>
   </div>
   <div class='ocr_carea' id='block_1_95' title="bbox 1986 3493 3596 3590">
    <p class='ocr_par' dir='ltr' id='par_1_95' title="bbox 1986 3493 3596 3590">
     <span class='ocr_line' id='line_1_95' title="bbox 1986 3493 3596 3590; baseline 0.022 -51"><span class='ocrx_word' id='word_1_803' title='bbox 1986 3503 2214 3590; x_wconf 67' lang='lat' dir='ltr'><strong>quorum</strong></span> <span class='ocrx_word' id='word_1_804' title='bbox 2237 3493 2405 3561; x_wconf 89' lang='lat' dir='ltr'><strong>gratia</strong></span> <span class='ocrx_word' id='word_1_805' title='bbox 2437 3505 2616 3550; x_wconf 67' lang='lat' dir='ltr'><strong>nosua</strong></span> <span class='ocrx_word' id='word_1_806' title='bbox 2650 3512 3060 3566; x_wconf 66' lang='lat' dir='ltr'><strong>praecesserunt.</strong></span> <span class='ocrx_word' id='word_1_807' title='bbox 3089 3506 3454 3582; x_wconf 82' lang='lat' dir='ltr'><strong>Viden‘quam</strong></span> <span class='ocrx_word' id='word_1_808' title='bbox 3486 3493 3596 3588; x_wconf 46' lang='lat' dir='ltr'><strong>pla;</strong></span> 
     </span>
    </p>
   </div>
   <div class='ocr_carea' id='block_1_96' title="bbox 1988 3579 3595 3670">
    <p class='ocr_par' dir='ltr' id='par_1_96' title="bbox 1988 3579 3595 3670">
     <span class='ocr_line' id='line_1_96' title="bbox 1988 3579 3595 3670; baseline 0.021 -37"><span class='ocrx_word' id='word_1_809' title='bbox 1988 3579 2127 3645; x_wconf 88' lang='lat' dir='ltr'><strong>cide,</strong></span> <span class='ocrx_word' id='word_1_810' title='bbox 2152 3598 2308 3650; x_wconf 85' lang='lat' dir='ltr'><strong>quant</strong></span> <span class='ocrx_word' id='word_1_811' title='bbox 2333 3587 2604 3654; x_wconf 85' lang='lat' dir='ltr'><strong>sapienter</strong></span> <span class='ocrx_word' id='word_1_812' title='bbox 2626 3590 2837 3646; x_wconf 90' lang='lat' dir='ltr'><strong>illorum</strong></span> <span class='ocrx_word' id='word_1_813' title='bbox 2862 3594 3016 3650; x_wconf 88' lang='lat' dir='ltr'><strong>ulcus</strong></span> <span class='ocrx_word' id='word_1_814' title='bbox 3037 3579 3348 3670; x_wconf 60' lang='lat' dir='ltr'><strong>cmnllieril,</strong></span> <span class='ocrx_word' id='word_1_815' title='bbox 3374 3579 3595 3666; x_wconf 76' lang='lat' dir='ltr'><strong>livorem</strong></span> 
     </span>
    </p>
   </div>
   <div class='ocr_carea' id='block_1_97' title="bbox 1987 3676 3597 3761">
    <p class='ocr_par' dir='ltr' id='par_1_97' title="bbox 1987 3676 3597 3761">
     <span class='ocr_line' id='line_1_97' title="bbox 1987 3676 3597 3761; baseline 0.02 -35"><span class='ocrx_word' id='word_1_816' title='bbox 1987 3676 2328 3741; x_wconf 81' lang='lat' dir='ltr'><strong>exstinxerit,</strong></span> <span class='ocrx_word' id='word_1_817' title='bbox 2357 3677 2608 3749; x_wconf 91' lang='lat' dir='ltr'><strong>ipsosque</strong></span> <span class='ocrx_word' id='word_1_818' title='bbox 2633 3683 2984 3753; x_wconf 80' lang='lat' dir='ltr'><strong>impossibilia</strong></span> <span class='ocrx_word' id='word_1_819' title='bbox 3013 3693 3228 3761; x_wconf 84' lang='lat' dir='ltr'><strong>aggredi</strong></span> <span class='ocrx_word' id='word_1_820' title='bbox 3257 3695 3597 3758; x_wconf 80' lang='lat' dir='ltr'><strong>demonstra~</strong></span> 
     </span>
    </p>
   </div>
   <div class='ocr_carea' id='block_1_98' title="bbox 1990 3766 3598 3868">
    <p class='ocr_par' dir='ltr' id='par_1_98' title="bbox 1990 3766 3598 3868">
     <span class='ocr_line' id='line_1_98' title="bbox 1990 3766 3598 3868; baseline 0.022 -50"><span class='ocrx_word' id='word_1_821' title='bbox 1990 3766 2168 3820; x_wconf 85' lang='lat' dir='ltr'><strong>verit?</strong></span> <span class='ocrx_word' id='word_1_822' title='bbox 2197 3784 2301 3837; x_wconf 88' lang='lat' dir='ltr'><strong>qua</strong></span> <span class='ocrx_word' id='word_1_823' title='bbox 2330 3786 2387 3824; x_wconf 90' lang='lat' dir='ltr'><strong>re</strong></span> <span class='ocrx_word' id='word_1_824' title='bbox 2420 3774 2652 3829; x_wconf 86' lang='lat' dir='ltr'><strong>maxime</strong></span> <span class='ocrx_word' id='word_1_825' title='bbox 2693 3779 2829 3834; x_wconf 92' lang='lat' dir='ltr'><strong>solet</strong></span> <span class='ocrx_word' id='word_1_826' title='bbox 2861 3783 3098 3853; x_wconf 88' lang='lat' dir='ltr'><strong>nequitia</strong></span> <span class='ocrx_word' id='word_1_827' title='bbox 3141 3789 3342 3845; x_wconf 88' lang='lat' dir='ltr'><strong>sedari.</strong></span> <span class='ocrx_word' id='word_1_828' title='bbox 3367 3793 3598 3868; x_wconf 74' lang='lat' dir='ltr'><strong>ideoque</strong></span> 
     </span>
    </p>
   </div>
   <div class='ocr_carea' id='block_1_99' title="bbox 1987 3859 3595 3950">
    <p class='ocr_par' dir='ltr' id='par_1_99' title="bbox 1987 3859 3595 3950">
     <span class='ocr_line' id='line_1_99' title="bbox 1987 3859 3595 3950; baseline 0.023 -42"><span class='ocrx_word' id='word_1_829' title='bbox 1987 3859 2260 3928; x_wconf 88' lang='lat' dir='ltr'><strong>provisum</strong></span> <span class='ocrx_word' id='word_1_830' title='bbox 2287 3870 2390 3928; x_wconf 91' lang='lat' dir='ltr'><strong>est,</strong></span> <span class='ocrx_word' id='word_1_831' title='bbox 2421 3873 2479 3918; x_wconf 94' lang='lat' dir='ltr'><strong>ut</strong></span> <span class='ocrx_word' id='word_1_832' title='bbox 2503 3866 2594 3921; x_wconf 92' lang='lat' dir='ltr'><strong>illo</strong></span> <span class='ocrx_word' id='word_1_833' title='bbox 2621 3869 2800 3926; x_wconf 91' lang='lat' dir='ltr'><strong>adhuc</strong></span> <span class='ocrx_word' id='word_1_834' title='bbox 2827 3875 3041 3931; x_wconf 86' lang='lat' dir='ltr'><strong>vivente</strong></span> <span class='ocrx_word' id='word_1_835' title='bbox 3066 3888 3118 3932; x_wconf 89' lang='lat' dir='ltr'><strong>et</strong></span> <span class='ocrx_word' id='word_1_836' title='bbox 3146 3881 3448 3950; x_wconf 67' lang='lat' dir='ltr'><strong>baptizante</strong></span> <span class='ocrx_word' id='word_1_837' title='bbox 3481 3859 3595 3945; x_wconf 46' lang='lat' dir='ltr'><strong>hinc</strong></span> 
     </span>
    </p>
   </div>
   <div class='ocr_carea' id='block_1_100' title="bbox 1990 3951 3592 4049">
    <p class='ocr_par' dir='ltr' id='par_1_100' title="bbox 1990 3951 3592 4049">
     <span class='ocr_line' id='line_1_100' title="bbox 1990 3951 3592 4049; baseline 0.02 -44"><span class='ocrx_word' id='word_1_838' title='bbox 1990 3951 2201 4020; x_wconf 89' lang='lat' dir='ltr'><strong>ﬁerent,</strong></span> <span class='ocrx_word' id='word_1_839' title='bbox 2237 3965 2291 4009; x_wconf 92' lang='lat' dir='ltr'><strong>ut</strong></span> <span class='ocrx_word' id='word_1_840' title='bbox 2323 3958 2471 4012; x_wconf 90' lang='lat' dir='ltr'><strong>illum</strong></span> <span class='ocrx_word' id='word_1_841' title='bbox 2505 3968 2665 4015; x_wconf 70' lang='lat' dir='ltr'><strong>tantm</strong></span> <span class='ocrx_word' id='word_1_842' title='bbox 2688 3966 3068 4035; x_wconf 81' lang='lat' dir='ltr'><strong>magnitudinis</strong></span> <span class='ocrx_word' id='word_1_843' title='bbox 3099 3981 3287 4028; x_wconf 88' lang='lat' dir='ltr'><strong>testem</strong></span> <span class='ocrx_word' id='word_1_844' title='bbox 3313 3976 3592 4049; x_wconf 88' lang='lat' dir='ltr'><strong>haberent,</strong></span> 
     </span>
    </p>
   </div>
   <div class='ocr_carea' id='block_1_101' title="bbox 1989 4046 3596 4143">
    <p class='ocr_par' dir='ltr' id='par_1_101' title="bbox 1989 4046 3596 4143">
     <span class='ocr_line' id='line_1_101' title="bbox 1989 4046 3596 4143; baseline 0.02 -44"><span class='ocrx_word' id='word_1_845' title='bbox 1989 4053 2043 4099; x_wconf 88' lang='lat' dir='ltr'><strong>et</strong></span> <span class='ocrx_word' id='word_1_846' title='bbox 2071 4046 2267 4102; x_wconf 87' lang='lat' dir='ltr'><strong>nullam</strong></span> <span class='ocrx_word' id='word_1_847' title='bbox 2293 4053 2713 4116; x_wconf 81' lang='lat' dir='ltr'><strong>excusationem,</strong></span> <span class='ocrx_word' id='word_1_848' title='bbox 2735 4058 2777 4110; x_wconf 87' lang='lat' dir='ltr'><strong>si</strong></span> <span class='ocrx_word' id='word_1_849' title='bbox 2802 4073 2908 4114; x_wconf 90' lang='lat' dir='ltr'><strong>non</strong></span> <span class='ocrx_word' id='word_1_850' title='bbox 2934 4061 3390 4134; x_wconf 82' lang='lat' dir='ltr'><strong>obtemperarent.</strong></span> <span class='ocrx_word' id='word_1_851' title='bbox 3416 4046 3596 4143; x_wconf 81' lang='lat' dir='ltr'><strong>Neque</strong></span> 
     </span>
    </p>
   </div>
   <div class='ocr_carea' id='block_1_102' title="bbox 1989 4139 3596 4225">
    <p class='ocr_par' dir='ltr' id='par_1_102' title="bbox 1989 4139 3596 4225">
     <span class='ocr_line' id='line_1_102' title="bbox 1989 4139 3596 4225; baseline 0.019 -32"><span class='ocrx_word' id='word_1_852' title='bbox 1989 4153 2130 4193; x_wconf 81' lang='lat' dir='ltr'><strong>enim</strong></span> <span class='ocrx_word' id='word_1_853' title='bbox 2159 4159 2187 4193; x_wconf 88' lang='lat' dir='ltr'><strong>a</strong></span> <span class='ocrx_word' id='word_1_854' title='bbox 2216 4142 2396 4213; x_wconf 92' lang='lat' dir='ltr'><strong>seipso</strong></span> <span class='ocrx_word' id='word_1_855' title='bbox 2424 4139 2489 4199; x_wconf 86' lang='lat' dir='ltr'><strong>ad</strong></span> <span class='ocrx_word' id='word_1_856' title='bbox 2523 4145 2574 4200; x_wconf 88' lang='lat' dir='ltr'><strong>id</strong></span> <span class='ocrx_word' id='word_1_857' title='bbox 2597 4147 2881 4206; x_wconf 90' lang='lat' dir='ltr'><strong>dicendum</strong></span> <span class='ocrx_word' id='word_1_858' title='bbox 2903 4154 3166 4225; x_wconf 77' lang='lat' dir='ltr'><strong>impul~us</strong></span> <span class='ocrx_word' id='word_1_859' title='bbox 3195 4174 3278 4217; x_wconf 90' lang='lat' dir='ltr'><strong>est</strong></span> <span class='ocrx_word' id='word_1_860' title='bbox 3297 4205 3310 4225; x_wconf 88' lang='lat'><strong>,</strong></span> <span class='ocrx_word' id='word_1_861' title='bbox 3341 4180 3447 4220; x_wconf 90' lang='lat' dir='ltr'><strong>non</strong></span> <span class='ocrx_word' id='word_1_862' title='bbox 3477 4139 3596 4223; x_wconf 85' lang='lat' dir='ltr'><strong>aliis</strong></span> 
     </span>
    </p>
   </div>
   <div class='ocr_carea' id='block_1_103' title="bbox 1989 4229 3597 4315">
    <p class='ocr_par' dir='ltr' id='par_1_103' title="bbox 1989 4229 3597 4315">
     <span class='ocr_line' id='line_1_103' title="bbox 1989 4229 3597 4315; baseline 0.021 -32"><span class='ocrx_word' id='word_1_863' title='bbox 1989 4229 2382 4289; x_wconf 85' lang='lat' dir='ltr'><strong>sciscitantibus</strong></span> <span class='ocrx_word' id='word_1_864' title='bbox 2413 4236 2432 4305; x_wconf 82' lang='lat'>(</span> <span class='ocrx_word' id='word_1_865' title='bbox 2456 4237 2614 4293; x_wconf 88' lang='lat' dir='ltr'><strong>iidem</strong></span> <span class='ocrx_word' id='word_1_866' title='bbox 2642 4241 2784 4295; x_wconf 90' lang='lat' dir='ltr'><strong>enim</strong></span> <span class='ocrx_word' id='word_1_867' title='bbox 2813 4255 2966 4300; x_wconf 89' lang='lat' dir='ltr'><strong>erant</strong></span> <span class='ocrx_word' id='word_1_868' title='bbox 2993 4250 3273 4307; x_wconf 88' lang='lat' dir='ltr'><strong>audientes</strong></span> <span class='ocrx_word' id='word_1_869' title='bbox 3292 4264 3349 4310; x_wconf 91' lang='lat' dir='ltr'><strong>et</strong></span> <span class='ocrx_word' id='word_1_870' title='bbox 3369 4257 3597 4315; x_wconf 65' lang='lat' dir='ltr'><strong>interro:-</strong></span> 
     </span>
    </p>
   </div>
   <div class='ocr_carea' id='block_1_104' title="bbox 1987 4327 3596 4423">
    <p class='ocr_par' dir='ltr' id='par_1_104' title="bbox 1987 4327 3596 4423">
     <span class='ocr_line' id='line_1_104' title="bbox 1987 4327 3596 4423; baseline 0.021 -47"><span class='ocrx_word' id='word_1_871' title='bbox 1987 4327 2198 4396; x_wconf 86' lang='lat' dir='ltr'><strong>gantes)</strong></span> <span class='ocrx_word' id='word_1_872' title='bbox 2222 4344 2234 4380; x_wconf 91' lang='lat'>:</span> <span class='ocrx_word' id='word_1_873' title='bbox 2267 4343 2439 4423; x_wconf 81' lang='lat' dir='ltr'><strong>neque</strong></span> <span class='ocrx_word' id='word_1_874' title='bbox 2456 4345 2521 4385; x_wconf 75' lang='lat' dir='ltr'><strong>ex</strong></span> <span class='ocrx_word' id='word_1_875' title='bbox 2551 4345 2608 4387; x_wconf 89' lang='lat' dir='ltr'><strong>se</strong></span> <span class='ocrx_word' id='word_1_876' title='bbox 2628 4333 2862 4405; x_wconf 89' lang='lat' dir='ltr'><strong>loquenti</strong></span> <span class='ocrx_word' id='word_1_877' title='bbox 2895 4344 2963 4393; x_wconf 86' lang='lat' dir='ltr'><strong>ita</strong></span> <span class='ocrx_word' id='word_1_878' title='bbox 2987 4341 3362 4417; x_wconf 79' lang='lat' dir='ltr'><strong>credid&#39;s-ent,</strong></span> <span class='ocrx_word' id='word_1_879' title='bbox 3385 4361 3444 4406; x_wconf 88' lang='lat' dir='ltr'><strong>ut</strong></span> <span class='ocrx_word' id='word_1_880' title='bbox 3466 4352 3596 4423; x_wconf 76' lang='lat' dir='ltr'><strong>ipsis</strong></span> 
     </span>
    </p>
   </div>
   <div class='ocr_carea' id='block_1_105' title="bbox 1989 4420 3593 4502">
    <p class='ocr_par' dir='ltr' id='par_1_105' title="bbox 1989 4420 3593 4502">
     <span class='ocr_line' id='line_1_105' title="bbox 1989 4420 3593 4502; baseline 0.021 -34"><span class='ocrx_word' id='word_1_881' title='bbox 1989 4420 2430 4487; x_wconf 86' lang='lat' dir='ltr'><strong>percontantibus</strong></span> <span class='ocrx_word' id='word_1_882' title='bbox 2470 4438 2527 4478; x_wconf 88' lang='lat' dir='ltr'><strong>se</strong></span> <span class='ocrx_word' id='word_1_883' title='bbox 2562 4425 2931 4484; x_wconf 82' lang='lat' dir='ltr'><strong>confutantem</strong></span> <span class='ocrx_word' id='word_1_884' title='bbox 2965 4436 3342 4502; x_wconf 87' lang='lat' dir='ltr'><strong>respondentis</strong></span> <span class='ocrx_word' id='word_1_885' title='bbox 3371 4420 3593 4502; x_wconf 84' lang='lat' dir='ltr'><strong>senten-</strong></span> 
     </span>
    </p>
   </div>
   <div class='ocr_carea' id='block_1_106' title="bbox 1990 4507 3598 4600">
    <p class='ocr_par' dir='ltr' id='par_1_106' title="bbox 1990 4507 3598 4600">
     <span class='ocr_line' id='line_1_106' title="bbox 1990 4507 3598 4600; baseline 0.022 -39"><span class='ocrx_word' id='word_1_886' title='bbox 1990 4507 2116 4563; x_wconf 89' lang='lat' dir='ltr'><strong>tiam</strong></span> <span class='ocrx_word' id='word_1_887' title='bbox 2147 4523 2519 4582; x_wconf 83' lang='lat' dir='ltr'><strong>exceperunt;</strong></span> <span class='ocrx_word' id='word_1_888' title='bbox 2551 4520 3005 4588; x_wconf 88' lang='lat' dir='ltr'><strong>quemadmodum</strong></span> <span class='ocrx_word' id='word_1_889' title='bbox 3038 4539 3092 4582; x_wconf 88' lang='lat' dir='ltr'><strong>et</strong></span> <span class='ocrx_word' id='word_1_890' title='bbox 3125 4529 3298 4588; x_wconf 66' lang='lat' dir='ltr'><strong>Judaei</strong></span> <span class='ocrx_word' id='word_1_891' title='bbox 3320 4577 3336 4600; x_wconf 94' lang='lat'><strong>,</strong></span> <span class='ocrx_word' id='word_1_892' title='bbox 3363 4540 3598 4598; x_wconf 82' lang='lat' dir='ltr'><strong>maxime</strong></span> 
     </span>
    </p>
   </div>
   <div class='ocr_carea' id='block_1_107' title="bbox 1986 4603 3598 4697">
    <p class='ocr_par' dir='ltr' id='par_1_107' title="bbox 1986 4603 3598 4697">
     <span class='ocr_line' id='line_1_107' title="bbox 1986 4603 3598 4697; baseline 0.022 -42"><span class='ocrx_word' id='word_1_893' title='bbox 1986 4604 2057 4657; x_wconf 86' lang='lat' dir='ltr'><strong>ob</strong></span> <span class='ocrx_word' id='word_1_894' title='bbox 2085 4603 2137 4659; x_wconf 87' lang='lat' dir='ltr'><strong>id</strong></span> <span class='ocrx_word' id='word_1_895' title='bbox 2169 4645 2183 4667; x_wconf 86' lang='lat'><strong>.</strong></span> <span class='ocrx_word' id='word_1_896' title='bbox 2223 4607 2366 4675; x_wconf 91' lang='lat' dir='ltr'><strong>quod</strong></span> <span class='ocrx_word' id='word_1_897' title='bbox 2405 4608 2472 4663; x_wconf 90' lang='lat' dir='ltr'><strong>ad</strong></span> <span class='ocrx_word' id='word_1_898' title='bbox 2522 4611 2671 4666; x_wconf 89' lang='lat' dir='ltr'><strong>illum</strong></span> <span class='ocrx_word' id='word_1_899' title='bbox 2724 4616 3021 4686; x_wconf 89' lang='lat' dir='ltr'><strong>miserunt,</strong></span> <span class='ocrx_word' id='word_1_900' title='bbox 3059 4624 3358 4697; x_wconf 77' lang='lat' dir='ltr'><strong>talibUSque</strong></span> <span class='ocrx_word' id='word_1_901' title='bbox 3402 4634 3598 4691; x_wconf 88' lang='lat' dir='ltr'><strong>auditis</strong></span> 
     </span>
    </p>
   </div>
   <div class='ocr_carea' id='block_1_108' title="bbox 1988 4698 3593 4788">
    <p class='ocr_par' dir='ltr' id='par_1_108' title="bbox 1988 4698 3593 4788">
     <span class='ocr_line' id='line_1_108' title="bbox 1988 4698 3593 4788; baseline 0.019 -39"><span class='ocrx_word' id='word_1_902' title='bbox 1988 4711 2094 4788; x_wconf 84' lang='lat' dir='ltr'><strong>non</strong></span> <span class='ocrx_word' id='word_1_903' title='bbox 2136 4698 2522 4788; x_wconf 83' lang='lat' dir='ltr'><strong>crediderunt,</strong></span> <span class='ocrx_word' id='word_1_904' title='bbox 2572 4720 2788 4762; x_wconf 88' lang='lat' dir='ltr'><strong>omnem</strong></span> <span class='ocrx_word' id='word_1_905' title='bbox 2835 4711 2936 4765; x_wconf 88' lang='lat' dir='ltr'><strong>sibi</strong></span> <span class='ocrx_word' id='word_1_906' title='bbox 2969 4719 3178 4771; x_wconf 84' lang='lat' dir='ltr'><strong>veniam</strong></span> <span class='ocrx_word' id='word_1_907' title='bbox 3215 4722 3593 4788; x_wconf 68' lang='lat' dir='ltr'><strong>prmciderunt.</strong></span> 
     </span>
    </p>
   </div>
   <div class='ocr_carea' id='block_1_109' title="bbox 1985 4786 3594 4875">
    <p class='ocr_par' dir='ltr' id='par_1_109' title="bbox 1985 4786 3594 4875">
     <span class='ocr_line' id='line_1_109' title="bbox 1985 4786 3594 4875; baseline 0.022 -34"><span class='ocrx_word' id='word_1_908' title='bbox 1985 4786 2124 4856; x_wconf 89' lang='lat' dir='ltr'><strong>Quid</strong></span> <span class='ocrx_word' id='word_1_909' title='bbox 2149 4786 2316 4860; x_wconf 90' lang='lat' dir='ltr'><strong>igitur</strong></span> <span class='ocrx_word' id='word_1_910' title='bbox 2341 4793 2465 4849; x_wconf 89' lang='lat' dir='ltr'><strong>hinc</strong></span> <span class='ocrx_word' id='word_1_911' title='bbox 2492 4794 2752 4855; x_wconf 87' lang='lat' dir='ltr'><strong>docenmr</strong></span> <span class='ocrx_word' id='word_1_912' title='bbox 2770 4800 2793 4854; x_wconf 76' lang='grc' dir='ltr'><strong><em>τ</em></strong></span> <span class='ocrx_word' id='word_1_913' title='bbox 2811 4798 3064 4862; x_wconf 75' lang='lat' dir='ltr'><strong>Durnium</strong></span> <span class='ocrx_word' id='word_1_914' title='bbox 3089 4786 3351 4868; x_wconf 78' lang='lat' dir='ltr'><strong>malorum</strong></span> <span class='ocrx_word' id='word_1_915' title='bbox 3377 4830 3594 4875; x_wconf 87' lang='lat' dir='ltr'><strong>causam</strong></span> 
     </span>
    </p>
   </div>
   <div class='ocr_carea' id='block_1_110' title="bbox 1986 4887 3595 4968">
    <p class='ocr_par' dir='ltr' id='par_1_110' title="bbox 1986 4887 3595 4968">
     <span class='ocr_line' id='line_1_110' title="bbox 1986 4887 3595 4968; baseline 0.021 -34"><span class='ocrx_word' id='word_1_916' title='bbox 1986 4896 2108 4938; x_wconf 87' lang='lat' dir='ltr'><strong>esse</strong></span> <span class='ocrx_word' id='word_1_917' title='bbox 2132 4897 2323 4940; x_wconf 88' lang='lat' dir='ltr'><strong>vanam</strong></span> <span class='ocrx_word' id='word_1_918' title='bbox 2354 4887 2602 4957; x_wconf 83' lang='lat' dir='ltr'><strong>gloriam.</strong></span> <span class='ocrx_word' id='word_1_919' title='bbox 2631 4890 2722 4947; x_wconf 90' lang='lat' dir='ltr'><strong>llla</strong></span> <span class='ocrx_word' id='word_1_920' title='bbox 2757 4896 2898 4948; x_wconf 89' lang='lat' dir='ltr'><strong>enim</strong></span> <span class='ocrx_word' id='word_1_921' title='bbox 2931 4895 3077 4967; x_wconf 87' lang='lat' dir='ltr'><strong>ipsos</strong></span> <span class='ocrx_word' id='word_1_922' title='bbox 3107 4900 3158 4954; x_wconf 90' lang='lat' dir='ltr'><strong>in</strong></span> <span class='ocrx_word' id='word_1_923' title='bbox 3205 4902 3430 4965; x_wconf 89' lang='lat' dir='ltr'><strong>livorem</strong></span> <span class='ocrx_word' id='word_1_924' title='bbox 3461 4925 3595 4968; x_wconf 80' lang='lat' dir='ltr'><strong>con-</strong></span> 
     </span>
    </p>
   </div>
   <div class='ocr_carea' id='block_1_111' title="bbox 1980 4973 3595 5061">
    <p class='ocr_par' dir='ltr' id='par_1_111' title="bbox 1980 4973 3595 5061">
     <span class='ocr_line' id='line_1_111' title="bbox 1980 4973 3595 5061; baseline 0.019 -33"><span class='ocrx_word' id='word_1_925' title='bbox 1980 4973 2111 5043; x_wconf 89' lang='lat' dir='ltr'><strong>jecit</strong></span> <span class='ocrx_word' id='word_1_926' title='bbox 2140 4992 2156 5031; x_wconf 91' lang='lat'><strong>:</strong></span> <span class='ocrx_word' id='word_1_927' title='bbox 2187 4975 2305 5034; x_wconf 87' lang='lat' dir='ltr'><strong>hare</strong></span> <span class='ocrx_word' id='word_1_928' title='bbox 2330 4979 2447 5034; x_wconf 91' lang='lat' dir='ltr'><strong>illos</strong></span> <span class='ocrx_word' id='word_1_929' title='bbox 2476 4985 2800 5051; x_wconf 88' lang='lat' dir='ltr'><strong>concitavit,</strong></span> <span class='ocrx_word' id='word_1_930' title='bbox 2829 4999 2883 5042; x_wconf 92' lang='lat' dir='ltr'><strong>ut</strong></span> <span class='ocrx_word' id='word_1_931' title='bbox 2908 4989 3093 5047; x_wconf 81' lang='lat' dir='ltr'><strong>Jesum</strong></span> <span class='ocrx_word' id='word_1_932' title='bbox 3121 4995 3333 5054; x_wconf 89' lang='lat' dir='ltr'><strong>adirent</strong></span> <span class='ocrx_word' id='word_1_933' title='bbox 3357 5016 3421 5058; x_wconf 88' lang='lat' dir='ltr'><strong>ac</strong></span> <span class='ocrx_word' id='word_1_934' title='bbox 3446 5003 3595 5061; x_wconf 77' lang='lat' dir='ltr'><strong>dicc—</strong></span> 
     </span>
    </p>
   </div>
   <div class='ocr_carea' id='block_1_112' title="bbox 1984 5071 3596 5171">
    <p class='ocr_par' dir='ltr' id='par_1_112' title="bbox 1984 5071 3596 5171">
     <span class='ocr_line' id='line_1_112' title="bbox 1984 5071 3596 5171; baseline 0.02 -50"><span class='ocrx_word' id='word_1_935' title='bbox 1984 5078 2104 5171; x_wconf 71' lang='lat' dir='ltr'><strong>rent</strong></span> <span class='ocrx_word' id='word_1_936' title='bbox 2136 5087 2149 5125; x_wconf 89' lang='lat'>:</span> <span class='ocrx_word' id='word_1_937' title='bbox 2183 5071 2624 5171; x_wconf 35' lang='lat' dir='ltr'><strong>Quare-discipuli</strong></span> <span class='ocrx_word' id='word_1_938' title='bbox 2648 5080 2723 5133; x_wconf 88' lang='lat' dir='ltr'><strong>tui</strong></span> <span class='ocrx_word' id='word_1_939' title='bbox 2753 5084 3116 5154; x_wconf 61' lang='lat' dir='ltr'><strong>nomjejunant</strong></span> <span class='ocrx_word' id='word_1_940' title='bbox 3143 5088 3359 5160; x_wconf 75' lang='lat' dir='ltr'><strong>(Matth.</strong></span> <span class='ocrx_word' id='word_1_941' title='bbox 3390 5096 3444 5151; x_wconf 88' lang='lat'><strong>9.</strong></span> <span class='ocrx_word' id='word_1_942' title='bbox 3479 5101 3596 5171; x_wconf 69' lang='lat'><strong>“)3</strong></span> 
     </span>
    </p>
   </div>
   <div class='ocr_carea' id='block_1_113' title="bbox 1985 5161 3592 5261">
    <p class='ocr_par' dir='ltr' id='par_1_113' title="bbox 1985 5161 3592 5261">
     <span class='ocr_line' id='line_1_113' title="bbox 1985 5161 3592 5261; baseline 0.019 -45"><span class='ocrx_word' id='word_1_943' title='bbox 1985 5161 2254 5261; x_wconf 36' lang='lat' dir='ltr'><strong>[loc-ergo</strong></span> <span class='ocrx_word' id='word_1_944' title='bbox 2282 5167 2493 5230; x_wconf 84' lang='lat' dir='ltr'><strong>vitium,</strong></span> <span class='ocrx_word' id='word_1_945' title='bbox 2521 5168 2723 5239; x_wconf 86' lang='lat' dir='ltr'><strong>dilecti,</strong></span> <span class='ocrx_word' id='word_1_946' title='bbox 2756 5171 3041 5244; x_wconf 81' lang='lat' dir='ltr'><strong>fugiamus.</strong></span> <span class='ocrx_word' id='word_1_947' title='bbox 3068 5178 3124 5233; x_wconf 92' lang='lat' dir='ltr'><strong>Si</strong></span> <span class='ocrx_word' id='word_1_948' title='bbox 3158 5181 3258 5237; x_wconf 86' lang='lat' dir='ltr'><strong>hoc</strong></span> <span class='ocrx_word' id='word_1_949' title='bbox 3286 5161 3592 5261; x_wconf 78' lang='lat' dir='ltr'><strong>fugiamus,</strong></span> 
     </span>
    </p>
   </div>
   <div class='ocr_carea' id='block_1_114' title="bbox 1983 5255 3592 5350">
    <p class='ocr_par' dir='ltr' id='par_1_114' title="bbox 1983 5255 3592 5350">
     <span class='ocr_line' id='line_1_114' title="bbox 1983 5255 3592 5350; baseline 0.017 -40"><span class='ocrx_word' id='word_1_950' title='bbox 1983 5270 2013 5310; x_wconf 88' lang='lat' dir='ltr'><strong>a</strong></span> <span class='ocrx_word' id='word_1_951' title='bbox 2043 5255 2288 5327; x_wconf 90' lang='lat' dir='ltr'><strong>gehenna</strong></span> <span class='ocrx_word' id='word_1_952' title='bbox 2329 5258 2695 5316; x_wconf 86' lang='lat' dir='ltr'><strong>liberabimur.</strong></span> <span class='ocrx_word' id='word_1_953' title='bbox 2729 5264 2838 5320; x_wconf 64' lang='lat' dir='ltr'><strong>l~|oc</strong></span> <span class='ocrx_word' id='word_1_954' title='bbox 2863 5268 3008 5322; x_wconf 91' lang='lat' dir='ltr'><strong>enim</strong></span> <span class='ocrx_word' id='word_1_955' title='bbox 3031 5271 3110 5326; x_wconf 84' lang='lat' dir='ltr'><strong>eis</strong></span> <span class='ocrx_word' id='word_1_956' title='bbox 3155 5255 3388 5332; x_wconf 80' lang='lat' dir='ltr'><strong>maxime</strong></span> <span class='ocrx_word' id='word_1_957' title='bbox 3418 5255 3592 5350; x_wconf 84' lang='lat' dir='ltr'><strong>ignem</strong></span> 
     </span>
    </p>
   </div>
   <div class='ocr_carea' id='block_1_115' title="bbox 1985 5347 3595 5444">
    <p class='ocr_par' dir='ltr' id='par_1_115' title="bbox 1985 5347 3595 5444">
     <span class='ocr_line' id='line_1_115' title="bbox 1985 5347 3595 5444; baseline 0.019 -44"><span class='ocrx_word' id='word_1_958' title='bbox 1985 5347 2253 5404; x_wconf 86' lang='lat' dir='ltr'><strong>incendit:</strong></span> <span class='ocrx_word' id='word_1_959' title='bbox 2273 5349 2373 5406; x_wconf 90' lang='lat' dir='ltr'><strong>hoc</strong></span> <span class='ocrx_word' id='word_1_960' title='bbox 2400 5352 2595 5424; x_wconf 89' lang='lat' dir='ltr'><strong>ubique</strong></span> <span class='ocrx_word' id='word_1_961' title='bbox 2621 5354 2954 5413; x_wconf 88' lang='lat' dir='ltr'><strong>dominatum</strong></span> <span class='ocrx_word' id='word_1_962' title='bbox 2983 5371 3202 5419; x_wconf 84' lang='lat' dir='ltr'><strong>exercet</strong></span> <span class='ocrx_word' id='word_1_963' title='bbox 3224 5380 3403 5437; x_wconf 88' lang='lat' dir='ltr'><strong>suum,</strong></span> <span class='ocrx_word' id='word_1_964' title='bbox 3435 5347 3595 5444; x_wconf 75' lang='lat' dir='ltr'><strong>atque</strong></span> 
     </span>
    </p>
   </div>
   <div class='ocr_carea' id='block_1_116' title="bbox 1985 5445 3596 5532">
    <p class='ocr_par' dir='ltr' id='par_1_116' title="bbox 1985 5445 3596 5532">
     <span class='ocr_line' id='line_1_116' title="bbox 1985 5445 3596 5532; baseline 0.017 -37"><span class='ocrx_word' id='word_1_965' title='bbox 1985 5450 2193 5497; x_wconf 63' lang='lat' dir='ltr'><strong>aitatem</strong></span> <span class='ocrx_word' id='word_1_966' title='bbox 2220 5452 2273 5499; x_wconf 89' lang='lat' dir='ltr'><strong>et</strong></span> <span class='ocrx_word' id='word_1_967' title='bbox 2299 5445 2609 5515; x_wconf 80' lang='lat' dir='ltr'><strong>dignitatem</strong></span> <span class='ocrx_word' id='word_1_968' title='bbox 2637 5465 2854 5506; x_wconf 90' lang='lat' dir='ltr'><strong>omnem</strong></span> <span class='ocrx_word' id='word_1_969' title='bbox 2884 5456 3160 5524; x_wconf 81' lang='lat' dir='ltr'><strong>tyrannica</strong></span> <span class='ocrx_word' id='word_1_970' title='bbox 3185 5473 3412 5532; x_wconf 87' lang='lat' dir='ltr'><strong>occupat</strong></span> <span class='ocrx_word' id='word_1_971' title='bbox 3445 5481 3458 5518; x_wconf 88' lang='lat'><strong>:</strong></span> <span class='ocrx_word' id='word_1_972' title='bbox 3493 5464 3596 5522; x_wconf 86' lang='lat' dir='ltr'><strong>hoc</strong></span> 
     </span>
    </p>
   </div>
   <div class='ocr_carea' id='block_1_117' title="bbox 1986 5534 3593 5625">
    <p class='ocr_par' dir='ltr' id='par_1_117' title="bbox 1986 5534 3593 5625">
     <span class='ocr_line' id='line_1_117' title="bbox 1986 5534 3593 5625; baseline 0.014 -35"><span class='ocrx_word' id='word_1_973' title='bbox 1986 5534 2250 5590; x_wconf 86' lang='lat' dir='ltr'><strong>Ecclesias</strong></span> <span class='ocrx_word' id='word_1_974' title='bbox 2263 5537 2543 5608; x_wconf 84' lang='lat' dir='ltr'><strong>subvertit,</strong></span> <span class='ocrx_word' id='word_1_975' title='bbox 2559 5557 2648 5597; x_wconf 90' lang='lat' dir='ltr'><strong>res</strong></span> <span class='ocrx_word' id='word_1_976' title='bbox 2659 5543 2843 5600; x_wconf 88' lang='lat' dir='ltr'><strong>civiles</strong></span> <span class='ocrx_word' id='word_1_977' title='bbox 2854 5544 3159 5616; x_wconf 87' lang='lat' dir='ltr'><strong>labefactat,</strong></span> <span class='ocrx_word' id='word_1_978' title='bbox 3174 5551 3363 5609; x_wconf 88' lang='lat' dir='ltr'><strong>domos</strong></span> <span class='ocrx_word' id='word_1_979' title='bbox 3380 5559 3593 5625; x_wconf 87' lang='lat' dir='ltr'><strong>evertit,</strong></span> 
     </span>
    </p>
   </div>
   <div class='ocr_carea' id='block_1_118' title="bbox 1987 5625 3588 5714">
    <p class='ocr_par' dir='ltr' id='par_1_118' title="bbox 1987 5625 3588 5714">
     <span class='ocr_line' id='line_1_118' title="bbox 1987 5625 3588 5714; baseline 0.016 -34"><span class='ocrx_word' id='word_1_980' title='bbox 1987 5625 2247 5694; x_wconf 79' lang='lat' dir='ltr'><strong>civitates,</strong></span> <span class='ocrx_word' id='word_1_981' title='bbox 2279 5630 2526 5699; x_wconf 85' lang='lat' dir='ltr'><strong>populos.</strong></span> <span class='ocrx_word' id='word_1_982' title='bbox 2552 5643 2755 5702; x_wconf 83' lang='lat' dir='ltr'><strong>gentes.</strong></span> <span class='ocrx_word' id='word_1_983' title='bbox 2792 5635 2996 5708; x_wconf 88' lang='lat' dir='ltr'><strong>Ecquid</strong></span> <span class='ocrx_word' id='word_1_984' title='bbox 3026 5640 3260 5709; x_wconf 88' lang='lat' dir='ltr'><strong>miraris,</strong></span> <span class='ocrx_word' id='word_1_985' title='bbox 3291 5647 3507 5714; x_wconf 85' lang='lat' dir='ltr'><strong>quando</strong></span> <span class='ocrx_word' id='word_1_986' title='bbox 3534 5650 3588 5705; x_wconf 92' lang='lat' dir='ltr'><strong>in</strong></span> 
     </span>
    </p>
   </div>
   <div class='ocr_carea' id='block_1_119' title="bbox 1985 5718 3587 5803">
    <p class='ocr_par' dir='ltr' id='par_1_119' title="bbox 1985 5718 3587 5803">
     <span class='ocr_line' id='line_1_119' title="bbox 1985 5718 3587 5803; baseline 0.015 -31"><span class='ocrx_word' id='word_1_987' title='bbox 1985 5718 2257 5774; x_wconf 88' lang='lat' dir='ltr'><strong>desertum</strong></span> <span class='ocrx_word' id='word_1_988' title='bbox 2308 5724 2491 5784; x_wconf 85' lang='lat' dir='ltr'><strong>venit.</strong></span> <span class='ocrx_word' id='word_1_989' title='bbox 2548 5739 2902 5799; x_wconf 83' lang='lat' dir='ltr'><strong>magnamque</strong></span> <span class='ocrx_word' id='word_1_990' title='bbox 2952 5730 3022 5785; x_wconf 91' lang='lat' dir='ltr'><strong>ibi</strong></span> <span class='ocrx_word' id='word_1_991' title='bbox 3066 5740 3390 5803; x_wconf 87' lang='lat' dir='ltr'><strong>potestatem</strong></span> <span class='ocrx_word' id='word_1_992' title='bbox 3434 5752 3587 5796; x_wconf 89' lang='lat' dir='ltr'><strong>suam</strong></span> 
     </span>
    </p>
   </div>
   <div class='ocr_carea' id='block_1_120' title="bbox 1986 5809 3587 5894">
    <p class='ocr_par' dir='ltr' id='par_1_120' title="bbox 1986 5809 3587 5894">
     <span class='ocr_line' id='line_1_120' title="bbox 1986 5809 3587 5894; baseline 0.014 -30"><span class='ocrx_word' id='word_1_993' title='bbox 1986 5809 2270 5865; x_wconf 81' lang='lat' dir='ltr'><strong>exhibuit?</strong></span> <span class='ocrx_word' id='word_1_994' title='bbox 2312 5812 2446 5868; x_wconf 82' lang='lat' dir='ltr'><strong>Nam</strong></span> <span class='ocrx_word' id='word_1_995' title='bbox 2491 5817 2582 5886; x_wconf 91' lang='lat' dir='ltr'><strong>qui</strong></span> <span class='ocrx_word' id='word_1_996' title='bbox 2641 5817 2842 5876; x_wconf 89' lang='lat' dir='ltr'><strong>divitiis</strong></span> <span class='ocrx_word' id='word_1_997' title='bbox 2893 5824 3013 5878; x_wconf 87' lang='lat' dir='ltr'><strong>vale</strong></span> <span class='ocrx_word' id='word_1_998' title='bbox 3059 5824 3346 5894; x_wconf 84' lang='lat' dir='ltr'><strong>dixerant,</strong></span> <span class='ocrx_word' id='word_1_999' title='bbox 3403 5833 3587 5888; x_wconf 84' lang='lat' dir='ltr'><strong>mutuli</strong></span> 
     </span>
    </p>
   </div>
   <div class='ocr_carea' id='block_1_121' title="bbox 1980 5897 3585 5977">
    <p class='ocr_par' dir='ltr' id='par_1_121' title="bbox 1980 5897 3585 5977">
     <span class='ocr_line' id='line_1_121' title="bbox 1980 5897 3585 5977; baseline 0.014 -24"><span class='ocrx_word' id='word_1_1000' title='bbox 1980 5897 2184 5958; x_wconf 85' lang='lat' dir='ltr'><strong>fastum</strong></span> <span class='ocrx_word' id='word_1_1001' title='bbox 2215 5914 2432 5959; x_wconf 75' lang='lat' dir='ltr'><strong>omnem</strong></span> <span class='ocrx_word' id='word_1_1002' title='bbox 2459 5907 2767 5977; x_wconf 87' lang='lat' dir='ltr'><strong>ahjeeerant</strong></span> <span class='ocrx_word' id='word_1_1003' title='bbox 2793 5953 2804 5970; x_wconf 81' lang='lat'><strong>.</strong></span> <span class='ocrx_word' id='word_1_1004' title='bbox 2839 5924 2891 5968; x_wconf 91' lang='lat' dir='ltr'><strong>et</strong></span> <span class='ocrx_word' id='word_1_1005' title='bbox 2921 5914 3210 5974; x_wconf 87' lang='lat' dir='ltr'><strong>humanam</strong></span> <span class='ocrx_word' id='word_1_1006' title='bbox 3243 5919 3585 5975; x_wconf 78' lang='lat' dir='ltr'><strong>consuetudi-</strong></span> 
     </span>
    </p>
   </div>
  </div>
