  <div class='ocr_page' id='page_1' title='image "/cluster/home/n/w/nwhite01/storage/ocr_20150623/59/uva.x004914832/171.png"; bbox 0 0 4120 6502; ppageno 0'>
   <div class='ocr_carea' id='block_1_1' title="bbox 558 414 3072 493">
    <p class='ocr_par' dir='ltr' id='par_1_1' title="bbox 558 414 3072 493">
     <span class='ocr_line' id='line_1_1' title="bbox 558 414 3072 493; baseline -0.002 -16"><span class='ocrx_word' id='word_1_1' title='bbox 558 437 651 493; x_wconf 73' lang='lat' dir='ltr'><strong>m</strong></span> <span class='ocrx_word' id='word_1_2' title='bbox 1278 426 1333 483; x_wconf 90' lang='lat' dir='ltr'><strong>s.</strong></span> <span class='ocrx_word' id='word_1_3' title='bbox 1373 423 1649 482; x_wconf 76' lang='lat' dir='ltr'><strong>lOANNIS</strong></span> <span class='ocrx_word' id='word_1_4' title='bbox 1684 415 2157 477; x_wconf 70' lang='lat' dir='ltr'><strong>CllRt’SOSTOlll</strong></span> <span class='ocrx_word' id='word_1_5' title='bbox 2202 414 2514 472; x_wconf 76' lang='lat' dir='ltr'><strong>ARClllEP.</strong></span> <span class='ocrx_word' id='word_1_6' title='bbox 2546 416 3072 474; x_wconf 58' lang='lat' dir='ltr'><strong>cousratvrtuor.</strong></span> 
     </span>
    </p>
   </div>
   <div class='ocr_carea' id='block_1_2' title="bbox 557 537 2124 618">
    <p class='ocr_par' dir='ltr' id='par_1_2' title="bbox 557 537 2124 618">
     <span class='ocr_line' id='line_1_2' title="bbox 557 537 2124 618; baseline -0.013 -12"><span class='ocrx_word' id='word_1_7' title='bbox 557 566 702 614; x_wconf 79' lang='lat' dir='ltr'><strong>nem,</strong></span> <span class='ocrx_word' id='word_1_8' title='bbox 719 548 805 618; x_wconf 99' lang='lat' dir='ltr'><strong>qui</strong></span> <span class='ocrx_word' id='word_1_9' title='bbox 828 546 1079 600; x_wconf 84' lang='lat' dir='ltr'><strong>violentas</strong></span> <span class='ocrx_word' id='word_1_10' title='bbox 1094 554 1375 611; x_wconf 80' lang='lat' dir='ltr'><strong>corporum</strong></span> <span class='ocrx_word' id='word_1_11' title='bbox 1393 537 1709 609; x_wconf 88' lang='lat' dir='ltr'><strong>cupiditates</strong></span> <span class='ocrx_word' id='word_1_12' title='bbox 1728 541 2124 605; x_wconf 87' lang='lat' dir='ltr'><strong>superaverant:</strong></span> 
     </span>
    </p>
   </div>
   <div class='ocr_carea' id='block_1_3' title="bbox 560 624 2130 710">
    <p class='ocr_par' dir='ltr' id='par_1_3' title="bbox 560 624 2130 710">
     <span class='ocr_line' id='line_1_3' title="bbox 560 624 2130 710; baseline -0.013 -13"><span class='ocrx_word' id='word_1_13' title='bbox 560 644 612 698; x_wconf 98' lang='lat' dir='ltr'><strong>hi</strong></span> <span class='ocrx_word' id='word_1_14' title='bbox 639 656 778 710; x_wconf 71' lang='lat' dir='ltr'><strong>sa‘pe</strong></span> <span class='ocrx_word' id='word_1_15' title='bbox 806 654 834 690; x_wconf 89' lang='lat' dir='ltr'><strong>a</strong></span> <span class='ocrx_word' id='word_1_16' title='bbox 868 650 999 689; x_wconf 79' lang='lat' dir='ltr'><strong>vana</strong></span> <span class='ocrx_word' id='word_1_17' title='bbox 1023 634 1188 704; x_wconf 80' lang='lat' dir='ltr'><strong>gloria</strong></span> <span class='ocrx_word' id='word_1_18' title='bbox 1209 632 1347 703; x_wconf 88' lang='lat' dir='ltr'><strong>capti</strong></span> <span class='ocrx_word' id='word_1_19' title='bbox 1367 632 1546 686; x_wconf 82' lang='lat' dir='ltr'><strong>omnia</strong></span> <span class='ocrx_word' id='word_1_20' title='bbox 1577 628 1939 700; x_wconf 85' lang='lat' dir='ltr'><strong>perdiderunt.</strong></span> <span class='ocrx_word' id='word_1_21' title='bbox 1966 624 2130 701; x_wconf 88' lang='lat' dir='ltr'><strong>liujus</strong></span> 
     </span>
    </p>
   </div>
   <div class='ocr_carea' id='block_1_4' title="bbox 562 714 2128 797">
    <p class='ocr_par' dir='ltr' id='par_1_4' title="bbox 562 714 2128 797">
     <span class='ocr_line' id='line_1_4' title="bbox 562 714 2128 797; baseline -0.012 -12"><span class='ocrx_word' id='word_1_22' title='bbox 562 734 671 787; x_wconf 88' lang='lat' dir='ltr'><strong>vitii</strong></span> <span class='ocrx_word' id='word_1_23' title='bbox 698 744 876 790; x_wconf 80' lang='lat' dir='ltr'><strong>causa,</strong></span> <span class='ocrx_word' id='word_1_24' title='bbox 907 726 996 797; x_wconf 89' lang='lat' dir='ltr'><strong>qni</strong></span> <span class='ocrx_word' id='word_1_25' title='bbox 1030 724 1257 780; x_wconf 88' lang='lat' dir='ltr'><strong>multum</strong></span> <span class='ocrx_word' id='word_1_26' title='bbox 1285 723 1618 777; x_wconf 85' lang='lat' dir='ltr'><strong>laboraverat</strong></span> <span class='ocrx_word' id='word_1_27' title='bbox 1645 762 1659 785; x_wconf 91' lang='lat'><strong>,</strong></span> <span class='ocrx_word' id='word_1_28' title='bbox 1693 718 1762 772; x_wconf 87' lang='lat' dir='ltr'><strong>ab</strong></span> <span class='ocrx_word' id='word_1_29' title='bbox 1787 732 1853 771; x_wconf 89' lang='lat' dir='ltr'><strong>eo</strong></span> <span class='ocrx_word' id='word_1_30' title='bbox 1882 718 1969 786; x_wconf 89' lang='lat' dir='ltr'><strong>qui</strong></span> <span class='ocrx_word' id='word_1_31' title='bbox 2001 714 2128 767; x_wconf 83' lang='lat' dir='ltr'><strong>nihil</strong></span> 
     </span>
    </p>
   </div>
   <div class='ocr_carea' id='block_1_5' title="bbox 556 806 2127 884">
    <p class='ocr_par' dir='ltr' id='par_1_5' title="bbox 556 806 2127 884">
     <span class='ocr_line' id='line_1_5' title="bbox 556 806 2127 884; baseline -0.013 -7"><span class='ocrx_word' id='word_1_32' title='bbox 556 821 748 877; x_wconf 84' lang='lat' dir='ltr'><strong>laboris</strong></span> <span class='ocrx_word' id='word_1_33' title='bbox 771 860 788 884; x_wconf 90' lang='lat'><strong>,</strong></span> <span class='ocrx_word' id='word_1_34' title='bbox 831 818 925 872; x_wconf 75' lang='lat' dir='ltr'><strong>sed</strong></span> <span class='ocrx_word' id='word_1_35' title='bbox 951 817 1116 873; x_wconf 84' lang='lat' dir='ltr'><strong>multa</strong></span> <span class='ocrx_word' id='word_1_36' title='bbox 1162 821 1376 884; x_wconf 88' lang='lat' dir='ltr'><strong>peccata</strong></span> <span class='ocrx_word' id='word_1_37' title='bbox 1406 810 1731 873; x_wconf 72' lang='lat' dir='ltr'><strong>admiserat,</strong></span> <span class='ocrx_word' id='word_1_38' title='bbox 1765 806 2062 863; x_wconf 73' lang='lat' dir='ltr'><strong>Phariszeus</strong></span> <span class='ocrx_word' id='word_1_39' title='bbox 2099 818 2127 856; x_wconf 88' lang='lat' dir='ltr'><strong>a</strong></span> 
     </span>
    </p>
   </div>
   <div class='ocr_carea' id='block_1_6' title="bbox 554 895 2130 983">
    <p class='ocr_par' dir='ltr' id='par_1_6' title="bbox 554 895 2130 983">
     <span class='ocr_line' id='line_1_6' title="bbox 554 895 2130 983; baseline -0.011 -19"><span class='ocrx_word' id='word_1_40' title='bbox 554 912 831 983; x_wconf 77' lang='lat' dir='ltr'><strong>publicano</strong></span> <span class='ocrx_word' id='word_1_41' title='bbox 860 909 1028 965; x_wconf 84' lang='lat' dir='ltr'><strong>vietus</strong></span> <span class='ocrx_word' id='word_1_42' title='bbox 1072 915 1171 961; x_wconf 87' lang='lat' dir='ltr'><strong>est.</strong></span> <span class='ocrx_word' id='word_1_43' title='bbox 1222 907 1289 959; x_wconf 82' lang='lat' dir='ltr'><strong>At</strong></span> <span class='ocrx_word' id='word_1_44' title='bbox 1321 902 1419 957; x_wconf 90' lang='lat' dir='ltr'><strong>hoc</strong></span> <span class='ocrx_word' id='word_1_45' title='bbox 1462 916 1713 955; x_wconf 83' lang='lat' dir='ltr'><strong>accusare</strong></span> <span class='ocrx_word' id='word_1_46' title='bbox 1754 899 1939 951; x_wconf 89' lang='lat' dir='ltr'><strong>vitium</strong></span> <span class='ocrx_word' id='word_1_47' title='bbox 1984 895 2130 949; x_wconf 92' lang='lat' dir='ltr'><strong>nullo</strong></span> 
     </span>
    </p>
   </div>
   <div class='ocr_carea' id='block_1_7' title="bbox 553 984 2119 1072">
    <p class='ocr_par' dir='ltr' id='par_1_7' title="bbox 553 984 2119 1072">
     <span class='ocr_line' id='line_1_7' title="bbox 553 984 2119 1072; baseline -0.014 -12"><span class='ocrx_word' id='word_1_48' title='bbox 553 1006 735 1060; x_wconf 85' lang='lat' dir='ltr'><strong>labore</strong></span> <span class='ocrx_word' id='word_1_49' title='bbox 766 1013 1049 1072; x_wconf 82' lang='lat' dir='ltr'><strong>possumus</strong></span> <span class='ocrx_word' id='word_1_50' title='bbox 1079 996 1097 1066; x_wconf 94' lang='lat'>(</span> <span class='ocrx_word' id='word_1_51' title='bbox 1126 1009 1309 1049; x_wconf 91' lang='lat' dir='ltr'><strong>omnes</strong></span> <span class='ocrx_word' id='word_1_52' title='bbox 1336 994 1476 1048; x_wconf 89' lang='lat' dir='ltr'><strong>enim</strong></span> <span class='ocrx_word' id='word_1_53' title='bbox 1513 991 1761 1046; x_wconf 86' lang='lat' dir='ltr'><strong>eumdem</strong></span> <span class='ocrx_word' id='word_1_54' title='bbox 1794 990 1966 1059; x_wconf 85' lang='lat' dir='ltr'><strong>ipsum</strong></span> <span class='ocrx_word' id='word_1_55' title='bbox 2003 984 2119 1040; x_wconf 84' lang='lat' dir='ltr'><strong>cal-</strong></span> 
     </span>
    </p>
   </div>
   <div class='ocr_carea' id='block_1_8' title="bbox 553 1077 2129 1160">
    <p class='ocr_par' dir='ltr' id='par_1_8' title="bbox 553 1077 2129 1160">
     <span class='ocr_line' id='line_1_8' title="bbox 553 1077 2129 1160; baseline -0.013 -10"><span class='ocrx_word' id='word_1_56' title='bbox 553 1096 730 1150; x_wconf 83' lang='lat' dir='ltr'><strong>culum</strong></span> <span class='ocrx_word' id='word_1_57' title='bbox 765 1092 935 1148; x_wconf 84' lang='lat' dir='ltr'><strong>ferunt</strong></span> <span class='ocrx_word' id='word_1_58' title='bbox 967 1088 987 1160; x_wconf 95' lang='lat'>)</span> <span class='ocrx_word' id='word_1_59' title='bbox 1013 1106 1027 1153; x_wconf 91' lang='lat'><strong>;</strong></span> <span class='ocrx_word' id='word_1_60' title='bbox 1057 1085 1195 1157; x_wconf 88' lang='lat' dir='ltr'><strong>quod</strong></span> <span class='ocrx_word' id='word_1_61' title='bbox 1226 1085 1481 1155; x_wconf 74' lang='lat' dir='ltr'><strong>quurritur</strong></span> <span class='ocrx_word' id='word_1_62' title='bbox 1508 1091 1685 1137; x_wconf 90' lang='lat' dir='ltr'><strong>autem</strong></span> <span class='ocrx_word' id='word_1_63' title='bbox 1717 1092 1828 1147; x_wconf 89' lang='lat' dir='ltr'><strong>est,</strong></span> <span class='ocrx_word' id='word_1_64' title='bbox 1862 1077 2129 1150; x_wconf 88' lang='lat' dir='ltr'><strong>quomodo</strong></span> 
     </span>
    </p>
   </div>
   <div class='ocr_carea' id='block_1_9' title="bbox 553 1169 2127 1256">
    <p class='ocr_par' dir='ltr' id='par_1_9' title="bbox 553 1169 2127 1256">
     <span class='ocr_line' id='line_1_9' title="bbox 553 1169 2127 1256; baseline -0.013 -14"><span class='ocrx_word' id='word_1_65' title='bbox 553 1189 723 1256; x_wconf 84' lang='lat' dir='ltr'><strong>ipsum</strong></span> <span class='ocrx_word' id='word_1_66' title='bbox 764 1193 1015 1252; x_wconf 90' lang='lat' dir='ltr'><strong>superare</strong></span> <span class='ocrx_word' id='word_1_67' title='bbox 1053 1179 1335 1247; x_wconf 81' lang='lat' dir='ltr'><strong>possimus.</strong></span> <span class='ocrx_word' id='word_1_68' title='bbox 1360 1174 1638 1243; x_wconf 86' lang='lat' dir='ltr'><strong>Quomodo</strong></span> <span class='ocrx_word' id='word_1_69' title='bbox 1666 1186 1793 1243; x_wconf 88' lang='lat' dir='ltr'><strong>ergo</strong></span> <span class='ocrx_word' id='word_1_70' title='bbox 1824 1169 2127 1241; x_wconf 86' lang='lat' dir='ltr'><strong>proliigabi-</strong></span> 
     </span>
    </p>
   </div>
   <div class='ocr_carea' id='block_1_10' title="bbox 553 1262 2129 1345">
    <p class='ocr_par' dir='ltr' id='par_1_10' title="bbox 553 1262 2129 1345">
     <span class='ocr_line' id='line_1_10' title="bbox 553 1262 2129 1345; baseline -0.011 -14"><span class='ocrx_word' id='word_1_71' title='bbox 553 1276 701 1332; x_wconf 82' lang='lat' dir='ltr'><strong>ntus?</strong></span> <span class='ocrx_word' id='word_1_72' title='bbox 728 1274 782 1329; x_wconf 89' lang='lat' dir='ltr'><strong>Si</strong></span> <span class='ocrx_word' id='word_1_73' title='bbox 810 1273 1031 1345; x_wconf 79' lang='lat' dir='ltr'><strong>gloriam</strong></span> <span class='ocrx_word' id='word_1_74' title='bbox 1059 1269 1240 1341; x_wconf 64' lang='lat' dir='ltr'><strong>gloriae</strong></span> <span class='ocrx_word' id='word_1_75' title='bbox 1260 1280 1608 1337; x_wconf 83' lang='lat' dir='ltr'><strong>Opponamus.</strong></span> <span class='ocrx_word' id='word_1_76' title='bbox 1637 1262 1709 1319; x_wconf 83' lang='lat' dir='ltr'><strong>Ut</strong></span> <span class='ocrx_word' id='word_1_77' title='bbox 1729 1263 1868 1318; x_wconf 91' lang='lat' dir='ltr'><strong>enim</strong></span> <span class='ocrx_word' id='word_1_78' title='bbox 1894 1270 2129 1315; x_wconf 88' lang='lat' dir='ltr'><strong>terrenas</strong></span> 
     </span>
    </p>
   </div>
   <div class='ocr_carea' id='block_1_11' title="bbox 548 1352 2131 1429">
    <p class='ocr_par' dir='ltr' id='par_1_11' title="bbox 548 1352 2131 1429">
     <span class='ocr_line' id='line_1_11' title="bbox 548 1352 2131 1429; baseline -0.01 -8"><span class='ocrx_word' id='word_1_79' title='bbox 548 1366 757 1421; x_wconf 77' lang='lat' dir='ltr'><strong>divitias</strong></span> <span class='ocrx_word' id='word_1_80' title='bbox 787 1363 1217 1426; x_wconf 79' lang='lat' dir='ltr'><strong>contemnimus,</strong></span> <span class='ocrx_word' id='word_1_81' title='bbox 1272 1355 1486 1429; x_wconf 78' lang='lat' dir='ltr'><strong>quando</strong></span> <span class='ocrx_word' id='word_1_82' title='bbox 1530 1355 1595 1410; x_wconf 89' lang='lat' dir='ltr'><strong>ad</strong></span> <span class='ocrx_word' id='word_1_83' title='bbox 1641 1355 1773 1409; x_wconf 86' lang='lat' dir='ltr'><strong>alias</strong></span> <span class='ocrx_word' id='word_1_84' title='bbox 1815 1352 2131 1422; x_wconf 90' lang='lat' dir='ltr'><strong>respicimus</strong></span> 
     </span>
    </p>
   </div>
   <div class='ocr_carea' id='block_1_12' title="bbox 547 1445 2129 1522">
    <p class='ocr_par' dir='ltr' id='par_1_12' title="bbox 547 1445 2129 1522">
     <span class='ocr_line' id='line_1_12' title="bbox 547 1445 2129 1522; baseline -0.009 -9"><span class='ocrx_word' id='word_1_85' title='bbox 547 1458 760 1513; x_wconf 74' lang='lat' dir='ltr'><strong>divitias</strong></span> <span class='ocrx_word' id='word_1_86' title='bbox 783 1498 797 1522; x_wconf 94' lang='lat'><strong>,</strong></span> <span class='ocrx_word' id='word_1_87' title='bbox 830 1464 882 1510; x_wconf 90' lang='lat' dir='ltr'><strong>et</strong></span> <span class='ocrx_word' id='word_1_88' title='bbox 913 1455 1048 1509; x_wconf 89' lang='lat' dir='ltr'><strong>hanc</strong></span> <span class='ocrx_word' id='word_1_89' title='bbox 1085 1453 1248 1507; x_wconf 87' lang='lat' dir='ltr'><strong>vitam</strong></span> <span class='ocrx_word' id='word_1_90' title='bbox 1293 1448 1619 1519; x_wconf 89' lang='lat' dir='ltr'><strong>despicimus</strong></span> <span class='ocrx_word' id='word_1_91' title='bbox 1644 1488 1657 1514; x_wconf 92' lang='lat'><strong>,</strong></span> <span class='ocrx_word' id='word_1_92' title='bbox 1689 1461 1807 1503; x_wconf 88' lang='lat' dir='ltr'><strong>cum</strong></span> <span class='ocrx_word' id='word_1_93' title='bbox 1836 1445 2129 1515; x_wconf 84' lang='lat' dir='ltr'><strong>cogitamus</strong></span> 
     </span>
    </p>
   </div>
   <div class='ocr_carea' id='block_1_13' title="bbox 546 1534 2127 1615">
    <p class='ocr_par' dir='ltr' id='par_1_13' title="bbox 546 1534 2127 1615">
     <span class='ocr_line' id='line_1_13' title="bbox 546 1534 2127 1615; baseline -0.008 -12"><span class='ocrx_word' id='word_1_94' title='bbox 546 1550 701 1603; x_wconf 88' lang='lat' dir='ltr'><strong>aliant</strong></span> <span class='ocrx_word' id='word_1_95' title='bbox 729 1548 827 1602; x_wconf 90' lang='lat' dir='ltr'><strong>hac</strong></span> <span class='ocrx_word' id='word_1_96' title='bbox 848 1549 1001 1615; x_wconf 91' lang='lat' dir='ltr'><strong>longe</strong></span> <span class='ocrx_word' id='word_1_97' title='bbox 1023 1543 1295 1599; x_wconf 90' lang='lat' dir='ltr'><strong>meliorem</strong></span> <span class='ocrx_word' id='word_1_98' title='bbox 1317 1558 1331 1607; x_wconf 88' lang='lat'>;</span> <span class='ocrx_word' id='word_1_99' title='bbox 1361 1541 1437 1597; x_wconf 91' lang='lat' dir='ltr'><strong>sic</strong></span> <span class='ocrx_word' id='word_1_100' title='bbox 1456 1548 1510 1596; x_wconf 88' lang='lat' dir='ltr'><strong>et</strong></span> <span class='ocrx_word' id='word_1_101' title='bbox 1526 1539 1746 1611; x_wconf 78' lang='lat' dir='ltr'><strong>gloriam</strong></span> <span class='ocrx_word' id='word_1_102' title='bbox 1771 1537 1927 1608; x_wconf 82' lang='lat' dir='ltr'><strong>hujus</strong></span> <span class='ocrx_word' id='word_1_103' title='bbox 1947 1534 2127 1591; x_wconf 87' lang='lat' dir='ltr'><strong>mutuli</strong></span> 
     </span>
    </p>
   </div>
   <div class='ocr_carea' id='block_1_14' title="bbox 547 1629 2125 1710">
    <p class='ocr_par' dir='ltr' id='par_1_14' title="bbox 547 1629 2125 1710">
     <span class='ocr_line' id='line_1_14' title="bbox 547 1629 2125 1710; baseline -0.009 -14"><span class='ocrx_word' id='word_1_104' title='bbox 547 1653 800 1710; x_wconf 86' lang='lat' dir='ltr'><strong>respuere</strong></span> <span class='ocrx_word' id='word_1_105' title='bbox 830 1638 1121 1709; x_wconf 85' lang='lat' dir='ltr'><strong>poterimus</strong></span> <span class='ocrx_word' id='word_1_106' title='bbox 1147 1677 1160 1699; x_wconf 93' lang='lat'><strong>,</strong></span> <span class='ocrx_word' id='word_1_107' title='bbox 1192 1650 1312 1689; x_wconf 89' lang='lat' dir='ltr'><strong>cum</strong></span> <span class='ocrx_word' id='word_1_108' title='bbox 1351 1634 1509 1689; x_wconf 84' lang='lat' dir='ltr'><strong>aliam</strong></span> <span class='ocrx_word' id='word_1_109' title='bbox 1540 1632 1697 1702; x_wconf 86' lang='lat' dir='ltr'><strong>longe</strong></span> <span class='ocrx_word' id='word_1_110' title='bbox 1722 1630 1822 1685; x_wconf 90' lang='lat' dir='ltr'><strong>hac</strong></span> <span class='ocrx_word' id='word_1_111' title='bbox 1848 1629 2125 1685; x_wconf 87' lang='lat' dir='ltr'><strong>clariorem</strong></span> 
     </span>
    </p>
   </div>
   <div class='ocr_carea' id='block_1_15' title="bbox 551 1720 2129 1803">
    <p class='ocr_par' dir='ltr' id='par_1_15' title="bbox 551 1720 2129 1803">
     <span class='ocr_line' id='line_1_15' title="bbox 551 1720 2129 1803; baseline -0.007 -16"><span class='ocrx_word' id='word_1_112' title='bbox 551 1732 914 1803; x_wconf 79' lang='lat' dir='ltr'><strong>Spectabimus</strong></span> <span class='ocrx_word' id='word_1_113' title='bbox 934 1771 948 1795; x_wconf 91' lang='lat'><strong>,</strong></span> <span class='ocrx_word' id='word_1_114' title='bbox 977 1743 1203 1799; x_wconf 70' lang='lat' dir='ltr'><strong>quaeque</strong></span> <span class='ocrx_word' id='word_1_115' title='bbox 1234 1741 1361 1782; x_wconf 87' lang='lat' dir='ltr'><strong>vere</strong></span> <span class='ocrx_word' id='word_1_116' title='bbox 1389 1726 1553 1796; x_wconf 84' lang='lat' dir='ltr'><strong>gloria</strong></span> <span class='ocrx_word' id='word_1_117' title='bbox 1583 1733 1684 1779; x_wconf 89' lang='lat' dir='ltr'><strong>est.</strong></span> <span class='ocrx_word' id='word_1_118' title='bbox 1719 1721 1850 1777; x_wconf 85' lang='lat' dir='ltr'><strong>Nam</strong></span> <span class='ocrx_word' id='word_1_119' title='bbox 1883 1722 1995 1777; x_wconf 64' lang='lat' dir='ltr'><strong>haec</strong></span> <span class='ocrx_word' id='word_1_120' title='bbox 2018 1764 2031 1786; x_wconf 93' lang='lat'><strong>,</strong></span> <span class='ocrx_word' id='word_1_121' title='bbox 2062 1720 2129 1776; x_wconf 89' lang='lat' dir='ltr'><strong>de</strong></span> 
     </span>
    </p>
   </div>
   <div class='ocr_carea' id='block_1_16' title="bbox 546 1814 2128 1892">
    <p class='ocr_par' dir='ltr' id='par_1_16' title="bbox 546 1814 2128 1892">
     <span class='ocr_line' id='line_1_16' title="bbox 546 1814 2128 1892; baseline -0.005 -17"><span class='ocrx_word' id='word_1_122' title='bbox 546 1838 650 1892; x_wconf 88' lang='lat' dir='ltr'><strong>qua</strong></span> <span class='ocrx_word' id='word_1_123' title='bbox 683 1822 964 1892; x_wconf 87' lang='lat' dir='ltr'><strong>loquimur,</strong></span> <span class='ocrx_word' id='word_1_124' title='bbox 995 1833 1128 1872; x_wconf 90' lang='lat' dir='ltr'><strong>vana</strong></span> <span class='ocrx_word' id='word_1_125' title='bbox 1156 1816 1435 1887; x_wconf 86' lang='lat' dir='ltr'><strong>inanisque</strong></span> <span class='ocrx_word' id='word_1_126' title='bbox 1456 1824 1561 1881; x_wconf 85' lang='lat' dir='ltr'><strong>est,</strong></span> <span class='ocrx_word' id='word_1_127' title='bbox 1589 1828 1688 1874; x_wconf 85' lang='lat' dir='ltr'><strong>nec</strong></span> <span class='ocrx_word' id='word_1_128' title='bbox 1715 1814 1816 1870; x_wconf 89' lang='lat' dir='ltr'><strong>nisi</strong></span> <span class='ocrx_word' id='word_1_129' title='bbox 1847 1828 2044 1869; x_wconf 89' lang='lat' dir='ltr'><strong>nomen</strong></span> <span class='ocrx_word' id='word_1_130' title='bbox 2071 1828 2128 1867; x_wconf 88' lang='lat' dir='ltr'><strong>re</strong></span> 
     </span>
    </p>
   </div>
   <div class='ocr_carea' id='block_1_17' title="bbox 545 1905 2124 1975">
    <p class='ocr_par' dir='ltr' id='par_1_17' title="bbox 545 1905 2124 1975">
     <span class='ocr_line' id='line_1_17' title="bbox 545 1905 2124 1975; baseline -0.005 -10"><span class='ocrx_word' id='word_1_131' title='bbox 545 1928 768 1967; x_wconf 89' lang='lat' dir='ltr'><strong>vacuum</strong></span> <span class='ocrx_word' id='word_1_132' title='bbox 797 1910 990 1975; x_wconf 84' lang='lat' dir='ltr'><strong>habet;</strong></span> <span class='ocrx_word' id='word_1_133' title='bbox 1019 1909 1107 1965; x_wconf 90' lang='lat' dir='ltr'><strong>illa</strong></span> <span class='ocrx_word' id='word_1_134' title='bbox 1136 1918 1314 1965; x_wconf 90' lang='lat' dir='ltr'><strong>autem</strong></span> <span class='ocrx_word' id='word_1_135' title='bbox 1340 1905 1570 1963; x_wconf 70' lang='lat' dir='ltr'><strong>etelestis</strong></span> <span class='ocrx_word' id='word_1_136' title='bbox 1597 1920 1719 1960; x_wconf 90' lang='lat' dir='ltr'><strong>vera</strong></span> <span class='ocrx_word' id='word_1_137' title='bbox 1743 1915 1845 1968; x_wconf 88' lang='lat' dir='ltr'><strong>est,</strong></span> <span class='ocrx_word' id='word_1_138' title='bbox 1876 1920 1994 1973; x_wconf 73' lang='lat' dir='ltr'><strong>qute</strong></span> <span class='ocrx_word' id='word_1_139' title='bbox 2019 1919 2124 1958; x_wconf 93' lang='lat' dir='ltr'><strong>non</strong></span> 
     </span>
    </p>
   </div>
   <div class='ocr_carea' id='block_1_18' title="bbox 544 1993 2124 2071">
    <p class='ocr_par' dir='ltr' id='par_1_18' title="bbox 544 1993 2124 2071">
     <span class='ocr_line' id='line_1_18' title="bbox 544 1993 2124 2071; baseline -0.007 -14"><span class='ocrx_word' id='word_1_140' title='bbox 544 2003 808 2068; x_wconf 86' lang='lat' dir='ltr'><strong>homines,</strong></span> <span class='ocrx_word' id='word_1_141' title='bbox 838 2000 933 2059; x_wconf 88' lang='lat' dir='ltr'><strong>sed</strong></span> <span class='ocrx_word' id='word_1_142' title='bbox 955 2000 1195 2071; x_wconf 86' lang='lat' dir='ltr'><strong>angelos,</strong></span> <span class='ocrx_word' id='word_1_143' title='bbox 1216 1996 1585 2068; x_wconf 87' lang='lat' dir='ltr'><strong>archangelos,</strong></span> <span class='ocrx_word' id='word_1_144' title='bbox 1611 2004 1664 2051; x_wconf 92' lang='lat' dir='ltr'><strong>et</strong></span> <span class='ocrx_word' id='word_1_145' title='bbox 1684 1993 2124 2065; x_wconf 90' lang='lat' dir='ltr'><strong>archangelorum</strong></span> 
     </span>
    </p>
   </div>
   <div class='ocr_carea' id='block_1_19' title="bbox 3256 417 3817 489">
    <p class='ocr_par' dir='ltr' id='par_1_19' title="bbox 3256 417 3817 489">
     <span class='ocr_line' id='line_1_19' title="bbox 3256 417 3817 489; baseline 0.004 -19"><span class='ocrx_word' id='word_1_146' title='bbox 3256 483 3261 489; x_wconf 38' lang='grc'>,</span> <span class='ocrx_word' id='word_1_147' title='bbox 3721 417 3817 472; x_wconf 73' lang='lat' dir='ltr'><strong>rr-zt</strong></span> 
     </span>
    </p>
   </div>
   <div class='ocr_carea' id='block_1_20' title="bbox 2239 529 3814 600">
    <p class='ocr_par' dir='ltr' id='par_1_20' title="bbox 2239 529 3814 600">
     <span class='ocr_line' id='line_1_20' title="bbox 2239 529 3814 600; baseline -0.001 -14"><span class='ocrx_word' id='word_1_148' title='bbox 2239 529 2544 599; x_wconf 88' lang='lat' dir='ltr'><strong>Dominum,</strong></span> <span class='ocrx_word' id='word_1_149' title='bbox 2568 531 2677 587; x_wconf 88' lang='lat' dir='ltr'><strong>imo</strong></span> <span class='ocrx_word' id='word_1_150' title='bbox 2701 533 2861 587; x_wconf 90' lang='lat' dir='ltr'><strong>etiam</strong></span> <span class='ocrx_word' id='word_1_151' title='bbox 2884 531 3129 586; x_wconf 85' lang='lat' dir='ltr'><strong>homines</strong></span> <span class='ocrx_word' id='word_1_152' title='bbox 3150 531 3293 600; x_wconf 84' lang='lat' dir='ltr'><strong>ipsos</strong></span> <span class='ocrx_word' id='word_1_153' title='bbox 3314 530 3617 586; x_wconf 79' lang='lat' dir='ltr'><strong>laudatores</strong></span> <span class='ocrx_word' id='word_1_154' title='bbox 3640 530 3814 587; x_wconf 82' lang='lat' dir='ltr'><strong>habet.</strong></span> 
     </span>
    </p>
   </div>
   <div class='ocr_carea' id='block_1_21' title="bbox 2235 621 3819 692">
    <p class='ocr_par' dir='ltr' id='par_1_21' title="bbox 2235 621 3819 692">
     <span class='ocr_line' id='line_1_21' title="bbox 2235 621 3819 692; baseline 0 -14"><span class='ocrx_word' id='word_1_155' title='bbox 2235 621 2290 678; x_wconf 86' lang='lat' dir='ltr'><strong>Si</strong></span> <span class='ocrx_word' id='word_1_156' title='bbox 2322 622 2386 678; x_wconf 88' lang='lat' dir='ltr'><strong>ad</strong></span> <span class='ocrx_word' id='word_1_157' title='bbox 2415 623 2540 678; x_wconf 89' lang='lat' dir='ltr'><strong>illud</strong></span> <span class='ocrx_word' id='word_1_158' title='bbox 2570 623 2834 678; x_wconf 88' lang='lat' dir='ltr'><strong>theatrum</strong></span> <span class='ocrx_word' id='word_1_159' title='bbox 2858 625 3179 692; x_wconf 72' lang='lat' dir='ltr'><strong>rcSpexeris,</strong></span> <span class='ocrx_word' id='word_1_160' title='bbox 3212 623 3256 677; x_wconf 90' lang='lat' dir='ltr'><strong>si</strong></span> <span class='ocrx_word' id='word_1_161' title='bbox 3285 635 3513 676; x_wconf 84' lang='lat' dir='ltr'><strong>coronas</strong></span> <span class='ocrx_word' id='word_1_162' title='bbox 3543 622 3661 677; x_wconf 87' lang='lat' dir='ltr'><strong>illas</strong></span> <span class='ocrx_word' id='word_1_163' title='bbox 3682 623 3819 679; x_wconf 85' lang='lat' dir='ltr'><strong>didi-</strong></span> 
     </span>
    </p>
   </div>
   <div class='ocr_carea' id='block_1_22' title="bbox 2234 714 3821 785">
    <p class='ocr_par' dir='ltr' id='par_1_22' title="bbox 2234 714 3821 785">
     <span class='ocr_line' id='line_1_22' title="bbox 2234 714 3821 785; baseline 0 -15"><span class='ocrx_word' id='word_1_164' title='bbox 2234 716 2394 783; x_wconf 86' lang='lat' dir='ltr'><strong>ceris,</strong></span> <span class='ocrx_word' id='word_1_165' title='bbox 2423 716 2465 771; x_wconf 91' lang='lat' dir='ltr'><strong>si</strong></span> <span class='ocrx_word' id='word_1_166' title='bbox 2490 716 2555 769; x_wconf 89' lang='lat' dir='ltr'><strong>ad</strong></span> <span class='ocrx_word' id='word_1_167' title='bbox 2584 716 2701 770; x_wconf 91' lang='lat' dir='ltr'><strong>illos</strong></span> <span class='ocrx_word' id='word_1_168' title='bbox 2726 716 2942 785; x_wconf 83' lang='lat' dir='ltr'><strong>plausus</strong></span> <span class='ocrx_word' id='word_1_169' title='bbox 2965 725 3015 770; x_wconf 89' lang='lat' dir='ltr'><strong>te</strong></span> <span class='ocrx_word' id='word_1_170' title='bbox 3040 714 3404 769; x_wconf 78' lang='lat' dir='ltr'><strong>transtuleris:</strong></span> <span class='ocrx_word' id='word_1_171' title='bbox 3431 723 3642 769; x_wconf 87' lang='lat' dir='ltr'><strong>terrena</strong></span> <span class='ocrx_word' id='word_1_172' title='bbox 3666 732 3821 770; x_wconf 89' lang='lat' dir='ltr'><strong>num-</strong></span> 
     </span>
    </p>
   </div>
   <div class='ocr_carea' id='block_1_23' title="bbox 2235 804 3817 875">
    <p class='ocr_par' dir='ltr' id='par_1_23' title="bbox 2235 804 3817 875">
     <span class='ocr_line' id='line_1_23' title="bbox 2235 804 3817 875; baseline 0.001 -16"><span class='ocrx_word' id='word_1_173' title='bbox 2235 820 2391 875; x_wconf 83' lang='lat' dir='ltr'><strong>quam</strong></span> <span class='ocrx_word' id='word_1_174' title='bbox 2422 816 2473 861; x_wconf 91' lang='lat' dir='ltr'><strong>te</strong></span> <span class='ocrx_word' id='word_1_175' title='bbox 2497 805 2827 868; x_wconf 83' lang='lat' dir='ltr'><strong>detinebuut,</strong></span> <span class='ocrx_word' id='word_1_176' title='bbox 2868 821 2972 860; x_wconf 91' lang='lat' dir='ltr'><strong>non</strong></span> <span class='ocrx_word' id='word_1_177' title='bbox 3010 820 3197 875; x_wconf 74' lang='lat' dir='ltr'><strong>magna</strong></span> <span class='ocrx_word' id='word_1_178' title='bbox 3221 805 3503 875; x_wconf 67' lang='lat' dir='ltr'><strong>praesentia</strong></span> <span class='ocrx_word' id='word_1_179' title='bbox 3526 804 3817 874; x_wconf 78' lang='lat' dir='ltr'><strong>reputabis,</strong></span> 
     </span>
    </p>
   </div>
   <div class='ocr_carea' id='block_1_24' title="bbox 2237 896 3818 969">
    <p class='ocr_par' dir='ltr' id='par_1_24' title="bbox 2237 896 3818 969">
     <span class='ocr_line' id='line_1_24' title="bbox 2237 896 3818 969; baseline 0.002 -19"><span class='ocrx_word' id='word_1_180' title='bbox 2237 912 2340 951; x_wconf 90' lang='lat' dir='ltr'><strong>non</strong></span> <span class='ocrx_word' id='word_1_181' title='bbox 2364 896 2602 953; x_wconf 89' lang='lat' dir='ltr'><strong>absentia</strong></span> <span class='ocrx_word' id='word_1_182' title='bbox 2632 914 2859 969; x_wconf 81' lang='lat' dir='ltr'><strong>quaeres.</strong></span> <span class='ocrx_word' id='word_1_183' title='bbox 2887 896 2942 952; x_wconf 89' lang='lat' dir='ltr'><strong>In</strong></span> <span class='ocrx_word' id='word_1_184' title='bbox 2966 897 3065 952; x_wconf 89' lang='lat' dir='ltr'><strong>hac</strong></span> <span class='ocrx_word' id='word_1_185' title='bbox 3087 898 3284 968; x_wconf 82' lang='lat' dir='ltr'><strong>quippe</strong></span> <span class='ocrx_word' id='word_1_186' title='bbox 3309 898 3452 968; x_wconf 84' lang='lat' dir='ltr'><strong>regia</strong></span> <span class='ocrx_word' id='word_1_187' title='bbox 3480 913 3643 954; x_wconf 89' lang='lat' dir='ltr'><strong>nemo</strong></span> <span class='ocrx_word' id='word_1_188' title='bbox 3662 902 3818 955; x_wconf 87' lang='lat' dir='ltr'><strong>satel-</strong></span> 
     </span>
    </p>
   </div>
   <div class='ocr_carea' id='block_1_25' title="bbox 2236 985 3819 1057">
    <p class='ocr_par' dir='ltr' id='par_1_25' title="bbox 2236 985 3819 1057">
     <span class='ocr_line' id='line_1_25' title="bbox 2236 985 3819 1057; baseline 0.004 -17"><span class='ocrx_word' id='word_1_189' title='bbox 2236 985 2387 1041; x_wconf 85' lang='lat' dir='ltr'><strong>litum</strong></span> <span class='ocrx_word' id='word_1_190' title='bbox 2420 989 2685 1057; x_wconf 81' lang='lat' dir='ltr'><strong>rcgiorum</strong></span> <span class='ocrx_word' id='word_1_191' title='bbox 2713 1029 2729 1054; x_wconf 93' lang='lat'><strong>,</strong></span> <span class='ocrx_word' id='word_1_192' title='bbox 2759 1003 2864 1042; x_wconf 88' lang='lat' dir='ltr'><strong>non</strong></span> <span class='ocrx_word' id='word_1_193' title='bbox 2894 1002 3089 1042; x_wconf 87' lang='lat' dir='ltr'><strong>curans</strong></span> <span class='ocrx_word' id='word_1_194' title='bbox 3129 987 3375 1042; x_wconf 84' lang='lat' dir='ltr'><strong>diadema</strong></span> <span class='ocrx_word' id='word_1_195' title='bbox 3400 990 3662 1057; x_wconf 81' lang='lat' dir='ltr'><strong>gestantis</strong></span> <span class='ocrx_word' id='word_1_196' title='bbox 3690 999 3744 1045; x_wconf 88' lang='lat' dir='ltr'><strong>et</strong></span> <span class='ocrx_word' id='word_1_197' title='bbox 3768 989 3819 1046; x_wconf 92' lang='lat' dir='ltr'><strong>in</strong></span> 
     </span>
    </p>
   </div>
   <div class='ocr_carea' id='block_1_26' title="bbox 2234 1079 3819 1151">
    <p class='ocr_par' dir='ltr' id='par_1_26' title="bbox 2234 1079 3819 1151">
     <span class='ocr_line' id='line_1_26' title="bbox 2234 1079 3819 1151; baseline 0.002 -18"><span class='ocrx_word' id='word_1_198' title='bbox 2234 1079 2372 1134; x_wconf 91' lang='lat' dir='ltr'><strong>solio</strong></span> <span class='ocrx_word' id='word_1_199' title='bbox 2417 1079 2653 1135; x_wconf 80' lang='lat' dir='ltr'><strong>sedentis</strong></span> <span class='ocrx_word' id='word_1_200' title='bbox 2681 1079 2906 1149; x_wconf 83' lang='lat' dir='ltr'><strong>gratiam</strong></span> <span class='ocrx_word' id='word_1_201' title='bbox 2932 1121 2947 1144; x_wconf 93' lang='lat'><strong>,</strong></span> <span class='ocrx_word' id='word_1_202' title='bbox 2978 1079 3315 1151; x_wconf 88' lang='lat' dir='ltr'><strong>graculormn</strong></span> <span class='ocrx_word' id='word_1_203' title='bbox 3346 1096 3503 1135; x_wconf 87' lang='lat' dir='ltr'><strong>voces</strong></span> <span class='ocrx_word' id='word_1_204' title='bbox 3542 1080 3782 1136; x_wconf 81' lang='lat' dir='ltr'><strong>imitatur</strong></span> <span class='ocrx_word' id='word_1_205' title='bbox 3801 1122 3819 1144; x_wconf 87' lang='lat'><strong>,</strong></span> 
     </span>
    </p>
   </div>
   <div class='ocr_carea' id='block_1_27' title="bbox 2235 1168 3821 1227">
    <p class='ocr_par' dir='ltr' id='par_1_27' title="bbox 2235 1168 3821 1227">
     <span class='ocr_line' id='line_1_27' title="bbox 2235 1168 3821 1227; baseline 0.004 -6"><span class='ocrx_word' id='word_1_206' title='bbox 2235 1183 2539 1225; x_wconf 76' lang='lat' dir='ltr'><strong>inttsearum</strong></span> <span class='ocrx_word' id='word_1_207' title='bbox 2583 1178 2636 1223; x_wconf 89' lang='lat' dir='ltr'><strong>et</strong></span> <span class='ocrx_word' id='word_1_208' title='bbox 2682 1169 2911 1223; x_wconf 90' lang='lat' dir='ltr'><strong>culicum</strong></span> <span class='ocrx_word' id='word_1_209' title='bbox 2959 1168 3254 1224; x_wconf 79' lang='lat' dir='ltr'><strong>volantium</strong></span> <span class='ocrx_word' id='word_1_210' title='bbox 3300 1169 3587 1225; x_wconf 83' lang='lat' dir='ltr'><strong>stridorem</strong></span> <span class='ocrx_word' id='word_1_211' title='bbox 3631 1189 3646 1224; x_wconf 89' lang='lat'><strong><em>:</em></strong></span> <span class='ocrx_word' id='word_1_212' title='bbox 3691 1171 3821 1227; x_wconf 90' lang='lat' dir='ltr'><strong>nihil</strong></span> 
     </span>
    </p>
   </div>
   <div class='ocr_carea' id='block_1_28' title="bbox 2233 1259 3820 1332">
    <p class='ocr_par' dir='ltr' id='par_1_28' title="bbox 2233 1259 3820 1332">
     <span class='ocr_line' id='line_1_28' title="bbox 2233 1259 3820 1332; baseline 0.003 -19"><span class='ocrx_word' id='word_1_213' title='bbox 2233 1261 2374 1313; x_wconf 88' lang='lat' dir='ltr'><strong>enim</strong></span> <span class='ocrx_word' id='word_1_214' title='bbox 2404 1260 2651 1315; x_wconf 85' lang='lat' dir='ltr'><strong>meliores</strong></span> <span class='ocrx_word' id='word_1_215' title='bbox 2676 1259 2741 1314; x_wconf 90' lang='lat' dir='ltr'><strong>iis</strong></span> <span class='ocrx_word' id='word_1_216' title='bbox 2772 1268 2894 1313; x_wconf 88' lang='lat' dir='ltr'><strong>sunt</strong></span> <span class='ocrx_word' id='word_1_217' title='bbox 2936 1259 3209 1316; x_wconf 85' lang='lat' dir='ltr'><strong>hominum</strong></span> <span class='ocrx_word' id='word_1_218' title='bbox 3242 1260 3444 1318; x_wconf 87' lang='lat' dir='ltr'><strong>laudes.</strong></span> <span class='ocrx_word' id='word_1_219' title='bbox 3464 1260 3687 1332; x_wconf 83' lang='lat' dir='ltr'><strong>Cognita</strong></span> <span class='ocrx_word' id='word_1_220' title='bbox 3716 1262 3820 1317; x_wconf 86' lang='lat' dir='ltr'><strong>ita-</strong></span> 
     </span>
    </p>
   </div>
   <div class='ocr_carea' id='block_1_29' title="bbox 2184 1351 3819 1423">
    <p class='ocr_par' dir='ltr' id='par_1_29' title="bbox 2184 1351 3819 1423">
     <span class='ocr_line' id='line_1_29' title="bbox 2184 1351 3819 1423; baseline 0.002 -16"><span class='ocrx_word' id='word_1_221' title='bbox 2184 1370 2185 1373; x_wconf 68' lang='lat'>‘</span> <span class='ocrx_word' id='word_1_222' title='bbox 2232 1367 2337 1423; x_wconf 89' lang='lat' dir='ltr'><strong>quc</strong></span> <span class='ocrx_word' id='word_1_223' title='bbox 2359 1353 2708 1407; x_wconf 86' lang='lat' dir='ltr'><strong>humanartun</strong></span> <span class='ocrx_word' id='word_1_224' title='bbox 2739 1367 2917 1407; x_wconf 88' lang='lat' dir='ltr'><strong>rerum</strong></span> <span class='ocrx_word' id='word_1_225' title='bbox 2948 1352 2963 1383; x_wconf 87' lang='grc'>¹</span> <span class='ocrx_word' id='word_1_226' title='bbox 2990 1351 3213 1418; x_wconf 84' lang='lat' dir='ltr'><strong>vilitate,</strong></span> <span class='ocrx_word' id='word_1_227' title='bbox 3242 1353 3419 1407; x_wconf 88' lang='lat' dir='ltr'><strong>omnia</strong></span> <span class='ocrx_word' id='word_1_228' title='bbox 3447 1353 3497 1407; x_wconf 92' lang='lat' dir='ltr'><strong>in</strong></span> <span class='ocrx_word' id='word_1_229' title='bbox 3522 1354 3819 1411; x_wconf 86' lang='lat' dir='ltr'><strong>tutissimos</strong></span> 
     </span>
    </p>
   </div>
   <div class='ocr_carea' id='block_1_30' title="bbox 2231 1443 3819 1516">
    <p class='ocr_par' dir='ltr' id='par_1_30' title="bbox 2231 1443 3819 1516">
     <span class='ocr_line' id='line_1_30' title="bbox 2231 1443 3819 1516; baseline 0.002 -17"><span class='ocrx_word' id='word_1_230' title='bbox 2231 1443 2570 1500; x_wconf 82' lang='lat' dir='ltr'><strong>conferamus</strong></span> <span class='ocrx_word' id='word_1_231' title='bbox 2613 1444 2930 1511; x_wconf 86' lang='lat' dir='ltr'><strong>thesauros,</strong></span> <span class='ocrx_word' id='word_1_232' title='bbox 2974 1452 3027 1498; x_wconf 89' lang='lat' dir='ltr'><strong>et</strong></span> <span class='ocrx_word' id='word_1_233' title='bbox 3074 1456 3380 1501; x_wconf 83' lang='lat' dir='ltr'><strong>manentem</strong></span> <span class='ocrx_word' id='word_1_234' title='bbox 3425 1460 3819 1516; x_wconf 83' lang='lat' dir='ltr'><strong>perenncmque</strong></span> 
     </span>
    </p>
   </div>
   <div class='ocr_carea' id='block_1_31' title="bbox 2233 1528 3871 1608">
    <p class='ocr_par' dir='ltr' id='par_1_31' title="bbox 2233 1528 3871 1608">
     <span class='ocr_line' id='line_1_31' title="bbox 2233 1528 3871 1608; baseline 0.002 -18"><span class='ocrx_word' id='word_1_235' title='bbox 2233 1538 2453 1606; x_wconf 87' lang='lat' dir='ltr'><strong>gloriam</strong></span> <span class='ocrx_word' id='word_1_236' title='bbox 2495 1551 2800 1608; x_wconf 70' lang='lat' dir='ltr'><strong>qureramus</strong></span> <span class='ocrx_word' id='word_1_237' title='bbox 2830 1551 2845 1592; x_wconf 83' lang='lat'><strong>:</strong></span> <span class='ocrx_word' id='word_1_238' title='bbox 2873 1551 3030 1606; x_wconf 89' lang='lat' dir='ltr'><strong>quam</strong></span> <span class='ocrx_word' id='word_1_239' title='bbox 3064 1536 3266 1590; x_wconf 86' lang='lat' dir='ltr'><strong>utinam</strong></span> <span class='ocrx_word' id='word_1_240' title='bbox 3298 1551 3396 1591; x_wconf 89' lang='lat' dir='ltr'><strong>nos</strong></span> <span class='ocrx_word' id='word_1_241' title='bbox 3418 1551 3606 1592; x_wconf 83' lang='lat' dir='ltr'><strong>omnes</strong></span> <span class='ocrx_word' id='word_1_242' title='bbox 3628 1552 3821 1594; x_wconf 82' lang='lat' dir='ltr'><strong>conse-</strong></span> <span class='ocrx_word' id='word_1_243' title='bbox 3866 1528 3871 1534; x_wconf 67' lang='grc'><strong>’</strong></span> 
     </span>
    </p>
   </div>
   <div class='ocr_carea' id='block_1_32' title="bbox 2232 1626 3834 1698">
    <p class='ocr_par' dir='ltr' id='par_1_32' title="bbox 2232 1626 3834 1698">
     <span class='ocr_line' id='line_1_32' title="bbox 2232 1626 3834 1698; baseline 0.002 -18"><span class='ocrx_word' id='word_1_244' title='bbox 2232 1643 2496 1697; x_wconf 86' lang='lat' dir='ltr'><strong>quatuor,</strong></span> <span class='ocrx_word' id='word_1_245' title='bbox 2529 1628 2698 1698; x_wconf 84' lang='lat' dir='ltr'><strong>gratia</strong></span> <span class='ocrx_word' id='word_1_246' title='bbox 2746 1635 2801 1682; x_wconf 89' lang='lat' dir='ltr'><strong>et</strong></span> <span class='ocrx_word' id='word_1_247' title='bbox 2844 1626 3170 1696; x_wconf 85' lang='lat' dir='ltr'><strong>benignitate</strong></span> <span class='ocrx_word' id='word_1_248' title='bbox 3220 1626 3428 1681; x_wconf 85' lang='lat' dir='ltr'><strong>Domini</strong></span> <span class='ocrx_word' id='word_1_249' title='bbox 3474 1628 3641 1683; x_wconf 88' lang='lat' dir='ltr'><strong>nostri</strong></span> <span class='ocrx_word' id='word_1_250' title='bbox 3686 1626 3834 1683; x_wconf 79' lang='lat' dir='ltr'><strong>Jesu-</strong></span> 
     </span>
    </p>
   </div>
   <div class='ocr_carea' id='block_1_33' title="bbox 2229 1718 3857 1789">
    <p class='ocr_par' dir='ltr' id='par_1_33' title="bbox 2229 1718 3857 1789">
     <span class='ocr_line' id='line_1_33' title="bbox 2229 1718 3857 1789; baseline 0.001 -14"><span class='ocrx_word' id='word_1_251' title='bbox 2229 1718 2429 1775; x_wconf 86' lang='lat' dir='ltr'><strong>Christi</strong></span> <span class='ocrx_word' id='word_1_252' title='bbox 2456 1761 2471 1785; x_wconf 97' lang='lat'><strong>,</strong></span> <span class='ocrx_word' id='word_1_253' title='bbox 2504 1735 2597 1788; x_wconf 88' lang='lat' dir='ltr'><strong>per</strong></span> <span class='ocrx_word' id='word_1_254' title='bbox 2646 1734 2803 1788; x_wconf 87' lang='lat' dir='ltr'><strong>quem</strong></span> <span class='ocrx_word' id='word_1_255' title='bbox 2832 1726 2884 1772; x_wconf 91' lang='lat' dir='ltr'><strong>et</strong></span> <span class='ocrx_word' id='word_1_256' title='bbox 2913 1733 3032 1772; x_wconf 89' lang='lat' dir='ltr'><strong>cum</strong></span> <span class='ocrx_word' id='word_1_257' title='bbox 3059 1734 3165 1788; x_wconf 88' lang='lat' dir='ltr'><strong>quo</strong></span> <span class='ocrx_word' id='word_1_258' title='bbox 3195 1718 3336 1773; x_wconf 83' lang='lat' dir='ltr'><strong>Patri</strong></span> <span class='ocrx_word' id='word_1_259' title='bbox 3363 1718 3530 1788; x_wconf 88' lang='lat' dir='ltr'><strong>gloria</strong></span> <span class='ocrx_word' id='word_1_260' title='bbox 3556 1760 3571 1785; x_wconf 92' lang='lat'><strong>,</strong></span> <span class='ocrx_word' id='word_1_261' title='bbox 3604 1734 3819 1789; x_wconf 79' lang='lat' dir='ltr'><strong>unaque</strong></span> <span class='ocrx_word' id='word_1_262' title='bbox 3850 1752 3857 1758; x_wconf 86' lang='grc'><strong>-</strong></span> 
     </span>
    </p>
   </div>
   <div class='ocr_carea' id='block_1_34' title="bbox 2230 1807 3816 1879">
    <p class='ocr_par' dir='ltr' id='par_1_34' title="bbox 2230 1807 3816 1879">
     <span class='ocr_line' id='line_1_34' title="bbox 2230 1807 3816 1879; baseline 0 -14"><span class='ocrx_word' id='word_1_263' title='bbox 2230 1819 2416 1865; x_wconf 88' lang='lat' dir='ltr'><strong>sancto</strong></span> <span class='ocrx_word' id='word_1_264' title='bbox 2446 1808 2688 1879; x_wconf 84' lang='lat' dir='ltr'><strong>Spiritui,</strong></span> <span class='ocrx_word' id='word_1_265' title='bbox 2728 1824 2869 1866; x_wconf 82' lang='lat' dir='ltr'><strong>nunc</strong></span> <span class='ocrx_word' id='word_1_266' title='bbox 2893 1818 2947 1864; x_wconf 88' lang='lat' dir='ltr'><strong>et</strong></span> <span class='ocrx_word' id='word_1_267' title='bbox 2975 1823 3188 1878; x_wconf 84' lang='lat' dir='ltr'><strong>semper</strong></span> <span class='ocrx_word' id='word_1_268' title='bbox 3214 1820 3268 1865; x_wconf 88' lang='lat' dir='ltr'><strong>et</strong></span> <span class='ocrx_word' id='word_1_269' title='bbox 3295 1809 3347 1865; x_wconf 94' lang='lat' dir='ltr'><strong>in</strong></span> <span class='ocrx_word' id='word_1_270' title='bbox 3372 1807 3566 1870; x_wconf 53' lang='lat' dir='ltr'><strong>sa‘cuIa</strong></span> <span class='ocrx_word' id='word_1_271' title='bbox 3595 1810 3816 1866; x_wconf 80' lang='lat' dir='ltr'><strong>saculo-</strong></span> 
     </span>
    </p>
   </div>
   <div class='ocr_carea' id='block_1_35' title="bbox 2229 1904 2590 1958">
    <p class='ocr_par' dir='ltr' id='par_1_35' title="bbox 2229 1904 2590 1958">
     <span class='ocr_line' id='line_1_35' title="bbox 2229 1904 2590 1958; baseline -0.008 0"><span class='ocrx_word' id='word_1_272' title='bbox 2229 1917 2365 1958; x_wconf 90' lang='lat' dir='ltr'><strong>runt.</strong></span> <span class='ocrx_word' id='word_1_273' title='bbox 2400 1904 2590 1957; x_wconf 81' lang='lat' dir='ltr'><strong>Amen.</strong></span> 
     </span>
    </p>
   </div>
   <div class='ocr_carea' id='block_1_36' title="bbox 2298 1998 3658 2065">
    <p class='ocr_par' dir='ltr' id='par_1_36' title="bbox 2298 1998 3658 2065">
     <span class='ocr_line' id='line_1_36' title="bbox 2298 1998 3658 2065; baseline 0 -15"><span class='ocrx_word' id='word_1_274' title='bbox 2298 2002 2315 2034; x_wconf 77' lang='grc' dir='ltr'><strong>ι</strong></span> <span class='ocrx_word' id='word_1_275' title='bbox 2354 2000 2516 2051; x_wconf 76' lang='lat' dir='ltr'><strong>Morel.</strong></span> <span class='ocrx_word' id='word_1_276' title='bbox 2549 1999 2691 2064; x_wconf 80' lang='lat' dir='ltr'><strong>legit,</strong></span> <span class='ocrx_word' id='word_1_277' title='bbox 2716 1998 2977 2061; x_wconf 71' lang='lat' dir='ltr'><strong>liminum,</strong></span> <span class='ocrx_word' id='word_1_278' title='bbox 3010 2014 3118 2065; x_wconf 91' lang='lat' dir='ltr'><strong>pro,</strong></span> <span class='ocrx_word' id='word_1_279' title='bbox 3139 1998 3456 2051; x_wconf 82' lang='lat' dir='ltr'><strong>humanarum</strong></span> <span class='ocrx_word' id='word_1_280' title='bbox 3478 2014 3658 2052; x_wconf 86' lang='lat' dir='ltr'><strong>rerum.</strong></span> 
     </span>
    </p>
   </div>
   <div class='ocr_carea' id='block_1_37' title="bbox 543 2111 3778 2136">
    <p class='ocr_par' dir='ltr' id='par_1_37' title="bbox 543 2111 3778 2136">
     <span class='ocr_line' id='line_1_37' title="bbox 543 2111 3778 2136; baseline 0.002 -12"><span class='ocrx_word' id='word_1_281' title='bbox 543 2111 3778 2136; x_wconf 43' lang='grc' dir='ltr'><strong>ΝΜ</strong></span> 
     </span>
    </p>
   </div>
   <div class='ocr_carea' id='block_1_38' title="bbox 1884 2174 2459 2236">
    <p class='ocr_par' dir='ltr' id='par_1_38' title="bbox 1884 2174 2459 2236">
     <span class='ocr_line' id='line_1_38' title="bbox 1884 2174 2459 2236; baseline 0 0"><span class='ocrx_word' id='word_1_282' title='bbox 1884 2174 2230 2236; x_wconf 80' lang='lat' dir='ltr'><strong>HOMILIA</strong></span> <span class='ocrx_word' id='word_1_283' title='bbox 2272 2174 2459 2236; x_wconf 77' lang='lat' dir='ltr'><strong>XXX</strong></span> 
     </span>
    </p>
   </div>
   <div class='ocr_carea' id='block_1_39' title="bbox 540 2316 2117 2397">
    <p class='ocr_par' dir='ltr' id='par_1_39' title="bbox 540 2316 2117 2397">
     <span class='ocr_line' id='line_1_39' title="bbox 540 2316 2117 2397; baseline -0.009 -12"><span class='ocrx_word' id='word_1_284' title='bbox 540 2329 632 2385; x_wconf 77' lang='lat' dir='ltr'><strong>3l.</strong></span> <span class='ocrx_word' id='word_1_285' title='bbox 673 2327 773 2397; x_wconf 78' lang='lat' dir='ltr'><strong>Qui</strong></span> <span class='ocrx_word' id='word_1_286' title='bbox 814 2326 876 2382; x_wconf 87' lang='lat' dir='ltr'><strong>de</strong></span> <span class='ocrx_word' id='word_1_287' title='bbox 899 2341 1099 2381; x_wconf 88' lang='lat' dir='ltr'><strong>sursunt</strong></span> <span class='ocrx_word' id='word_1_288' title='bbox 1125 2322 1285 2391; x_wconf 79' lang='lat' dir='ltr'><strong>venit,</strong></span> <span class='ocrx_word' id='word_1_289' title='bbox 1319 2338 1469 2393; x_wconf 83' lang='lat' dir='ltr'><strong>super</strong></span> <span class='ocrx_word' id='word_1_290' title='bbox 1493 2337 1663 2376; x_wconf 81' lang='lat' dir='ltr'><strong>oumes</strong></span> <span class='ocrx_word' id='word_1_291' title='bbox 1699 2329 1770 2375; x_wconf 86' lang='lat' dir='ltr'><strong>est</strong></span> <span class='ocrx_word' id='word_1_292' title='bbox 1796 2318 1921 2387; x_wconf 84' lang='lat' dir='ltr'><strong>:qui</strong></span> <span class='ocrx_word' id='word_1_293' title='bbox 1953 2328 2026 2373; x_wconf 88' lang='lat' dir='ltr'><strong>est</strong></span> <span class='ocrx_word' id='word_1_294' title='bbox 2054 2316 2117 2371; x_wconf 87' lang='lat' dir='ltr'><strong>de</strong></span> 
     </span>
    </p>
   </div>
   <div class='ocr_carea' id='block_1_40' title="bbox 774 2411 1882 2485">
    <p class='ocr_par' dir='ltr' id='par_1_40' title="bbox 774 2411 1882 2485">
     <span class='ocr_line' id='line_1_40' title="bbox 774 2411 1882 2485; baseline -0.009 -12"><span class='ocrx_word' id='word_1_295' title='bbox 774 2430 927 2485; x_wconf 88' lang='lat' dir='ltr'><strong>terra,</strong></span> <span class='ocrx_word' id='word_1_296' title='bbox 952 2417 1014 2473; x_wconf 85' lang='lat' dir='ltr'><strong>de</strong></span> <span class='ocrx_word' id='word_1_297' title='bbox 1042 2426 1172 2471; x_wconf 83' lang='lat' dir='ltr'><strong>terra</strong></span> <span class='ocrx_word' id='word_1_298' title='bbox 1198 2425 1301 2480; x_wconf 82' lang='lat' dir='ltr'><strong>est,</strong></span> <span class='ocrx_word' id='word_1_299' title='bbox 1324 2423 1370 2469; x_wconf 88' lang='lat' dir='ltr'><strong>et</strong></span> <span class='ocrx_word' id='word_1_300' title='bbox 1389 2414 1453 2469; x_wconf 90' lang='lat' dir='ltr'><strong>de</strong></span> <span class='ocrx_word' id='word_1_301' title='bbox 1481 2422 1613 2467; x_wconf 86' lang='lat' dir='ltr'><strong>terra</strong></span> <span class='ocrx_word' id='word_1_302' title='bbox 1640 2411 1882 2483; x_wconf 78' lang='lat' dir='ltr'><strong>loquitur.</strong></span> 
     </span>
    </p>
   </div>
   <div class='ocr_carea' id='block_1_41' title="bbox 611 2498 2119 2578">
    <p class='ocr_par' dir='ltr' id='par_1_41' title="bbox 611 2498 2119 2578">
     <span class='ocr_line' id='line_1_41' title="bbox 611 2498 2119 2578; baseline -0.009 -12"><span class='ocrx_word' id='word_1_303' title='bbox 611 2512 663 2566; x_wconf 76' lang='lat' dir='ltr'><strong>l.</strong></span> <span class='ocrx_word' id='word_1_304' title='bbox 694 2509 867 2565; x_wconf 80' lang='lat' dir='ltr'><strong>Grave</strong></span> <span class='ocrx_word' id='word_1_305' title='bbox 892 2506 1144 2578; x_wconf 85' lang='lat' dir='ltr'><strong>quiddam</strong></span> <span class='ocrx_word' id='word_1_306' title='bbox 1171 2514 1253 2560; x_wconf 89' lang='lat' dir='ltr'><strong>est</strong></span> <span class='ocrx_word' id='word_1_307' title='bbox 1281 2504 1468 2575; x_wconf 74' lang='lat' dir='ltr'><strong>gloria:</strong></span> <span class='ocrx_word' id='word_1_308' title='bbox 1495 2517 1666 2568; x_wconf 92' lang='lat' dir='ltr'><strong>amor,</strong></span> <span class='ocrx_word' id='word_1_309' title='bbox 1697 2515 1861 2572; x_wconf 90' lang='lat' dir='ltr'><strong>grave</strong></span> <span class='ocrx_word' id='word_1_310' title='bbox 1884 2508 1939 2554; x_wconf 92' lang='lat' dir='ltr'><strong>et</strong></span> <span class='ocrx_word' id='word_1_311' title='bbox 1965 2498 2119 2561; x_wconf 87' lang='lat' dir='ltr'><strong>ntalis</strong></span> 
     </span>
    </p>
   </div>
   <div class='ocr_carea' id='block_1_42' title="bbox 540 2592 2117 2668">
    <p class='ocr_par' dir='ltr' id='par_1_42' title="bbox 540 2592 2117 2668">
     <span class='ocr_line' id='line_1_42' title="bbox 540 2592 2117 2668; baseline -0.009 -8"><span class='ocrx_word' id='word_1_312' title='bbox 540 2603 721 2659; x_wconf 89' lang='lat' dir='ltr'><strong>multis</strong></span> <span class='ocrx_word' id='word_1_313' title='bbox 769 2602 1022 2657; x_wconf 80' lang='lat' dir='ltr'><strong>refertum</strong></span> <span class='ocrx_word' id='word_1_314' title='bbox 1053 2616 1066 2652; x_wconf 89' lang='lat'><strong>:</strong></span> <span class='ocrx_word' id='word_1_315' title='bbox 1094 2596 1249 2668; x_wconf 85' lang='lat' dir='ltr'><strong>spina</strong></span> <span class='ocrx_word' id='word_1_316' title='bbox 1295 2608 1378 2651; x_wconf 83' lang='lat' dir='ltr'><strong>cSt</strong></span> <span class='ocrx_word' id='word_1_317' title='bbox 1424 2610 1543 2667; x_wconf 67' lang='lat' dir='ltr'><strong>qua:</strong></span> <span class='ocrx_word' id='word_1_318' title='bbox 1572 2593 1790 2660; x_wconf 78' lang='lat' dir='ltr'><strong>difﬁcile</strong></span> <span class='ocrx_word' id='word_1_319' title='bbox 1831 2592 2078 2648; x_wconf 78' lang='lat' dir='ltr'><strong>avellitur</strong></span> <span class='ocrx_word' id='word_1_320' title='bbox 2102 2633 2117 2657; x_wconf 92' lang='lat'><strong>,</strong></span> 
     </span>
    </p>
   </div>
   <div class='ocr_carea' id='block_1_43' title="bbox 541 2682 2123 2764">
    <p class='ocr_par' dir='ltr' id='par_1_43' title="bbox 541 2682 2123 2764">
     <span class='ocr_line' id='line_1_43' title="bbox 541 2682 2123 2764; baseline -0.008 -15"><span class='ocrx_word' id='word_1_321' title='bbox 541 2695 651 2751; x_wconf 79' lang='lat' dir='ltr'><strong>fera</strong></span> <span class='ocrx_word' id='word_1_322' title='bbox 695 2708 812 2764; x_wconf 80' lang='lat' dir='ltr'><strong>qua:</strong></span> <span class='ocrx_word' id='word_1_323' title='bbox 863 2688 1201 2745; x_wconf 80' lang='lat' dir='ltr'><strong>mansueﬁeri</strong></span> <span class='ocrx_word' id='word_1_324' title='bbox 1249 2686 1455 2756; x_wconf 86' lang='lat' dir='ltr'><strong>nequit,</strong></span> <span class='ocrx_word' id='word_1_325' title='bbox 1504 2685 1685 2740; x_wconf 90' lang='lat' dir='ltr'><strong>multis</strong></span> <span class='ocrx_word' id='word_1_326' title='bbox 1731 2684 1992 2754; x_wconf 91' lang='lat' dir='ltr'><strong>capitibus</strong></span> <span class='ocrx_word' id='word_1_327' title='bbox 2043 2682 2123 2737; x_wconf 84' lang='lat' dir='ltr'><strong>in-</strong></span> 
     </span>
    </p>
   </div>
   <div class='ocr_carea' id='block_1_44' title="bbox 538 2771 2122 2849">
    <p class='ocr_par' dir='ltr' id='par_1_44' title="bbox 538 2771 2122 2849">
     <span class='ocr_line' id='line_1_44' title="bbox 538 2771 2122 2849; baseline -0.009 -9"><span class='ocrx_word' id='word_1_328' title='bbox 538 2794 760 2849; x_wconf 87' lang='lat' dir='ltr'><strong>structa,</strong></span> <span class='ocrx_word' id='word_1_329' title='bbox 812 2782 863 2837; x_wconf 91' lang='lat' dir='ltr'><strong>in</strong></span> <span class='ocrx_word' id='word_1_330' title='bbox 905 2795 999 2835; x_wconf 91' lang='lat' dir='ltr'><strong>eos</strong></span> <span class='ocrx_word' id='word_1_331' title='bbox 1037 2779 1180 2849; x_wconf 87' lang='lat' dir='ltr'><strong>ipsos</strong></span> <span class='ocrx_word' id='word_1_332' title='bbox 1206 2778 1299 2847; x_wconf 88' lang='lat' dir='ltr'><strong>qui</strong></span> <span class='ocrx_word' id='word_1_333' title='bbox 1337 2792 1399 2833; x_wconf 91' lang='lat' dir='ltr'><strong>se</strong></span> <span class='ocrx_word' id='word_1_334' title='bbox 1428 2775 1664 2830; x_wconf 90' lang='lat' dir='ltr'><strong>nutriunt</strong></span> <span class='ocrx_word' id='word_1_335' title='bbox 1693 2784 1931 2836; x_wconf 80' lang='lat' dir='ltr'><strong>armata.</strong></span> <span class='ocrx_word' id='word_1_336' title='bbox 1975 2771 2122 2827; x_wconf 91' lang='lat' dir='ltr'><strong>Sicut</strong></span> 
     </span>
    </p>
   </div>
   <div class='ocr_carea' id='block_1_45' title="bbox 534 2864 2122 2939">
    <p class='ocr_par' dir='ltr' id='par_1_45' title="bbox 534 2864 2122 2939">
     <span class='ocr_line' id='line_1_45' title="bbox 534 2864 2122 2939; baseline -0.008 -9"><span class='ocrx_word' id='word_1_337' title='bbox 534 2876 679 2930; x_wconf 84' lang='lat' dir='ltr'><strong>enim</strong></span> <span class='ocrx_word' id='word_1_338' title='bbox 711 2870 905 2927; x_wconf 88' lang='lat' dir='ltr'><strong>vermis</strong></span> <span class='ocrx_word' id='word_1_339' title='bbox 944 2870 1083 2939; x_wconf 90' lang='lat' dir='ltr'><strong>ligna</strong></span> <span class='ocrx_word' id='word_1_340' title='bbox 1113 2883 1141 2921; x_wconf 89' lang='lat' dir='ltr'><strong>a</strong></span> <span class='ocrx_word' id='word_1_341' title='bbox 1170 2866 1360 2937; x_wconf 91' lang='lat' dir='ltr'><strong>quibus</strong></span> <span class='ocrx_word' id='word_1_342' title='bbox 1385 2866 1617 2937; x_wconf 83' lang='lat' dir='ltr'><strong>gignitur</strong></span> <span class='ocrx_word' id='word_1_343' title='bbox 1644 2864 1879 2920; x_wconf 89' lang='lat' dir='ltr'><strong>corrodit</strong></span> <span class='ocrx_word' id='word_1_344' title='bbox 1902 2905 1917 2930; x_wconf 94' lang='lat'><strong>,</strong></span> <span class='ocrx_word' id='word_1_345' title='bbox 1951 2873 2005 2919; x_wconf 91' lang='lat' dir='ltr'><strong>et</strong></span> <span class='ocrx_word' id='word_1_346' title='bbox 2033 2879 2122 2918; x_wconf 89' lang='lat' dir='ltr'><strong>ru-</strong></span> 
     </span>
    </p>
   </div>
   <div class='ocr_carea' id='block_1_46' title="bbox 538 2955 2120 3033">
    <p class='ocr_par' dir='ltr' id='par_1_46' title="bbox 538 2955 2120 3033">
     <span class='ocr_line' id='line_1_46' title="bbox 538 2955 2120 3033; baseline -0.007 -14"><span class='ocrx_word' id='word_1_347' title='bbox 538 2965 661 3033; x_wconf 89' lang='lat' dir='ltr'><strong>bigo</strong></span> <span class='ocrx_word' id='word_1_348' title='bbox 710 2963 905 3017; x_wconf 78' lang='lat' dir='ltr'><strong>ferrum</strong></span> <span class='ocrx_word' id='word_1_349' title='bbox 958 2975 1024 3016; x_wconf 78' lang='lat' dir='ltr'><strong>ex</strong></span> <span class='ocrx_word' id='word_1_350' title='bbox 1068 2956 1175 3029; x_wconf 83' lang='lat' dir='ltr'><strong>quo</strong></span> <span class='ocrx_word' id='word_1_351' title='bbox 1220 2958 1456 3013; x_wconf 89' lang='lat' dir='ltr'><strong>nascitur</strong></span> <span class='ocrx_word' id='word_1_352' title='bbox 1500 2957 1786 3023; x_wconf 90' lang='lat' dir='ltr'><strong>consumit,</strong></span> <span class='ocrx_word' id='word_1_353' title='bbox 1840 2965 1896 3010; x_wconf 89' lang='lat' dir='ltr'><strong>et</strong></span> <span class='ocrx_word' id='word_1_354' title='bbox 1945 2955 2120 3009; x_wconf 90' lang='lat' dir='ltr'><strong>lanam</strong></span> 
     </span>
    </p>
   </div>
   <div class='ocr_carea' id='block_1_47' title="bbox 540 3045 2118 3119">
    <p class='ocr_par' dir='ltr' id='par_1_47' title="bbox 540 3045 2118 3119">
     <span class='ocr_line' id='line_1_47' title="bbox 540 3045 2118 3119; baseline -0.006 -10"><span class='ocrx_word' id='word_1_355' title='bbox 540 3056 695 3109; x_wconf 80' lang='lat' dir='ltr'><strong>tinea:</strong></span> <span class='ocrx_word' id='word_1_356' title='bbox 727 3094 739 3107; x_wconf 94' lang='lat'><strong>.</strong></span> <span class='ocrx_word' id='word_1_357' title='bbox 772 3052 844 3106; x_wconf 91' lang='lat' dir='ltr'><strong>ita</strong></span> <span class='ocrx_word' id='word_1_358' title='bbox 875 3051 1044 3104; x_wconf 84' lang='lat' dir='ltr'><strong>inanis</strong></span> <span class='ocrx_word' id='word_1_359' title='bbox 1069 3048 1236 3119; x_wconf 86' lang='lat' dir='ltr'><strong>gloria</strong></span> <span class='ocrx_word' id='word_1_360' title='bbox 1266 3048 1504 3103; x_wconf 89' lang='lat' dir='ltr'><strong>altricem</strong></span> <span class='ocrx_word' id='word_1_361' title='bbox 1534 3061 1686 3102; x_wconf 86' lang='lat' dir='ltr'><strong>suam</strong></span> <span class='ocrx_word' id='word_1_362' title='bbox 1718 3045 1949 3100; x_wconf 87' lang='lat' dir='ltr'><strong>animam</strong></span> <span class='ocrx_word' id='word_1_363' title='bbox 1994 3060 2118 3115; x_wconf 81' lang='lat' dir='ltr'><strong>per-</strong></span> 
     </span>
    </p>
   </div>
   <div class='ocr_carea' id='block_1_48' title="bbox 538 3136 2120 3210">
    <p class='ocr_par' dir='ltr' id='par_1_48' title="bbox 538 3136 2120 3210">
     <span class='ocr_line' id='line_1_48' title="bbox 538 3136 2120 3210; baseline -0.006 -11"><span class='ocrx_word' id='word_1_364' title='bbox 538 3144 634 3199; x_wconf 90' lang='lat' dir='ltr'><strong>dit.</strong></span> <span class='ocrx_word' id='word_1_365' title='bbox 666 3142 789 3197; x_wconf 92' lang='lat' dir='ltr'><strong>ldco</strong></span> <span class='ocrx_word' id='word_1_366' title='bbox 817 3142 983 3195; x_wconf 90' lang='lat' dir='ltr'><strong>multa</strong></span> <span class='ocrx_word' id='word_1_367' title='bbox 1010 3139 1163 3194; x_wconf 88' lang='lat' dir='ltr'><strong>nobis</strong></span> <span class='ocrx_word' id='word_1_368' title='bbox 1203 3152 1337 3208; x_wconf 82' lang='lat' dir='ltr'><strong>Opus</strong></span> <span class='ocrx_word' id='word_1_369' title='bbox 1374 3146 1457 3194; x_wconf 90' lang='lat' dir='ltr'><strong>est</strong></span> <span class='ocrx_word' id='word_1_370' title='bbox 1493 3137 1795 3210; x_wconf 87' lang='lat' dir='ltr'><strong>diligentia,</strong></span> <span class='ocrx_word' id='word_1_371' title='bbox 1841 3145 1899 3191; x_wconf 89' lang='lat' dir='ltr'><strong>ttt</strong></span> <span class='ocrx_word' id='word_1_372' title='bbox 1938 3136 2120 3191; x_wconf 90' lang='lat' dir='ltr'><strong>vitium</strong></span> 
     </span>
    </p>
   </div>
   <div class='ocr_carea' id='block_1_49' title="bbox 539 3225 2119 3299">
    <p class='ocr_par' dir='ltr' id='par_1_49' title="bbox 539 3225 2119 3299">
     <span class='ocr_line' id='line_1_49' title="bbox 539 3225 2119 3299; baseline -0.004 -11"><span class='ocrx_word' id='word_1_373' title='bbox 539 3235 641 3289; x_wconf 91' lang='lat' dir='ltr'><strong>hoc</strong></span> <span class='ocrx_word' id='word_1_374' title='bbox 687 3234 953 3288; x_wconf 85' lang='lat' dir='ltr'><strong>tollamus.</strong></span> <span class='ocrx_word' id='word_1_375' title='bbox 1004 3229 1135 3285; x_wconf 82' lang='lat' dir='ltr'><strong>Vide</strong></span> <span class='ocrx_word' id='word_1_376' title='bbox 1161 3244 1288 3299; x_wconf 82' lang='lat' dir='ltr'><strong>ergo</strong></span> <span class='ocrx_word' id='word_1_377' title='bbox 1336 3235 1532 3299; x_wconf 88' lang='lat' dir='ltr'><strong>quanta</strong></span> <span class='ocrx_word' id='word_1_378' title='bbox 1585 3227 1834 3283; x_wconf 87' lang='lat' dir='ltr'><strong>decantet</strong></span> <span class='ocrx_word' id='word_1_379' title='bbox 1882 3225 2119 3282; x_wconf 78' lang='lat' dir='ltr'><strong>Joannes</strong></span> 
     </span>
    </p>
   </div>
   <div class='ocr_carea' id='block_1_50' title="bbox 537 3321 2120 3397">
    <p class='ocr_par' dir='ltr' id='par_1_50' title="bbox 537 3321 2120 3397">
     <span class='ocr_line' id='line_1_50' title="bbox 537 3321 2120 3397; baseline -0.003 -17"><span class='ocrx_word' id='word_1_380' title='bbox 537 3324 810 3397; x_wconf 87' lang='lat' dir='ltr'><strong>discipulis</strong></span> <span class='ocrx_word' id='word_1_381' title='bbox 850 3324 961 3380; x_wconf 82' lang='lat' dir='ltr'><strong>suis</strong></span> <span class='ocrx_word' id='word_1_382' title='bbox 1004 3322 1104 3378; x_wconf 92' lang='lat' dir='ltr'><strong>hoc</strong></span> <span class='ocrx_word' id='word_1_383' title='bbox 1147 3321 1336 3377; x_wconf 92' lang='lat' dir='ltr'><strong>morbo</strong></span> <span class='ocrx_word' id='word_1_384' title='bbox 1378 3321 1777 3383; x_wconf 88' lang='lat' dir='ltr'><strong>laborantibus,</strong></span> <span class='ocrx_word' id='word_1_385' title='bbox 1821 3335 1885 3375; x_wconf 93' lang='lat' dir='ltr'><strong>ac</strong></span> <span class='ocrx_word' id='word_1_386' title='bbox 1910 3321 1995 3375; x_wconf 72' lang='lat' dir='ltr'><strong>vix</strong></span> <span class='ocrx_word' id='word_1_387' title='bbox 2026 3333 2120 3376; x_wconf 83' lang='lat' dir='ltr'><strong>eos</strong></span> 
     </span>
    </p>
   </div>
   <div class='ocr_carea' id='block_1_51' title="bbox 538 3411 2118 3486">
    <p class='ocr_par' dir='ltr' id='par_1_51' title="bbox 538 3411 2118 3486">
     <span class='ocr_line' id='line_1_51' title="bbox 538 3411 2118 3486; baseline -0.004 -12"><span class='ocrx_word' id='word_1_388' title='bbox 538 3417 725 3474; x_wconf 82' lang='lat' dir='ltr'><strong>sedare</strong></span> <span class='ocrx_word' id='word_1_389' title='bbox 754 3423 941 3486; x_wconf 88' lang='lat' dir='ltr'><strong>potest.</strong></span> <span class='ocrx_word' id='word_1_390' title='bbox 974 3413 1103 3468; x_wconf 80' lang='lat' dir='ltr'><strong>Nam</strong></span> <span class='ocrx_word' id='word_1_391' title='bbox 1132 3420 1252 3483; x_wconf 88' lang='lat' dir='ltr'><strong>post</strong></span> <span class='ocrx_word' id='word_1_392' title='bbox 1283 3413 1456 3483; x_wconf 87' lang='lat' dir='ltr'><strong>priora</strong></span> <span class='ocrx_word' id='word_1_393' title='bbox 1484 3413 1570 3467; x_wconf 89' lang='lat' dir='ltr'><strong>illa</strong></span> <span class='ocrx_word' id='word_1_394' title='bbox 1594 3411 1675 3467; x_wconf 89' lang='lat' dir='ltr'><strong>his</strong></span> <span class='ocrx_word' id='word_1_395' title='bbox 1694 3411 1853 3467; x_wconf 90' lang='lat' dir='ltr'><strong>etiam</strong></span> <span class='ocrx_word' id='word_1_396' title='bbox 1884 3412 2003 3467; x_wconf 79' lang='lat' dir='ltr'><strong>illos</strong></span> <span class='ocrx_word' id='word_1_397' title='bbox 2026 3411 2118 3467; x_wconf 89' lang='lat' dir='ltr'><strong>de-</strong></span> 
     </span>
    </p>
   </div>
   <div class='ocr_carea' id='block_1_52' title="bbox 538 3502 2120 3573">
    <p class='ocr_par' dir='ltr' id='par_1_52' title="bbox 538 3502 2120 3573">
     <span class='ocr_line' id='line_1_52' title="bbox 538 3502 2120 3573; baseline -0.004 -9"><span class='ocrx_word' id='word_1_398' title='bbox 538 3508 731 3565; x_wconf 91' lang='lat' dir='ltr'><strong>mulcet</strong></span> <span class='ocrx_word' id='word_1_399' title='bbox 759 3504 1093 3561; x_wconf 90' lang='lat' dir='ltr'><strong>scrmonibus</strong></span> <span class='ocrx_word' id='word_1_400' title='bbox 1122 3521 1134 3557; x_wconf 92' lang='lat'>:</span> <span class='ocrx_word' id='word_1_401' title='bbox 1169 3503 1269 3571; x_wconf 83' lang='lat' dir='ltr'><strong>Qui</strong></span> <span class='ocrx_word' id='word_1_402' title='bbox 1296 3502 1360 3557; x_wconf 85' lang='lat' dir='ltr'><strong>de</strong></span> <span class='ocrx_word' id='word_1_403' title='bbox 1379 3519 1577 3558; x_wconf 77' lang='lat' dir='ltr'><strong>sursum</strong></span> <span class='ocrx_word' id='word_1_404' title='bbox 1604 3504 1754 3567; x_wconf 79' lang='lat' dir='ltr'><strong>venit,</strong></span> <span class='ocrx_word' id='word_1_405' title='bbox 1777 3519 1931 3573; x_wconf 82' lang='lat' dir='ltr'><strong>super</strong></span> <span class='ocrx_word' id='word_1_406' title='bbox 1948 3518 2120 3557; x_wconf 86' lang='lat' dir='ltr'><strong>omnes</strong></span> 
     </span>
    </p>
   </div>
   <div class='ocr_carea' id='block_1_53' title="bbox 537 3593 2114 3668">
    <p class='ocr_par' dir='ltr' id='par_1_53' title="bbox 537 3593 2114 3668">
     <span class='ocr_line' id='line_1_53' title="bbox 537 3593 2114 3668; baseline -0.004 -15"><span class='ocrx_word' id='word_1_407' title='bbox 537 3609 608 3653; x_wconf 86' lang='lat' dir='ltr'><strong>est</strong></span> <span class='ocrx_word' id='word_1_408' title='bbox 638 3613 655 3651; x_wconf 89' lang='lat'><strong><em>:</em></strong></span> <span class='ocrx_word' id='word_1_409' title='bbox 680 3598 765 3668; x_wconf 85' lang='lat' dir='ltr'><strong>qui</strong></span> <span class='ocrx_word' id='word_1_410' title='bbox 792 3604 861 3651; x_wconf 88' lang='lat' dir='ltr'><strong>est</strong></span> <span class='ocrx_word' id='word_1_411' title='bbox 884 3596 948 3650; x_wconf 88' lang='lat' dir='ltr'><strong>de</strong></span> <span class='ocrx_word' id='word_1_412' title='bbox 971 3604 1104 3650; x_wconf 85' lang='lat' dir='ltr'><strong>terra</strong></span> <span class='ocrx_word' id='word_1_413' title='bbox 1125 3636 1138 3659; x_wconf 93' lang='lat'><strong>,</strong></span> <span class='ocrx_word' id='word_1_414' title='bbox 1170 3594 1233 3648; x_wconf 83' lang='lat' dir='ltr'><strong>de</strong></span> <span class='ocrx_word' id='word_1_415' title='bbox 1258 3602 1390 3648; x_wconf 84' lang='lat' dir='ltr'><strong>terra</strong></span> <span class='ocrx_word' id='word_1_416' title='bbox 1419 3603 1512 3661; x_wconf 86' lang='lat' dir='ltr'><strong>est,</strong></span> <span class='ocrx_word' id='word_1_417' title='bbox 1543 3604 1589 3648; x_wconf 87' lang='lat' dir='ltr'><strong>et</strong></span> <span class='ocrx_word' id='word_1_418' title='bbox 1620 3594 1681 3648; x_wconf 85' lang='lat' dir='ltr'><strong>de</strong></span> <span class='ocrx_word' id='word_1_419' title='bbox 1711 3604 1846 3648; x_wconf 83' lang='lat' dir='ltr'><strong>terra</strong></span> <span class='ocrx_word' id='word_1_420' title='bbox 1875 3593 2114 3664; x_wconf 79' lang='lat' dir='ltr'><strong>loquitur.</strong></span> 
     </span>
    </p>
   </div>
   <div class='ocr_carea' id='block_1_54' title="bbox 537 3684 2116 3756">
    <p class='ocr_par' dir='ltr' id='par_1_54' title="bbox 537 3684 2116 3756">
     <span class='ocr_line' id='line_1_54' title="bbox 537 3684 2116 3756; baseline 0.001 -17"><span class='ocrx_word' id='word_1_421' title='bbox 537 3691 691 3756; x_wconf 86' lang='lat' dir='ltr'><strong>Quia,</strong></span> <span class='ocrx_word' id='word_1_422' title='bbox 714 3687 904 3756; x_wconf 83' lang='lat' dir='ltr'><strong>inquit,</strong></span> <span class='ocrx_word' id='word_1_423' title='bbox 935 3685 1296 3741; x_wconf 88' lang='lat' dir='ltr'><strong>testimonium</strong></span> <span class='ocrx_word' id='word_1_424' title='bbox 1319 3700 1495 3740; x_wconf 91' lang='lat' dir='ltr'><strong>meum</strong></span> <span class='ocrx_word' id='word_1_425' title='bbox 1523 3685 1717 3755; x_wconf 90' lang='lat' dir='ltr'><strong>ubique</strong></span> <span class='ocrx_word' id='word_1_426' title='bbox 1738 3684 2116 3751; x_wconf 79' lang='lat' dir='ltr'><strong>circumfertis,</strong></span> 
     </span>
    </p>
   </div>
   <div class='ocr_carea' id='block_1_55' title="bbox 536 3774 2120 3846">
    <p class='ocr_par' dir='ltr' id='par_1_55' title="bbox 536 3774 2120 3846">
     <span class='ocr_line' id='line_1_55' title="bbox 536 3774 2120 3846; baseline -0.001 -14"><span class='ocrx_word' id='word_1_427' title='bbox 536 3786 593 3832; x_wconf 90' lang='lat' dir='ltr'><strong>et</strong></span> <span class='ocrx_word' id='word_1_428' title='bbox 639 3792 728 3832; x_wconf 90' lang='lat' dir='ltr'><strong>me</strong></span> <span class='ocrx_word' id='word_1_429' title='bbox 780 3776 882 3831; x_wconf 87' lang='lat' dir='ltr'><strong>ﬁde</strong></span> <span class='ocrx_word' id='word_1_430' title='bbox 935 3775 1305 3846; x_wconf 57' lang='lat' dir='ltr'><strong>dignissimum</strong></span> <span class='ocrx_word' id='word_1_431' title='bbox 1361 3775 1704 3846; x_wconf 67' lang='lat' dir='ltr'><strong>praedicatis;</strong></span> <span class='ocrx_word' id='word_1_432' title='bbox 1760 3774 1887 3831; x_wconf 89' lang='lat' dir='ltr'><strong>illud</strong></span> <span class='ocrx_word' id='word_1_433' title='bbox 1941 3775 2120 3831; x_wconf 86' lang='lat' dir='ltr'><strong>sciatis</strong></span> 
     </span>
    </p>
   </div>
   <div class='ocr_carea' id='block_1_56' title="bbox 538 3867 2120 3939">
    <p class='ocr_par' dir='ltr' id='par_1_56' title="bbox 538 3867 2120 3939">
     <span class='ocr_line' id='line_1_56' title="bbox 538 3867 2120 3939; baseline 0.001 -17"><span class='ocrx_word' id='word_1_434' title='bbox 538 3878 779 3938; x_wconf 85' lang='lat' dir='ltr'><strong>oportet,</strong></span> <span class='ocrx_word' id='word_1_435' title='bbox 833 3882 937 3921; x_wconf 93' lang='lat' dir='ltr'><strong>non</strong></span> <span class='ocrx_word' id='word_1_436' title='bbox 996 3867 1157 3922; x_wconf 88' lang='lat' dir='ltr'><strong>licere</strong></span> <span class='ocrx_word' id='word_1_437' title='bbox 1198 3883 1331 3939; x_wconf 35' lang='lat' dir='ltr'><strong>“eum</strong></span> <span class='ocrx_word' id='word_1_438' title='bbox 1363 3868 1451 3937; x_wconf 90' lang='lat' dir='ltr'><strong>qui</strong></span> <span class='ocrx_word' id='word_1_439' title='bbox 1508 3867 1575 3923; x_wconf 91' lang='lat' dir='ltr'><strong>de</strong></span> <span class='ocrx_word' id='word_1_440' title='bbox 1620 3869 1753 3925; x_wconf 67' lang='lat' dir='ltr'><strong>caelo</strong></span> <span class='ocrx_word' id='word_1_441' title='bbox 1800 3869 1962 3936; x_wconf 88' lang='lat' dir='ltr'><strong>venit,</strong></span> <span class='ocrx_word' id='word_1_442' title='bbox 2013 3867 2120 3924; x_wconf 91' lang='lat' dir='ltr'><strong>ﬁde</strong></span> 
     </span>
    </p>
   </div>
   <div class='ocr_carea' id='block_1_57' title="bbox 539 3957 2115 4029">
    <p class='ocr_par' dir='ltr' id='par_1_57' title="bbox 539 3957 2115 4029">
     <span class='ocr_line' id='line_1_57' title="bbox 539 3957 2115 4029; baseline 0.002 -18"><span class='ocrx_word' id='word_1_443' title='bbox 539 3961 759 4029; x_wconf 87' lang='lat' dir='ltr'><strong>dignum</strong></span> <span class='ocrx_word' id='word_1_444' title='bbox 786 3958 931 4013; x_wconf 90' lang='lat' dir='ltr'><strong>reddi</strong></span> <span class='ocrx_word' id='word_1_445' title='bbox 956 3959 1023 4014; x_wconf 91' lang='lat' dir='ltr'><strong>ab</strong></span> <span class='ocrx_word' id='word_1_446' title='bbox 1051 3972 1116 4014; x_wconf 87' lang='lat' dir='ltr'><strong>eo</strong></span> <span class='ocrx_word' id='word_1_447' title='bbox 1140 3957 1229 4028; x_wconf 90' lang='lat' dir='ltr'><strong>qui</strong></span> <span class='ocrx_word' id='word_1_448' title='bbox 1261 3958 1311 4012; x_wconf 93' lang='lat' dir='ltr'><strong>in</strong></span> <span class='ocrx_word' id='word_1_449' title='bbox 1340 3965 1479 4013; x_wconf 86' lang='lat' dir='ltr'><strong>terra</strong></span> <span class='ocrx_word' id='word_1_450' title='bbox 1508 3957 1728 4013; x_wconf 89' lang='lat' dir='ltr'><strong>habitat.</strong></span> <span class='ocrx_word' id='word_1_451' title='bbox 1760 3958 1894 4015; x_wconf 83' lang='lat' dir='ltr'><strong>illud</strong></span> <span class='ocrx_word' id='word_1_452' title='bbox 1914 3971 2115 4025; x_wconf 89' lang='lat' dir='ltr'><strong>autem,</strong></span> 
     </span>
    </p>
   </div>
   <div class='ocr_carea' id='block_1_58' title="bbox 538 4050 2115 4123">
    <p class='ocr_par' dir='ltr' id='par_1_58' title="bbox 538 4050 2115 4123">
     <span class='ocr_line' id='line_1_58' title="bbox 538 4050 2115 4123; baseline 0.001 -17"><span class='ocrx_word' id='word_1_453' title='bbox 538 4052 713 4121; x_wconf 80' lang='lat' dir='ltr'><strong>Supra</strong></span> <span class='ocrx_word' id='word_1_454' title='bbox 743 4067 913 4105; x_wconf 81' lang='lat' dir='ltr'><strong>omnes</strong></span> <span class='ocrx_word' id='word_1_455' title='bbox 940 4062 1031 4117; x_wconf 76' lang='lat' dir='ltr'><strong>est,</strong></span> <span class='ocrx_word' id='word_1_456' title='bbox 1064 4050 1188 4120; x_wconf 89' lang='lat' dir='ltr'><strong>quid</strong></span> <span class='ocrx_word' id='word_1_457' title='bbox 1230 4050 1529 4120; x_wconf 82' lang='lat' dir='ltr'><strong>signiﬁcat?</strong></span> <span class='ocrx_word' id='word_1_458' title='bbox 1560 4051 1691 4106; x_wconf 88' lang='lat' dir='ltr'><strong>Eum</strong></span> <span class='ocrx_word' id='word_1_459' title='bbox 1736 4050 1881 4106; x_wconf 90' lang='lat' dir='ltr'><strong>nullo</strong></span> <span class='ocrx_word' id='word_1_460' title='bbox 1919 4066 2080 4123; x_wconf 88' lang='lat' dir='ltr'><strong>egere</strong></span> <span class='ocrx_word' id='word_1_461' title='bbox 2100 4092 2115 4117; x_wconf 90' lang='lat'><strong>,</strong></span> 
     </span>
    </p>
   </div>
   <div class='ocr_carea' id='block_1_59' title="bbox 534 4140 2112 4210">
    <p class='ocr_par' dir='ltr' id='par_1_59' title="bbox 534 4140 2112 4210">
     <span class='ocr_line' id='line_1_59' title="bbox 534 4140 2112 4210; baseline 0 -15"><span class='ocrx_word' id='word_1_462' title='bbox 534 4142 634 4195; x_wconf 81' lang='lat' dir='ltr'><strong>sibi</strong></span> <span class='ocrx_word' id='word_1_463' title='bbox 672 4140 939 4205; x_wconf 76' lang='lat' dir='ltr'><strong>sufﬁcere,</strong></span> <span class='ocrx_word' id='word_1_464' title='bbox 988 4149 1039 4194; x_wconf 89' lang='lat' dir='ltr'><strong>et</strong></span> <span class='ocrx_word' id='word_1_465' title='bbox 1067 4140 1184 4195; x_wconf 89' lang='lat' dir='ltr'><strong>sine</strong></span> <span class='ocrx_word' id='word_1_466' title='bbox 1221 4140 1617 4210; x_wconf 85' lang='lat' dir='ltr'><strong>comparatione</strong></span> <span class='ocrx_word' id='word_1_467' title='bbox 1659 4142 1895 4197; x_wconf 90' lang='lat' dir='ltr'><strong>omnium</strong></span> <span class='ocrx_word' id='word_1_468' title='bbox 1943 4141 2112 4196; x_wconf 82' lang='lat' dir='ltr'><strong>maxi-</strong></span> 
     </span>
    </p>
   </div>
   <div class='ocr_carea' id='block_1_60' title="bbox 538 4215 2115 4302">
    <p class='ocr_par' dir='ltr' id='par_1_60' title="bbox 538 4215 2115 4302">
     <span class='ocr_line' id='line_1_60' title="bbox 538 4215 2115 4302; baseline -0.001 -16"><span class='ocrx_word' id='word_1_469' title='bbox 538 4249 683 4287; x_wconf 87' lang='lat' dir='ltr'><strong>mum</strong></span> <span class='ocrx_word' id='word_1_470' title='bbox 709 4246 855 4291; x_wconf 73' lang='lat' dir='ltr'><strong>esse.</strong></span> <span class='ocrx_word' id='word_1_471' title='bbox 884 4231 953 4285; x_wconf 87' lang='lat' dir='ltr'><strong>Se</strong></span> <span class='ocrx_word' id='word_1_472' title='bbox 982 4245 1108 4286; x_wconf 86' lang='lat' dir='ltr'><strong>vero</strong></span> <span class='ocrx_word' id='word_1_473' title='bbox 1135 4230 1203 4285; x_wconf 91' lang='lat' dir='ltr'><strong>dc</strong></span> <span class='ocrx_word' id='word_1_474' title='bbox 1241 4239 1379 4285; x_wconf 88' lang='lat' dir='ltr'><strong>terra</strong></span> <span class='ocrx_word' id='word_1_475' title='bbox 1419 4244 1539 4287; x_wconf 87' lang='lat' dir='ltr'><strong>esse</strong></span> <span class='ocrx_word' id='word_1_476' title='bbox 1560 4240 1613 4287; x_wconf 90' lang='lat' dir='ltr'><strong>et</strong></span> <span class='ocrx_word' id='word_1_477' title='bbox 1637 4231 1781 4302; x_wconf 91' lang='lat' dir='ltr'><strong>loqui</strong></span> <span class='ocrx_word' id='word_1_478' title='bbox 1805 4215 1933 4286; x_wconf 80' lang='lat' dir='ltr'><strong>dicit</strong></span> <span class='ocrx_word' id='word_1_479' title='bbox 1957 4273 1969 4294; x_wconf 88' lang='lat'>.</span> <span class='ocrx_word' id='word_1_480' title='bbox 2009 4245 2115 4285; x_wconf 87' lang='lat' dir='ltr'><strong>non</strong></span> 
     </span>
    </p>
   </div>
   <div class='ocr_carea' id='block_1_61' title="bbox 535 4320 2117 4392">
    <p class='ocr_par' dir='ltr' id='par_1_61' title="bbox 535 4320 2117 4392">
     <span class='ocr_line' id='line_1_61' title="bbox 535 4320 2117 4392; baseline 0 -16"><span class='ocrx_word' id='word_1_481' title='bbox 535 4323 677 4392; x_wconf 75' lang='lat' dir='ltr'><strong>quod</strong></span> <span class='ocrx_word' id='word_1_482' title='bbox 713 4339 775 4377; x_wconf 77' lang='lat' dir='ltr'><strong>ex</strong></span> <span class='ocrx_word' id='word_1_483' title='bbox 818 4322 1025 4392; x_wconf 73' lang='lat' dir='ltr'><strong>propria</strong></span> <span class='ocrx_word' id='word_1_484' title='bbox 1057 4330 1234 4375; x_wconf 90' lang='lat' dir='ltr'><strong>mente</strong></span> <span class='ocrx_word' id='word_1_485' title='bbox 1260 4322 1603 4389; x_wconf 86' lang='lat' dir='ltr'><strong>loqueretur.</strong></span> <span class='ocrx_word' id='word_1_486' title='bbox 1644 4322 1737 4376; x_wconf 91' lang='lat' dir='ltr'><strong>sed</strong></span> <span class='ocrx_word' id='word_1_487' title='bbox 1780 4331 1836 4376; x_wconf 85' lang='grc' dir='ltr'>ιιι</span> <span class='ocrx_word' id='word_1_488' title='bbox 1876 4320 2117 4377; x_wconf 82' lang='lat' dir='ltr'><strong>Christus</strong></span> 
     </span>
    </p>
   </div>
   <div class='ocr_carea' id='block_1_62' title="bbox 541 4411 2114 4484">
    <p class='ocr_par' dir='ltr' id='par_1_62' title="bbox 541 4411 2114 4484">
     <span class='ocr_line' id='line_1_62' title="bbox 541 4411 2114 4484; baseline -0.001 -16"><span class='ocrx_word' id='word_1_489' title='bbox 541 4417 613 4468; x_wconf 78' lang='lat' dir='ltr'><strong>ait</strong></span> <span class='ocrx_word' id='word_1_490' title='bbox 640 4434 652 4469; x_wconf 89' lang='lat'><strong>:</strong></span> <span class='ocrx_word' id='word_1_491' title='bbox 683 4414 741 4468; x_wconf 80' lang='lat' dir='ltr'><strong>Si</strong></span> <span class='ocrx_word' id='word_1_492' title='bbox 773 4424 966 4467; x_wconf 77' lang='lat' dir='ltr'><strong>terrena</strong></span> <span class='ocrx_word' id='word_1_493' title='bbox 997 4412 1103 4465; x_wconf 72' lang='lat' dir='ltr'><strong>dixi</strong></span> <span class='ocrx_word' id='word_1_494' title='bbox 1148 4412 1305 4477; x_wconf 69' lang='lat' dir='ltr'><strong>vobis,</strong></span> <span class='ocrx_word' id='word_1_495' title='bbox 1357 4421 1401 4464; x_wconf 86' lang='lat' dir='ltr'><strong>et</strong></span> <span class='ocrx_word' id='word_1_496' title='bbox 1450 4428 1549 4465; x_wconf 87' lang='lat' dir='ltr'><strong>non</strong></span> <span class='ocrx_word' id='word_1_497' title='bbox 1606 4414 1806 4468; x_wconf 79' lang='lat' dir='ltr'><strong>creditis</strong></span> <span class='ocrx_word' id='word_1_498' title='bbox 1851 4411 2026 4484; x_wconf 84' lang='lat' dir='ltr'><strong>(Joau.</strong></span> <span class='ocrx_word' id='word_1_499' title='bbox 2060 4414 2114 4469; x_wconf 80' lang='grc'><strong>5.</strong></span> 
     </span>
    </p>
   </div>
   <div class='ocr_carea' id='block_1_63' title="bbox 542 4503 2113 4574">
    <p class='ocr_par' dir='ltr' id='par_1_63' title="bbox 542 4503 2113 4574">
     <span class='ocr_line' id='line_1_63' title="bbox 542 4503 2113 4574; baseline 0.001 -14"><span class='ocrx_word' id='word_1_500' title='bbox 542 4505 651 4574; x_wconf 73' lang='grc'><strong>12).</strong></span> <span class='ocrx_word' id='word_1_501' title='bbox 680 4504 943 4574; x_wconf 72' lang='lat' dir='ltr'><strong>Baptisma</strong></span> <span class='ocrx_word' id='word_1_502' title='bbox 974 4503 1051 4557; x_wconf 89' lang='lat' dir='ltr'><strong>sic</strong></span> <span class='ocrx_word' id='word_1_503' title='bbox 1076 4503 1324 4571; x_wconf 69' lang='lat' dir='ltr'><strong>appellat,</strong></span> <span class='ocrx_word' id='word_1_504' title='bbox 1358 4519 1461 4558; x_wconf 91' lang='lat' dir='ltr'><strong>non</strong></span> <span class='ocrx_word' id='word_1_505' title='bbox 1490 4503 1628 4574; x_wconf 90' lang='lat' dir='ltr'><strong>quod</strong></span> <span class='ocrx_word' id='word_1_506' title='bbox 1660 4515 1926 4561; x_wconf 90' lang='lat' dir='ltr'><strong>terrenum</strong></span> <span class='ocrx_word' id='word_1_507' title='bbox 1951 4516 2113 4573; x_wconf 30' lang='lat' dir='ltr'><strong>estet,</strong></span> 
     </span>
    </p>
   </div>
   <div class='ocr_carea' id='block_1_64' title="bbox 537 4594 2111 4669">
    <p class='ocr_par' dir='ltr' id='par_1_64' title="bbox 537 4594 2111 4669">
     <span class='ocr_line' id='line_1_64' title="bbox 537 4594 2111 4669; baseline 0.001 -17"><span class='ocrx_word' id='word_1_508' title='bbox 537 4597 631 4652; x_wconf 86' lang='lat' dir='ltr'><strong>sed</strong></span> <span class='ocrx_word' id='word_1_509' title='bbox 661 4596 779 4665; x_wconf 89' lang='lat' dir='ltr'><strong>quia</strong></span> <span class='ocrx_word' id='word_1_510' title='bbox 808 4594 942 4648; x_wconf 80' lang='lat' dir='ltr'><strong>illud</strong></span> <span class='ocrx_word' id='word_1_511' title='bbox 976 4610 1096 4648; x_wconf 90' lang='lat' dir='ltr'><strong>cum</strong></span> <span class='ocrx_word' id='word_1_512' title='bbox 1129 4594 1376 4649; x_wconf 88' lang='lat' dir='ltr'><strong>incﬁ‘abili</strong></span> <span class='ocrx_word' id='word_1_513' title='bbox 1408 4596 1751 4664; x_wconf 87' lang='lat' dir='ltr'><strong>generatione</strong></span> <span class='ocrx_word' id='word_1_514' title='bbox 1778 4613 1872 4652; x_wconf 88' lang='lat' dir='ltr'><strong>sua</strong></span> <span class='ocrx_word' id='word_1_515' title='bbox 1892 4613 2111 4669; x_wconf 83' lang='lat' dir='ltr'><strong>compa-</strong></span> 
     </span>
    </p>
   </div>
   <div class='ocr_carea' id='block_1_65' title="bbox 542 4684 2111 4759">
    <p class='ocr_par' dir='ltr' id='par_1_65' title="bbox 542 4684 2111 4759">
     <span class='ocr_line' id='line_1_65' title="bbox 542 4684 2111 4759; baseline 0.002 -18"><span class='ocrx_word' id='word_1_516' title='bbox 542 4688 723 4751; x_wconf 84' lang='lat' dir='ltr'><strong>rabat;</strong></span> <span class='ocrx_word' id='word_1_517' title='bbox 751 4686 829 4741; x_wconf 88' lang='lat' dir='ltr'><strong>sic</strong></span> <span class='ocrx_word' id='word_1_518' title='bbox 855 4696 907 4741; x_wconf 91' lang='lat' dir='ltr'><strong>et</strong></span> <span class='ocrx_word' id='word_1_519' title='bbox 932 4685 1036 4740; x_wconf 77' lang='lat' dir='ltr'><strong>hoc</strong></span> <span class='ocrx_word' id='word_1_520' title='bbox 1065 4687 1182 4740; x_wconf 89' lang='lat' dir='ltr'><strong>loco</strong></span> <span class='ocrx_word' id='word_1_521' title='bbox 1208 4701 1266 4741; x_wconf 91' lang='lat' dir='ltr'><strong>se</strong></span> <span class='ocrx_word' id='word_1_522' title='bbox 1290 4684 1358 4739; x_wconf 90' lang='lat' dir='ltr'><strong>de</strong></span> <span class='ocrx_word' id='word_1_523' title='bbox 1382 4696 1517 4741; x_wconf 82' lang='lat' dir='ltr'><strong>terra</strong></span> <span class='ocrx_word' id='word_1_524' title='bbox 1542 4689 1681 4759; x_wconf 90' lang='lat' dir='ltr'><strong>loqui</strong></span> <span class='ocrx_word' id='word_1_525' title='bbox 1707 4688 1837 4744; x_wconf 78' lang='lat' dir='ltr'><strong>dixit</strong></span> <span class='ocrx_word' id='word_1_526' title='bbox 1857 4690 2111 4755; x_wconf 79' lang='lat' dir='ltr'><strong>Joannes,</strong></span> 
     </span>
    </p>
   </div>
   <div class='ocr_carea' id='block_1_66' title="bbox 539 4774 2112 4847">
    <p class='ocr_par' dir='ltr' id='par_1_66' title="bbox 539 4774 2112 4847">
     <span class='ocr_line' id='line_1_66' title="bbox 539 4774 2112 4847; baseline 0.001 -14"><span class='ocrx_word' id='word_1_527' title='bbox 539 4792 689 4833; x_wconf 83' lang='lat' dir='ltr'><strong>suam</strong></span> <span class='ocrx_word' id='word_1_528' title='bbox 714 4792 835 4831; x_wconf 87' lang='lat' dir='ltr'><strong>cum</strong></span> <span class='ocrx_word' id='word_1_529' title='bbox 865 4774 1064 4830; x_wconf 85' lang='lat' dir='ltr'><strong>Christi</strong></span> <span class='ocrx_word' id='word_1_530' title='bbox 1093 4775 1333 4831; x_wconf 89' lang='lat' dir='ltr'><strong>doctrina</strong></span> <span class='ocrx_word' id='word_1_531' title='bbox 1373 4779 1756 4847; x_wconf 88' lang='lat' dir='ltr'><strong>comparando.</strong></span> <span class='ocrx_word' id='word_1_532' title='bbox 1798 4779 1939 4834; x_wconf 85' lang='lat' dir='ltr'><strong>Nihil</strong></span> <span class='ocrx_word' id='word_1_533' title='bbox 1970 4782 2112 4835; x_wconf 90' lang='lat' dir='ltr'><strong>enim</strong></span> 
     </span>
    </p>
   </div>
   <div class='ocr_carea' id='block_1_67' title="bbox 538 4865 2114 4941">
    <p class='ocr_par' dir='ltr' id='par_1_67' title="bbox 538 4865 2114 4941">
     <span class='ocr_line' id='line_1_67' title="bbox 538 4865 2114 4941; baseline 0.005 -22"><span class='ocrx_word' id='word_1_534' title='bbox 538 4866 681 4923; x_wconf 86' lang='lat' dir='ltr'><strong>aliud</strong></span> <span class='ocrx_word' id='word_1_535' title='bbox 726 4867 987 4936; x_wconf 85' lang='lat' dir='ltr'><strong>signiﬁcat</strong></span> <span class='ocrx_word' id='word_1_536' title='bbox 1033 4865 1177 4930; x_wconf 89' lang='lat' dir='ltr'><strong>illud,</strong></span> <span class='ocrx_word' id='word_1_537' title='bbox 1218 4866 1291 4920; x_wconf 83' lang='lat' dir='ltr'><strong>De</strong></span> <span class='ocrx_word' id='word_1_538' title='bbox 1322 4877 1452 4921; x_wconf 78' lang='lat' dir='ltr'><strong>terra</strong></span> <span class='ocrx_word' id='word_1_539' title='bbox 1482 4869 1703 4937; x_wconf 77' lang='lat' dir='ltr'><strong>loquitur</strong></span> <span class='ocrx_word' id='word_1_540' title='bbox 1725 4911 1739 4935; x_wconf 93' lang='lat'><strong>,</strong></span> <span class='ocrx_word' id='word_1_541' title='bbox 1772 4886 1929 4939; x_wconf 88' lang='lat' dir='ltr'><strong>quam</strong></span> <span class='ocrx_word' id='word_1_542' title='bbox 1973 4872 2114 4941; x_wconf 89' lang='lat' dir='ltr'><strong>quod</strong></span> 
     </span>
    </p>
   </div>
   <div class='ocr_carea' id='block_1_68' title="bbox 535 4956 2113 5027">
    <p class='ocr_par' dir='ltr' id='par_1_68' title="bbox 535 4956 2113 5027">
     <span class='ocr_line' id='line_1_68' title="bbox 535 4956 2113 5027; baseline 0.004 -16"><span class='ocrx_word' id='word_1_543' title='bbox 535 4974 630 5013; x_wconf 81' lang='lat' dir='ltr'><strong>sua</strong></span> <span class='ocrx_word' id='word_1_544' title='bbox 685 4957 896 5027; x_wconf 79' lang='lat' dir='ltr'><strong>exigua,</strong></span> <span class='ocrx_word' id='word_1_545' title='bbox 952 4956 1170 5011; x_wconf 84' lang='lat' dir='ltr'><strong>humilia</strong></span> <span class='ocrx_word' id='word_1_546' title='bbox 1221 4967 1273 5011; x_wconf 90' lang='lat' dir='ltr'><strong>et</strong></span> <span class='ocrx_word' id='word_1_547' title='bbox 1324 4958 1448 5012; x_wconf 86' lang='lat' dir='ltr'><strong>vilia</strong></span> <span class='ocrx_word' id='word_1_548' title='bbox 1493 4961 1619 5021; x_wconf 87' lang='lat' dir='ltr'><strong>sint,</strong></span> <span class='ocrx_word' id='word_1_549' title='bbox 1673 4961 1717 5014; x_wconf 83' lang='lat' dir='ltr'><strong>si</strong></span> <span class='ocrx_word' id='word_1_550' title='bbox 1768 4976 1888 5015; x_wconf 92' lang='lat' dir='ltr'><strong>cum</strong></span> <span class='ocrx_word' id='word_1_551' title='bbox 1917 4961 2113 5018; x_wconf 89' lang='lat' dir='ltr'><strong>Christi</strong></span> 
     </span>
    </p>
   </div>
   <div class='ocr_carea' id='block_1_69' title="bbox 536 5050 2115 5123">
    <p class='ocr_par' dir='ltr' id='par_1_69' title="bbox 536 5050 2115 5123">
     <span class='ocr_line' id='line_1_69' title="bbox 536 5050 2115 5123; baseline 0.003 -19"><span class='ocrx_word' id='word_1_552' title='bbox 536 5050 900 5119; x_wconf 86' lang='lat' dir='ltr'><strong>magnitudine</strong></span> <span class='ocrx_word' id='word_1_553' title='bbox 931 5058 1338 5118; x_wconf 87' lang='lat' dir='ltr'><strong>comparentur,</strong></span> <span class='ocrx_word' id='word_1_554' title='bbox 1371 5065 1433 5103; x_wconf 88' lang='lat' dir='ltr'><strong>ac</strong></span> <span class='ocrx_word' id='word_1_555' title='bbox 1464 5059 1689 5106; x_wconf 76' lang='lat' dir='ltr'><strong>terrente</strong></span> <span class='ocrx_word' id='word_1_556' title='bbox 1732 5064 1936 5108; x_wconf 71' lang='lat' dir='ltr'><strong>natura:</strong></span> <span class='ocrx_word' id='word_1_557' title='bbox 1965 5055 2115 5123; x_wconf 87' lang='lat' dir='ltr'><strong>quasi</strong></span> 
     </span>
    </p>
   </div>
   <div class='ocr_carea' id='block_1_70' title="bbox 534 5123 2115 5213">
    <p class='ocr_par' dir='ltr' id='par_1_70' title="bbox 534 5123 2115 5213">
     <span class='ocr_line' id='line_1_70' title="bbox 534 5123 2115 5213; baseline 0.001 -17"><span class='ocrx_word' id='word_1_558' title='bbox 534 5123 727 5197; x_wconf 59' lang='lat' dir='ltr'><strong>Similia</strong></span> <span class='ocrx_word' id='word_1_559' title='bbox 765 5142 889 5194; x_wconf 90' lang='lat' dir='ltr'><strong>sint.</strong></span> <span class='ocrx_word' id='word_1_560' title='bbox 922 5139 1074 5210; x_wconf 78' lang='lat' dir='ltr'><strong>Apud</strong></span> <span class='ocrx_word' id='word_1_561' title='bbox 1103 5140 1247 5195; x_wconf 89' lang='lat' dir='ltr'><strong>illum</strong></span> <span class='ocrx_word' id='word_1_562' title='bbox 1278 5142 1419 5195; x_wconf 90' lang='lat' dir='ltr'><strong>enim</strong></span> <span class='ocrx_word' id='word_1_563' title='bbox 1452 5140 1638 5197; x_wconf 77' lang='lat' dir='ltr'><strong>Omnes</strong></span> <span class='ocrx_word' id='word_1_564' title='bbox 1664 5146 1887 5198; x_wconf 75' lang='lat' dir='ltr'><strong>thesauri</strong></span> <span class='ocrx_word' id='word_1_565' title='bbox 1912 5147 2115 5213; x_wconf 80' lang='lat' dir='ltr'><strong>sapien-</strong></span> 
     </span>
    </p>
   </div>
   <div class='ocr_carea' id='block_1_71' title="bbox 537 5230 2118 5302">
    <p class='ocr_par' dir='ltr' id='par_1_71' title="bbox 537 5230 2118 5302">
     <span class='ocr_line' id='line_1_71' title="bbox 537 5230 2118 5302; baseline 0.006 -17"><span class='ocrx_word' id='word_1_566' title='bbox 537 5235 621 5286; x_wconf 79' lang='lat' dir='ltr'><strong>tia:</strong></span> <span class='ocrx_word' id='word_1_567' title='bbox 650 5233 986 5286; x_wconf 79' lang='lat' dir='ltr'><strong>reconduntur</strong></span> <span class='ocrx_word' id='word_1_568' title='bbox 1018 5230 1151 5302; x_wconf 88' lang='lat' dir='ltr'><strong>(Col.</strong></span> <span class='ocrx_word' id='word_1_569' title='bbox 1184 5231 1239 5287; x_wconf 76' lang='grc'><strong>2.</strong></span> <span class='ocrx_word' id='word_1_570' title='bbox 1271 5234 1345 5301; x_wconf 79' lang='grc'><strong>5).</strong></span> <span class='ocrx_word' id='word_1_571' title='bbox 1379 5234 1527 5299; x_wconf 88' lang='lat' dir='ltr'><strong>Quod</strong></span> <span class='ocrx_word' id='word_1_572' title='bbox 1561 5246 1736 5291; x_wconf 88' lang='lat' dir='ltr'><strong>autem</strong></span> <span class='ocrx_word' id='word_1_573' title='bbox 1777 5237 1845 5292; x_wconf 89' lang='lat' dir='ltr'><strong>de</strong></span> <span class='ocrx_word' id='word_1_574' title='bbox 1876 5238 2118 5295; x_wconf 86' lang='lat' dir='ltr'><strong>immanis</strong></span> 
     </span>
    </p>
   </div>
   <div class='ocr_carea' id='block_1_72' title="bbox 539 5324 2157 5397">
    <p class='ocr_par' dir='ltr' id='par_1_72' title="bbox 539 5324 2157 5397">
     <span class='ocr_line' id='line_1_72' title="bbox 539 5324 2157 5397; baseline 0.003 -16"><span class='ocrx_word' id='word_1_575' title='bbox 539 5324 829 5381; x_wconf 87' lang='lat' dir='ltr'><strong>ratiociniis</strong></span> <span class='ocrx_word' id='word_1_576' title='bbox 860 5340 963 5378; x_wconf 90' lang='lat' dir='ltr'><strong>non</strong></span> <span class='ocrx_word' id='word_1_577' title='bbox 992 5325 1269 5394; x_wconf 89' lang='lat' dir='ltr'><strong>loquatur,</strong></span> <span class='ocrx_word' id='word_1_578' title='bbox 1303 5326 1426 5381; x_wconf 92' lang='lat' dir='ltr'><strong>hinc</strong></span> <span class='ocrx_word' id='word_1_579' title='bbox 1455 5327 1626 5395; x_wconf 88' lang='lat' dir='ltr'><strong>palam</strong></span> <span class='ocrx_word' id='word_1_580' title='bbox 1657 5339 1756 5383; x_wconf 82' lang='lat' dir='ltr'><strong>est.</strong></span> <span class='ocrx_word' id='word_1_581' title='bbox 1792 5330 1889 5397; x_wconf 81' lang='lat' dir='ltr'><strong>Qui</strong></span> <span class='ocrx_word' id='word_1_582' title='bbox 1940 5340 2011 5383; x_wconf 84' lang='lat' dir='ltr'><strong>est</strong></span> <span class='ocrx_word' id='word_1_583' title='bbox 2058 5348 2120 5385; x_wconf 77' lang='lat' dir='ltr'><strong>ea:</strong></span> <span class='ocrx_word' id='word_1_584' title='bbox 2144 5357 2157 5367; x_wconf 67' lang='grc' dir='ltr'><em>ι</em></span> 
     </span>
    </p>
   </div>
   <div class='ocr_carea' id='block_1_73' title="bbox 542 5418 2117 5489">
    <p class='ocr_par' dir='ltr' id='par_1_73' title="bbox 542 5418 2117 5489">
     <span class='ocr_line' id='line_1_73' title="bbox 542 5418 2117 5489; baseline 0.006 -18"><span class='ocrx_word' id='word_1_585' title='bbox 542 5429 695 5479; x_wconf 75' lang='lat' dir='ltr'><strong>terra,</strong></span> <span class='ocrx_word' id='word_1_586' title='bbox 727 5433 789 5469; x_wconf 78' lang='lat' dir='ltr'><strong>ex</strong></span> <span class='ocrx_word' id='word_1_587' title='bbox 817 5426 947 5468; x_wconf 83' lang='lat' dir='ltr'><strong>terra</strong></span> <span class='ocrx_word' id='word_1_588' title='bbox 971 5426 1065 5471; x_wconf 84' lang='lat' dir='ltr'><strong>est.</strong></span> <span class='ocrx_word' id='word_1_589' title='bbox 1094 5418 1250 5487; x_wconf 83' lang='lat' dir='ltr'><strong>Atqui</strong></span> <span class='ocrx_word' id='word_1_590' title='bbox 1283 5435 1386 5473; x_wconf 91' lang='lat' dir='ltr'><strong>non</strong></span> <span class='ocrx_word' id='word_1_591' title='bbox 1419 5430 1534 5474; x_wconf 91' lang='lat' dir='ltr'><strong>erat</strong></span> <span class='ocrx_word' id='word_1_592' title='bbox 1561 5430 1705 5477; x_wconf 89' lang='lat' dir='ltr'><strong>totus</strong></span> <span class='ocrx_word' id='word_1_593' title='bbox 1730 5422 1797 5477; x_wconf 90' lang='lat' dir='ltr'><strong>de</strong></span> <span class='ocrx_word' id='word_1_594' title='bbox 1827 5431 1990 5489; x_wconf 87' lang='lat' dir='ltr'><strong>terra,</strong></span> <span class='ocrx_word' id='word_1_595' title='bbox 2025 5424 2117 5480; x_wconf 81' lang='lat' dir='ltr'><strong>sed</strong></span> 
     </span>
    </p>
   </div>
   <div class='ocr_carea' id='block_1_74' title="bbox 541 5508 2114 5584">
    <p class='ocr_par' dir='ltr' id='par_1_74' title="bbox 541 5508 2114 5584">
     <span class='ocr_line' id='line_1_74' title="bbox 541 5508 2114 5584; baseline 0.003 -19"><span class='ocrx_word' id='word_1_596' title='bbox 541 5508 802 5579; x_wconf 72' lang='lat' dir='ltr'><strong>praecipua</strong></span> <span class='ocrx_word' id='word_1_597' title='bbox 841 5508 1074 5562; x_wconf 72' lang='lat' dir='ltr'><strong>czclcstia</strong></span> <span class='ocrx_word' id='word_1_598' title='bbox 1113 5518 1266 5563; x_wconf 87' lang='lat' dir='ltr'><strong>erant</strong></span> <span class='ocrx_word' id='word_1_599' title='bbox 1298 5526 1311 5574; x_wconf 90' lang='lat'><strong>;</strong></span> <span class='ocrx_word' id='word_1_600' title='bbox 1352 5510 1583 5566; x_wconf 88' lang='lat' dir='ltr'><strong>animam</strong></span> <span class='ocrx_word' id='word_1_601' title='bbox 1622 5514 1817 5584; x_wconf 90' lang='lat' dir='ltr'><strong>quippe</strong></span> <span class='ocrx_word' id='word_1_602' title='bbox 1856 5513 2114 5583; x_wconf 88' lang='lat' dir='ltr'><strong>habebat,</strong></span> 
     </span>
    </p>
   </div>
   <div class='ocr_carea' id='block_1_75' title="bbox 541 5598 2112 5673">
    <p class='ocr_par' dir='ltr' id='par_1_75' title="bbox 541 5598 2112 5673">
     <span class='ocr_line' id='line_1_75' title="bbox 541 5598 2112 5673; baseline 0.004 -18"><span class='ocrx_word' id='word_1_603' title='bbox 541 5612 593 5655; x_wconf 89' lang='lat' dir='ltr'><strong>et</strong></span> <span class='ocrx_word' id='word_1_604' title='bbox 632 5598 847 5669; x_wconf 85' lang='lat' dir='ltr'><strong>spiritus</strong></span> <span class='ocrx_word' id='word_1_605' title='bbox 886 5600 1151 5668; x_wconf 87' lang='lat' dir='ltr'><strong>particeps</strong></span> <span class='ocrx_word' id='word_1_606' title='bbox 1189 5610 1339 5667; x_wconf 88' lang='lat' dir='ltr'><strong>erat,</strong></span> <span class='ocrx_word' id='word_1_607' title='bbox 1380 5617 1498 5673; x_wconf 78' lang='lat' dir='ltr'><strong>qua:</strong></span> <span class='ocrx_word' id='word_1_608' title='bbox 1542 5620 1645 5660; x_wconf 90' lang='lat' dir='ltr'><strong>non</strong></span> <span class='ocrx_word' id='word_1_609' title='bbox 1696 5615 1821 5661; x_wconf 87' lang='lat' dir='ltr'><strong>sunt</strong></span> <span class='ocrx_word' id='word_1_610' title='bbox 1848 5607 1915 5661; x_wconf 92' lang='lat' dir='ltr'><strong>de</strong></span> <span class='ocrx_word' id='word_1_611' title='bbox 1955 5618 2112 5664; x_wconf 87' lang='lat' dir='ltr'><strong>terra.</strong></span> 
     </span>
    </p>
   </div>
   <div class='ocr_carea' id='block_1_76' title="bbox 544 5678 2117 5761">
    <p class='ocr_par' dir='ltr' id='par_1_76' title="bbox 544 5678 2117 5761">
     <span class='ocr_line' id='line_1_76' title="bbox 544 5678 2117 5761; baseline 0.008 -17"><span class='ocrx_word' id='word_1_612' title='bbox 544 5678 819 5759; x_wconf 84' lang='lat' dir='ltr'><strong>Quomodo</strong></span> <span class='ocrx_word' id='word_1_613' title='bbox 858 5707 985 5761; x_wconf 84' lang='lat' dir='ltr'><strong>ergo</strong></span> <span class='ocrx_word' id='word_1_614' title='bbox 1033 5705 1092 5746; x_wconf 88' lang='lat' dir='ltr'><strong>se</strong></span> <span class='ocrx_word' id='word_1_615' title='bbox 1130 5692 1197 5746; x_wconf 91' lang='lat' dir='ltr'><strong>de</strong></span> <span class='ocrx_word' id='word_1_616' title='bbox 1238 5702 1374 5747; x_wconf 87' lang='lat' dir='ltr'><strong>terra</strong></span> <span class='ocrx_word' id='word_1_617' title='bbox 1427 5710 1544 5751; x_wconf 88' lang='lat' dir='ltr'><strong>esse</strong></span> <span class='ocrx_word' id='word_1_618' title='bbox 1582 5696 1761 5752; x_wconf 82' lang='lat' dir='ltr'><strong>dicit?</strong></span> <span class='ocrx_word' id='word_1_619' title='bbox 1798 5698 1938 5754; x_wconf 82' lang='lat' dir='ltr'><strong>Nihil</strong></span> <span class='ocrx_word' id='word_1_620' title='bbox 1977 5700 2117 5757; x_wconf 89' lang='lat' dir='ltr'><strong>aliud</strong></span> 
     </span>
    </p>
   </div>
   <div class='ocr_carea' id='block_1_77' title="bbox 544 5784 2109 5865">
    <p class='ocr_par' dir='ltr' id='par_1_77' title="bbox 544 5784 2109 5865">
     <span class='ocr_line' id='line_1_77' title="bbox 544 5784 2109 5865; baseline 0.008 -26"><span class='ocrx_word' id='word_1_621' title='bbox 544 5784 627 5839; x_wconf 90' lang='lat' dir='ltr'><strong>his</strong></span> <span class='ocrx_word' id='word_1_622' title='bbox 659 5784 987 5854; x_wconf 86' lang='lat' dir='ltr'><strong>signiﬁcatur</strong></span> <span class='ocrx_word' id='word_1_623' title='bbox 1024 5798 1223 5855; x_wconf 84' lang='lat' dir='ltr'><strong>quant,</strong></span> <span class='ocrx_word' id='word_1_624' title='bbox 1266 5785 1463 5843; x_wconf 79' lang='lat' dir='ltr'><strong>Parvus</strong></span> <span class='ocrx_word' id='word_1_625' title='bbox 1502 5803 1619 5844; x_wconf 88' lang='lat' dir='ltr'><strong>sum</strong></span> <span class='ocrx_word' id='word_1_626' title='bbox 1659 5799 1714 5847; x_wconf 90' lang='lat' dir='ltr'><strong>et</strong></span> <span class='ocrx_word' id='word_1_627' title='bbox 1752 5792 1946 5849; x_wconf 89' lang='lat' dir='ltr'><strong>nullius</strong></span> <span class='ocrx_word' id='word_1_628' title='bbox 1986 5808 2109 5865; x_wconf 86' lang='lat' dir='ltr'><strong>pre-</strong></span> 
     </span>
    </p>
   </div>
   <div class='ocr_carea' id='block_1_78' title="bbox 2233 2315 3811 2387">
    <p class='ocr_par' dir='ltr' id='par_1_78' title="bbox 2233 2315 3811 2387">
     <span class='ocr_line' id='line_1_78' title="bbox 2233 2315 3811 2387; baseline 0.001 -18"><span class='ocrx_word' id='word_1_629' title='bbox 2233 2315 2288 2369; x_wconf 90' lang='lat' dir='ltr'><strong>tii</strong></span> <span class='ocrx_word' id='word_1_630' title='bbox 2314 2357 2328 2383; x_wconf 95' lang='lat'><strong>,</strong></span> <span class='ocrx_word' id='word_1_631' title='bbox 2374 2325 2555 2386; x_wconf 83' lang='lat' dir='ltr'><strong>utpote</strong></span> <span class='ocrx_word' id='word_1_632' title='bbox 2595 2320 2684 2387; x_wconf 91' lang='lat' dir='ltr'><strong>qui</strong></span> <span class='ocrx_word' id='word_1_633' title='bbox 2726 2319 2870 2371; x_wconf 90' lang='lat' dir='ltr'><strong>huntt</strong></span> <span class='ocrx_word' id='word_1_634' title='bbox 2920 2332 3100 2387; x_wconf 87' lang='lat' dir='ltr'><strong>repam</strong></span> <span class='ocrx_word' id='word_1_635' title='bbox 3132 2326 3184 2371; x_wconf 90' lang='lat' dir='ltr'><strong>et</strong></span> <span class='ocrx_word' id='word_1_636' title='bbox 3212 2316 3264 2371; x_wconf 90' lang='lat' dir='ltr'><strong>itt</strong></span> <span class='ocrx_word' id='word_1_637' title='bbox 3298 2326 3436 2372; x_wconf 89' lang='lat' dir='ltr'><strong>terra</strong></span> <span class='ocrx_word' id='word_1_638' title='bbox 3471 2326 3627 2372; x_wconf 84' lang='lat' dir='ltr'><strong>natus</strong></span> <span class='ocrx_word' id='word_1_639' title='bbox 3671 2318 3772 2373; x_wconf 89' lang='lat' dir='ltr'><strong>sim</strong></span> <span class='ocrx_word' id='word_1_640' title='bbox 3797 2359 3811 2385; x_wconf 92' lang='lat'><strong>,</strong></span> 
     </span>
    </p>
   </div>
   <div class='ocr_carea' id='block_1_79' title="bbox 2230 2405 3815 2479">
    <p class='ocr_par' dir='ltr' id='par_1_79' title="bbox 2230 2405 3815 2479">
     <span class='ocr_line' id='line_1_79' title="bbox 2230 2405 3815 2479; baseline 0.002 -16"><span class='ocrx_word' id='word_1_641' title='bbox 2230 2405 2478 2464; x_wconf 88' lang='lat' dir='ltr'><strong>Christus</strong></span> <span class='ocrx_word' id='word_1_642' title='bbox 2503 2422 2680 2463; x_wconf 88' lang='lat' dir='ltr'><strong>autem</strong></span> <span class='ocrx_word' id='word_1_643' title='bbox 2707 2410 2772 2467; x_wconf 88' lang='lat' dir='ltr'><strong>ad</strong></span> <span class='ocrx_word' id='word_1_644' title='bbox 2802 2426 2899 2465; x_wconf 80' lang='lat' dir='ltr'><strong>nos</strong></span> <span class='ocrx_word' id='word_1_645' title='bbox 2928 2410 2995 2467; x_wconf 90' lang='lat' dir='ltr'><strong>de</strong></span> <span class='ocrx_word' id='word_1_646' title='bbox 3033 2409 3165 2465; x_wconf 70' lang='lat' dir='ltr'><strong>caelo</strong></span> <span class='ocrx_word' id='word_1_647' title='bbox 3211 2410 3375 2471; x_wconf 85' lang='lat' dir='ltr'><strong>venit.</strong></span> <span class='ocrx_word' id='word_1_648' title='bbox 3408 2406 3539 2472; x_wconf 88' lang='lat' dir='ltr'><strong>Cum</strong></span> <span class='ocrx_word' id='word_1_649' title='bbox 3578 2425 3672 2479; x_wconf 85' lang='lat' dir='ltr'><strong>per</strong></span> <span class='ocrx_word' id='word_1_650' title='bbox 3701 2408 3815 2470; x_wconf 75' lang='lat' dir='ltr'><strong>lure</strong></span> 
     </span>
    </p>
   </div>
   <div class='ocr_carea' id='block_1_80' title="bbox 2231 2500 3815 2571">
    <p class='ocr_par' dir='ltr' id='par_1_80' title="bbox 2231 2500 3815 2571">
     <span class='ocr_line' id='line_1_80' title="bbox 2231 2500 3815 2571; baseline -0.001 -15"><span class='ocrx_word' id='word_1_651' title='bbox 2231 2500 2410 2556; x_wconf 90' lang='lat' dir='ltr'><strong>omnia</strong></span> <span class='ocrx_word' id='word_1_652' title='bbox 2455 2515 2640 2556; x_wconf 89' lang='lat' dir='ltr'><strong>eorum</strong></span> <span class='ocrx_word' id='word_1_653' title='bbox 2679 2501 2923 2556; x_wconf 90' lang='lat' dir='ltr'><strong>morbum</strong></span> <span class='ocrx_word' id='word_1_654' title='bbox 2951 2501 3325 2567; x_wconf 78' lang='lat' dir='ltr'><strong>restinxisset,</strong></span> <span class='ocrx_word' id='word_1_655' title='bbox 3356 2516 3478 2559; x_wconf 80' lang='lat' dir='ltr'><strong>cum</strong></span> <span class='ocrx_word' id='word_1_656' title='bbox 3522 2500 3726 2571; x_wconf 90' lang='lat' dir='ltr'><strong>majore</strong></span> <span class='ocrx_word' id='word_1_657' title='bbox 3753 2502 3815 2555; x_wconf 85' lang='lat' dir='ltr'><strong>li-</strong></span> 
     </span>
    </p>
   </div>
   <div class='ocr_carea' id='block_1_81' title="bbox 2230 2591 3812 2673">
    <p class='ocr_par' dir='ltr' id='par_1_81' title="bbox 2230 2591 3812 2673">
     <span class='ocr_line' id='line_1_81' title="bbox 2230 2591 3812 2673; baseline 0 -26"><span class='ocrx_word' id='word_1_658' title='bbox 2230 2592 2383 2653; x_wconf 88' lang='lat' dir='ltr'><strong>ducia</strong></span> <span class='ocrx_word' id='word_1_659' title='bbox 2424 2592 2492 2648; x_wconf 93' lang='lat' dir='ltr'><strong>de</strong></span> <span class='ocrx_word' id='word_1_660' title='bbox 2520 2591 2736 2649; x_wconf 91' lang='lat' dir='ltr'><strong>Christo</strong></span> <span class='ocrx_word' id='word_1_661' title='bbox 2784 2595 3035 2672; x_wconf 86' lang='lat' dir='ltr'><strong>loquitur.</strong></span> <span class='ocrx_word' id='word_1_662' title='bbox 3085 2597 3256 2650; x_wconf 84' lang='lat' dir='ltr'><strong>Antea</strong></span> <span class='ocrx_word' id='word_1_663' title='bbox 3301 2594 3442 2657; x_wconf 83' lang='lat' dir='ltr'><strong>enim</strong></span> <span class='ocrx_word' id='word_1_664' title='bbox 3486 2594 3812 2673; x_wconf 78' lang='lat' dir='ltr'><strong>superﬂuum</strong></span> 
     </span>
    </p>
   </div>
   <div class='ocr_carea' id='block_1_82' title="bbox 2229 2680 3812 2754">
    <p class='ocr_par' dir='ltr' id='par_1_82' title="bbox 2229 2680 3812 2754">
     <span class='ocr_line' id='line_1_82' title="bbox 2229 2680 3812 2754; baseline 0.001 -19"><span class='ocrx_word' id='word_1_665' title='bbox 2229 2680 2413 2737; x_wconf 79' lang='lat' dir='ltr'><strong>fuisset</strong></span> <span class='ocrx_word' id='word_1_666' title='bbox 2445 2682 2603 2737; x_wconf 89' lang='lat' dir='ltr'><strong>verba</strong></span> <span class='ocrx_word' id='word_1_667' title='bbox 2650 2682 2972 2754; x_wconf 81' lang='lat' dir='ltr'><strong>profundere</strong></span> <span class='ocrx_word' id='word_1_668' title='bbox 2995 2726 3009 2753; x_wconf 91' lang='lat'><strong>,</strong></span> <span class='ocrx_word' id='word_1_669' title='bbox 3048 2699 3168 2744; x_wconf 90' lang='lat' dir='ltr'><strong>cum</strong></span> <span class='ocrx_word' id='word_1_670' title='bbox 3212 2685 3325 2741; x_wconf 78' lang='lat' dir='ltr'><strong>luce</strong></span> <span class='ocrx_word' id='word_1_671' title='bbox 3362 2685 3415 2739; x_wconf 88' lang='lat' dir='ltr'><strong>itt</strong></span> <span class='ocrx_word' id='word_1_672' title='bbox 3448 2694 3629 2751; x_wconf 83' lang='lat' dir='ltr'><strong>mente</strong></span> <span class='ocrx_word' id='word_1_673' title='bbox 3657 2684 3812 2745; x_wconf 85' lang='lat' dir='ltr'><strong>audi-</strong></span> 
     </span>
    </p>
   </div>
   <div class='ocr_carea' id='block_1_83' title="bbox 2227 2773 3813 2855">
    <p class='ocr_par' dir='ltr' id='par_1_83' title="bbox 2227 2773 3813 2855">
     <span class='ocr_line' id='line_1_83' title="bbox 2227 2773 3813 2855; baseline 0.003 -28"><span class='ocrx_word' id='word_1_674' title='bbox 2227 2782 2400 2828; x_wconf 91' lang='lat' dir='ltr'><strong>torum</strong></span> <span class='ocrx_word' id='word_1_675' title='bbox 2444 2773 2619 2829; x_wconf 90' lang='lat' dir='ltr'><strong>locum</strong></span> <span class='ocrx_word' id='word_1_676' title='bbox 2668 2776 2911 2836; x_wconf 79' lang='lat' dir='ltr'><strong>itthnire</strong></span> <span class='ocrx_word' id='word_1_677' title='bbox 2949 2790 3055 2843; x_wconf 81' lang='lat' dir='ltr'><strong>non</strong></span> <span class='ocrx_word' id='word_1_678' title='bbox 3100 2788 3319 2849; x_wconf 85' lang='lat' dir='ltr'><strong>possent</strong></span> <span class='ocrx_word' id='word_1_679' title='bbox 3351 2795 3364 2832; x_wconf 90' lang='lat'><strong>:</strong></span> <span class='ocrx_word' id='word_1_680' title='bbox 3396 2786 3675 2855; x_wconf 88' lang='lat' dir='ltr'><strong>postquam</strong></span> <span class='ocrx_word' id='word_1_681' title='bbox 3720 2794 3813 2846; x_wconf 79' lang='lat' dir='ltr'><strong>au-</strong></span> 
     </span>
    </p>
   </div>
   <div class='ocr_carea' id='block_1_84' title="bbox 2226 2866 3813 2944">
    <p class='ocr_par' dir='ltr' id='par_1_84' title="bbox 2226 2866 3813 2944">
     <span class='ocr_line' id='line_1_84' title="bbox 2226 2866 3813 2944; baseline 0.003 -27"><span class='ocrx_word' id='word_1_682' title='bbox 2226 2870 2331 2917; x_wconf 91' lang='lat' dir='ltr'><strong>tem</strong></span> <span class='ocrx_word' id='word_1_683' title='bbox 2381 2866 2560 2932; x_wconf 86' lang='lat' dir='ltr'><strong>spinas</strong></span> <span class='ocrx_word' id='word_1_684' title='bbox 2609 2866 2820 2929; x_wconf 86' lang='lat' dir='ltr'><strong>evulsit.</strong></span> <span class='ocrx_word' id='word_1_685' title='bbox 2863 2866 2972 2944; x_wconf 88' lang='lat' dir='ltr'><strong>jam</strong></span> <span class='ocrx_word' id='word_1_686' title='bbox 3009 2866 3343 2929; x_wconf 87' lang='lat' dir='ltr'><strong>conﬁdenter</strong></span> <span class='ocrx_word' id='word_1_687' title='bbox 3384 2867 3591 2933; x_wconf 81' lang='lat' dir='ltr'><strong>semina</strong></span> <span class='ocrx_word' id='word_1_688' title='bbox 3632 2869 3813 2937; x_wconf 79' lang='lat' dir='ltr'><strong>jacere</strong></span> 
     </span>
    </p>
   </div>
   <div class='ocr_carea' id='block_1_85' title="bbox 2228 2953 3813 3031">
    <p class='ocr_par' dir='ltr' id='par_1_85' title="bbox 2228 2953 3813 3031">
     <span class='ocr_line' id='line_1_85' title="bbox 2228 2953 3813 3031; baseline 0.005 -25"><span class='ocrx_word' id='word_1_689' title='bbox 2228 2953 2411 3021; x_wconf 88' lang='lat' dir='ltr'><strong>incipit</strong></span> <span class='ocrx_word' id='word_1_690' title='bbox 2440 2954 2522 3008; x_wconf 91' lang='lat' dir='ltr'><strong>his</strong></span> <span class='ocrx_word' id='word_1_691' title='bbox 2555 2956 2728 3010; x_wconf 87' lang='lat' dir='ltr'><strong>verbis</strong></span> <span class='ocrx_word' id='word_1_692' title='bbox 2750 2975 2764 3010; x_wconf 70' lang='grc' dir='ltr'>ε</span> <span class='ocrx_word' id='word_1_693' title='bbox 2792 2956 2889 3031; x_wconf 79' lang='lat' dir='ltr'><strong>Qui</strong></span> <span class='ocrx_word' id='word_1_694' title='bbox 2910 2958 2975 3021; x_wconf 82' lang='lat' dir='ltr'><strong>de</strong></span> <span class='ocrx_word' id='word_1_695' title='bbox 3003 2957 3126 3012; x_wconf 82' lang='lat' dir='ltr'><strong>ca&#39;lo</strong></span> <span class='ocrx_word' id='word_1_696' title='bbox 3147 2958 3300 3024; x_wconf 81' lang='lat' dir='ltr'><strong>venit,</strong></span> <span class='ocrx_word' id='word_1_697' title='bbox 3326 2966 3485 3027; x_wconf 73' lang='lat' dir='ltr'><strong>super</strong></span> <span class='ocrx_word' id='word_1_698' title='bbox 3511 2975 3681 3013; x_wconf 75' lang='lat' dir='ltr'><strong>omnes</strong></span> <span class='ocrx_word' id='word_1_699' title='bbox 3703 2970 3813 3026; x_wconf 79' lang='lat' dir='ltr'><strong>est;</strong></span> 
     </span>
    </p>
   </div>
   <div class='ocr_carea' id='block_1_86' title="bbox 2227 3040 3809 3119">
    <p class='ocr_par' dir='ltr' id='par_1_86' title="bbox 2227 3040 3809 3119">
     <span class='ocr_line' id='line_1_86' title="bbox 2227 3040 3809 3119; baseline 0.003 -22"><span class='ocrx_word' id='word_1_700' title='bbox 2227 3040 2314 3097; x_wconf 73' lang='lat'><strong>32.</strong></span> <span class='ocrx_word' id='word_1_701' title='bbox 2347 3051 2394 3095; x_wconf 88' lang='lat' dir='ltr'><strong>et</strong></span> <span class='ocrx_word' id='word_1_702' title='bbox 2418 3045 2553 3119; x_wconf 83' lang='lat' dir='ltr'><strong>quod</strong></span> <span class='ocrx_word' id='word_1_703' title='bbox 2590 3044 2711 3099; x_wconf 78' lang='lat' dir='ltr'><strong>vidit</strong></span> <span class='ocrx_word' id='word_1_704' title='bbox 2738 3056 2783 3098; x_wconf 86' lang='lat' dir='ltr'><strong>ct</strong></span> <span class='ocrx_word' id='word_1_705' title='bbox 2812 3047 3024 3112; x_wconf 75' lang='lat' dir='ltr'><strong>audivit,</strong></span> <span class='ocrx_word' id='word_1_706' title='bbox 3055 3048 3149 3100; x_wconf 82' lang='lat' dir='ltr'><strong>hoc</strong></span> <span class='ocrx_word' id='word_1_707' title='bbox 3178 3048 3495 3116; x_wconf 76' lang='lat' dir='ltr'><strong>testiﬁcatur,</strong></span> <span class='ocrx_word' id='word_1_708' title='bbox 3519 3060 3564 3102; x_wconf 89' lang='lat' dir='ltr'><strong>et</strong></span> <span class='ocrx_word' id='word_1_709' title='bbox 3586 3051 3809 3103; x_wconf 79' lang='lat' dir='ltr'><strong>testimo-</strong></span> 
     </span>
    </p>
   </div>
   <div class='ocr_carea' id='block_1_87' title="bbox 2226 3135 3811 3209">
    <p class='ocr_par' dir='ltr' id='par_1_87' title="bbox 2226 3135 3811 3209">
     <span class='ocr_line' id='line_1_87' title="bbox 2226 3135 3811 3209; baseline 0.006 -22"><span class='ocrx_word' id='word_1_710' title='bbox 2226 3135 2364 3187; x_wconf 82' lang='lat' dir='ltr'><strong>nium</strong></span> <span class='ocrx_word' id='word_1_711' title='bbox 2393 3136 2502 3204; x_wconf 85' lang='lat' dir='ltr'><strong>ejus</strong></span> <span class='ocrx_word' id='word_1_712' title='bbox 2531 3152 2676 3195; x_wconf 84' lang='lat' dir='ltr'><strong>neuto</strong></span> <span class='ocrx_word' id='word_1_713' title='bbox 2703 3138 2907 3207; x_wconf 82' lang='lat' dir='ltr'><strong>accipit.</strong></span> <span class='ocrx_word' id='word_1_714' title='bbox 2941 3138 3184 3207; x_wconf 78' lang='lat' dir='ltr'><strong>Magnum</strong></span> <span class='ocrx_word' id='word_1_715' title='bbox 3222 3138 3349 3209; x_wconf 90' lang='lat' dir='ltr'><strong>quid</strong></span> <span class='ocrx_word' id='word_1_716' title='bbox 3393 3147 3449 3195; x_wconf 91' lang='lat' dir='ltr'><strong>et</strong></span> <span class='ocrx_word' id='word_1_717' title='bbox 3485 3139 3717 3196; x_wconf 87' lang='lat' dir='ltr'><strong>sublime</strong></span> <span class='ocrx_word' id='word_1_718' title='bbox 3741 3140 3811 3196; x_wconf 86' lang='lat' dir='ltr'><strong>de</strong></span> 
     </span>
    </p>
   </div>
   <div class='ocr_carea' id='block_1_88' title="bbox 2224 3214 3808 3305">
    <p class='ocr_par' dir='ltr' id='par_1_88' title="bbox 2224 3214 3808 3305">
     <span class='ocr_line' id='line_1_88' title="bbox 2224 3214 3808 3305; baseline 0.004 -26"><span class='ocrx_word' id='word_1_719' title='bbox 2224 3225 2340 3305; x_wconf 82' lang='lat' dir='ltr'><strong>ipso</strong></span> <span class='ocrx_word' id='word_1_720' title='bbox 2368 3226 2616 3297; x_wconf 88' lang='lat' dir='ltr'><strong>loquutus</strong></span> <span class='ocrx_word' id='word_1_721' title='bbox 2641 3268 2654 3291; x_wconf 95' lang='lat'><strong>,</strong></span> <span class='ocrx_word' id='word_1_722' title='bbox 2688 3242 2874 3282; x_wconf 90' lang='lat' dir='ltr'><strong>rursus</strong></span> <span class='ocrx_word' id='word_1_723' title='bbox 2919 3228 2984 3283; x_wconf 90' lang='lat' dir='ltr'><strong>ad</strong></span> <span class='ocrx_word' id='word_1_724' title='bbox 3013 3214 3298 3284; x_wconf 84' lang='lat' dir='ltr'><strong>humiliora</strong></span> <span class='ocrx_word' id='word_1_725' title='bbox 3347 3230 3518 3301; x_wconf 88' lang='lat' dir='ltr'><strong>pergit</strong></span> <span class='ocrx_word' id='word_1_726' title='bbox 3546 3247 3559 3285; x_wconf 90' lang='lat'><strong>:</strong></span> <span class='ocrx_word' id='word_1_727' title='bbox 3590 3245 3710 3286; x_wconf 82' lang='lat' dir='ltr'><strong>nam</strong></span> <span class='ocrx_word' id='word_1_728' title='bbox 3743 3230 3808 3285; x_wconf 87' lang='lat' dir='ltr'><strong>il-</strong></span> 
     </span>
    </p>
   </div>
   <div class='ocr_carea' id='block_1_89' title="bbox 2225 3315 3807 3385">
    <p class='ocr_par' dir='ltr' id='par_1_89' title="bbox 2225 3315 3807 3385">
     <span class='ocr_line' id='line_1_89' title="bbox 2225 3315 3807 3385; baseline 0.005 -14"><span class='ocrx_word' id='word_1_729' title='bbox 2225 3315 2313 3371; x_wconf 89' lang='lat' dir='ltr'><strong>lud</strong></span> <span class='ocrx_word' id='word_1_730' title='bbox 2335 3357 2350 3381; x_wconf 92' lang='lat'><strong>,</strong></span> <span class='ocrx_word' id='word_1_731' title='bbox 2386 3315 2534 3382; x_wconf 79' lang='lat' dir='ltr'><strong>Quod</strong></span> <span class='ocrx_word' id='word_1_732' title='bbox 2558 3318 2748 3371; x_wconf 77' lang='lat' dir='ltr'><strong>audiuit</strong></span> <span class='ocrx_word' id='word_1_733' title='bbox 2773 3329 2820 3372; x_wconf 84' lang='lat' dir='ltr'><strong>et</strong></span> <span class='ocrx_word' id='word_1_734' title='bbox 2844 3320 2998 3385; x_wconf 78' lang='lat' dir='ltr'><strong>uidit,</strong></span> <span class='ocrx_word' id='word_1_735' title='bbox 3031 3319 3316 3376; x_wconf 85' lang='lat' dir='ltr'><strong>humanius</strong></span> <span class='ocrx_word' id='word_1_736' title='bbox 3341 3320 3542 3378; x_wconf 85' lang='lat' dir='ltr'><strong>dictum</strong></span> <span class='ocrx_word' id='word_1_737' title='bbox 3568 3333 3670 3378; x_wconf 87' lang='lat' dir='ltr'><strong>est.</strong></span> <span class='ocrx_word' id='word_1_738' title='bbox 3701 3322 3807 3379; x_wconf 78' lang='lat' dir='ltr'><strong>Nc-</strong></span> 
     </span>
    </p>
   </div>
   <div class='ocr_carea' id='block_1_90' title="bbox 2222 3408 3812 3495">
    <p class='ocr_par' dir='ltr' id='par_1_90' title="bbox 2222 3408 3812 3495">
     <span class='ocr_line' id='line_1_90' title="bbox 2222 3408 3812 3495; baseline 0.006 -33"><span class='ocrx_word' id='word_1_739' title='bbox 2222 3422 2324 3477; x_wconf 90' lang='lat' dir='ltr'><strong>que</strong></span> <span class='ocrx_word' id='word_1_740' title='bbox 2349 3408 2489 3463; x_wconf 89' lang='lat' dir='ltr'><strong>enim</strong></span> <span class='ocrx_word' id='word_1_741' title='bbox 2512 3424 2575 3463; x_wconf 79' lang='lat' dir='ltr'><strong>ex</strong></span> <span class='ocrx_word' id='word_1_742' title='bbox 2610 3410 2727 3465; x_wconf 92' lang='lat' dir='ltr'><strong>visu</strong></span> <span class='ocrx_word' id='word_1_743' title='bbox 2754 3412 2837 3466; x_wconf 90' lang='lat' dir='ltr'><strong>vel</strong></span> <span class='ocrx_word' id='word_1_744' title='bbox 2870 3411 3054 3466; x_wconf 91' lang='lat' dir='ltr'><strong>auditu</strong></span> <span class='ocrx_word' id='word_1_745' title='bbox 3086 3412 3173 3467; x_wconf 90' lang='lat' dir='ltr'><strong>illa</strong></span> <span class='ocrx_word' id='word_1_746' title='bbox 3199 3428 3319 3483; x_wconf 77' lang='lat' dir='ltr'><strong>qua:</strong></span> <span class='ocrx_word' id='word_1_747' title='bbox 3360 3414 3564 3470; x_wconf 86' lang='lat' dir='ltr'><strong>sciebat</strong></span> <span class='ocrx_word' id='word_1_748' title='bbox 3587 3429 3812 3495; x_wconf 88' lang='lat' dir='ltr'><strong>accepe-</strong></span> 
     </span>
    </p>
   </div>
   <div class='ocr_carea' id='block_1_91' title="bbox 2223 3500 3809 3575">
    <p class='ocr_par' dir='ltr' id='par_1_91' title="bbox 2223 3500 3809 3575">
     <span class='ocr_line' id='line_1_91' title="bbox 2223 3500 3809 3575; baseline 0.006 -22"><span class='ocrx_word' id='word_1_749' title='bbox 2223 3506 2307 3553; x_wconf 88' lang='lat' dir='ltr'><strong>rat</strong></span> <span class='ocrx_word' id='word_1_750' title='bbox 2340 3515 2354 3566; x_wconf 93' lang='lat'><strong>;</strong></span> <span class='ocrx_word' id='word_1_751' title='bbox 2396 3500 2489 3554; x_wconf 87' lang='lat' dir='ltr'><strong>sed</strong></span> <span class='ocrx_word' id='word_1_752' title='bbox 2523 3500 2574 3555; x_wconf 91' lang='lat' dir='ltr'><strong>in</strong></span> <span class='ocrx_word' id='word_1_753' title='bbox 2602 3509 2788 3556; x_wconf 87' lang='lat' dir='ltr'><strong>natura</strong></span> <span class='ocrx_word' id='word_1_754' title='bbox 2819 3510 2990 3557; x_wconf 90' lang='lat' dir='ltr'><strong>totum</strong></span> <span class='ocrx_word' id='word_1_755' title='bbox 3038 3502 3288 3567; x_wconf 90' lang='lat' dir='ltr'><strong>habebat,</strong></span> <span class='ocrx_word' id='word_1_756' title='bbox 3329 3504 3418 3574; x_wconf 91' lang='lat' dir='ltr'><strong>qui</strong></span> <span class='ocrx_word' id='word_1_757' title='bbox 3447 3506 3718 3575; x_wconf 82' lang='lat' dir='ltr'><strong>perlectus</strong></span> <span class='ocrx_word' id='word_1_758' title='bbox 3741 3521 3809 3562; x_wconf 83' lang='lat' dir='ltr'><strong>ex</strong></span> 
     </span>
    </p>
   </div>
   <div class='ocr_carea' id='block_1_92' title="bbox 2224 3588 3807 3664">
    <p class='ocr_par' dir='ltr' id='par_1_92' title="bbox 2224 3588 3807 3664">
     <span class='ocr_line' id='line_1_92' title="bbox 2224 3588 3807 3664; baseline 0.006 -22"><span class='ocrx_word' id='word_1_759' title='bbox 2224 3588 2343 3643; x_wconf 89' lang='lat' dir='ltr'><strong>sinu</strong></span> <span class='ocrx_word' id='word_1_760' title='bbox 2377 3598 2597 3659; x_wconf 86' lang='lat' dir='ltr'><strong>paterno</strong></span> <span class='ocrx_word' id='word_1_761' title='bbox 2627 3590 2827 3647; x_wconf 81' lang='lat' dir='ltr'><strong>exierat</strong></span> <span class='ocrx_word' id='word_1_762' title='bbox 2850 3634 2863 3658; x_wconf 97' lang='lat'><strong>,</strong></span> <span class='ocrx_word' id='word_1_763' title='bbox 2908 3607 3006 3648; x_wconf 89' lang='lat' dir='ltr'><strong>nec</strong></span> <span class='ocrx_word' id='word_1_764' title='bbox 3032 3593 3222 3664; x_wconf 85' lang='lat' dir='ltr'><strong>egebat</strong></span> <span class='ocrx_word' id='word_1_765' title='bbox 3248 3592 3469 3651; x_wconf 88' lang='lat' dir='ltr'><strong>doctore</strong></span> <span class='ocrx_word' id='word_1_766' title='bbox 3500 3612 3513 3649; x_wconf 88' lang='lat'><strong>:</strong></span> <span class='ocrx_word' id='word_1_767' title='bbox 3547 3612 3668 3651; x_wconf 82' lang='lat' dir='ltr'><strong>nam</strong></span> <span class='ocrx_word' id='word_1_768' title='bbox 3696 3598 3807 3663; x_wconf 81' lang='lat' dir='ltr'><strong>sit,</strong></span> 
     </span>
    </p>
   </div>
   <div class='ocr_carea' id='block_1_93' title="bbox 2225 3680 3805 3757">
    <p class='ocr_par' dir='ltr' id='par_1_93' title="bbox 2225 3680 3805 3757">
     <span class='ocr_line' id='line_1_93' title="bbox 2225 3680 3805 3757; baseline 0.004 -20"><span class='ocrx_word' id='word_1_769' title='bbox 2225 3680 2371 3737; x_wconf 85' lang='lat' dir='ltr'><strong>Sicut</strong></span> <span class='ocrx_word' id='word_1_770' title='bbox 2410 3684 2544 3736; x_wconf 83' lang='lat' dir='ltr'><strong>novit</strong></span> <span class='ocrx_word' id='word_1_771' title='bbox 2588 3699 2666 3736; x_wconf 86' lang='lat' dir='ltr'><strong>me</strong></span> <span class='ocrx_word' id='word_1_772' title='bbox 2706 3681 2891 3749; x_wconf 82' lang='lat' dir='ltr'><strong>Pater,</strong></span> <span class='ocrx_word' id='word_1_773' title='bbox 2939 3686 3010 3737; x_wconf 87' lang='lat' dir='ltr'><strong>ita</strong></span> <span class='ocrx_word' id='word_1_774' title='bbox 3053 3695 3100 3738; x_wconf 85' lang='lat' dir='ltr'><strong>et</strong></span> <span class='ocrx_word' id='word_1_775' title='bbox 3147 3702 3238 3756; x_wconf 87' lang='lat' dir='ltr'><strong>ego</strong></span> <span class='ocrx_word' id='word_1_776' title='bbox 3284 3703 3529 3757; x_wconf 80' lang='lat' dir='ltr'><strong>cognosco</strong></span> <span class='ocrx_word' id='word_1_777' title='bbox 3579 3687 3805 3743; x_wconf 80' lang='lat' dir='ltr'><strong>Patrem.</strong></span> 
     </span>
    </p>
   </div>
   <div class='ocr_carea' id='block_1_94' title="bbox 2223 3763 3808 3861">
    <p class='ocr_par' dir='ltr' id='par_1_94' title="bbox 2223 3763 3808 3861">
     <span class='ocr_line' id='line_1_94' title="bbox 2223 3763 3808 3861; baseline 0.006 -32"><span class='ocrx_word' id='word_1_778' title='bbox 2223 3773 2358 3843; x_wconf 85' lang='lat' dir='ltr'><strong>Quid</strong></span> <span class='ocrx_word' id='word_1_779' title='bbox 2394 3790 2523 3846; x_wconf 87' lang='lat' dir='ltr'><strong>ergo</strong></span> <span class='ocrx_word' id='word_1_780' title='bbox 2567 3776 2831 3846; x_wconf 83' lang='lat' dir='ltr'><strong>signiﬁcat</strong></span> <span class='ocrx_word' id='word_1_781' title='bbox 2867 3778 3016 3843; x_wconf 90' lang='lat' dir='ltr'><strong>illud,</strong></span> <span class='ocrx_word' id='word_1_782' title='bbox 3058 3778 3210 3853; x_wconf 82' lang='lat' dir='ltr'><strong>Quod</strong></span> <span class='ocrx_word' id='word_1_783' title='bbox 3244 3763 3458 3845; x_wconf 78' lang='lat' dir='ltr'><strong>audivit,</strong></span> <span class='ocrx_word' id='word_1_784' title='bbox 3487 3780 3728 3861; x_wconf 79' lang='lat' dir='ltr'><strong>loquitur,</strong></span> <span class='ocrx_word' id='word_1_785' title='bbox 3761 3794 3808 3838; x_wconf 82' lang='lat' dir='ltr'><strong>et</strong></span> 
     </span>
    </p>
   </div>
   <div class='ocr_carea' id='block_1_95' title="bbox 2221 3867 3808 3942">
    <p class='ocr_par' dir='ltr' id='par_1_95' title="bbox 2221 3867 3808 3942">
     <span class='ocr_line' id='line_1_95' title="bbox 2221 3867 3808 3942; baseline 0.006 -22"><span class='ocrx_word' id='word_1_786' title='bbox 2221 3868 2356 3936; x_wconf 86' lang='lat' dir='ltr'><strong>quod</strong></span> <span class='ocrx_word' id='word_1_787' title='bbox 2394 3867 2537 3933; x_wconf 84' lang='lat' dir='ltr'><strong>vidit,</strong></span> <span class='ocrx_word' id='word_1_788' title='bbox 2570 3878 2777 3923; x_wconf 75' lang='lat' dir='ltr'><strong>testatur</strong></span> <span class='ocrx_word' id='word_1_789' title='bbox 2804 3870 2829 3923; x_wconf 71' lang='lat'><strong>.9</strong></span> <span class='ocrx_word' id='word_1_790' title='bbox 2864 3870 2994 3937; x_wconf 88' lang='lat' dir='ltr'><strong>Quia</strong></span> <span class='ocrx_word' id='word_1_791' title='bbox 3030 3886 3125 3942; x_wconf 91' lang='lat' dir='ltr'><strong>per</strong></span> <span class='ocrx_word' id='word_1_792' title='bbox 3152 3872 3250 3927; x_wconf 88' lang='lat' dir='ltr'><strong>hos</strong></span> <span class='ocrx_word' id='word_1_793' title='bbox 3286 3887 3478 3939; x_wconf 78' lang='lat' dir='ltr'><strong>sensus</strong></span> <span class='ocrx_word' id='word_1_794' title='bbox 3505 3890 3604 3939; x_wconf 83' lang='lat' dir='ltr'><strong>nos</strong></span> <span class='ocrx_word' id='word_1_795' title='bbox 3629 3876 3808 3935; x_wconf 88' lang='lat' dir='ltr'><strong>omnia</strong></span> 
     </span>
    </p>
   </div>
   <div class='ocr_carea' id='block_1_96' title="bbox 2222 3957 3807 4039">
    <p class='ocr_par' dir='ltr' id='par_1_96' title="bbox 2222 3957 3807 4039">
     <span class='ocr_line' id='line_1_96' title="bbox 2222 3957 3807 4039; baseline 0.008 -26"><span class='ocrx_word' id='word_1_796' title='bbox 2222 3957 2478 4021; x_wconf 86' lang='lat' dir='ltr'><strong>discimus</strong></span> <span class='ocrx_word' id='word_1_797' title='bbox 2517 3968 2763 4015; x_wconf 85' lang='lat' dir='ltr'><strong>accurate</strong></span> <span class='ocrx_word' id='word_1_798' title='bbox 2795 4003 2809 4027; x_wconf 93' lang='lat'><strong>,</strong></span> <span class='ocrx_word' id='word_1_799' title='bbox 2842 3971 2895 4015; x_wconf 95' lang='lat' dir='ltr'><strong>ct</strong></span> <span class='ocrx_word' id='word_1_800' title='bbox 2936 3961 3039 4018; x_wconf 86' lang='lat' dir='ltr'><strong>lide</strong></span> <span class='ocrx_word' id='word_1_801' title='bbox 3068 3962 3213 4034; x_wconf 88' lang='lat' dir='ltr'><strong>digni</strong></span> <span class='ocrx_word' id='word_1_802' title='bbox 3255 3965 3498 4039; x_wconf 83' lang='lat' dir='ltr'><strong>magistri</strong></span> <span class='ocrx_word' id='word_1_803' title='bbox 3526 3967 3807 4038; x_wconf 85' lang='lat' dir='ltr'><strong>habemur,</strong></span> 
     </span>
    </p>
   </div>
   <div class='ocr_carea' id='block_1_97' title="bbox 2222 4052 3810 4137">
    <p class='ocr_par' dir='ltr' id='par_1_97' title="bbox 2222 4052 3810 4137">
     <span class='ocr_line' id='line_1_97' title="bbox 2222 4052 3810 4137; baseline 0.006 -30"><span class='ocrx_word' id='word_1_804' title='bbox 2222 4052 2363 4107; x_wconf 89' lang='lat' dir='ltr'><strong>circa</strong></span> <span class='ocrx_word' id='word_1_805' title='bbox 2390 4066 2452 4108; x_wconf 88' lang='lat' dir='ltr'><strong>ea</strong></span> <span class='ocrx_word' id='word_1_806' title='bbox 2481 4067 2600 4123; x_wconf 68' lang='lat' dir='ltr'><strong>quin</strong></span> <span class='ocrx_word' id='word_1_807' title='bbox 2641 4053 2722 4107; x_wconf 91' lang='lat' dir='ltr'><strong>vel</strong></span> <span class='ocrx_word' id='word_1_808' title='bbox 2754 4052 2867 4113; x_wconf 84' lang='lat' dir='ltr'><strong>visu</strong></span> <span class='ocrx_word' id='word_1_809' title='bbox 2903 4054 2982 4109; x_wconf 83' lang='lat' dir='ltr'><strong>vel</strong></span> <span class='ocrx_word' id='word_1_810' title='bbox 3009 4055 3199 4114; x_wconf 84' lang='lat' dir='ltr'><strong>auditu</strong></span> <span class='ocrx_word' id='word_1_811' title='bbox 3224 4059 3559 4137; x_wconf 78' lang='lat' dir='ltr'><strong>percepimus</strong></span> <span class='ocrx_word' id='word_1_812' title='bbox 3578 4102 3594 4126; x_wconf 90' lang='lat'><strong>,</strong></span> <span class='ocrx_word' id='word_1_813' title='bbox 3625 4072 3810 4130; x_wconf 85' lang='lat' dir='ltr'><strong>utpote</strong></span> 
     </span>
    </p>
   </div>
   <div class='ocr_carea' id='block_1_98' title="bbox 2223 4144 3809 4223">
    <p class='ocr_par' dir='ltr' id='par_1_98' title="bbox 2223 4144 3809 4223">
     <span class='ocr_line' id='line_1_98' title="bbox 2223 4144 3809 4223; baseline 0.008 -26"><span class='ocrx_word' id='word_1_814' title='bbox 2223 4144 2313 4223; x_wconf 88' lang='lat' dir='ltr'><strong>qui</strong></span> <span class='ocrx_word' id='word_1_815' title='bbox 2357 4158 2455 4199; x_wconf 90' lang='lat' dir='ltr'><strong>nec</strong></span> <span class='ocrx_word' id='word_1_816' title='bbox 2504 4144 2802 4215; x_wconf 82' lang='lat' dir='ltr'><strong>ﬁngamus,</strong></span> <span class='ocrx_word' id='word_1_817' title='bbox 2855 4162 2951 4201; x_wconf 91' lang='lat' dir='ltr'><strong>nec</strong></span> <span class='ocrx_word' id='word_1_818' title='bbox 2991 4146 3120 4202; x_wconf 75' lang='lat' dir='ltr'><strong>falsa</strong></span> <span class='ocrx_word' id='word_1_819' title='bbox 3149 4149 3409 4205; x_wconf 89' lang='lat' dir='ltr'><strong>dicamus.</strong></span> <span class='ocrx_word' id='word_1_820' title='bbox 3447 4150 3500 4205; x_wconf 89' lang='lat' dir='ltr'><strong>Id</strong></span> <span class='ocrx_word' id='word_1_821' title='bbox 3529 4152 3809 4208; x_wconf 90' lang='lat' dir='ltr'><strong>adstruere</strong></span> 
     </span>
    </p>
   </div>
   <div class='ocr_carea' id='block_1_99' title="bbox 2223 4235 3807 4313">
    <p class='ocr_par' dir='ltr' id='par_1_99' title="bbox 2223 4235 3807 4313">
     <span class='ocr_line' id='line_1_99' title="bbox 2223 4235 3807 4313; baseline 0.006 -25"><span class='ocrx_word' id='word_1_822' title='bbox 2223 4235 2411 4295; x_wconf 86' lang='lat' dir='ltr'><strong>volens</strong></span> <span class='ocrx_word' id='word_1_823' title='bbox 2438 4236 2671 4291; x_wconf 81' lang='lat' dir='ltr'><strong>Joannes</strong></span> <span class='ocrx_word' id='word_1_824' title='bbox 2700 4236 2862 4305; x_wconf 77' lang='lat' dir='ltr'><strong>dixit,</strong></span> <span class='ocrx_word' id='word_1_825' title='bbox 2902 4239 3027 4311; x_wconf 69' lang='lat' dir='ltr'><strong>Quae</strong></span> <span class='ocrx_word' id='word_1_826' title='bbox 3057 4240 3249 4294; x_wconf 86' lang='lat' dir='ltr'><strong>audit-it</strong></span> <span class='ocrx_word' id='word_1_827' title='bbox 3276 4253 3323 4295; x_wconf 87' lang='lat' dir='ltr'><strong>et</strong></span> <span class='ocrx_word' id='word_1_828' title='bbox 3363 4242 3506 4313; x_wconf 76' lang='lat' dir='ltr'><strong>vidit,</strong></span> <span class='ocrx_word' id='word_1_829' title='bbox 3540 4254 3596 4298; x_wconf 89' lang='lat' dir='ltr'><strong>ut</strong></span> <span class='ocrx_word' id='word_1_830' title='bbox 3623 4254 3807 4300; x_wconf 89' lang='lat' dir='ltr'><strong>osten-</strong></span> 
     </span>
    </p>
   </div>
   <div class='ocr_carea' id='block_1_100' title="bbox 2225 4326 3809 4400">
    <p class='ocr_par' dir='ltr' id='par_1_100' title="bbox 2225 4326 3809 4400">
     <span class='ocr_line' id='line_1_100' title="bbox 2225 4326 3809 4400; baseline 0.009 -18"><span class='ocrx_word' id='word_1_831' title='bbox 2225 4326 2318 4382; x_wconf 90' lang='lat' dir='ltr'><strong>dat</strong></span> <span class='ocrx_word' id='word_1_832' title='bbox 2361 4328 2490 4383; x_wconf 91' lang='lat' dir='ltr'><strong>nihil</strong></span> <span class='ocrx_word' id='word_1_833' title='bbox 2522 4329 2573 4383; x_wconf 90' lang='lat' dir='ltr'><strong>in</strong></span> <span class='ocrx_word' id='word_1_834' title='bbox 2608 4329 2701 4385; x_wconf 89' lang='lat' dir='ltr'><strong>illo</strong></span> <span class='ocrx_word' id='word_1_835' title='bbox 2736 4332 3022 4400; x_wconf 88' lang='lat' dir='ltr'><strong>mendacii,</strong></span> <span class='ocrx_word' id='word_1_836' title='bbox 3054 4333 3147 4387; x_wconf 89' lang='lat' dir='ltr'><strong>sed</strong></span> <span class='ocrx_word' id='word_1_837' title='bbox 3178 4334 3355 4389; x_wconf 87' lang='lat' dir='ltr'><strong>omnia</strong></span> <span class='ocrx_word' id='word_1_838' title='bbox 3385 4352 3507 4395; x_wconf 89' lang='lat' dir='ltr'><strong>vera</strong></span> <span class='ocrx_word' id='word_1_839' title='bbox 3538 4352 3675 4393; x_wconf 88' lang='lat' dir='ltr'><strong>esse.</strong></span> <span class='ocrx_word' id='word_1_840' title='bbox 3717 4338 3809 4396; x_wconf 86' lang='lat' dir='ltr'><strong>Sic</strong></span> 
     </span>
    </p>
   </div>
   <div class='ocr_carea' id='block_1_101' title="bbox 2224 4421 3810 4494">
    <p class='ocr_par' dir='ltr' id='par_1_101' title="bbox 2224 4421 3810 4494">
     <span class='ocr_line' id='line_1_101' title="bbox 2224 4421 3810 4494; baseline 0.008 -22"><span class='ocrx_word' id='word_1_841' title='bbox 2224 4427 2278 4473; x_wconf 91' lang='lat' dir='ltr'><strong>et</strong></span> <span class='ocrx_word' id='word_1_842' title='bbox 2318 4433 2416 4474; x_wconf 88' lang='lat' dir='ltr'><strong>nos</strong></span> <span class='ocrx_word' id='word_1_843' title='bbox 2442 4434 2584 4490; x_wconf 79' lang='lat' dir='ltr'><strong>stepe</strong></span> <span class='ocrx_word' id='word_1_844' title='bbox 2615 4421 2825 4476; x_wconf 86' lang='lat' dir='ltr'><strong>curiose</strong></span> <span class='ocrx_word' id='word_1_845' title='bbox 2848 4422 3227 4493; x_wconf 85' lang='lat' dir='ltr'><strong>perquirimus.</strong></span> <span class='ocrx_word' id='word_1_846' title='bbox 3262 4425 3415 4481; x_wconf 84' lang='lat' dir='ltr'><strong>Tunc</strong></span> <span class='ocrx_word' id='word_1_847' title='bbox 3442 4428 3655 4494; x_wconf 89' lang='lat' dir='ltr'><strong>audisti,</strong></span> <span class='ocrx_word' id='word_1_848' title='bbox 3682 4440 3810 4485; x_wconf 87' lang='lat' dir='ltr'><strong>tunc</strong></span> 
     </span>
    </p>
   </div>
   <div class='ocr_carea' id='block_1_102' title="bbox 2221 4498 3806 4577">
    <p class='ocr_par' dir='ltr' id='par_1_102' title="bbox 2221 4498 3806 4577">
     <span class='ocr_line' id='line_1_102' title="bbox 2221 4498 3806 4577; baseline 0.009 -14"><span class='ocrx_word' id='word_1_849' title='bbox 2221 4508 2400 4564; x_wconf 86' lang='lat' dir='ltr'><strong>vidisti</strong></span> <span class='ocrx_word' id='word_1_850' title='bbox 2427 4511 2450 4564; x_wconf 69' lang='grc' dir='ltr'><em>ἲ</em></span> <span class='ocrx_word' id='word_1_851' title='bbox 2476 4512 2519 4566; x_wconf 87' lang='lat' dir='ltr'><strong>si</strong></span> <span class='ocrx_word' id='word_1_852' title='bbox 2562 4510 2611 4566; x_wconf 91' lang='lat' dir='ltr'><strong>id</strong></span> <span class='ocrx_word' id='word_1_853' title='bbox 2658 4498 2973 4577; x_wconf 75' lang='lat' dir='ltr'><strong>allii-metor,</strong></span> <span class='ocrx_word' id='word_1_854' title='bbox 3022 4524 3147 4571; x_wconf 91' lang='lat' dir='ltr'><strong>tunc</strong></span> <span class='ocrx_word' id='word_1_855' title='bbox 3187 4525 3392 4572; x_wconf 87' lang='lat' dir='ltr'><strong>certum</strong></span> <span class='ocrx_word' id='word_1_856' title='bbox 3440 4520 3806 4577; x_wconf 88' lang='lat' dir='ltr'><strong>testimonium</strong></span> 
     </span>
    </p>
   </div>
   <div class='ocr_carea' id='block_1_103' title="bbox 2222 4602 3804 4683">
    <p class='ocr_par' dir='ltr' id='par_1_103' title="bbox 2222 4602 3804 4683">
     <span class='ocr_line' id='line_1_103' title="bbox 2222 4602 3804 4683; baseline 0.007 -27"><span class='ocrx_word' id='word_1_857' title='bbox 2222 4602 2561 4659; x_wconf 88' lang='lat' dir='ltr'><strong>habetur.Sic</strong></span> <span class='ocrx_word' id='word_1_858' title='bbox 2573 4613 2624 4659; x_wconf 88' lang='lat' dir='ltr'><strong>et</strong></span> <span class='ocrx_word' id='word_1_859' title='bbox 2643 4604 2756 4675; x_wconf 84' lang='lat' dir='ltr'><strong>ipse</strong></span> <span class='ocrx_word' id='word_1_860' title='bbox 2768 4618 2889 4660; x_wconf 88' lang='lat' dir='ltr'><strong>cum</strong></span> <span class='ocrx_word' id='word_1_861' title='bbox 2907 4606 3054 4672; x_wconf 88' lang='lat' dir='ltr'><strong>dicit,</strong></span> <span class='ocrx_word' id='word_1_862' title='bbox 3078 4607 3223 4664; x_wconf 86' lang='lat' dir='ltr'><strong>Sicut</strong></span> <span class='ocrx_word' id='word_1_863' title='bbox 3239 4609 3414 4673; x_wconf 87' lang='lat' dir='ltr'><strong>audio,</strong></span> <span class='ocrx_word' id='word_1_864' title='bbox 3424 4611 3605 4680; x_wconf 84' lang='lat' dir='ltr'><strong>judico</strong></span> <span class='ocrx_word' id='word_1_865' title='bbox 3626 4611 3804 4683; x_wconf 72' lang='lat' dir='ltr'><strong>(loqu.</strong></span> 
     </span>
    </p>
   </div>
   <div class='ocr_carea' id='block_1_104' title="bbox 2222 4694 3811 4773">
    <p class='ocr_par' dir='ltr' id='par_1_104' title="bbox 2222 4694 3811 4773">
     <span class='ocr_line' id='line_1_104' title="bbox 2222 4694 3811 4773; baseline 0.008 -24"><span class='ocrx_word' id='word_1_866' title='bbox 2222 4694 2273 4749; x_wconf 82' lang='lat'><strong>5.</strong></span> <span class='ocrx_word' id='word_1_867' title='bbox 2303 4694 2425 4765; x_wconf 79' lang='grc'><strong>50),</strong></span> <span class='ocrx_word' id='word_1_868' title='bbox 2454 4704 2525 4763; x_wconf 89' lang='lat' dir='ltr'><strong>et,</strong></span> <span class='ocrx_word' id='word_1_869' title='bbox 2550 4695 2675 4761; x_wconf 80' lang='lat' dir='ltr'><strong>Qua:</strong></span> <span class='ocrx_word' id='word_1_870' title='bbox 2716 4698 2884 4750; x_wconf 83' lang='lat' dir='ltr'><strong>audivi</strong></span> <span class='ocrx_word' id='word_1_871' title='bbox 2928 4716 2958 4751; x_wconf 88' lang='lat' dir='ltr'><strong>a</strong></span> <span class='ocrx_word' id='word_1_872' title='bbox 2986 4698 3144 4756; x_wconf 83' lang='lat' dir='ltr'><strong>Patre</strong></span> <span class='ocrx_word' id='word_1_873' title='bbox 3171 4718 3298 4767; x_wconf 79' lang='lat' dir='ltr'><strong>meo,</strong></span> <span class='ocrx_word' id='word_1_874' title='bbox 3332 4703 3525 4773; x_wconf 83' lang='lat' dir='ltr'><strong>loquor,</strong></span> <span class='ocrx_word' id='word_1_875' title='bbox 3572 4715 3646 4770; x_wconf 89' lang='lat' dir='ltr'><strong>et,</strong></span> <span class='ocrx_word' id='word_1_876' title='bbox 3680 4705 3811 4772; x_wconf 61' lang='lat' dir='ltr'><strong>Qui:</strong></span> 
     </span>
    </p>
   </div>
   <div class='ocr_carea' id='block_1_105' title="bbox 2222 4786 3807 4861">
    <p class='ocr_par' dir='ltr' id='par_1_105' title="bbox 2222 4786 3807 4861">
     <span class='ocr_line' id='line_1_105' title="bbox 2222 4786 3807 4861; baseline 0.009 -23"><span class='ocrx_word' id='word_1_877' title='bbox 2222 4786 2441 4839; x_wconf 79' lang='lat' dir='ltr'><strong>vidimus</strong></span> <span class='ocrx_word' id='word_1_878' title='bbox 2466 4828 2479 4851; x_wconf 94' lang='lat'><strong>,</strong></span> <span class='ocrx_word' id='word_1_879' title='bbox 2513 4788 2765 4857; x_wconf 87' lang='lat' dir='ltr'><strong>loquimur</strong></span> <span class='ocrx_word' id='word_1_880' title='bbox 2796 4789 2814 4859; x_wconf 95' lang='lat'>(</span> <span class='ocrx_word' id='word_1_881' title='bbox 2843 4788 2930 4842; x_wconf 86' lang='lat' dir='ltr'><strong>Id.</strong></span> <span class='ocrx_word' id='word_1_882' title='bbox 2961 4791 3013 4845; x_wconf 87' lang='lat'><strong>8.</strong></span> <span class='ocrx_word' id='word_1_883' title='bbox 3053 4791 3143 4847; x_wconf 77' lang='lat'><strong>‘26.</strong></span> <span class='ocrx_word' id='word_1_884' title='bbox 3185 4804 3229 4847; x_wconf 82' lang='lat' dir='ltr'><strong>et</strong></span> <span class='ocrx_word' id='word_1_885' title='bbox 3260 4794 3313 4848; x_wconf 76' lang='grc'><strong>5.</strong></span> <span class='ocrx_word' id='word_1_886' title='bbox 3346 4794 3404 4847; x_wconf 79' lang='lat' dir='ltr'><strong>il</strong></span> <span class='ocrx_word' id='word_1_887' title='bbox 3435 4794 3489 4861; x_wconf 94' lang='lat'><strong>),</strong></span> <span class='ocrx_word' id='word_1_888' title='bbox 3537 4805 3591 4850; x_wconf 90' lang='lat' dir='ltr'><strong>et</strong></span> <span class='ocrx_word' id='word_1_889' title='bbox 3617 4797 3807 4852; x_wconf 82' lang='lat' dir='ltr'><strong>similia</strong></span> 
     </span>
    </p>
   </div>
   <div class='ocr_carea' id='block_1_106' title="bbox 2221 4877 3807 4957">
    <p class='ocr_par' dir='ltr' id='par_1_106' title="bbox 2221 4877 3807 4957">
     <span class='ocr_line' id='line_1_106' title="bbox 2221 4877 3807 4957; baseline 0.009 -27"><span class='ocrx_word' id='word_1_890' title='bbox 2221 4877 2321 4931; x_wconf 89' lang='lat' dir='ltr'><strong>alia</strong></span> <span class='ocrx_word' id='word_1_891' title='bbox 2370 4878 2624 4957; x_wconf 88' lang='lat' dir='ltr'><strong>loquitur,</strong></span> <span class='ocrx_word' id='word_1_892' title='bbox 2675 4894 2780 4935; x_wconf 91' lang='lat' dir='ltr'><strong>non</strong></span> <span class='ocrx_word' id='word_1_893' title='bbox 2821 4882 2889 4935; x_wconf 89' lang='lat' dir='ltr'><strong>ita</strong></span> <span class='ocrx_word' id='word_1_894' title='bbox 2940 4882 3089 4948; x_wconf 86' lang='lat' dir='ltr'><strong>dicit,</strong></span> <span class='ocrx_word' id='word_1_895' title='bbox 3144 4892 3201 4939; x_wconf 89' lang='lat' dir='ltr'><strong>ut</strong></span> <span class='ocrx_word' id='word_1_896' title='bbox 3242 4884 3510 4942; x_wconf 83' lang='lat' dir='ltr'><strong>discamus</strong></span> <span class='ocrx_word' id='word_1_897' title='bbox 3557 4888 3702 4943; x_wconf 88' lang='lat' dir='ltr'><strong>illunt</strong></span> <span class='ocrx_word' id='word_1_898' title='bbox 3743 4906 3807 4945; x_wconf 87' lang='lat' dir='ltr'><strong>ea</strong></span> 
     </span>
    </p>
   </div>
   <div class='ocr_carea' id='block_1_107' title="bbox 2222 4971 3810 5048">
    <p class='ocr_par' dir='ltr' id='par_1_107' title="bbox 2222 4971 3810 5048">
     <span class='ocr_line' id='line_1_107' title="bbox 2222 4971 3810 5048; baseline 0.011 -26"><span class='ocrx_word' id='word_1_899' title='bbox 2222 4971 2494 5039; x_wconf 79' lang='lat' dir='ltr'><strong>accepisse</strong></span> <span class='ocrx_word' id='word_1_900' title='bbox 2538 4987 2657 5039; x_wconf 76' lang='lat' dir='ltr'><strong>qua:</strong></span> <span class='ocrx_word' id='word_1_901' title='bbox 2699 4972 2827 5027; x_wconf 88' lang='lat' dir='ltr'><strong>dicit</strong></span> <span class='ocrx_word' id='word_1_902' title='bbox 2870 4974 2965 5043; x_wconf 88' lang='lat' dir='ltr'><strong>(id</strong></span> <span class='ocrx_word' id='word_1_903' title='bbox 3010 4976 3156 5029; x_wconf 89' lang='lat' dir='ltr'><strong>enim</strong></span> <span class='ocrx_word' id='word_1_904' title='bbox 3191 4988 3376 5048; x_wconf 79' lang='lat' dir='ltr'><strong>putare</strong></span> <span class='ocrx_word' id='word_1_905' title='bbox 3423 4989 3676 5035; x_wconf 73' lang='lat' dir='ltr'><strong>extrema-</strong></span> <span class='ocrx_word' id='word_1_906' title='bbox 3708 4982 3810 5039; x_wconf 82' lang='lat' dir='ltr'><strong>de-</strong></span> 
     </span>
    </p>
   </div>
   <div class='ocr_carea' id='block_1_108' title="bbox 2223 5063 3809 5143">
    <p class='ocr_par' dir='ltr' id='par_1_108' title="bbox 2223 5063 3809 5143">
     <span class='ocr_line' id='line_1_108' title="bbox 2223 5063 3809 5143; baseline 0.01 -30"><span class='ocrx_word' id='word_1_907' title='bbox 2223 5063 2434 5116; x_wconf 68' lang='lat' dir='ltr'><strong>mentia:</strong></span> <span class='ocrx_word' id='word_1_908' title='bbox 2463 5073 2606 5118; x_wconf 89' lang='lat' dir='ltr'><strong>esset</strong></span> <span class='ocrx_word' id='word_1_909' title='bbox 2643 5063 2699 5135; x_wconf 88' lang='lat'><strong>);</strong></span> <span class='ocrx_word' id='word_1_910' title='bbox 2733 5066 2827 5122; x_wconf 90' lang='lat' dir='ltr'><strong>sed</strong></span> <span class='ocrx_word' id='word_1_911' title='bbox 2873 5083 2939 5123; x_wconf 86' lang='lat' dir='ltr'><strong>ne</strong></span> <span class='ocrx_word' id='word_1_912' title='bbox 2966 5068 3090 5137; x_wconf 86' lang='lat' dir='ltr'><strong>quid</strong></span> <span class='ocrx_word' id='word_1_913' title='bbox 3123 5085 3184 5123; x_wconf 82' lang='lat' dir='ltr'><strong>ex</strong></span> <span class='ocrx_word' id='word_1_914' title='bbox 3214 5069 3370 5130; x_wconf 57' lang='lat' dir='ltr'><strong>dielis</strong></span> <span class='ocrx_word' id='word_1_915' title='bbox 3400 5071 3515 5139; x_wconf 85' lang='lat' dir='ltr'><strong>ejus</strong></span> <span class='ocrx_word' id='word_1_916' title='bbox 3553 5073 3607 5141; x_wconf 84' lang='lat' dir='ltr'><strong>in</strong></span> <span class='ocrx_word' id='word_1_917' title='bbox 3634 5075 3809 5143; x_wconf 77' lang='lat' dir='ltr'><strong>suSpi-</strong></span> 
     </span>
    </p>
   </div>
   <div class='ocr_carea' id='block_1_109' title="bbox 2222 5153 3808 5234">
    <p class='ocr_par' dir='ltr' id='par_1_109' title="bbox 2222 5153 3808 5234">
     <span class='ocr_line' id='line_1_109' title="bbox 2222 5153 3808 5234; baseline 0.009 -26"><span class='ocrx_word' id='word_1_918' title='bbox 2222 5153 2429 5221; x_wconf 89' lang='lat' dir='ltr'><strong>cionem</strong></span> <span class='ocrx_word' id='word_1_919' title='bbox 2456 5167 2735 5213; x_wconf 87' lang='lat' dir='ltr'><strong>vocaretur</strong></span> <span class='ocrx_word' id='word_1_920' title='bbox 2764 5159 2829 5227; x_wconf 86' lang='lat' dir='ltr'><strong>ab</strong></span> <span class='ocrx_word' id='word_1_921' title='bbox 2854 5160 3248 5229; x_wconf 75' lang='lat' dir='ltr'><strong>impudentibus</strong></span> <span class='ocrx_word' id='word_1_922' title='bbox 3267 5162 3481 5219; x_wconf 61' lang='lat' dir='ltr'><strong>ludatis.</strong></span> <span class='ocrx_word' id='word_1_923' title='bbox 3513 5166 3644 5234; x_wconf 91' lang='lat' dir='ltr'><strong>Quia</strong></span> <span class='ocrx_word' id='word_1_924' title='bbox 3663 5168 3808 5229; x_wconf 81' lang='lat' dir='ltr'><strong>enim</strong></span> 
     </span>
    </p>
   </div>
   <div class='ocr_carea' id='block_1_110' title="bbox 2224 5245 3806 5325">
    <p class='ocr_par' dir='ltr' id='par_1_110' title="bbox 2224 5245 3806 5325">
     <span class='ocr_line' id='line_1_110' title="bbox 2224 5245 3806 5325; baseline 0.01 -27"><span class='ocrx_word' id='word_1_925' title='bbox 2224 5245 2457 5300; x_wconf 86' lang='lat' dir='ltr'><strong>nondum</strong></span> <span class='ocrx_word' id='word_1_926' title='bbox 2482 5262 2598 5302; x_wconf 89' lang='lat' dir='ltr'><strong>eam</strong></span> <span class='ocrx_word' id='word_1_927' title='bbox 2631 5265 2787 5325; x_wconf 86' lang='lat' dir='ltr'><strong>quam</strong></span> <span class='ocrx_word' id='word_1_928' title='bbox 2822 5267 2915 5320; x_wconf 86' lang='lat' dir='ltr'><strong>par</strong></span> <span class='ocrx_word' id='word_1_929' title='bbox 2945 5262 3059 5307; x_wconf 90' lang='lat' dir='ltr'><strong>crat</strong></span> <span class='ocrx_word' id='word_1_930' title='bbox 3098 5251 3165 5308; x_wconf 92' lang='lat' dir='ltr'><strong>de</strong></span> <span class='ocrx_word' id='word_1_931' title='bbox 3190 5254 3281 5310; x_wconf 88' lang='lat' dir='ltr'><strong>illo</strong></span> <span class='ocrx_word' id='word_1_932' title='bbox 3307 5256 3609 5324; x_wconf 81' lang='lat' dir='ltr'><strong>opinionem</strong></span> <span class='ocrx_word' id='word_1_933' title='bbox 3637 5257 3806 5313; x_wconf 84' lang='lat' dir='ltr'><strong>habe-</strong></span> 
     </span>
    </p>
   </div>
   <div class='ocr_carea' id='block_1_111' title="bbox 2224 5335 3812 5421">
    <p class='ocr_par' dir='ltr' id='par_1_111' title="bbox 2224 5335 3812 5421">
     <span class='ocr_line' id='line_1_111' title="bbox 2224 5335 3812 5421; baseline 0.009 -31"><span class='ocrx_word' id='word_1_934' title='bbox 2224 5335 2372 5407; x_wconf 89' lang='lat' dir='ltr'><strong>bant,</strong></span> <span class='ocrx_word' id='word_1_935' title='bbox 2403 5339 2714 5410; x_wconf 82' lang='lat' dir='ltr'><strong>frequenter</strong></span> <span class='ocrx_word' id='word_1_936' title='bbox 2739 5342 2803 5397; x_wconf 88' lang='lat' dir='ltr'><strong>ad</strong></span> <span class='ocrx_word' id='word_1_937' title='bbox 2832 5344 3045 5401; x_wconf 87' lang='lat' dir='ltr'><strong>Patrem</strong></span> <span class='ocrx_word' id='word_1_938' title='bbox 3076 5347 3333 5417; x_wconf 81' lang='lat' dir='ltr'><strong>confugit,</strong></span> <span class='ocrx_word' id='word_1_939' title='bbox 3373 5349 3603 5421; x_wconf 88' lang='lat' dir='ltr'><strong>hincque</strong></span> <span class='ocrx_word' id='word_1_940' title='bbox 3629 5352 3812 5410; x_wconf 83' lang='lat' dir='ltr'><strong>verbis</strong></span> 
     </span>
    </p>
   </div>
   <div class='ocr_carea' id='block_1_112' title="bbox 2224 5430 2695 5493">
    <p class='ocr_par' dir='ltr' id='par_1_112' title="bbox 2224 5430 2695 5493">
     <span class='ocr_line' id='line_1_112' title="bbox 2224 5430 2695 5493; baseline 0.008 -11"><span class='ocrx_word' id='word_1_941' title='bbox 2224 5430 2334 5483; x_wconf 88' lang='lat' dir='ltr'><strong>suis</strong></span> <span class='ocrx_word' id='word_1_942' title='bbox 2367 5430 2523 5484; x_wconf 85' lang='lat' dir='ltr'><strong>iidem</strong></span> <span class='ocrx_word' id='word_1_943' title='bbox 2554 5431 2695 5493; x_wconf 79' lang='lat' dir='ltr'><strong>facit.</strong></span> 
     </span>
    </p>
   </div>
   <div class='ocr_carea' id='block_1_113' title="bbox 2294 5522 3809 5603">
    <p class='ocr_par' dir='ltr' id='par_1_113' title="bbox 2294 5522 3809 5603">
     <span class='ocr_line' id='line_1_113' title="bbox 2294 5522 3809 5603; baseline 0.011 -27"><span class='ocrx_word' id='word_1_944' title='bbox 2294 5522 2347 5576; x_wconf 74' lang='grc'><strong>2.</strong></span> <span class='ocrx_word' id='word_1_945' title='bbox 2392 5524 2459 5578; x_wconf 89' lang='lat' dir='ltr'><strong>Et</strong></span> <span class='ocrx_word' id='word_1_946' title='bbox 2488 5524 2612 5595; x_wconf 92' lang='lat' dir='ltr'><strong>quid</strong></span> <span class='ocrx_word' id='word_1_947' title='bbox 2643 5525 2852 5581; x_wconf 90' lang='lat' dir='ltr'><strong>miraris</strong></span> <span class='ocrx_word' id='word_1_948' title='bbox 2882 5528 2926 5582; x_wconf 89' lang='lat' dir='ltr'><strong>si</strong></span> <span class='ocrx_word' id='word_1_949' title='bbox 2952 5527 3016 5582; x_wconf 88' lang='lat' dir='ltr'><strong>ad</strong></span> <span class='ocrx_word' id='word_1_950' title='bbox 3050 5529 3260 5585; x_wconf 80' lang='lat' dir='ltr'><strong>Patrem</strong></span> <span class='ocrx_word' id='word_1_951' title='bbox 3292 5530 3579 5603; x_wconf 80' lang='lat' dir='ltr'><strong>confugiat,</strong></span> <span class='ocrx_word' id='word_1_952' title='bbox 3606 5549 3725 5589; x_wconf 92' lang='lat' dir='ltr'><strong>eum</strong></span> <span class='ocrx_word' id='word_1_953' title='bbox 3753 5549 3809 5593; x_wconf 91' lang='lat' dir='ltr'><strong>et</strong></span> 
     </span>
    </p>
   </div>
   <div class='ocr_carea' id='block_1_114' title="bbox 2223 5616 3809 5694">
    <p class='ocr_par' dir='ltr' id='par_1_114' title="bbox 2223 5616 3809 5694">
     <span class='ocr_line' id='line_1_114' title="bbox 2223 5616 3809 5694; baseline 0.011 -25"><span class='ocrx_word' id='word_1_954' title='bbox 2223 5616 2288 5669; x_wconf 90' lang='lat' dir='ltr'><strong>ad</strong></span> <span class='ocrx_word' id='word_1_955' title='bbox 2342 5616 2629 5685; x_wconf 89' lang='lat' dir='ltr'><strong>prophetas</strong></span> <span class='ocrx_word' id='word_1_956' title='bbox 2670 5626 2724 5673; x_wconf 91' lang='lat' dir='ltr'><strong>et</strong></span> <span class='ocrx_word' id='word_1_957' title='bbox 2767 5617 2832 5673; x_wconf 89' lang='lat' dir='ltr'><strong>ad</strong></span> <span class='ocrx_word' id='word_1_958' title='bbox 2879 5620 3183 5691; x_wconf 89' lang='lat' dir='ltr'><strong>Scripturas</strong></span> <span class='ocrx_word' id='word_1_959' title='bbox 3226 5639 3369 5694; x_wconf 66' lang='lat' dir='ltr'><strong>sarpc</strong></span> <span class='ocrx_word' id='word_1_960' title='bbox 3413 5630 3703 5683; x_wconf 81' lang='lat' dir='ltr'><strong>recurrat?</strong></span> <span class='ocrx_word' id='word_1_961' title='bbox 3749 5644 3809 5687; x_wconf 89' lang='lat' dir='ltr'><strong>ut</strong></span> 
     </span>
    </p>
   </div>
   <div class='ocr_carea' id='block_1_115' title="bbox 2224 5705 3815 5786">
    <p class='ocr_par' dir='ltr' id='par_1_115' title="bbox 2224 5705 3815 5786">
     <span class='ocr_line' id='line_1_115' title="bbox 2224 5705 3815 5786; baseline 0.013 -30"><span class='ocrx_word' id='word_1_962' title='bbox 2224 5705 2436 5776; x_wconf 90' lang='lat' dir='ltr'><strong>quando</strong></span> <span class='ocrx_word' id='word_1_963' title='bbox 2463 5706 2619 5775; x_wconf 89' lang='lat' dir='ltr'><strong>dicit,</strong></span> <span class='ocrx_word' id='word_1_964' title='bbox 2649 5707 2767 5763; x_wconf 71' lang='grc' dir='ltr'><em>ιιια»</em></span> <span class='ocrx_word' id='word_1_965' title='bbox 2792 5721 2907 5764; x_wconf 84' lang='lat' dir='ltr'><strong>sunt</strong></span> <span class='ocrx_word' id='word_1_966' title='bbox 2946 5728 3060 5781; x_wconf 74' lang='lat' dir='ltr'><strong>qua:</strong></span> <span class='ocrx_word' id='word_1_967' title='bbox 3085 5715 3423 5771; x_wconf 82' lang='lat' dir='ltr'><strong>testimonium</strong></span> <span class='ocrx_word' id='word_1_968' title='bbox 3460 5718 3717 5786; x_wconf 79' lang='lat' dir='ltr'><strong>perhibent</strong></span> <span class='ocrx_word' id='word_1_969' title='bbox 3746 5725 3815 5775; x_wconf 84' lang='lat' dir='ltr'><strong>de</strong></span> 
     </span>
    </p>
   </div>
   <div class='ocr_carea' id='block_1_116' title="bbox 2225 5797 3808 5879">
    <p class='ocr_par' dir='ltr' id='par_1_116' title="bbox 2225 5797 3808 5879">
     <span class='ocr_line' id='line_1_116' title="bbox 2225 5797 3808 5879; baseline 0.011 -29"><span class='ocrx_word' id='word_1_970' title='bbox 2225 5814 2303 5851; x_wconf 84' lang='lat' dir='ltr'><strong>me</strong></span> <span class='ocrx_word' id='word_1_971' title='bbox 2349 5797 2523 5867; x_wconf 83' lang='lat' dir='ltr'><strong>(Ibid.</strong></span> <span class='ocrx_word' id='word_1_972' title='bbox 2561 5799 2613 5855; x_wconf 82' lang='lat'><strong>5.</strong></span> <span class='ocrx_word' id='word_1_973' title='bbox 2645 5800 2769 5872; x_wconf 77' lang='lat'><strong>39).</strong></span> <span class='ocrx_word' id='word_1_974' title='bbox 2804 5800 2939 5858; x_wconf 86' lang='lat' dir='ltr'><strong>Num</strong></span> <span class='ocrx_word' id='word_1_975' title='bbox 2978 5819 3106 5875; x_wconf 80' lang='lat' dir='ltr'><strong>ergo</strong></span> <span class='ocrx_word' id='word_1_976' title='bbox 3146 5806 3419 5879; x_wconf 80' lang='lat' dir='ltr'><strong>prOphetis</strong></span> <span class='ocrx_word' id='word_1_977' title='bbox 3459 5808 3607 5865; x_wconf 87' lang='lat' dir='ltr'><strong>illum</strong></span> <span class='ocrx_word' id='word_1_978' title='bbox 3636 5812 3808 5868; x_wconf 80' lang='lat' dir='ltr'><strong>mitto-</strong></span> 
     </span>
    </p>
   </div>
  </div>
