4120 6484
207 453 304 508 173

202 584 307 623 rem
334 579 460 622 esse
497 565 780 628 dicemus,
812 564 932 633 quia
965 562 1090 616 inde
1131 561 1433 615 testimonia
1475 568 1746 615 mutuatur
1775 559 1799 612 ?

202 659 367 714 Absit.
390 657 498 712 Sed
525 667 748 726 propter
773 654 1074 708 auditorum
1100 652 1462 706 inﬁrmitatem
1483 651 1562 705 sic
1587 664 1799 705 sermo-

201 764 314 804 nem
360 757 662 816 temperat,
692 754 749 801 ct
786 761 851 799 ex
893 744 1051 798 Patre
1082 741 1260 796 audita
1303 757 1362 797 se
1393 755 1614 796 narrare
1645 740 1796 806 dicit,

201 856 299 894 nou
330 839 486 908 quasi
519 837 742 892 doctore
772 843 956 907 egeat,
991 834 1084 889 sed
1118 843 1176 887 ut
1211 833 1286 888 illi
1314 831 1557 898 credant,
1593 831 1728 886 nihil
1765 845 1797 886 a

200 947 253 985 se
295 930 494 984 falsum
534 930 661 984 dici.
696 927 847 995 Quod
879 935 1058 981 autem
1089 925 1220 980 dicit
1247 924 1504 990 Joannes,
1535 926 1614 980 sic
1643 923 1801 978 intel-

201 1022 296 1092 lige
327 1040 340 1074 :
370 1021 502 1076 Mihi
535 1035 672 1090 opus
697 1029 777 1074 est
806 1019 990 1072 audire
1017 1017 1085 1071 ab
1116 1016 1231 1071 illo.
1273 1015 1408 1071 Nam
1445 1015 1514 1070 de
1543 1016 1677 1071 caelo
1708 1029 1801 1070 ve-

199 1113 299 1178 nit,
340 1121 396 1166 et
423 1111 665 1166 ctelestia
697 1109 940 1175 nuntiat,
971 1123 1092 1178 quze
1118 1107 1268 1162 solus
1297 1107 1410 1176 ipse
1433 1105 1577 1160 clare
1600 1105 1748 1160 novit
1777 1121 1792 1170 ;

199 1219 313 1257 nam
347 1202 503 1270 illud,
539 1200 744 1255 Audiuit
782 1208 830 1256 et
863 1201 1008 1266 vidit,
1039 1199 1141 1255 hoc
1163 1197 1447 1269 significat.
1478 1195 1546 1250 Et
1574 1197 1798 1251 testimo-

199 1295 332 1347 nium
359 1296 474 1364 ejus
502 1309 648 1346 nemo
674 1293 878 1362 accipit.

261 1383 486 1438 Joannis
525 1383 766 1451 discipuli
803 1381 1006 1436 Christo
1045 1397 1147 1435 non
1175 1379 1518 1435 crediderant.
1538 1409 1610 1420 —
1634 1379 1795 1450 Atqui

197 1475 494 1545 discipulos
527 1473 712 1528 habuit
750 1482 806 1529 et
844 1472 998 1528 multi
1043 1473 1204 1527 dictis
1248 1472 1364 1544 ejus
1393 1472 1791 1538 altendebant;

197 1582 288 1620 cur
327 1580 460 1636 ergo
505 1564 669 1629 dicit,
703 1561 871 1619 Nemo
913 1563 1141 1633 accipit?
1169 1561 1283 1618 Hoc
1313 1571 1417 1629 est,
1447 1561 1606 1617 Pauci
1652 1561 1797 1618 acci-

198 1644 361 1724 piunt.
399 1656 540 1710 Nam
572 1658 615 1710 si
660 1655 930 1710 neminem
958 1655 1218 1722 dixisset,
1250 1670 1347 1710 cur
1377 1655 1748 1725 subjunxisset
1776 1673 1790 1709 :

195 1750 276 1804 33.
311 1749 414 1815 Qui
452 1750 649 1818 accepit
687 1750 797 1818 ejus
841 1750 1205 1817 testimonium,
1248 1749 1464 1818 signavit
1507 1750 1627 1818 quia
1653 1747 1794 1802 Deus

196 1860 341 1896 tua:
367 1855 442 1897 est
473 1844 501 1896 .9
539 1843 635 1898 lIic
659 1842 954 1913 discipulos
983 1858 1110 1898 suos
1140 1842 1491 1913 perstringit,
1526 1857 1589 1898 ac
1614 1842 1656 1896 si
1685 1857 1790 1896 non

195 1934 414 1988 multum
456 1933 508 1988 ei
548 1933 802 1989 credituri
831 1941 1030 1989 essent.
1056 1933 1207 2001 Quod
1237 1932 1379 1988 enim
1409 1947 1582 2003 neque
1607 1941 1790 2003 postea

193 2025 286 2094 imi
336 2024 706 2091 crediderint,
741 2025 911 2093 palam
956 2036 1042 2080 est
1082 2040 1146 2080 ex
1186 2024 1556 2095 sequentibus.
1588 2023 1793 2079 Idcirco

193 2116 307 2172 illos
337 2119 390 2171 iu
430 2131 654 2173 carcere
683 2116 920 2171 inclusus
959 2118 1101 2172 misit
1129 2118 1195 2172 ad
1223 2132 1345 2172 eum
1369 2158 1384 2184 ,
1416 2126 1473 2172 ut
1499 2117 1646 2187 ipsos
1674 2133 1790 2171 ma-

191 2209 267 2277 gis
304 2207 407 2278 ipsi
447 2216 815 2263 connecteret.
852 2207 929 2262 Illi
970 2223 1098 2263 vero
1131 2218 1257 2264 tunc
1298 2208 1460 2263 etiam
1493 2210 1580 2262 vix
1610 2208 1789 2264 credi-

191 2299 417 2366 derunt,
448 2298 594 2370 quod
623 2299 972 2354 subindicans
1003 2300 1246 2355 Christus
1287 2299 1441 2367 dixit,
1475 2299 1667 2354 Beatus
1703 2301 1790 2369 qui

192 2409 284 2446 non
311 2393 470 2462 fuerit
497 2393 876 2447 scandalizatus
906 2393 956 2446 in
989 2409 1066 2446 me
1096 2392 1115 2465 (
1143 2392 1330 2446 Matth.
1365 2393 1455 2448 11.
1485 2393 1516 2447 6
1546 2394 1588 2461 ).
1632 2392 1788 2447 Nulla

191 2484 342 2554 igitur
386 2485 499 2540 alia
546 2483 617 2540 de
644 2497 808 2540 causa
836 2484 994 2550 dicit,
1025 2481 1095 2537 Et
1122 2484 1464 2538 testimonium
1505 2485 1614 2554 ejus
1643 2499 1788 2538 nemo

189 2581 388 2649 accipit,
433 2595 598 2651 quam
629 2590 686 2635 ut
710 2579 1007 2650 discipulos
1035 2592 1165 2634 suos
1194 2577 1425 2642 erudiat,
1460 2591 1524 2632 ac
1549 2577 1594 2632 si
1635 2576 1785 2632 dice-

189 2679 268 2724 ret
298 2688 310 2722 :
351 2670 429 2726 Ne
467 2672 667 2741 putetis
696 2671 818 2742 quia
853 2669 1006 2741 pauci
1037 2668 1294 2725 credituri
1325 2677 1480 2736 sunt,
1512 2668 1631 2724 ideo
1655 2667 1786 2722 falsa

191 2761 271 2815 illa
318 2776 440 2818 esse
470 2777 592 2831 qua:
620 2762 894 2818 dicuntur.
925 2760 1055 2816 Nam
1098 2761 1226 2828 Qua:
1255 2761 1399 2825 vidit,
1439 2767 1670 2824 testatur,
1700 2759 1785 2814 in-

189 2853 316 2922 quit.
348 2852 480 2907 IIa'c
514 2866 676 2922 porro
705 2852 857 2918 dicit,
893 2861 950 2907 ut
983 2851 1143 2908 simul
1169 2850 1476 2907 Juda’orum
1511 2851 1781 2922 ignaviam

189 2945 507 3013 perstringat
532 2959 546 3008 ;
577 2952 635 2996 ut
671 2945 723 2998 in
765 2943 1030 3014 principio
1057 2943 1332 3014 Evangelii
1363 2944 1512 3014 ipsos
1540 2943 1784 3014 coarguit

191 3037 264 3092 his
292 3039 473 3093 verbis
509 3055 524 3091 :
551 3035 618 3091 In
647 3037 854 3106 propria
896 3037 1048 3101 venit,
1077 3047 1125 3092 et
1166 3037 1248 3091 sui
1287 3052 1404 3091 eum
1446 3052 1548 3089 non
1577 3052 1780 3106 recepe-

187 3139 315 3181 runt.
345 3127 460 3182 Hoc
481 3138 667 3188 autem
697 3142 803 3181 non
830 3126 1119 3192 venientis,
1147 3125 1242 3182 sed
1272 3139 1377 3180 non
1405 3125 1779 3196 recipientium

190 3231 459 3288 peccatum
491 3228 598 3276 est.
633 3219 735 3286 Qui
755 3221 947 3290 accepit
977 3221 1088 3290 ejus
1115 3219 1474 3284 testimonium,
1501 3205 1778 3292 obsignavit

185 3313 294 3377 quia
331 3311 469 3367 Deus
510 3328 666 3366 verax
694 3322 788 3366 est.
816 3310 915 3367 Hic
947 3312 1066 3366 illos
1092 3319 1358 3378 exterret,
1390 3326 1514 3365 cum
1545 3310 1782 3366 ostendit

184 3418 296 3458 eum
324 3405 413 3473 qui
453 3403 675 3458 Christo
700 3419 805 3457 non
832 3402 1027 3469 credit,
1067 3417 1172 3456 non
1199 3402 1361 3456 modo
1388 3417 1494 3456 non
1532 3402 1655 3471 ipsi,
1682 3401 1775 3456 sed

185 3511 348 3566 neque
377 3495 524 3550 Patri
548 3495 771 3550 credere
799 3512 814 3558 ;
842 3494 1191 3565 quamobrem
1218 3491 1402 3564 adjicit
1432 3512 1446 3549 :
1481 3494 1571 3548 54.
1614 3493 1776 3561 Quem

184 3588 307 3638 enim
352 3587 492 3640 misit
532 3584 692 3652 Deus,
723 3587 874 3640 verba
897 3584 995 3640 Dei
1019 3585 1263 3655 loquitur.
1293 3583 1427 3653 Quia
1456 3599 1585 3655 ergo
1612 3583 1774 3640 verba

185 3675 290 3743 ejus
333 3677 593 3748 loquitur,
625 3685 679 3731 et
728 3676 956 3732 credens
1008 3676 1081 3731 illi
1130 3675 1322 3741 credit,
1357 3670 1774 3731 et’incredulus

187 3768 252 3822 illi
281 3786 385 3825 non
417 3769 615 3826 credit.
657 3769 795 3826 Illud
839 3779 1041 3835 autem,
1076 3769 1396 3841 Obsignavit,
1441 3769 1492 3824 id
1533 3779 1636 3835 est,
1665 3768 1770 3824 Os-

187 3860 360 3916 tendit.
403 3861 699 3931 Postquam
747 3861 861 3919 htec
904 3862 1040 3917 dixit
1065 3871 1118 3918 et
1146 3863 1394 3918 timorem
1423 3861 1603 3927 auxit,
1637 3860 1775 3931 adji-

183 3951 283 4005 cit:
316 3953 452 4019 Quia
479 3951 620 4007 Deus
644 3969 796 4008 verax
820 3963 932 4020 est;
959 3951 1286 4023 signiﬁcans,
1317 3951 1589 4007 neminem
1613 3966 1772 4022 posse

185 4041 251 4096 illi
290 4059 392 4098 non
425 4045 673 4110 credere,
707 4045 808 4099 nisi
837 4043 1098 4099 mendacii
1129 4053 1316 4114 arguat
1346 4042 1512 4097 Deum
1554 4043 1643 4113 qui
1671 4043 1771 4097 mi-

184 4134 247 4188 sit
285 4136 482 4204 ipsum.
526 4135 790 4203 Quoniam
821 4136 981 4206 igitur
1021 4135 1151 4190 nihil
1194 4121 1342 4190 cuira
1371 4149 1434 4189 ea
1481 4149 1602 4204 quae
1646 4142 1773 4190 sunt

186 4223 348 4282 Patris
375 4228 511 4282 dicit
536 4226 803 4292 CIIfislllS,
845 4227 940 4282 sed
987 4227 1164 4282 omnia
1195 4227 1340 4282 illius
1364 4235 1490 4282 sunt
1519 4243 1534 4292 ;
1568 4227 1656 4296 qui
1690 4226 1772 4297 ip-

183 4333 289 4373 sum
316 4335 423 4374 non
459 4318 629 4386 audit,
665 4320 963 4374 mittentem
1005 4318 1218 4375 Putrem
1246 4334 1351 4374 non
1383 4319 1552 4375 audit.
1579 4319 1768 4376 Viden’

183 4412 441 4480 quomodo
477 4412 625 4481 ipsos
666 4427 764 4481 per
805 4411 919 4467 hzec
958 4413 1120 4468 etiam
1161 4411 1467 4483 percellat?
1496 4413 1768 4469 Hactenus

182 4503 312 4556 enim
344 4503 475 4557 nihil
505 4517 671 4574 grave
699 4501 958 4572 putabant
981 4517 1104 4558 esse
1128 4503 1399 4558 Christum
1423 4518 1530 4559 non
1557 4503 1765 4560 audire.

185 4591 297 4650 Ideo
328 4604 538 4650 tantum
585 4595 878 4663 periculum
911 4594 1202 4651 incredulis
1233 4595 1547 4666 impendere
1577 4606 1767 4651 osten-

181 4685 368 4754 dit,ut
416 4686 631 4741 discant
669 4685 940 4741 Christum
989 4701 1094 4741 non
1139 4686 1326 4741 audire
1371 4686 1602 4758 idipsum
1645 4702 1769 4744 esse

182 4781 311 4847 quod
343 4779 512 4835 Deum
553 4794 658 4833 non
693 4778 898 4833 audire.
939 4778 1145 4834 Deinde
1187 4781 1550 4850 prosequitur,
1593 4779 1766 4835 imbe-

182 4871 372 4926 cillitati
418 4873 619 4928 mentis
657 4886 844 4928 eorum
878 4887 937 4928 se
964 4882 1360 4944 attemperans,
1407 4874 1490 4930 his
1539 4874 1762 4930 verbis:

184 4964 294 5021 Non
326 4969 460 5024 enim
497 4968 568 5022 ad
595 4984 883 5022 mensuram
919 4968 1008 5022 dat
1045 4966 1183 5023 Deus
1225 4951 1500 5038 Spirilu‘tt.
1535 4968 1761 5034 Rursus,

183 5067 234 5111 ut
259 5058 384 5123 dixi,
407 5059 679 5114 humiliori
707 5059 868 5114 modo
889 5060 1146 5130 loquitur,
1177 5060 1255 5115 sic
1286 5059 1502 5114 varians
1529 5059 1595 5115 ad
1629 5060 1763 5116 fael-

184 5146 356 5205 liorem
383 5151 690 5206 auditorum
737 5161 949 5220 captum
983 5167 1000 5216 ;
1050 5166 1156 5206 non
1186 5151 1329 5208 enim
1362 5159 1571 5223 poterat
1605 5151 1767 5211 alite:

185 5224 614 5313 nietumaugere.
646 5241 778 5296 Nam
807 5242 852 5297 si
874 5241 999 5313 quid
1028 5241 1096 5297 de
1125 5243 1243 5312 ipso
1270 5257 1520 5314 magnum
1551 5251 1605 5298 et
1627 5242 1762 5299 sub-

185 5328 298 5387 Iime
337 5334 594 5399 dixisset,
628 5348 732 5390 non
777 5335 1162 5401 credidissent,
1192 5333 1287 5390 sed
1337 5335 1388 5389 id
1425 5334 1576 5390 nihili
1608 5336 1764 5392 fecis-

187 5434 314 5478 sent.
341 5424 463 5482 Ideo
487 5427 552 5481 ad
574 5427 786 5481 Patrem
807 5435 976 5481 totum
1000 5425 1186 5493 refert,
1212 5426 1280 5481 de
1306 5425 1524 5481 Christo
1550 5428 1759 5482 interim

187 5519 322 5583 quasi
350 5518 419 5576 de
445 5519 666 5575 homine
687 5521 931 5589 loquens.
963 5519 1100 5586 Quid
1134 5535 1264 5574 vero
1291 5519 1554 5590 significat
1582 5521 1709 5576 illud
1743 5541 1758 5578 :

191 5605 297 5662 Non
337 5613 404 5664 ad
449 5629 738 5667 mensuram
779 5614 866 5666 dat
912 5612 1047 5667 Deus
1077 5614 1378 5683 Spiritum?
1405 5613 1512 5668 Nos
1548 5629 1755 5679 omnes,

187 5699 250 5752 sit
271 5741 283 5764 ,
314 5701 377 5756 ad
416 5720 721 5759 mensuram
749 5705 979 5775 Spiritus
1005 5706 1374 5774 operationem
1403 5708 1707 5774 accepimus
1737 5728 1752 5771 ;

193 5806 273 5859 per
300 5793 547 5864 Spiritum
593 5797 738 5853 enim
784 5798 869 5852 hic
909 5799 1273 5868 operationem
1312 5798 1560 5868 intelligit
1600 5818 1612 5852 :
1647 5799 1759 5853 haec

193 5887 368 5957 quippe
419 5903 479 5944 ea
527 5897 612 5942 est
657 5903 779 5959 qua:
831 5888 1169 5943 distribuitur
1213 5907 1226 5942 :
1281 5888 1370 5944 hic
1419 5904 1548 5944 vero
1592 5899 1754 5945 totam

482 5996 758 6062 Parion.
809 6001 923 6062 Gn.
977 6004 1134 6064 LIX.

1242 446 1304 502 IN
1343 444 1654 502 .IOANNEM
1694 445 1927 503 IIOMIL.
1971 444 2139 502 XXX.
2181 445 2252 500 al.
2296 445 2490 502 XXIX.

3413 450 3513 506 174

1918 559 2066 614 illam
2111 561 2228 615 sine
2284 576 2536 618 mensura
2587 561 2751 618 habet
2793 563 3186 633 operationem.
3238 565 3292 621 Si
3332 577 3512 622 autem

1909 652 2152 721 operatio
2177 652 2296 724 ejus
2325 655 2585 710 immensa
2613 665 2698 710 est
2725 656 2893 710 multo
2919 656 3092 727 magis
3118 657 3238 727 ejus
3263 658 3512 712 substan-

1911 742 2003 795 tia.
2036 741 2223 797 Viden‘
2245 742 2508 814 Spiritum
2538 745 2699 801 etiam
2725 746 3047 802 immensum
3071 746 3233 802 esse?
3256 746 3356 813 Qui
3384 763 3516 818 ergo

1909 839 2074 886 totam
2127 833 2359 903 Spiritus
2404 837 2775 906 operationem
2823 839 3074 908 accepit;
3123 839 3214 907 qui
3261 855 3345 905 ea,
3394 855 3516 909 qum

1907 933 2032 978 sunt
2076 924 2205 991 Dei,
2255 929 2441 993 novit;
2491 930 2580 1000 qui
2631 929 2762 986 dicit
2793 953 2804 982 -.
2841 930 2991 997 Quod
3028 931 3317 986 audivimus
3347 932 3516 1001 loqui-

1906 1031 2041 1081 mur,
2088 1025 2135 1070 et
2171 1017 2308 1088 quod
2335 1019 2552 1074 vidimus
2596 1028 2841 1074 testamur
2863 1035 2883 1084 ;
2912 1021 3185 1091 quomodo
3215 1024 3385 1090 possit
3415 1037 3511 1078 su-

1903 1113 2121 1173 spectus
2167 1107 2400 1164 haberi?
2436 1108 2581 1164 Nihil
2606 1110 2753 1165 enim
2794 1111 2924 1165 dicit
2963 1111 3107 1182 quod
3152 1127 3260 1167 non
3290 1112 3360 1168 sit
3390 1113 3508 1179 Dei,

1905 1194 2039 1250 nihil
2077 1197 2223 1262 quod
2268 1197 2373 1253 non
2415 1199 2486 1254 sit
2527 1199 2782 1270 Spiritus.
2827 1203 3003 1272 Atque
3031 1202 3246 1258 interim
3274 1203 3410 1259 nihil
3441 1205 3511 1261 de

1905 1285 2018 1341 Deo
2030 1287 2207 1343 Verbo
2239 1289 2498 1360 loquitur,
2524 1293 2620 1348 sed
2637 1308 2706 1349 ex
2728 1293 2886 1348 Patre
2903 1302 2959 1348 et
2982 1310 3047 1350 ex
3072 1295 3276 1365 Spiritu
3302 1296 3508 1353 doctri-

1903 1394 1985 1434 na:
2025 1394 2139 1435 suae
2186 1380 2346 1447 ﬁdem
2375 1384 2650 1443 conciliat.
2681 1384 2836 1453 Quod
2865 1385 3006 1441 Deus
3036 1393 3182 1442 esset
3212 1397 3508 1456 noverant,

1900 1469 2044 1539 quod
2073 1471 2308 1541 Spiritus
2345 1482 2492 1530 esset
2530 1474 2809 1540 sciebant,
2838 1475 2941 1532 etsi
2979 1491 3086 1532 non
3118 1489 3508 1548 congruentem

1901 1560 1970 1617 de
1999 1562 2089 1618 illo
2115 1565 2424 1634 opinionem
2450 1566 2715 1622 haberent
2745 1586 2758 1622 :
2786 1568 2928 1638 quod
2957 1578 3138 1624 autem
3171 1568 3341 1626 Filius
3364 1581 3512 1627 esset

1900 1657 2233 1713 nesciebant.
2277 1657 2404 1715 Ideo
2433 1675 2649 1730 semper
2687 1660 2755 1716 ad
2787 1660 3000 1716 Patrem
3048 1670 3104 1716 et
3139 1661 3204 1716 ad
3248 1662 3506 1732 Spiritum

1899 1747 2174 1819 confugit,
2207 1759 2264 1805 ut
2290 1751 2449 1807 dictis
2489 1752 2651 1808 ﬁdem
2684 1753 2958 1809 conciliet.
2993 1753 3126 1807 Nam
3158 1755 3201 1808 si
3244 1756 3365 1824 quis
3407 1754 3509 1808 hac

1899 1841 2106 1896 sublata
2149 1858 2343 1910 causa,
2394 1859 2701 1901 sermonem
2754 1859 2851 1915 per
2880 1859 2952 1901 se-
2980 1845 3314 1927 consideret,
3347 1845 3506 1915 longe

1898 1932 2052 1987 abest
2079 1948 2109 1988 a
2138 1932 2402 2004 dignitate
2441 1932 2660 1990 Christi.
2691 1934 2808 1990 Non
2840 1936 2982 1990 enim
3017 1934 3138 1991 ideo
3166 1935 3271 1993 ﬁde
3311 1935 3502 2006 dignus

1899 2024 2030 2095 ipsis
2060 2034 2196 2091 erat,
2217 2026 2361 2096 quod
2388 2025 2620 2096 Spiritus
2648 2028 3018 2097 operationem
3045 2026 3266 2083 haberet
3300 2049 3315 2085 :
3346 2029 3506 2099 quip-

1898 2130 1964 2184 pe
1992 2115 2081 2185 qui
2115 2131 2221 2170 non
2253 2127 2407 2187 egeat
2435 2117 2636 2173 auxilio
2659 2117 2824 2183 illius,
2854 2119 2948 2173 sed
2977 2119 3076 2173 sibi
3106 2119 3222 2189 ipse
3246 2119 3498 2175 sufﬁciat.

1896 2204 2115 2263 Interim
2143 2223 2274 2263 vero
2301 2209 2599 2265 secundum
2630 2210 3019 2280 simpliciorum
3065 2211 3372 2280 opinionem
3416 2213 3504 2267 lo—

1896 2299 2100 2370 quitur,
2129 2311 2186 2356 ut
2206 2301 2276 2357 ab
2305 2301 2682 2358 humilioribus
2713 2303 2969 2372 paulatim
2999 2302 3120 2358 illos
3151 2305 3342 2374 erigat.
3375 2304 3504 2359 Hac

1895 2400 2074 2448 autem
2103 2392 2227 2448 dico
2249 2433 2263 2459 ,
2291 2402 2350 2448 ut
2379 2409 2450 2448 ne
2486 2393 2664 2449 obiter
2694 2393 2988 2465 Scriptura:
3011 2394 3152 2450 dicta
3182 2404 3519 2465 putemur--

1893 2479 2094 2553 ramus,
2125 2485 2219 2542 sed
2253 2495 2309 2544 et
2333 2485 2567 2544 dicentis
2596 2503 2821 2559 scopum
2849 2497 2905 2544 et
2930 2487 3236 2544 auditorum
3264 2489 3498 2545 imbecil-

1895 2579 2099 2636 Iitatem
2148 2582 2361 2654 aliaque
2413 2586 2580 2641 multa
2645 2585 2976 2656 explora..da
3028 2599 3150 2642 esse
3202 2585 3498 2641 discamus.

1895 2671 2158 2729 Doctores
2198 2675 2342 2730 enim
2385 2692 2493 2731 non
2524 2677 2703 2732 omnia
2747 2686 2807 2732 ut
2832 2678 3035 2732 vellent
3061 2677 3164 2748 ipsi
3195 2676 3498 2748 proferunt,

1892 2763 1987 2820 sed
2022 2765 2279 2836 pleraque
2317 2769 2384 2822 ad
2425 2769 2734 2824 auditorum
2773 2779 2989 2837 captum
3024 2768 3500 2838 inﬁrmitatemque

1894 2863 2216 2926 temperant.
2263 2857 2390 2913 Ideo
2434 2859 2634 2915 Paulus
2682 2860 2759 2915 ait
2799 2877 2813 2914 :
2847 2859 2970 2915 Non
3017 2860 3159 2931 potui
3188 2859 3324 2914 vobis
3361 2859 3499 2931 loqui

1888 2949 2037 3016 quasi
2063 2946 2437 3020 spiritualibus,
2462 2954 2553 3008 sed
2579 2954 2730 3025 quasi
2764 2955 3074 3009 carnalibus.
3103 2952 3209 3008 Lac
3236 2955 3371 3009 vobis
3404 2972 3498 3023 po-

1888 3050 1994 3095 tum
2022 3036 2161 3110 dedi,
2186 3061 2288 3099 non
2315 3045 2482 3100 cibum
2510 3046 2586 3120 (1.
2608 3045 2726 3101 Cor.
2751 3048 2875 3102 5.1.
2898 3045 2978 3118 2).
3001 3047 3281 3114 Volebam,
3301 3047 3495 3118 inquit,

1887 3133 2041 3190 vobis
2070 3145 2127 3190 ut
2152 3136 2521 3205 Spiritualibus
2561 3139 2729 3209 loqui,
2774 3154 2874 3194 nec
2912 3139 3081 3209 potui.
3123 3139 3301 3208 Quare
3328 3140 3353 3191 ἲ
3378 3138 3494 3194 Non

1885 3226 2026 3296 quod
2069 3227 2160 3283 ille
2191 3244 2297 3284 non
2327 3237 2546 3298 posset,
2576 3229 2673 3285 sed
2713 3229 2837 3300 quia
2882 3229 2958 3284 illi
2987 3245 3094 3286 non
3128 3238 3380 3300 poterant
3415 3230 3497 3286 sic

1884 3317 2095 3373 audire.
2122 3317 2215 3374 Sic
2230 3330 2286 3373 et
2309 3317 2546 3374 Joannes
2571 3319 2789 3385 volebat
2813 3336 3004 3391 magna
3024 3320 3269 3392 quaedam
3293 3320 3495 3376 docere

1883 3409 2200 3480 discipulos,
2233 3410 2328 3466 sed
2375 3411 2426 3466 id
2458 3411 2534 3466 illi
2564 3412 2803 3467 nondum
2830 3427 3026 3481 capere
3057 3421 3329 3483 poterant.
3364 3412 3491 3469 Ideo

1883 3499 1936 3555 in
1961 3500 2336 3558 humilioribus
2365 3503 2600 3560 maxime
2628 3514 2896 3559 versatur.

1952 3593 2005 3648 5.
2049 3593 2344 3665 Diligenter
2375 3594 2534 3667 igitur
2571 3595 2752 3650 omnia
2796 3604 2922 3650 sunt
2970 3595 3322 3666 exploranda.
3356 3595 3488 3652 Nam

1881 3685 2172 3756 Scriptura:
2209 3685 2352 3742 dicta
2398 3688 2697 3758 Spiritualia
2740 3704 2892 3745 arma
2935 3699 3080 3745 sunt.
3120 3689 3320 3747 Verum
3347 3692 3393 3746 si
3424 3707 3488 3747 ea

1877 3776 2133 3848 adaptare
2157 3790 2210 3836 et
2238 3779 2533 3850 discipulos
2563 3782 2729 3852 probe
2756 3799 2968 3838 armare
2995 3783 3324 3851 nesciamus,
3372 3786 3490 3855 ipsa

1877 3869 2092 3941 quidem
2122 3885 2276 3926 suam
2305 3873 2413 3927 vim
2443 3872 2682 3940 habent,
2712 3873 2810 3929 sed
2851 3875 3074 3930 armatis
3103 3875 3314 3930 inutilia
3337 3887 3484 3932 sunt.

1878 3963 2260 4036 Supponamus
2285 3980 2407 4022 esse
2423 3964 2639 4022 ﬁrmum
2660 3967 2957 4036 thoracem,
2982 3968 3209 4038 galeam,
3235 3971 3483 4041 clypeum

1875 4066 1931 4113 et
1955 4060 2195 4114 hastam:
2216 4058 2413 4115 deinde
2438 4075 2585 4115 arma
2615 4061 2703 4116 illa
2725 4063 2847 4132 quis
2866 4061 3114 4133 accipiat,
3139 4072 3194 4117 et
3211 4062 3484 4119 thoracem

1877 4149 2132 4221 pedibus;
2160 4151 2367 4223 galeam
2393 4169 2500 4209 non
2530 4154 2715 4226 capiti,
2748 4155 2844 4211 sed
2872 4156 3072 4222 oculis;
3099 4158 3351 4228 clypeum
3375 4172 3482 4212 non

1878 4242 2101 4310 pectori,
2129 4243 2222 4298 sed
2253 4244 2478 4314 pedibus
2504 4245 2727 4316 adaptet
2753 4263 2767 4300 :
2791 4261 2856 4301 an
2878 4248 3076 4316 poterit
3102 4247 3185 4303 his
3210 4249 3378 4303 armis
3397 4249 3487 4317 ju-

1875 4333 2028 4388 vari?
2054 4349 2233 4389 annon
2258 4336 2439 4406 potius
2467 4337 2532 4392 iis
2562 4337 2826 4392 Iaadetur‘t
2859 4338 2993 4393 lllud
3041 4347 3190 4395 certe
3220 4339 3483 4411 liquidum

1873 4433 1977 4480 est.
2008 4423 2123 4480 Hoc
2145 4440 2274 4481 vero
2320 4442 2426 4481 non
2455 4443 2519 4482 ex
2549 4443 2823 4484 armorum
2857 4428 3225 4485 imbecillitate
3247 4472 3262 4498 ,
3294 4431 3388 4486 sed
3418 4448 3485 4486 ex

1875 4516 2140 4587 imperitia
2166 4518 2366 4573 utentis
2385 4520 2653 4589 provenit.
2683 4519 2757 4575 Ita
2788 4530 2844 4576 et
2870 4521 2924 4576 in
2947 4520 3263 4594 Scripturis,
3292 4523 3339 4580 si
3360 4525 3482 4580 illa-

1873 4621 1992 4661 rum
2038 4605 2285 4663 ordinem
2323 4608 2719 4664 confundamus
2745 4651 2762 4676 ,
2807 4610 2912 4666 illa:
2943 4626 3161 4682 semper
3185 4628 3282 4669 sua
3321 4625 3484 4671 erunt

1873 4698 1924 4752 vi
1957 4699 2234 4756 instructa:
2265 4717 2278 4754 :
2309 4716 2410 4756 nos
2437 4717 2570 4758 vero
2595 4703 2726 4758 nihil
2752 4701 3037 4773 juvabunt.
3063 4704 3192 4762 Haec
3212 4705 3368 4763 vobis
3389 4723 3482 4780 pu-

1874 4792 2013 4848 blice
2036 4800 2091 4849 et
2113 4795 2358 4864 privatim
2387 4803 2662 4866 repetens,
2687 4796 2820 4851 nihil
2852 4798 3076 4867 proﬁcio
3105 4815 3118 4852 :
3150 4787 3280 4855 nam
3306 4816 3480 4858 smcu.

1873 4883 2076 4940 laribus
2105 4900 2201 4940 vos
2238 4901 2460 4956 semper
2498 4887 2661 4943 rebus
2699 4887 2945 4944 addictos
2981 4891 3258 4963 conspicio
3285 4934 3300 4958 ,
3347 4894 3480 4950 dum

1877 4973 2172 5045 Spiritualia
2210 4976 2345 5032 nihil
2378 4977 2632 5048 penditis.
2664 4977 2790 5034 Ideo
2815 4988 2866 5034 et
2902 4979 3066 5036 vitam
3115 4983 3438 5054 negligimus
3462 5026 3479 5050 ,

1872 5079 1924 5125 et
1953 5085 2074 5125 cum
2098 5085 2194 5140 pro
2216 5072 2442 5127 veritate
2467 5082 2760 5140 certamus,
2792 5087 2898 5128 non
2932 5089 3124 5146 magna
3145 5078 3198 5131 vi
3228 5077 3478 5135 instructi

1869 5174 2077 5228 sumus,
2102 5161 2194 5218 sed
2223 5162 2430 5218 ridiculi
2457 5163 2755 5231 evadimus,
2783 5174 2893 5221 tum
2920 5167 3060 5237 apud
3083 5170 3335 5239 gentiles,
3365 5181 3479 5227 tum

1870 5253 2010 5324 apud
2034 5253 2250 5309 Judtcos
2276 5263 2330 5310 et
2353 5255 2497 5325 apud
2532 5256 2837 5312 btereticos.
2863 5259 3017 5326 Quod
3043 5263 3087 5314 si
3116 5261 3167 5314 in
3194 5262 3317 5319 aliis
3337 5243 3478 5334 quo-

1870 5361 1975 5417 que
1998 5345 2161 5401 rebus
2188 5347 2300 5416 pari
2345 5347 2671 5418 negligentia
2693 5351 2980 5405 uteremini
3006 5392 3022 5418 ,
3053 5366 3120 5406 ne
3143 5352 3221 5408 sic
3257 5353 3475 5423 quidem

1870 5436 2022 5491 vobis
2051 5445 2196 5491 esset
2236 5437 2643 5507 ignoscendum.
2676 5438 2876 5496 Verum
2911 5441 2962 5495 in
2988 5442 3340 5498 smeularibus
3385 5459 3476 5498 ne-

1869 5530 2030 5600 gotiis
2058 5531 2284 5601 quisque
2309 5539 2550 5586 vestrum
2580 5542 2661 5588 est
2681 5533 2861 5603 gladio
2882 5535 3110 5603 acutior,
3140 5544 3248 5592 tam
3271 5539 3359 5608 qui
3383 5554 3476 5594 ar-

1874 5633 1952 5676 tes
1981 5633 2258 5688 exercent,
2283 5638 2442 5695 quam
2474 5625 2562 5694 qui
2594 5641 2679 5679 res
2706 5627 2892 5682 civiles
2915 5637 3166 5684 tractant.
3195 5630 3250 5685 In
3284 5647 3477 5687 neces-

1872 5713 2030 5768 sariis
2054 5729 2183 5768 vero
2231 5711 2285 5768 et
2325 5715 2695 5783 spiritualibus
2721 5759 2735 5782 ,
2772 5720 2946 5788 ignavi
2991 5737 3210 5790 prorsus
3244 5738 3429 5779 sumus
3457 5767 3470 5789 ,

1873 5803 2005 5859 levia
2051 5803 2211 5858 rebus
2251 5803 2407 5857 seriis
2446 5804 2815 5874 pra-ferentes.
2866 5810 2997 5878 Quae
3039 5824 3217 5868 autem
3263 5819 3474 5871 cazteris

1871 5895 2120 5950 omnibus
2162 5894 2510 5948 antefereuda
2550 5906 2743 5965 erant,
2794 5899 2908 5956 lucc
2963 5918 3030 5958 ne
3075 5903 3213 5970 levia
3258 5906 3471 5975 quidem

3031 6016 3092 6071 II
