4120 6544
667 462 767 517 175

663 596 886 644 censere
898 583 1202 654 dignamur.
1223 579 1306 635 An
1324 573 1539 634 nescitis
1559 572 1674 627 lucc
1690 585 1794 625 non
1822 568 2010 640 priscis
2030 573 2230 620 tantum

669 679 969 735 hominibus
997 676 1189 743 scripta
1210 683 1350 736 esse,
1377 666 1472 725 sed
1491 665 1649 723 etiam
1673 663 1827 720 nobis
1857 661 1916 716 ’2
1941 660 2054 718 Non
2080 656 2232 713 audis

669 768 888 824 Paulum
908 768 1168 838 dicentem
1198 779 1214 817 :
1249 761 1375 818 Htee
1399 759 1468 814 ad
1493 769 1716 814 nostram
1735 754 2017 809 doctrinam
2044 749 2232 838 scripta

667 870 804 927 sunt,
823 857 896 912 ad
918 872 1042 928 quos
1065 856 1208 925 /ﬁnes
1232 853 1532 908 smeulorum
1553 850 1852 904 devenerunt
1884 843 1959 915 (i.
1985 839 2102 895 Cor.
2136 837 2225 894 10.

667 952 756 1024 li)
792 968 807 1006 :
839 957 897 1004 ut
944 963 1033 1019 per
1076 945 1365 1017 patientiam
1410 951 1458 998 et
1498 937 1886 996 consolationem
1929 930 2230 1024 scriptura-

661 1021 776 1094 runt
799 1055 938 1109 spem
965 1037 1234 1092 habeamus
1267 1035 1438 1106 (Rem.
1467 1031 1554 1087 15.
1582 1030 1638 1100 ι)
1675 1046 1688 1082 :
1717 1026 1841 1083 Scio
1866 1021 2110 1095 equidem
2142 1033 2231 1075 me

661 1129 853 1185 frustra
895 1127 1072 1198 loqui,
1116 1125 1209 1182 sed
1259 1124 1418 1179 linem
1463 1118 1674 1175 dicendi
1716 1131 1820 1172 non
1864 1113 2073 1170 faciam.
2105 1110 2232 1166 Hme

660 1219 804 1273 enim
845 1217 1084 1273 faciendo
1112 1213 1250 1284 apud
1288 1213 1452 1268 Deum
1491 1215 1773 1266 excusatus
1817 1218 1948 1271 ero,
1976 1203 2135 1258 etiam
2184 1200 2227 1254 si

664 1311 838 1365 nullus
861 1308 1058 1364 audiat.
1091 1305 1248 1361 Certe
1275 1303 1363 1375 qui
1382 1299 1598 1357 attentis
1624 1296 1876 1368 loquitur,
1909 1288 2229 1349 consolatio-

661 1419 780 1459 nem
810 1418 875 1458 ex
902 1400 1202 1456 auditorum
1232 1393 1590 1469 obsequentia
1629 1389 1824 1459 accipit
1859 1403 1874 1442 :
1915 1385 2004 1458 qui
2050 1389 2228 1484 autem

659 1506 803 1562 smpc
843 1490 1166 1545 coneionans
1193 1502 1297 1542 non
1327 1485 1557 1550 auditur,
1590 1494 1690 1536 nec
1716 1487 1895 1534 tamen
1924 1483 2227 1531 concionari

726 1648 742 1678 ¹
779 1645 973 1704 Quidam
991 1643 1191 1704 habent,
1218 1641 1362 1702 tubis,
1388 1652 1492 1704 pro,
1512 1635 1662 1689 nobis.

1410 465 1469 520 S.
1507 457 1779 518 JOANNIS
1812 448 2278 515 CHRYSOSTOMI
2318 445 2636 505 ARClllEP.
2675 447 3203 509 CONSTANTINOP.

3823 459 3922 513 176

2338 570 2536 630 cessat,
2590 558 2779 630 majori
2824 562 3044 631 prtemio
3081 563 3272 633 dignus
3301 562 3400 619 erit
3424 603 3439 630 ,
3478 565 3600 634 quia
3627 569 3923 622 secundum

2344 653 2438 708 Dei
2485 652 2735 722 placitum
2760 690 2776 717 ,
2807 652 3140 707 auscultante
3183 653 3397 708 nemine
3418 695 3436 720 ,
3467 653 3702 710 officium
3738 656 3925 726 implet

2335 756 2511 798 suum.
2544 744 2788 796 Attamen
2821 738 2946 795 licet
2972 741 3128 797 nobis
3169 742 3341 812 major
3369 758 3574 799 meroes
3621 745 3690 799 ob
3730 761 3921 802 socor-

2335 833 2475 888 diam
2501 842 2731 888 vestram
2755 841 2993 902 paretur,
3020 832 3286 888 malumus
3317 832 3456 888 hanc
3479 833 3669 901 minui,
3698 844 3750 891 et
3776 836 3922 891 salu-

2338 924 2406 979 tis
2458 934 2648 979 vestrae
2696 938 2849 994 spem
2898 938 3018 979 esse
3068 923 3321 995 majorem
3369 941 3383 980 :
3431 925 3728 995 profectum
3772 929 3924 984 enim

2335 1026 2570 1073 vestrum
2609 1017 2870 1072 mercedis
2904 1017 3021 1072 loco
3057 1016 3336 1073 habemus.
3371 1017 3438 1073 Et
3467 1019 3583 1074 tunc
3615 1034 3752 1075 nunc
3777 1020 3923 1075 dici-

2334 1125 2453 1165 mus
2476 1150 2492 1176 ,
2521 1125 2626 1165 non
2665 1120 2723 1164 ut
2771 1109 2982 1164 molesti
3011 1117 3065 1164 et
3092 1111 3302 1164 onerosi
3333 1110 3488 1165 vobis
3515 1111 3704 1180 simus,
3741 1113 3831 1168 sed
3862 1124 3926 1167 ut

2334 1199 2572 1255 dolorem
2601 1206 2839 1254 nostrum
2859 1197 2927 1253 de
2953 1198 3176 1268 segnitie
3202 1207 3377 1254 vestra
3405 1208 3721 1270 conceptum
3753 1200 3919 1257 exhi-

2335 1289 2554 1345 beamus
2581 1307 2594 1343 :
2624 1303 2726 1358 qua
2755 1287 2955 1343 utinam
2979 1302 3076 1342 nos
3096 1302 3283 1343 omnes
3306 1287 3540 1356 liberati,
3563 1289 3923 1360 spiritualium

2334 1395 2512 1435 rerum
2542 1379 2714 1435 studio
2741 1378 3062 1446 hzereamus,
3095 1387 3149 1434 et
3182 1379 3416 1436 caelestia
3442 1381 3581 1437 bona
3613 1397 3919 1452 consequa-

2334 1485 2473 1536 mur,
2503 1470 2668 1542 gratia
2692 1479 2746 1525 et
2769 1469 3096 1541 benignitate
3123 1471 3331 1526 Domini
3352 1472 3517 1528 nostri
3547 1471 3675 1530 Jesu
3690 1472 3918 1544 Christi,

2333 1562 2544 1634 quicum
2572 1562 2714 1617 Patri
2740 1563 2907 1632 gloria
2933 1579 3142 1635 unaque
3162 1563 3382 1634 Spiritui
3399 1575 3610 1635 sancto,
3641 1567 3694 1622 in
3716 1571 3917 1624 saecula

2335 1653 2672 1710 saeculorum.
2703 1654 2898 1712 Amen.

733 1785 3892 1821 __________________________—_

1931 1865 2277 1932 HOMILIA
2317 1862 2559 1924 XXXI.

663 2003 751 2057 235.
796 1999 953 2054 Pater
986 1999 1151 2070 diligit
1176 1996 1388 2063 Filium,
1417 2004 1466 2052 et
1489 1994 1658 2050 omnia
1678 1992 1814 2048 dedit
1841 1992 1895 2046 in
1917 2005 2070 2044 manu
2098 1987 2226 2057 ejus.

727 2091 816 2146 36.
861 2089 960 2156 Qui
988 2088 1142 2142 credit
1167 2088 1218 2140 in
1241 2085 1456 2153 Filium,
1479 2084 1625 2139 habet
1653 2083 1808 2137 vitam
1833 2089 2110 2134 (sternam:
2140 2073 2229 2146 qui

725 2190 893 2234 mitem
921 2176 1209 2232 incredulus
1234 2184 1304 2231 est
1331 2173 1491 2241 Filio,
1518 2189 1620 2228 non
1638 2169 1820 2227 videbit
1844 2172 2018 2237 vitam,
2037 2168 2124 2221 sed
2149 2165 2228 2220 ira

729 2270 826 2325 Dei
850 2277 1015 2324 manet
1034 2283 1186 2336 super
1213 2282 1346 2320 eum.

727 2365 777 2417 1.
818 2359 1063 2430 Magnum
1088 2356 1542 2429 attemperationis
1569 2363 1624 2412 et
1651 2350 1992 2424 indulgentia:
2017 2345 2223 2404 lucrum

656 2455 708 2508 in
739 2453 985 2509 omnibus
1011 2450 1171 2506 rebus
1196 2449 1520 2520 experimur.
1552 2447 1642 2504 Sic
1683 2454 1829 2502 artes
1875 2441 2220 2514 perfecimus,

607 2547 616 2556 '
656 2557 762 2598 non
801 2552 1019 2612 repente
1048 2543 1222 2596 omnia
1249 2555 1278 2594 a
1304 2539 1567 2611 magistris
1599 2537 1900 2600 discentes;
1942 2531 2020 2588 sic
2061 2529 2223 2585 urbes

654 2634 1067 2698 construximus,
1097 2631 1294 2687 sensim
1338 2637 1393 2686 et
1439 2627 1691 2700 paulatim
1741 2624 2113 2687 aedificantes;
2145 2621 2224 2675 sic

652 2724 813 2778 vitam
835 2722 1334 2779 sustentamus.Nec
1359 2722 1568 2776 mireris
1591 2719 1634 2774 si
1658 2718 1743 2774 hic
1768 2716 1957 2772 modus
1985 2715 2036 2769 in
2067 2712 2224 2782 hujus

654 2815 775 2866 vita:
801 2813 960 2867 rebus
994 2821 1192 2867 tantam
1227 2813 1332 2866 vim
1373 2810 1584 2874 habeat,
1613 2807 1823 2879 quando
1850 2807 1900 2861 in
1929 2803 2220 2875 spirituali-

655 2901 753 2956 bus
781 2915 993 2970 quoque
1039 2901 1139 2956 hoc
1175 2899 1406 2971 prudens
1451 2905 1924 2978 temperamentum
1960 2895 2028 2950 ita
2061 2892 2218 2946 valet.

651 2990 740 3046 Sic
785 2990 852 3045 ab
895 2990 1193 3045 idololatria
1244 2997 1460 3058 potuere
1503 2986 1670 3042 Judaei
1700 2985 1868 3055 eripi,
1898 2982 2098 3039 sensim
2131 2995 2218 3036 re-

651 3080 792 3135 ducti
819 3097 834 3147 ;
859 3080 948 3150 qui
975 3095 1004 3133 a
1029 3079 1287 3151 principio
1314 3077 1443 3133 nihil
1470 3077 1696 3133 sublime
1715 3076 2017 3142 audierunt,
2046 3087 2220 3142 neque

653 3182 906 3240 quantum
936 3171 999 3225 ad
1030 3170 1296 3241 dogmata,
1329 3185 1502 3240 neque
1527 3177 1782 3238 quantum
1813 3167 1879 3221 ad
1922 3168 2043 3221 vita:
2070 3165 2222 3219 insti-

651 3268 841 3318 tutum.
892 3259 980 3316 Sic
1032 3260 1191 3315 etiam
1240 3268 1362 3330 post
1403 3258 1597 3315 Christi
1645 3258 1960 3323 adventum,
2011 3254 2221 3326 quando

652 3349 1017 3406 sublitniorum
1061 3349 1364 3420 dogmatum
1410 3358 1621 3418 tempus
1658 3357 1793 3410 erat,
1825 3359 2012 3401 omnes
2050 3346 2220 3401 addu-

654 3440 842 3496 cebant
869 3440 1115 3509 apostoli,
1146 3439 1274 3494 nihil
1302 3438 1532 3494 sublime
1557 3453 1587 3492 a
1631 3438 1890 3508 principio
1915 3437 2214 3508 loquentes.

651 3530 739 3586 Sic
765 3538 818 3584 et
840 3529 1081 3585 Christus
1110 3529 1288 3585 multis
1323 3545 1354 3583 a
1380 3529 1638 3600 principio
1665 3528 1824 3583 verba
1855 3527 2098 3586 faciebat.
2129 3527 2218 3584 Sic

647 3616 878 3674 Joannes
907 3635 1044 3674 nunc
1072 3619 1197 3675 fecit
1220 3619 1286 3674 de
1313 3619 1402 3675 illo
1426 3619 1576 3690 quasi
1606 3618 1674 3675 de
1698 3618 1926 3674 mirabili
1967 3619 2216 3689 quopiam

651 3707 863 3764 homine
901 3710 1144 3780 loquens,
1164 3709 1512 3778 sublimiaque
1557 3709 1832 3764 obscurius
1864 3709 2211 3765 interserens.

651 3797 804 3853 Initio
833 3814 1056 3868 namque
1078 3800 1288 3854 dicebat
1314 3817 1327 3852 :
1359 3798 1480 3853 Non
1510 3807 1668 3867 potest
1699 3799 1848 3852 homo
1876 3815 1908 3851 a
1934 3781 2099 3868 seipso
2127 3815 2216 3853 ae-

645 3887 812 3955 ripere
847 3889 1134 3957 quidquam.
1171 3888 1369 3945 Deinde
1411 3897 1687 3958 postquam
1719 3887 1917 3957 aliquid
1965 3903 2215 3959 magnum

647 3977 860 4048 adjecit,
893 3978 991 4046 Qui
1016 3979 1079 4033 de
1098 3978 1221 4033 caelo
1246 3981 1396 4044 venit,
1419 3996 1576 4048 supra
1608 3994 1778 4033 omnes
1803 3989 1913 4044 est;
1937 3995 2122 4036 rursus
2150 3980 2216 4035 ad

649 4067 866 4122 humilia
912 4068 1206 4135 descendit,
1240 4078 1435 4137 praeter
1478 4068 1580 4122 alia
1608 4068 1772 4122 multa
1818 4067 2044 4124 dicens:
2095 4069 2214 4125 Non
2260 4137 2273 4148 .

645 4158 778 4212 enim
808 4173 870 4211 ea:
898 4175 1129 4213 mensura
1154 4161 1240 4211 dat
1284 4158 1421 4214 Deus
1449 4158 1735 4228 Spiritum;
1781 4169 1963 4230 postea
2007 4175 2210 4225 rursus,

650 4247 809 4303 Pater
838 4249 1004 4321 diligit
1054 4248 1268 4316 Filium,
1296 4258 1341 4304 et
1390 4251 1559 4303 omnia
1605 4249 1743 4305 dedit
1781 4253 1833 4305 in
1887 4268 2040 4305 manu
2080 4253 2210 4323 ejus.

646 4341 772 4396 inde
795 4355 914 4396 cum
946 4341 1291 4411 intelligeret,
1325 4349 1524 4396 metum
1550 4341 1794 4410 supplicii
1823 4357 2066 4411 magnam
2107 4343 2212 4396 uti-

646 4430 846 4486 litatem
873 4446 1084 4500 parere,
1118 4429 1420 4500 multosque
1462 4445 1569 4484 non
1613 4438 1720 4484 tam
1753 4430 2029 4496 promissis
2054 4445 2212 4500 quam

642 4520 1140 4575 comminationibus
1168 4521 1392 4585 moveri,
1429 4520 1517 4575 hic
1545 4522 1756 4576 tandem
1783 4519 1981 4576 claudit
2008 4535 2214 4577 sermo-

643 4624 764 4664 nem
792 4619 846 4665 ct
874 4609 978 4664 ait:
1007 4609 1104 4678 Qui
1130 4611 1286 4664 credit
1310 4611 1361 4665 in
1388 4609 1580 4665 Filium
1603 4611 1748 4664 habet
1770 4611 1920 4664 vitam
1937 4621 2209 4666 teternam:

639 4699 726 4765 qui
776 4714 891 4752 vero
928 4716 1027 4754 non
1071 4700 1229 4754 credit
1269 4699 1427 4768 Filio,
1470 4716 1570 4755 non
1610 4701 1790 4754 videbit
1819 4701 1989 4768 vitans,
2019 4702 2107 4755 sed
2131 4702 2208 4756 ira

643 4788 735 4844 Dei
760 4800 924 4844 manet
947 4807 1096 4861 super
1135 4808 1266 4845 eum.
1295 4791 1527 4847 Rursum
1578 4791 1665 4848 hic
1714 4791 1780 4847 ad
1826 4792 2034 4848 Patrem
2077 4806 2205 4862 sup-

641 4881 779 4952 plicii
829 4896 1128 4937 sermonem
1175 4881 1358 4938 refert.
1406 4883 1523 4938 Non
1563 4884 1705 4939 enim
1752 4883 1904 4950 dixit,
1936 4882 2016 4938 ira
2063 4883 2205 4952 Filii,

637 4971 846 5026 etiamsi
903 4972 992 5028 ille
1044 4972 1113 5027 sit
1134 4972 1334 5042 judex;
1381 4973 1476 5029 sed
1527 4974 1736 5028 Patrem
1787 4975 2119 5040 memoravit,
2153 4983 2209 5030 ut

637 5062 804 5131 magis
846 5072 1088 5119 terreret.
1116 5063 1251 5118 Num
1279 5080 1408 5135 ergo
1433 5065 1647 5133 sufficit,
1680 5065 1905 5136 inquies,
1935 5067 1986 5121 in
2013 5065 2207 5122 Filium

637 5153 879 5222 credere,
902 5162 961 5209 ut
984 5155 1089 5209 vita
1115 5164 1315 5209 aeterna
1346 5155 1640 5210 habeatur?
1677 5155 2044 5226 Nequaquam.
2069 5157 2205 5214 Audi

637 5243 908 5300 Christum
956 5245 1056 5301 hoc
1103 5246 1276 5316 ipsum
1328 5245 1684 5302 declarantem
1731 5246 1814 5302 bis
1843 5248 2041 5315 verbis,
2083 5246 2207 5304 Non

637 5333 801 5386 omnis
825 5333 910 5403 qui
935 5335 1054 5388 dicit
1091 5336 1235 5403 mihi,
1270 5334 1508 5403 Domine,
1539 5333 1773 5403 Domine,
1802 5336 2006 5390 intrabit
2044 5337 2096 5391 in
2121 5355 2205 5392 re-

634 5440 789 5493 gnum
814 5425 1047 5478 cwlorum
1074 5424 1282 5500 (Matth.
1315 5427 1367 5479 7.
1397 5423 1525 5499 21);
1558 5436 1612 5481 et
1636 5424 1968 5496 blasphemia
1999 5426 2052 5482 in
2082 5426 2202 5498 Spi-

636 5514 1018 5580 ritnmsullicit
1042 5526 1097 5570 ut
1122 5516 1174 5571 in
1199 5517 1493 5586 gehennam
1516 5517 1634 5588 quis
1660 5515 1990 5572 detrudatur.

710 5604 863 5660 Fides
904 5605 1012 5661 sine
1061 5607 1160 5660 vita
1190 5607 1320 5661 bona
1360 5609 1487 5662 nihil
1515 5607 1741 5679 prodest.
1773 5606 1940 5677 Illud,
1986 5609 2063 5664 ira
2091 5625 2201 5664 ma-

636 5705 725 5749 net
748 5685 1079 5764 super'eum,
1113 5713 1307 5766 poenam
1346 5707 1586 5775 teteruam
1611 5700 1858 5771 designat.
1878 5729 1949 5740 —-
1978 5699 2044 5754 Et
2079 5701 2202 5770 quid

633 5784 753 5838 dico
779 5785 845 5841 de
877 5796 1023 5856 parte
1048 5787 1346 5858 dogmatis?
1390 5785 1522 5842 Nam
1552 5798 1606 5843 ct
1628 5790 1672 5844 si
1706 5792 1824 5860 quis
1853 5801 1998 5846 recte
2024 5791 2205 5846 credat

633 5875 688 5928 in
713 5873 919 5932 Patrem
949 5887 1001 5932 et
1028 5877 1220 5933 Filium
1242 5889 1296 5934 et
1313 5877 1568 5950 Spiritum
1592 5892 1852 5950 sanctum,
1867 5883 1908 5939 si
1932 5892 2076 5940 recte
2096 5897 2203 5939 non

2332 1982 2497 2046 vivat,
2513 1979 2645 2035 nihil
2669 1979 2766 2051 ipsi
2792 1980 2927 2036 fides
2949 1981 3266 2051 proderitad
3288 1982 3531 2038 salutem.
3547 1984 3687 2054 Ergo
3702 1986 3912 2056 quando

2331 2072 2483 2138 dicit,
2516 2070 2643 2126 Hac
2670 2081 2743 2125 est
2768 2071 2900 2125 enim
2943 2073 3042 2126 vita
3069 2082 3280 2142 teterna,
3310 2083 3365 2126 ut
3391 2087 3696 2145 cognoscant
3740 2086 3787 2130 te
3827 2093 3914 2130 σου

2331 2163 2440 2216 lum
2481 2177 2652 2216 verum
2677 2158 2844 2215 Deum
2875 2160 3049 2228 (Joan.
3090 2164 3178 2217 i7.
3207 2164 3287 2232 5),
3313 2177 3380 2218 ne
3406 2173 3652 2234 putemus
3683 2165 3731 2220 id
3757 2167 3915 2222 nobis

2329 2253 2395 2308 ad
2427 2253 2652 2307 salutem
2683 2253 2811 2308 satis
2832 2267 2970 2308 esse.
2995 2253 3140 2326 Opus
3167 2270 3392 2326 namque
3421 2256 3573 2311 nobis
3596 2267 3677 2312 est
3705 2266 3760 2313 et
3790 2258 3915 2314 vitae

2327 2353 2383 2401 et
2413 2360 2619 2412 morum
2653 2344 2895 2398 instituto
2935 2345 3162 2415 probo‘.
3208 2346 3277 2401 Et
3317 2347 3361 2401 si
3413 2345 3499 2401 hic
3543 2348 3758 2413 dixerit,
3809 2349 3916 2417 Qui

2327 2435 2485 2488 credit
2522 2435 2575 2488 in
2613 2432 2829 2500 Filium,
2872 2434 3019 2490 habet
3065 2437 3218 2490 vitam
3260 2446 3542 2502 attentam;
3585 2454 3770 2495 verum
3819 2456 3914 2496 se-

2327 2526 2541 2594 quentia
2567 2523 2933 2580 vehementius
2983 2525 3222 2595 protulit.
3268 2526 3452 2597 Neqne
3481 2529 3624 2584 enim
3664 2544 3730 2585 ex
3755 2530 3916 2588 bonis

2329 2623 2556 2681 tantum,
2589 2605 2682 2670 sed
2709 2616 2867 2670 etiam
2897 2631 2962 2670 ex
2989 2619 3272 2673 contrariis
3301 2632 3607 2675 sermonem
3635 2623 3914 2688 contexit;

2327 2714 2381 2761 et
2406 2706 2526 2761 vide
2564 2720 2671 2777 quo
2699 2716 2875 2776 pacto.
2920 2705 3084 2763 Infert
3109 2711 3274 2776 enim,
3308 2709 3408 2776 Qui
3435 2727 3535 2765 non
3564 2712 3720 2766 credit
3747 2711 3914 2778 Filio,

2327 2811 2426 2849 non
2454 2795 2634 2849 videbit
2671 2797 2846 2862 vitam,
2870 2797 2960 2850 sed
2989 2800 3065 2851 ira
3105 2798 3202 2852 Dei
3232 2810 3397 2853 manet
3428 2817 3578 2867 super
3597 2818 3727 2854 eum.
3761 2804 3918 2856 Atta-

2325 2899 2445 2940 men
2471 2899 2573 2939 non
2603 2884 2727 2941 hinc
2748 2885 3051 2955 inferimus,
3075 2890 3240 2943 solam
3265 2889 3422 2944 fidem
3449 2889 3515 2944 ad
3541 2892 3765 2947 salutem
3789 2908 3916 2951 esse

2324 2976 2488 3042 satis;
2521 2976 2660 3048 quod
2693 2977 2949 3047 probatur
2977 2993 3041 3034 ex
3067 2978 3224 3034 dictis
3249 2981 3575 3051 evangelicis
3618 2981 3919 3053 frequenti-

2326 3065 2446 3133 bus,
2471 3065 2664 3121 bonam
2685 3068 2850 3124 vitam
2885 3070 3269 3140 spectantibus.
3297 3071 3420 3127 Ideo
3445 3088 3550 3128 non
3581 3073 3735 3140 dixit,
3784 3075 3917 3132 llaec

2323 3156 2434 3237 sola
2461 3165 2544 3211 est
2568 3158 2674 3213 vita
2713 3168 2935 3226 :eterna,
2965 3175 3156 3230 neque,
3189 3160 3238 3216 ls
3261 3162 3348 3232 qui
3377 3165 3713 3220 solummodo
3738 3167 3918 3221 credit

2324 3246 2378 3300 in
2410 3245 2626 3312 Filium,
2662 3247 2822 3304 habet
2849 3250 3009 3304 vitam
3049 3259 3340 3317 aeternam;
3371 3253 3464 3308 sed
3495 3253 3546 3308 in
3580 3265 3805 3325 utroque
3828 3257 3920 3312 νίν

2325 3346 2431 3392 tam
2458 3352 2578 3394 esse
2604 3326 2884 3409 significat.
2917 3340 3074 3396 Certe
3099 3343 3144 3398 si
3176 3344 3280 3398 vita
3307 3345 3477 3414 proba
3499 3361 3603 3402 non
3631 3358 3914 3419 sequatur,

2322 3442 2570 3497 magnum
2625 3440 2880 3500 sequetur
2930 3432 3271 3501 supplicium.
3324 3435 3505 3506 Neque
3546 3438 3700 3505 dixit,
3728 3439 3918 3497 Manet

2321 3532 2466 3584 eum,
2497 3518 2611 3584 sed,
2641 3519 2812 3574 Manet
2842 3537 2994 3591 super
3018 3538 3166 3587 eum;
3209 3523 3490 3581 declarans
3516 3543 3800 3600 numquam
3841 3533 3918 3586 ab

2323 3621 2388 3662 eo
2425 3608 2785 3665 discessuram
2835 3612 2968 3665 iram
3011 3627 3155 3667 esse.
3182 3613 3260 3670 Ne
3300 3624 3520 3686 putares
3563 3619 3706 3674 enim
3751 3619 3913 3690 illud,

2325 3697 2447 3752 Non
2489 3700 2670 3755 videbit
2713 3703 2884 3771 vitam,
2915 3714 3141 3761 mortem
3192 3715 3588 3778 temporaneam
3629 3711 3912 3780 indicare;

2323 3787 2417 3842 sed
2448 3789 2696 3845 crederes
2725 3802 3036 3862 perpetuum
3058 3810 3179 3851 esse
3207 3798 3544 3868 supplicium,
3579 3800 3683 3858 hoc
3702 3802 3913 3861 dictum

2323 3879 2523 3948 posuit,
2555 3881 2611 3934 ut
2650 3882 2959 3939 ostenderet
3005 3885 3154 3940 illam
3196 3898 3453 3959 perpetuo
3481 3906 3699 3948 manere
3739 3905 3791 3950 et
3825 3897 3916 3953 in-

2322 3968 2516 4024 sidere.
2568 3971 2699 4026 lllud
2743 3983 2924 4028 autem
2956 3974 3096 4041 fecit,
3133 3985 3192 4031 ut
3231 3993 3326 4049 per
3355 3979 3471 4036 inec
3515 3983 3691 4040 omnia
3736 3988 3914 4044 verba

2321 4060 2466 4131 ipsos
2509 4061 2575 4116 ad
2603 4061 2875 4119 Christum
2919 4065 3235 4136 impelleret.
3287 4069 3624 4144 Quapmpter
3679 4090 3785 4131 non
3837 4080 3914 4135 ad

2321 4152 2441 4207 illos
2468 4153 2710 4223 privatim
2751 4157 2951 4212 monita
2995 4158 3194 4230 dirigit,
3219 4163 3313 4217 sed
3346 4163 3399 4217 in
3425 4169 3716 4233 communi,
3743 4177 3798 4224 et
3852 4181 3918 4228 ut

2319 4243 2552 4299 maxime
2599 4243 2742 4314 ipsos
2785 4247 2998 4302 allicere
3049 4259 3280 4317 poterat.
3321 4252 3434 4307 Non
3481 4256 3622 4310 enim
3661 4257 3818 4325 dixit,
3853 4262 3914 4318 Si

2319 4332 2572 4399 credatis,
2595 4332 2652 4388 Si
2681 4350 2786 4389 non
2813 4337 3045 4392 credatis
3069 4353 3084 4402 ;
3121 4340 3215 4396 sed
3244 4342 3295 4396 in
3345 4345 3612 4399 communi
3643 4345 3913 4421 loquitur,

2321 4429 2378 4475 ut
2406 4435 2524 4491 qua:
2551 4421 2800 4477 dicuntur
2828 4425 2956 4480 nulli
2988 4427 3094 4481 sint
3121 4430 3408 4500 suspicioni
3433 4433 3660 4490 obnoxia
3691 4455 3704 4491 :
3744 4437 3917 4509 idque

2321 4510 2443 4566 fecit
2471 4510 2862 4581 vehementius,
2893 4531 3050 4586 quam
3078 4517 3344 4576 Christus.
3376 4521 3508 4578 Nam
3536 4524 3781 4582 Christus
3823 4531 3919 4586 di-

2319 4604 2408 4667 cit,
2438 4603 2538 4668 Qui
2559 4621 2660 4659 nan
2681 4605 2858 4673 credit,
2875 4609 2990 4678 ‘jam
3008 4610 3274 4680 judicatus
3294 4624 3405 4681 est;
3436 4614 3522 4670 hic
3546 4627 3748 4686 autem,
3777 4618 3915 4677 Non

2316 4693 2497 4747 videbit
2540 4696 2714 4764 vitam,
2742 4698 2832 4751 sed
2860 4699 2938 4752 ira
2968 4699 3063 4754 Dei
3103 4713 3270 4756 manet
3318 4720 3472 4776 super
3516 4724 3628 4761 eum
3646 4724 3666 4774 ,°
3697 4719 3752 4766 et
3777 4710 3918 4781 jure

2316 4785 2551 4856 quidem.
2581 4787 2767 4858 Neque
2797 4791 2935 4844 cnim
2969 4791 3106 4847 idem
3129 4802 3213 4848 est
3253 4795 3485 4867 aliquem
3517 4799 3585 4855 de
3609 4803 3788 4873 seipso
3826 4805 3917 4862 lo-

2315 4875 2428 4944 qui.
2458 4886 2512 4931 et
2552 4877 2777 4934 alterum
2806 4880 2874 4936 de
2902 4881 3011 4936 illo.
3043 4882 3175 4939 Nam
3204 4884 3476 4943 Christum
3528 4900 3804 4960 putassent
3840 4913 3913 4952 ex

2315 4966 2602 5022 ambitione
2623 4978 2676 5024 et
2697 4967 2832 5025 fastu
2859 4987 2999 5042 saepe
3023 4974 3144 5028 talia
3172 4975 3346 5047 loqui:
3376 4978 3612 5036 Joannes
3640 4997 3768 5038 vero
3799 4984 3916 5043 Ilth

2315 5059 2531 5112 carebat
2571 5062 2896 5131 suspicione.
2930 5063 3082 5131 Quod
3122 5067 3166 5121 si
3212 5079 3398 5138 postea
3443 5071 3686 5128 Christus
3730 5075 3918 5133 velte-

2313 5147 2578 5205 mentiore
2605 5165 2734 5206 usus
2760 5161 2844 5208 est
2887 5168 3158 5223 sermone,
3183 5158 3236 5214 id
3268 5168 3393 5215 tunc
3423 5161 3566 5230 fecit,
3591 5165 3807 5235 quando
3840 5169 3919 5228 de

2313 5236 2429 5308 ipso
2450 5253 2692 5332 magnam
2718 5241 2983 5298 habebant
3010 5247 3335 5314 opinionem.
3361 5249 3512 5323 (Cap.
3530 5253 3586 5324 4)
3609 5255 3658 5309 1.
3685 5253 3753 5311 Ut
3778 5273 3917 5332 emo

2312 5331 2538 5399 cognovit
2577 5330 2748 5397 Jesus,
2778 5334 2897 5402 quia
2934 5337 3204 5392 audierunt
3243 5339 3517 5410 Pharistei,
3562 5346 3698 5411 quod
3741 5330 3916 5407 Iesus

2312 5418 2481 5489 plures
2521 5421 2798 5510 discipulos
2827 5425 2968 5494 facit,
3002 5436 3050 5480 et
3087 5427 3342 5499 baptisat,
3374 5449 3522 5501 quant
3550 5433 3778 5491 Joannes
3811 5439 3908 5510 (2.

2308 5524 2611 5578 quamquam
2637 5509 2786 5566 Jesus
2817 5531 2916 5568 non
2945 5515 3242 5587 baptisaret,
3276 5520 3364 5574 sed
3387 5523 3624 5591 discipuli
3646 5527 3756 5595 ejus
3774 5509 3908 5598 ),73.

2309 5604 2509 5656 secessit
2538 5619 2602 5657 ea:
2629 5603 2833 5673 Judtea,
2875 5617 2920 5662 et
2951 5609 3080 5662 venit
3117 5610 3169 5663 in
3202 5609 3488 5668 Galila'am.
3524 5614 3639 5686 Ipse
3677 5618 3909 5688 quidem

2312 5709 2416 5749 non
2459 5695 2713 5766 baptizat,
2743 5699 2838 5754 sed
2888 5702 3059 5756 nuntii
3099 5718 3219 5758 cum
3263 5705 3459 5762 vellent
3505 5709 3766 5780 majorem
3821 5716 3910 5773 illi

2312 5783 2563 5839 invidiam
2585 5786 2840 5854 conﬂare,
2866 5789 2934 5843 ita
2962 5790 3284 5849 referebant.
3304 5787 3432 5860 Cur,
3467 5797 3694 5870 inquies,
3718 5816 3907 5862 seces-

2379 5897 2392 5926 ί
2429 5895 2576 5948 savii.
2609 5894 2750 5962 legit,
2781 5911 2968 5950 morum
2990 5897 3198 5954 instituto
3216 5904 3490 5970 purissima.
