4120 6494
231 419 329 478 \‘i'i

243 538 343 590 sit?
385 536 503 590 Non
534 537 684 605 quod
721 538 950 601 timeret,
981 534 1073 588 sed
1105 543 1159 588 ut
1190 532 1402 587 invidiae
1448 544 1659 586 causam
1688 544 1824 595 pra:-

247 625 538 688 scinderct,
569 635 626 679 et
665 628 890 680 livorem
921 627 1205 694 mitigaret.
1251 623 1462 677 Poterat
1491 620 1630 674 enim
1658 634 1716 673 se
1741 632 1833 686 ag-

248 716 559 785 gredieutes
612 713 890 780 cohibere,
937 713 1029 768 sed
1071 713 1282 766 nolebat
1329 710 1454 764 illud
1511 708 1836 777 frequentius

250 821 433 875 agere,
464 822 530 859 ne
559 805 938 858 incarnationis
967 803 1122 857 fidem
1151 802 1216 856 de
1245 802 1420 856 medio
1449 797 1832 856 tolleret..Nam

248 900 295 951 si
329 913 471 964 saepe
501 897 873 965 deprehensus
902 895 1212 962 aufugisset,
1248 894 1298 946 in
1325 906 1441 945 eam
1470 888 1610 958 apud
1639 889 1833 942 multos

246 986 612 1054 suspicionem
647 986 896 1038 venisset.
939 983 1060 1036 Ideo
1091 982 1257 1036 multa
1306 980 1540 1033 humano
1567 991 1714 1032 more
1759 976 1834 1028 fa-

247 1079 450 1132 ciebat.
498 1076 568 1131 Ut
611 1077 751 1130 enim
799 1075 941 1128 credi
973 1075 1158 1136 voluit,
1191 1086 1250 1126 se
1301 1071 1465 1124 Deum
1495 1083 1633 1134 esse,
1667 1069 1737 1121 ita
1777 1075 1833 1121 et

254 1186 476 1225 carnem
501 1178 759 1238 gestasse.
785 1168 907 1222 Ideo
936 1177 1052 1237 post
1089 1164 1534 1220 resurrectionem
1567 1160 1829 1229 discipulo

247 1259 492 1314 dicebat:
519 1258 689 1326 Patpa
712 1268 757 1312 et
781 1259 910 1322 vide,
934 1258 1052 1326 quia
1082 1256 1287 1327 spiritus
1312 1269 1513 1307 carnem
1533 1261 1576 1307 et
1597 1267 1709 1305 ossa
1729 1266 1828 1304 non

245 1353 398 1404 habet
429 1350 575 1422 (Luc.
599 1350 688 1404 25.
721 1349 833 1418 59).
864 1347 1064 1402 Idcirco
1087 1347 1300 1400 Petrum
1333 1341 1826 1412 increpavitdicen-

248 1454 384 1504 tem,
416 1439 680 1509 PrOpitius
709 1448 810 1492 esto
838 1439 944 1504 tibi,
971 1453 1072 1490 non
1117 1437 1208 1490 erit
1238 1435 1324 1488 tibi
1370 1436 1463 1488 hoc
1488 1433 1698 1504 (Matth.
1739 1432 1824 1487 l6.

246 1529 370 1598 ‘22).
400 1529 626 1582 Tantum
656 1543 718 1582 ea
747 1528 812 1582 de
843 1543 900 1582 re
925 1527 1185 1581 sollicitus
1218 1525 1333 1580 fuit.

320 1622 377 1672 2.
409 1619 536 1672 Nam
566 1634 672 1672 non
698 1617 898 1672 modica
931 1617 1045 1672 hmc
1073 1625 1154 1672 est
1181 1617 1318 1671 inter
1339 1615 1589 1670 Ecclesiae
1612 1612 1828 1682 dogma-

243 1723 297 1766 ta
331 1711 522 1782 portio,
556 1712 662 1763 imo
684 1710 865 1764 salutis
906 1718 1101 1764 nostra:
1140 1716 1298 1778 caput
1322 1748 1335 1771 ,
1367 1722 1461 1778 per
1487 1705 1625 1776 quod
1648 1704 1826 1758 omnia

245 1805 384 1859 facta
413 1810 885 1871 consummataque
908 1809 1051 1856 sunt.
1086 1799 1175 1854 Sic
1200 1813 1344 1852 mors
1381 1798 1553 1852 soluta
1575 1838 1590 1861 ,
1633 1809 1822 1865 pecca-

245 1906 362 1949 tum
392 1894 680 1958 sublatum,
709 1891 1043 1946 maledictum
1076 1890 1381 1959 abrogatum
1424 1928 1440 1954 ,
1472 1888 1744 1940 innumera
1774 1885 1824 1939 in

242 1987 410 2038 vitam
476 1992 714 2037 nostram
770 1981 980 2035 inducta
1035 1981 1172 2034 bona
1223 1989 1365 2034 sunt.
1423 1977 1546 2033 ldeo
1599 1977 1826 2030 maxime

237 2076 598 2129 oeconomiam
631 2071 776 2128 credi
806 2071 1014 2127 volebat
1037 2112 1052 2136 ,
1097 2085 1215 2140 quae
1243 2069 1390 2123 radix
1427 2077 1481 2122 et
1509 2067 1628 2122 l'ons
1672 2065 1826 2120 nobis

240 2167 648 2218 innumerorum
678 2162 851 2217 fuerat
875 2161 1158 2218 bonorum.
1210 2161 1341 2214 Dum
1369 2169 1546 2214 autem
1598 2159 1823 2214 humana

238 2253 606 2323 dispensabat,
657 2267 762 2307 non
788 2252 996 2307 sinebat
1023 2251 1198 2306 divina
1218 2250 1510 2306 obscurari.
1559 2249 1691 2303 Cum
1736 2264 1823 2304 re-

237 2344 492 2399 cessisset
520 2358 670 2414 ergo,
699 2358 758 2398 ea
785 2343 917 2414 ipsa,
951 2358 1066 2413 qua:
1092 2343 1255 2411 prius,
1291 2350 1520 2397 tractare
1548 2340 1821 2412 pergebat.

239 2436 425 2505 Neque
456 2435 600 2490 enim
627 2434 744 2488 sine
769 2448 929 2489 causa
959 2434 1010 2487 in
1033 2432 1303 2488 Galilmam
1336 2433 1562 2498 abierat,
1587 2431 1679 2487 sed
1708 2447 1823 2486 ma-

237 2543 341 2593 gna
371 2541 566 2596 parans
585 2525 727 2596 apud
755 2526 1117 2581 Samaritanos
1142 2527 1348 2596 negotia
1373 2543 1386 2590 ;
1417 2541 1514 2580 nec
1541 2511 1824 2596 utcumque

240 2619 328 2673 illa
358 2618 697 2688 dispensans,
729 2617 821 2672 sed
852 2627 1044 2687 quanta
1072 2632 1168 2687 par
1192 2617 1286 2687 ipsi
1317 2627 1434 2672 erat
1459 2617 1740 2686 sapientia,
1765 2625 1824 2670 ut

240 2708 446 2762 nullam
473 2707 671 2762 Judazis
699 2706 782 2762 vel
809 2707 1129 2776 impudentis
1149 2709 1505 2762 excusationis
1535 2723 1715 2761 ansam
1746 2725 1823 2762 re-

241 2802 510 2870 linqueret
541 2819 552 2853 :
583 2798 723 2870 quod
754 2799 1096 2853 subindicans
1118 2800 1436 2868 evangelista
1456 2800 1746 2868 subjunxit,
1767 2801 1819 2856 4.

240 2891 516 2960 Oportebat
545 2901 711 2943 autem
740 2888 880 2943 illum
903 2892 1120 2943 transire
1141 2907 1228 2960 per
1258 2890 1582 2956 Samariam,
1636 2899 1692 2943 ut
1737 2905 1823 2945 os-

239 2984 488 3038 tenderet
526 2983 697 3051 ipsum
740 2981 840 3035 hoc
863 2981 1014 3050 quasi
1035 2983 1210 3036 obiter
1234 2982 1445 3037 fecisse.
1475 2983 1562 3037 Sic
1603 2991 1654 3037 et
1687 2997 1817 3050 apo-

237 3075 362 3128 stoli
389 3073 636 3143 agebant.
669 3072 801 3126 Nam
833 3073 970 3127 sicut
998 3073 1095 3138 illi,
1117 3073 1317 3128 Judzcis
1347 3075 1815 3144 persequentibus,

237 3165 303 3218 ad
327 3173 518 3234 gentes
546 3163 830 3218 veniebant
857 3181 870 3216 :
903 3163 974 3217 ita
1001 3171 1055 3218 et
1084 3162 1325 3218 Christus
1345 3205 1359 3227 ,
1391 3164 1602 3233 quando
1648 3165 1818 3234 ipsum

237 3256 530 3326 pellebant,
561 3264 685 3309 tunc
710 3264 896 3324 gentes
919 3254 1118 3321 adibat,
1144 3263 1200 3309 ut
1230 3256 1280 3309 in
1312 3255 1719 3326 Syrophoenissa
1745 3256 1821 3312 fe-

237 3348 331 3401 cit.
353 3346 477 3401 llaec
499 3361 657 3415 porro
673 3346 749 3400 sic
769 3354 915 3415 gesta
941 3355 1082 3409 sunt,
1109 3348 1351 3401 utomnis
1365 3346 1604 3403 defensio
1619 3347 1817 3402 .ludzeis

237 3437 536 3501 tolleretur,
567 3451 664 3490 nec
679 3435 858 3518 dicere
879 3447 1115 3505 possent.
1145 3435 1309 3492 Nobis
1339 3429 1538 3493 relictis
1567 3439 1631 3493 ad
1655 3441 1817 3494 incir-

235 3529 507 3583 cumcisos
538 3526 806 3596 profectus
830 3537 931 3583 est.
955 3527 1288 3597 Quapmpter
1308 3529 1572 3597 discipuli,
1611 3538 1668 3583 ut
1698 3544 1818 3585 sese

238 3631 546 3693 purgarent,
604 3621 848 3675 dicebant
885 3638 897 3674 :
961 3620 1111 3674 Vobis
1133 3623 1388 3690 Oportebat
1417 3623 1634 3690 primum
1681 3623 1818 3692 loqui

238 3713 440 3765 rerbum
462 3711 558 3765 Dei
584 3727 601 3764 :
631 3711 746 3781 quia
776 3727 891 3765 vero
913 3711 1145 3781 indignos
1174 3727 1257 3764 vos
1273 3712 1540 3779 judicatis,
1572 3729 1680 3765 ecce
1705 3727 1819 3766 con-

237 3803 478 3856 vertimur
502 3803 568 3854 ad
610 3812 776 3872 gentes
803 3804 820 3870 (
855 3803 964 3854 Act.
994 3801 1079 3856 15.
1123 3800 1192 3855 46
1220 3801 1268 3870 );
1301 3809 1356 3855 et
1407 3802 1520 3870 ipse
1568 3817 1776 3858 rursum
1798 3844 1814 3869 ,

241 3891 366 3947 Non
389 3895 497 3946 ueni
543 3894 641 3946 nisi
669 3892 736 3945 ad
796 3908 907 3945 oves
953 3908 1064 3961 qua!
1117 3893 1365 3961 perierunt
1411 3893 1589 3946 domus
1639 3892 1805 3948 Israel

241 3986 258 4052 (
297 3982 485 4036 Matth.
523 3983 606 4037 l5.
635 3983 725 4037 24.
756 3984 775 4051 )
802 3999 815 4047 ;
840 3993 893 4038 et
926 3997 1136 4037 rursum
1161 4022 1176 4047 ,
1211 3981 1330 4036 Non
1368 3993 1438 4038 est
1464 3983 1647 4037 bonum
1676 3986 1815 4038 acci-

238 4089 359 4142 pere
401 4089 578 4141 panem
615 4073 867 4140 ﬁliorum,
895 4081 940 4126 et
983 4072 1104 4127 dare
1149 4073 1353 4127 canibus
1383 4071 1402 4142 (
1435 4072 1570 4126 Ibid.
1599 4090 1643 4127 υ.
1670 4073 1740 4128 26
1773 4075 1812 4143 ).

235 4165 374 4218 Cum
396 4174 569 4216 autem
602 4162 746 4216 illum
776 4161 1106 4230 repulerunt,
1140 4171 1264 4215 tunc
1305 4161 1521 4230 januam
1569 4156 1816 4232 gentibus

236 4261 579 4321 aperuerunt.
601 4252 780 4321 Neque
807 4261 978 4306 tamen
1005 4253 1082 4306 sic
1112 4251 1176 4304 ad
1204 4252 1318 4306 illos
1346 4253 1612 4321 przecipue
1637 4252 1817 4307 venie-

239 4346 353 4407 bat,
373 4342 467 4398 sed
489 4341 814 4396 transeundo
837 4352 1060 4396 tantum.
1092 4341 1383 4398 Transiens
1413 4343 1601 4411 igitur,
1626 4343 1678 4398 5.
1718 4341 1812 4398 Ve-

238 4438 312 4487 nit
338 4437 352 4466 '
383 4436 434 4487 in
460 4435 705 4487 civitatem
730 4434 979 4489 Samaria:
1003 4477 1016 4499 ,
1039 4451 1153 4504 qua:
1180 4436 1364 4488 dicitur
1391 4435 1610 4506 Sychar,
1657 4453 1816 4508 prape

238 4529 429 4587 locum,
450 4541 593 4593 quem
611 4523 750 4577 dedit
774 4521 934 4578 Iacob
957 4523 1146 4594 Ioseph
1169 4524 1276 4592 [ilio
1303 4542 1416 4579 suo.
1462 4527 1514 4580 6.
1552 4524 1681 4580 Erat
1712 4543 1812 4580 au-

238 4629 337 4670 tem
367 4616 469 4667 illic
496 4615 612 4682 fons
644 4613 947 4669 Jacob.Cur
967 4616 1290 4684 evangelista
1319 4617 1520 4670 deloco
1551 4619 1628 4671 sic
1653 4633 1810 4673 aecu-

239 4715 355 4758 mte
398 4705 629 4775 loquitur
654 4704 677 4757 ἲ
707 4703 773 4759 Ut
798 4720 916 4759 cum
934 4705 1165 4759 audieris
1193 4705 1467 4761 mulierem
1497 4708 1761 4763 dicentem
1794 4749 1810 4776 ,

236 4793 400 4846 Iacob
427 4803 570 4861 pater
596 4802 761 4846 noster
789 4792 923 4846 dedit
959 4793 1100 4848 nobis
1144 4795 1275 4847 hunc
1315 4805 1556 4859 puteum,
1589 4812 1656 4852 ne
1698 4807 1816 4852 stu-

240 4896 385 4948 peas.
416 4880 546 4935 Nam
575 4882 724 4936 locus
749 4882 836 4936 ille
878 4892 1022 4944 erat,
1060 4884 1144 4936 ubi
1190 4899 1284 4953 pro
1316 4885 1444 4938 Dina
1479 4885 1812 4956 indignantes

239 4973 365 5026 Levi
392 4981 445 5025 et
473 4971 707 5042 Symeon
730 5013 743 5036 ,
781 4987 990 5040 gravem
1023 4973 1164 5026 illam
1213 4973 1413 5030 cardem
1445 4985 1737 5044 patrarunt.

311 5060 749 5115 Samaritanorum
765 5063 970 5132 origo.-—
983 5061 1096 5115 Non
1122 5064 1214 5118 abs
1233 5080 1290 5118 re
1310 5076 1484 5119 autem
1505 5067 1682 5132 fuerit,
1709 5083 1810 5122 un-

238 5153 307 5207 de
328 5153 584 5221 originem
617 5144 899 5208 habuerint
924 5153 1240 5208 Samaritani
1267 5171 1504 5210 narrare.
1540 5157 1672 5212 Nam
1701 5167 1809 5214 tota

241 5245 330 5296 illa
359 5244 502 5313 regio
529 5242 766 5299 Samaria
795 5254 1031 5298 vocatur.
1083 5244 1233 5300 Unde
1281 5263 1409 5316 ergo
1455 5249 1530 5302 sic
1560 5250 1808 5318 appellati

237 5336 405 5387 sunt?
433 5334 625 5388 Somor
653 5349 805 5388 mons
856 5335 945 5387 ille
993 5337 1361 5391 nominabatur
1389 5354 1416 5390 a
1465 5340 1691 5409 quodam
1722 5342 1809 5410 qui

238 5428 384 5479 illum
417 5427 751 5497 possederat,
778 5427 1195 5493 utdicitlsaias,
1244 5429 1312 5482 Et
1355 5443 1505 5500 caput
1561 5433 1810 5487 Somoron

237 5515 484 5585 Epttraim
527 5521 546 5589 (
583 5517 713 5571 Isai.
745 5519 797 5570 7.
823 5518 856 5571 9
886 5518 904 5587 )
931 5535 946 5583 ;
979 5519 1070 5573 sed
1092 5522 1179 5589 qui
1209 5521 1350 5575 illum
1384 5524 1681 5577 incolebant
1703 5541 1808 5579 non

234 5608 570 5674 Samaritani,
595 5609 688 5665 sed
718 5607 973 5663 Israelita:
996 5612 1336 5666 vocabantur.
1371 5613 1426 5666 In
1459 5615 1685 5670 decursu
1713 5631 1808 5670 ve—

294 5741 309 5814 f
337 5740 386 5814 In
415 5742 574 5814 alorci.
600 5741 814 5814 legitur:
839 5748 1160 5812 stt'mtsetmdo
1181 5754 1378 5798 tantum.
1413 5751 1486 5800 sic
1513 5750 1704 5802 cousztio
1725 5767 1810 5804 suo

228 5807 473 5865 riae/acto,
499 5807 653 5870 pergit
679 5807 850 5856 dicens
880 5818 896 5852 :
918 5807 1066 5865 I't’tttt,
1095 5818 1188 5858 etc.

1286 416 1350 474 IN
1385 414 1699 474 ,ΙΟᾹΝΝΕΜ
1741 413 1968 467 IIUMIL.
2017 411 2202 466 XXXI.
2237 415 2306 468 al.
2353 415 2517 470 XXX.

3421 421 3522 476 [78

1949 541 2008 578 ro
2034 529 2286 594 temporis
2316 530 2477 582 Deum
2503 528 2873 594 olIenderunt;
2900 538 2952 585 et
2975 531 3179 587 Phacee
3219 545 3474 600 regnante
3500 573 3516 597 ,

1950 615 2247 670 ascendens
2297 615 2558 684 'I‘heglath
2591 616 2876 682 Phalasar,
2910 619 3102 672 multas
3143 619 3284 688 cepit
3330 619 3518 684 urbes,

1943 704 2092 759 Elam
2143 706 2360 761 adortus
2413 709 2644 772 occidit,
2699 719 2758 763 et
2806 707 2957 764 Osca:
3013 724 3233 780 regnum
3281 710 3516 764 tradidit.

1943 795 2092 849 llunc
2115 811 2394 865 aggressus
2422 797 2760 876 S'almanasar
2787 798 2952 852 alias‘
2977 800 3121 868 cepit
3142 800 3318 862 urbes,
3347 809 3399 855 et
3424 801 3526 854 tri-

1940 886 2173 942 butarias
2205 886 2325 942 fecit
2351 890 2426 957 (4.
2455 887 2576 959 Reg.
2608 889 2923 958 I7).Vcrum
2950 889 3085 944 Osee
3104 891 3279 959 primo
3302 890 3517 959 quidem

1938 978 2119 1042 cessit,
2143 977 2336 1034 deinde
2369 995 2494 1032 vero
2524 980 2822 1046 rebellavit,
2846 991 2899 1034 et
2922 981 2988 1034 ad
3025 979 3514 1049 (Ethiopumauxi-

1938 1067 2064 1121 lium
2093 1067 2347 1137 confugit.
2374 1069 2451 1123 Ile
2472 1070 2704 1139 cognita,
2737 1070 2988 1138 Assyrius
3020 1072 3312 1126 exercitum
3341 1071 3520 1126 adma.

1937 1159 2032 1223 vit,
2065 1166 2118 1212 et
2140 1168 2290 1228 capta
2321 1159 2567 1224 civitate,
2591 1169 2802 1230 gentem
2830 1160 2976 1214 illam
3003 1175 3109 1214 non
3164 1161 3234 1215 ibi
3287 1162 3519 1230 amplius

1939 1248 2181 1304 habitare
2205 1249 2462 1318 permisit,
2491 1251 2766 1304 neiterum
2800 1250 3094 1307 deficerent
3123 1267 3137 1317 ;
3168 1251 3263 1306 sed
3296 1253 3380 1306 his
3415 1253 3514 1307 Ba-

1936 1339 2183 1411 bylonem
2214 1348 2269 1394 et
2299 1340 2352 1393 in
2376 1339 2598 1394 Mediam
2631 1339 2923 1406 translatis,
2951 1349 3138 1411 gentes
3165 1341 3301 1396 alias
3353 1344 3519 1397 variis

1936 1448 1999 1488 ex
2029 1432 2162 1487 locis
2188 1432 2408 1487 eductas
2455 1433 2506 1487 in
2551 1433 2848 1488 Samariam
2898 1434 3193 1489 habitatum
3242 1436 3408 1501 misit,
3463 1446 3518 1488 ut

1934 1524 2145 1578 ﬁrmum
2173 1540 2326 1579 suum
2353 1525 2436 1579 his
2466 1526 2516 1579 in
2544 1525 2672 1580 locis
2696 1526 2975 1594 imperium
3007 1536 3191 1596 postea
3218 1536 3363 1582 esset
3389 1568 3404 1593 ,
3434 1542 3516 1582 re-

1933 1615 2090 1686 gione
2121 1615 2237 1671 fidis
2269 1615 2456 1671 incolis
2481 1616 2689 1671 tradita.
2734 1617 2827 1672 His
2848 1618 2917 1671 ita
2940 1619 3126 1688 gestis,
3159 1619 3303 1674 Deus
3340 1629 3396 1673 ut
3417 1635 3514 1687 po-

1937 1707 2154 1762 tentiam
2179 1721 2327 1761 suam
2357 1707 2690 1792 ostenderet,
2720 1708 2968 1778 quodque
2990 1724 3098 1763 non
3129 1708 3199 1764 ob
3225 1709 3506 1763 imbecilli-

1934 1807 2093 1853 tatem
2131 1796 2344 1853 Iudaeos
2393 1797 2728 1864 tradidisset,
2787 1799 2882 1853 sed
2937 1807 3157 1871 propter
3214 1800 3509 1855 incolarum

1934 1898 2170 1958 peccata,
2205 1887 2389 1942 leones
2418 1887 2470 1941 in
2500 1887 2758 1942 barbaros
2789 1888 3030 1954 immisit,
3071 1889 3159 1958 qui
3191 1897 3352 1944 totam
3380 1904 3505 1960 gen-

1935 1989 2037 2032 tem
2064 1978 2429 2032 devastahant.
2459 1979 2584 2034 litec
2607 1979 2718 2049 regi
2744 1980 3088 2044 nuntiantur;
3115 1979 3204 2036 ille
3230 1979 3392 2034 mittit
3421 1995 3514 2036 sa.

1932 2069 2202 2124 cerdotcm
2230 2069 2534 2139 quemdam,
2567 2069 2657 2139 qui
2695 2070 2786 2124 Dei
2823 2069 2965 2139 leges
2987 2070 3116 2139 ipsis
3144 2070 3394 2126 traderet.
3421 2075 3515 2126 At-

1933 2171 2108 2216 tamen
2140 2177 2206 2217 ne
2227 2163 2303 2216 sic
2324 2160 2536 2232 quidem
2561 2161 2777 2215 omnino
2807 2161 2874 2216 ab
2898 2162 3170 2231 impietate
3195 2161 3515 2218 destiterunt

1930 2252 2023 2308 sed
2053 2253 2243 2322 partim
2269 2259 2494 2306 tantum.
2523 2251 2826 2321 Insequenti
2857 2259 3036 2306 autem
3067 2260 3305 2321 tempore
3329 2294 3344 2317 ,
3394 2252 3514 2306 ido-

1934 2347 2104 2402 lorum
2131 2345 2338 2415 abjccto
2360 2345 2524 2412 cultu,
2555 2345 2721 2399 Deum
2769 2343 3069 2398 coluerunt.
3118 2344 3252 2398 Cum
3309 2343 3410 2400 hoc
3459 2344 3511 2398 in

1930 2448 2069 2491 statu
2095 2452 2182 2492 res
2209 2446 2408 2502 essent,
2434 2436 2633 2491 reversi
2653 2434 2844 2500 Judaei,
2875 2435 2973 2489 hos
3004 2445 3062 2489 ut
3087 2435 3417 2506 alienigenas
3458 2445 3514 2488 et.

1931 2530 2112 2586 hostes
2143 2530 2527 2585 aversabantur
2547 2571 2563 2596 ,
2590 2543 2725 2598 quos
2756 2543 2783 2581 a
2818 2538 2997 2582 monte
3022 2527 3388 2582 Samaritanos
3415 2532 3511 2582 v’o-

1928 2622 2140 2676 eahant.
2164 2621 2366 2675 Iudaeis
2395 2635 2522 2674 vero
2565 2634 2672 2674 non
2702 2619 2824 2674 hinc
2851 2633 3008 2687 parva
3032 2633 3152 2672 cum
3203 2618 3332 2688 ipsis
3371 2619 3510 2673 orie-

1929 2714 2082 2768 batur
2111 2715 2404 2780 contentio,
2426 2711 2567 2784 quod
2587 2727 2692 2766 non
2717 2719 2854 2766 totas
2869 2710 3168 2780 Scripturas
3188 2709 3508 2780 reciperent,

1927 2807 2020 2861 sed
2070 2805 2264 2878 Moysis
2324 2813 2523 2860 tantum
2553 2804 2753 2870 libros;
2805 2818 2903 2858 nec
2953 2802 3243 2872 prOpbetas
3289 2803 3510 2858 multum

1927 2906 2195 2952 curarent.
2223 2897 2500 2952 Samarita:
2517 2911 2644 2951 vero
2665 2895 2936 2951 Judaicam
2954 2895 3284 2950 nobilitatem
3308 2894 3513 2950 ambie-

1928 2991 2076 3058 bant,
2105 3005 2380 3060 genusque
2407 3005 2561 3045 suum
2605 2990 2670 3044 ad
2699 2990 2969 3044 Abraham
3002 2989 3154 3058 quasi
3197 2988 3509 3058 progenito-

1929 3100 2039 3138 rem
2071 3082 2394 3147 referebant,
2435 3091 2616 3152 utpote
2640 3083 2728 3152 qui
2748 3097 2814 3137 ex
2841 3079 3091 3136 Chaldaea
3112 3087 3315 3145 essent,
3345 3089 3398 3134 et
3424 3079 3511 3134 Ja-

1924 3173 2026 3231 cob
2051 3183 2250 3243 patrem
2277 3188 2434 3229 suum
2463 3174 2742 3242 vocabant,
2767 3181 2950 3242 utpote
2977 3172 3204 3227 Abraha:
3228 3179 3509 3241 nepotem:

1923 3267 2088 3322 .Iudzei
2113 3282 2239 3321 vero
2263 3281 2382 3322 cum
2411 3268 2618 3321 emteris
2643 3266 2893 3321 omnibus
2941 3265 3087 3334 ipsos
3125 3279 3339 3335 quoque
3379 3263 3508 3318 abo-

1925 3359 2278 3413 minabantur.
2340 3356 2487 3412 Unde
2512 3366 2566 3412 et
2589 3355 2803 3411 Christo
2830 3355 3226 3425 exprobrabant
3257 3356 3336 3409 his
3385 3370 3506 3408 ver-

1925 3450 2004 3504 bis
2027 3466 2040 3502 :
2087 3449 2443 3504 Samaritanus
2468 3465 2519 3502 es
2541 3457 2593 3502 tu
2615 3490 2630 3513 ,
2654 3457 2699 3501 et
2721 3448 3024 3502 dartnonium
3048 3449 3200 3502 habes
3227 3450 3243 3517 (
3269 3446 3426 3501 Joan.
3449 3447 3506 3503 8.

1923 3539 1992 3594 48
2018 3540 2061 3609 ).
2092 3541 2158 3595 Ει
2189 3538 2239 3592 in
2266 3539 2484 3592 historia
2514 3539 2631 3607 ejus
2656 3539 2744 3606 qui
2790 3537 3147 3592 descenderat
3194 3537 3260 3591 ab
3289 3537 3508 3592 Jerusa-

1926 3631 2030 3686 lem
2064 3632 2115 3685 in
2136 3630 2373 3693 Iericho,
2408 3629 2496 3682 illa
2529 3630 2639 3696 ipsa
2669 3629 2736 3682 de
2757 3642 2917 3683 causa
2945 3628 3190 3682 Christus
3219 3628 3508 3682 Samarita-

1925 3738 2049 3778 num
2082 3722 2302 3785 inducit,
2336 3720 2434 3785 Qui
2463 3722 2580 3790 fecit
2625 3720 3022 3773 misericordiam
3081 3720 3133 3771 in
3185 3718 3276 3772 illo
3326 3715 3501 3788 (Luc.

1925 3815 2012 3870 I0.
2045 3816 2110 3870 57
2142 3812 2180 3886 ),
2216 3813 2374 3867 vilem
2408 3826 2599 3880 nempe
2627 3825 2933 3880 personam,
2965 3809 3273 3878 despectam
3292 3817 3345 3862 et
3365 3810 3506 3878 apud

1924 3907 2041 3958 illos
2063 3902 2493 3959 abominabilem.
2527 3902 2593 3956 Et
2620 3917 2684 3956 ex
2707 3901 2893 3955 decem
2944 3899 3169 3969 leprosis
3191 3915 3356 3952 unum
3373 3899 3509 3953 alie-

1923 3999 2166 4068 nigenam
2199 4006 2372 4062 vocat,
2419 3995 2541 4066 quia
2586 3995 2948 4050 Samaritanus
3004 4000 3347 4060 eratzatquc
3395 3991 3508 4060 ipse

1922 4088 2193 4157 discipulis
2214 4089 2434 4156 loquens
2457 4085 2667 4140 dicebat
2701 4102 2711 4137 :
2741 4084 2806 4138 In
2830 4085 2958 4137 viam
2981 4083 3201 4154 gentium
3233 4099 3295 4136 ne
3321 4083 3506 4136 abieti-

1922 4181 2004 4244 tis,
2028 4189 2072 4232 et
2097 4180 2147 4232 in
2164 4179 2409 4231 civitatem
2426 4177 2866 4232 Samaritanorum
2892 4193 2954 4229 ne
2971 4175 3270 4229 iutraveritis
3292 4172 3505 4244 (Matth.

1923 4271 2008 4325 to.
2039 4272 2130 4338 5).

1992 4365 2045 4417 5.
2068 4362 2182 4417 Non
2211 4372 2267 4416 ut
2290 4361 2560 4417 historiam
2590 4370 2790 4417 texeret
2813 4370 3036 4427 tantum,
3069 4360 3391 4429 evangelista
3419 4358 3506 4414 Ja-

1919 4454 2110 4510 cobum
2156 4454 2491 4518 memoravit,
2539 4453 2634 4508 sed
2681 4462 2738 4508 ut
2765 4452 2978 4506 Iudaeos
3005 4451 3207 4521 jamdiu
3253 4451 3504 4519 expulsos

1919 4546 2242 4603 ostenderet.
2287 4546 2560 4615 Siquidem
2605 4545 3000 4614 progenitorum
3039 4542 3368 4611 temporibus
3392 4541 3503 4609 jam

1920 4642 2035 4694 haec
2083 4638 2213 4692 olim
2253 4651 2347 4692 sua
2404 4637 2518 4690 loca
2572 4634 3020 4704 occupabantilli.
3058 4634 3186 4698 Qua:
3213 4632 3355 4686 enim
3387 4631 3502 4686 loca

1919 4734 2286 4803 progenitores
2337 4733 2436 4794 sui,
2472 4745 2578 4784 non
2610 4731 2735 4784 olim
2762 4744 2874 4792 sua,
2909 4727 3263 4796 occupabant,
3293 4726 3406 4779 haec
3435 4727 3504 4780 ob

1920 4825 2180 4895 ignaviam
2212 4833 2263 4877 et
2291 4823 2582 4890 nequitiam
2611 4819 2662 4873 bi
2687 4834 2836 4873 suam
2889 4819 3201 4871 amiserant.
3233 4817 3323 4871 Sic
3374 4815 3501 4868 nihil

1920 4917 2133 4987 prodest
2163 4932 2191 4970 a
2221 4915 2374 4970 bonis
2401 4912 2826 4983 progenitoribus
2855 4911 3005 4974 oriri,
3029 4910 3070 4963 si
3099 4918 3320 4978 nepotes
3347 4908 3503 4976 dege-

1919 5015 2124 5064 nerent.
2150 5007 2369 5060 Barbari
2396 5005 2556 5067 enim,
2607 4999 2825 5054 leonum
2863 5007 3070 5053 tantum
3107 4997 3372 5076 smvitiam
3406 5012 3500 5052 ev-

1919 5096 2158 5171 perti,ad
2188 5096 2464 5150 Iudaicum
2506 5095 2684 5147 Statim
2729 5092 2928 5145 cultum
2975 5091 3285 5153 redierunt;
3334 5089 3498 5142 Juda:i

1918 5206 2044 5244 vero
2066 5197 2143 5243 tot
2159 5187 2411 5241 {erumnis
2428 5184 2688 5253 etstigati,
2710 5199 2776 5238 nc
2804 5183 2872 5235 ita
2895 5181 3110 5252 quidem
3139 5181 3493 5250 resipuerunt.

1982 5390 1996 5417 ι
2037 5381 2196 5432 Morel.
2222 5381 2366 5443 legit,
2402 5385 2670 5443 sexcentos.
2693 5391 2795 5440 pro.
2819 5376 2960 5443 alios.

1980 5448 2049 5505 (α)
2085 5435 2471 5506 Iuseptuag’inta
2505 5435 2834 5502 Interpretum
2875 5439 3099 5506 Editione
3127 5445 3178 5506 et
3211 5437 3256 5485 in
3288 5435 3500 5484 Ilebrmo

1918 5497 2095 5570 legitur
2118 5497 2472 5570 Eplii'aim'ante
2497 5497 2739 5570 senioron,
2755 5507 2804 5549 Et
2829 5506 2971 5562 caput
2997 5497 3239 5560 Lphmim,
3257 5506 3498 5570 Somorou,

1918 5563 2173 5620 ct'codem'
2184 5566 2352 5613 ordine
2373 5566 2422 5610 in
2445 5563 2661 5624 Vulgata.
2685 5571 2795 5624 Quae
2820 5574 2938 5624 vero
2960 5573 3077 5624 mox_
3099 5563 3383 5624 memoriter
3398 5570 3500 5624 nar-

1917 5617 1988 5680 rat
2012 5629 2375 5696 Chrysostomus
2395 5626 2457 5671 de
2477 5617 2714 5696 Tlfeglatli
2738 5621 3114 5696 I'halassare‘ﬁe
3317 5617 3499 5696 blade

1915 5679 2037 5750 rege
2070 5679 2347 5748 IEtliiopum
2370 5699 2517 5747 quem
2563 5679 2693 5745 pbnit
2711 5698 2802 5750 pro
2827 5697 2948 5744 rege
2972 5681 3303 5750 Egyptiorum
3332 5692 3342 5724 :
3372 5679 3496 5750 iure,

1917 5746 2127 5813 inquam,
2152 5746 2427 5813 omnia_non
2443 5755 2666 5793 ut'tzm'ale
2691 5747 2815 5813 dicta
2842 5753 2979 5804 sunt;
3014 5746 3100 5790 sed
3127 5750 3180 5813 u_t
3204 5753 3316 5813 sese
3340 5746 3495 5813 menti

1914 5801 2238 5863 conciouanus
2261 5808 2550 5866 offerebant,
2585 5807 2710 5867 quod
2746 5806 2862 5855 alias
2886 5801 2979 5855 nou
3003 5801 3160 5854 semel
3184 5803 3493 5850 observatur.
