4102 6488
650 417 749 475 ne

647 527 759 583 lluc
788 526 964 596 itaque
989 521 1228 580 Christus
1253 517 1425 584 venit,
1452 513 1664 570 mollem
1692 519 1747 566 et
1773 502 2025 596 lascivam
2047 503 2205 557 vitam

647 632 860 689 semper
881 594 1119 686 abigens,
1141 609 1456 666 laboriosam
1488 617 1612 660 vero
1634 610 1689 658 et
1713 594 2204 689 arctam

647 680 927 764 Non-enim
953 680 1312 772 subjugalibus
1329 710 1457 752 usus
1485 700 1591 761 est,
1631 689 1728 748 sed
1751 690 1824 745 ita
1853 684 2065 742 assidue
2107 680 2210 735 iter

646 801 776 871 agit,
801 805 858 852 ut
879 792 1212 864 defatigetur.
1231 788 1344 845 Hoc
1363 787 1562 856 ubique
1583 783 1759 847 docet,
1784 787 1842 871 ut
1865 773 1964 871 sibi
1989 773 2211 871 quisque

648 862 917 959 operetur,
947 862 1578 956 nec—queratsuperﬂua.
1607 888 1709 931 nec
1737 869 1914 928 multis
1940 862 2210 959 egeat._lta

649 955 807 1048 porro
833 975 947 1031 vult
970 988 1069 1030 nos
1096 955 1126 1027 a
1151 966 1551 1043 supervacaneis
1581 964 1784 1020 alienos
1811 973 1950 1027 esse,
1973 955 2208 1048 utetiam

648 1043 810 1122 inulta
833 1063 1131 1121 necessaria
1158 1065 1472 1131 amputaret.
1519 1054 1644 1110 Ideo
1689 1049 1902 1108 dicebat
1949 1063 1965 1102 ς
2026 1043 2212 1114 Vulpes

625 1142 820 1223 labeas
850 1153 1051 1219 habent,
1080 1159 1126 1208 et
1151 1151 1372 1205 volucres
1398 1145 1511 1202 ccli
1529 1144 1676 1199 nidos
1697 1156 1717 1207 ,°
1741 1139 1909 1195 Filius
1932 1145 2099 1190 autem

649 1221 800 1299 ininis
843 1261 944 1299 non
977 1241 1122 1297 habet
1157 1239 1242 1295 abi
1288 1242 1438 1309 caput
1473 1234 1675 1289 reclinet
1725 1228 1950 1302 (lauit.
1989 1226 2042 1281 8.
2079 1221 2208 1292 se).

649 1334 905 1402 Quocirca
952 1332 1004 1388 in
1031 1329 1298 1386 montibus
1324 1339 1467 1398 saepe
1490 1331 1734 1381 versatur
1759 1327 1815 1376 et
1858 1318 1915 1373 in
1956 1312 2212 1378 desertis,

654 1443 758 1482 non
803 1423 1029 1480 interdiu
1080 1412 1303 1485 lentum,
1351 1416 1448 1475 sed
1486 1415 1649 1472 etiam
1693 1419 1876 1468 noctu.
1925 1406 2034 1462 Hoc
2052 1403 2212 1460 etiam

660 1515 823 1572 David
851 1511 1212 1586 praenuntiatus
1251 1507 1478 1573 dicebat,
1525 1504 1606 1562 De
1631 1509 1849 1560 torrente
1893 1498 1948 1552 in
1982 1495 2063 1550 ria
2085 1492 2213 1586 bibet

656 1582 992 1678 (Ριαιξιοθ.
1023 1604 1131 1676 7),
1158 1613 1218 1660 ut
1239 1603 1354 1672 ejus
1378 1598 1674 1670 expeditam
1694 1593 1816 1652 vitae
1837 1590 2094 1678 rationem
2121 1582 2215 1640 de-

652 1677 992 1755 monstraret.
1021 1696 1249 1766 ldipsum
1283 1693 1370 1748 hic
1392 1689 1625 1746 Joannes
1661 1684 1860 1742 indicat
1885 1698 1899 1735 :
1920 1677 2075 1734 Iesus
2098 1690 2214 1745 ergo

651 1791 892 1861 fatigatus
912 1805 977 1844 es
1000 1787 1193 1852 itinere,
1222 1783 1418 1839 sedebat
1443 1782 1515 1838 sic
1532 1793 1682 1851 super
1706 1781 1915 1842 tentent.
1940 1769 2086 1825 liora
2109 1775 2216 1822 erat

652 1880 795 1948 quasi
817 1886 975 1933 secta.
993 1877 1048 1932 7.
1076 1872 1222 1931 Venit
1245 1872 1424 1928 mulier
1442 1871 1505 1927 de
1531 1867 1770 1926 Samaria
1790 1862 1990 1919 haurire
2009 1873 2212 1932 aquam.

652 1967 788 2023 Dicit
811 1968 858 2024 ei
875 1966 1026 2023 Iesus
1051 1980 1072 2022 :
1092 1964 1172 2020 Da
1193 1965 1317 2020 mihi
1340 1962 1519 2017 bibere.
1544 1960 1595 2018 8.
1628 1955 1881 2027 Discipuli
1919 1961 2086 2008 autem
2109 1951 2219 2022 ejus

651 2059 876 2115 abieram
915 2060 970 2113 in
1007 2058 1192 2128 (erant,
1222 2065 1278 2111 ut
1299 2055 1434 2111 cibos
1464 2061 1698 2110 eruerent.
1731 2048 1864 2104 Hinc
1882 2044 1997 2116 ejus
2016 2041 2219 2114 patien.

655 2153 783 2208 tiam
807 2151 862 2207 in
883 2149 1149 2221 carpendo
1166 2149 1376 2213 itinere,
1401 2154 1457 2204 et
1481 2145 1718 2202 ciborum
1745 2138 2042 2211 neglectum
2061 2132 2220 2190 disci-

654 2257 796 2308 mus,
845 2250 901 2297 et
922 2255 1077 2311 quam
1108 2239 1280 2296 obiter
1315 2237 1436 2293 huic
1463 2235 1538 2292 rei
1571 2235 1660 2290 det
1684 2243 1901 2302 Operam
1921 2243 1938 2293 ;
1959 2227 2036 2282 sic
2053 2224 2217 2281 disci-

655 2332 762 2402 puli
789 2345 1000 2402 quoque
1021 2345 1109 2386 res
1131 2341 1254 2384 suas
1287 2335 1514 2384 tractare
1551 2323 1872 2381 didicerunt.
1915 2318 2030 2375 Non
2075 2317 2216 2375 enim

653 2427 844 2483 viatica
870 2440 1052 2482 secum
1078 2425 1389 2482 sumebant:
1419 2422 1559 2494 quod
1586 2421 1720 2477 alter
1755 2419 1952 2474 indicat
1988 2427 2218 2484 evange-

655 2517 775 2572 lista
807 2511 1027 2586 (Matth.
1051 2514 1139 2571 l6.
1170 2516 1229 2571 ll
1252 2516 1290 2585 ).
1318 2529 1437 2570 cum
1459 2513 1526 2569 de
1547 2512 1808 2570 fermento
1833 2507 2217 2564 Pharisaeorum

655 2609 784 2680 Ipsis
809 2606 1134 2679 loqueretur,
1164 2604 1304 2678 quod
1324 2605 1397 2661 illi
1421 2604 1618 2662 dictum
1660 2601 1935 2674 putabant,
1967 2597 2088 2668 quia
2130 2610 2220 2666 pa-

657 2715 753 2756 nes
781 2716 885 2755 non
929 2705 1284 2769 sumpserant.
1314 2696 1528 2753 Etcum
1571 2694 1869 2750 esurientes
1906 2687 2140 2751 inducit,
2168 2695 2223 2742 et

655 2790 830 2858 spicas
851 2789 1107 2845 vellentes
1134 2798 1190 2844 ut
1214 2788 1464 2855 ederent;
1509 2799 1573 2842 ac
1599 2799 1716 2840 cum
1745 2782 1877 2838 dicit
1911 2795 2054 2845 eum,
2079 2776 2222 2850 quod

654 2877 900 2942 esuriret,
919 2877 984 2933 ad
1003 2877 1158 2933 ficum
1187 2877 1397 2933 venisse
1427 2893 1442 2931 :
1472 2874 1604 2930 nihil
1628 2872 1770 2928 aliud
1809 2870 1895 2926 his
1917 2882 2016 2924 nos
2043 2867 2217 2932 docet,

653 2984 813 3041 quam
841 2977 1077 3025 ventrem
1104 2983 1223 3025 esse
1247 2968 1393 3038 parvi
1417 2965 1773 3039 pendendum,
1805 2976 1906 3017 nec
1929 2959 2076 3015 illum
2099 2968 2219 3014 tan-

657 3068 839 3130 topere
864 3059 1154 3117 curandum
1173 3073 1313 3116 esse.
1329 3057 1619 3116 Considera
1647 3056 1734 3113 hic
1752 3069 1963 3128 quoque
1990 3054 2108 3109 illos
2134 3054 2218 3107 ni-

656 3147 733 3206 hil
754 3149 1012 3217 attulisse,
1039 3163 1211 3220 neque
1236 3153 1411 3204 tamen
1439 3148 1560 3203 ideo
1579 3147 1755 3202 statim
1780 3160 1813 3200 a
1833 3143 2094 3216 principio
2115 3142 2220 3198 diei

657 3239 794 3295 hanc
826 3254 939 3295 rem
990 3253 1197 3303 curare,
1244 3236 1340 3293 sed
1381 3252 1504 3294 cum
1541 3235 1671 3292 hora
1726 3234 1936 3306 prandii
1972 3233 2220 3299 advenit,

658 3343 810 3385 escas
863 3337 1097 3399 emptum
1121 3327 1219 3385 ire.
1247 3327 1354 3384 Nos
1400 3342 1528 3392 vero
1554 3335 1739 3383 contra
1785 3325 1965 3382 statim
2005 3333 2165 3395 atque
2191 3337 2221 3379 a

657 3419 795 3473 lecto
822 3418 1168 3485 surreximus,
1189 3427 1314 3473 ante
1339 3418 1516 3473 omnia
1563 3416 1676 3472 haec
1703 3428 1966 3482 curamus,
2017 3428 2218 3485 coquos

655 3518 711 3564 et
756 3523 1020 3581 caupones
1067 3510 1420 3578 accersimus,
1469 3507 1627 3580 idque
1671 3522 1863 3581 magno
1901 3522 2021 3563 cum
2047 3505 2222 3563 studio

657 3601 863 3673 agimus
891 3622 906 3660 :
933 3612 986 3660 et
1012 3603 1262 3674 posthaec
1288 3602 1393 3657 alia
1415 3616 1680 3670 curamus,
1724 3601 1840 3657 haec
1863 3613 2075 3671 semper
2097 3614 2214 3654 car-

661 3695 800 3752 nalis
827 3695 1188 3768 spiritualibus
1212 3703 1616 3768 anteponentes,
1637 3702 1694 3750 et
1720 3708 1838 3765 quae
1865 3691 2226 3763 perfunctorie

659 3789 932 3846 tractanda
952 3799 1123 3855 erant,
1165 3789 1316 3859 quasi
1356 3786 1657 3844 necessaria
1696 3791 2068 3854 exsequentes.
2102 3781 2226 3838 Ideo

659 3882 838 3938 omnia
893 3888 1214 3951 praepostere
1267 3876 1514 3951 aguntur.
1556 3875 1751 3933 Contra
1795 3873 2016 3930 omnino
2067 3888 2227 3944 agere

659 3969 914 4042 oportuit,
936 3969 1283 4040 spiritualium
1304 3983 1545 4039 magnam
1563 3967 1760 4024 habere
1788 3967 2047 4023 rationem
2072 3980 2087 4032 ;
2108 3963 2228 4036 qui-

659 4062 762 4119 bus
787 4061 1054 4133 perfectis,
1084 4060 1200 4118 haec
1231 4062 1489 4132 attingere
1513 4074 1610 4132 par
1639 4057 1758 4115 fuit.

731 4155 959 4210 Christus
1008 4154 1231 4225 exemplo
1271 4153 1411 4208 docet
1452 4152 1636 4222 fastum
1661 4167 1766 4208 esse
1805 4150 2125 4206 calcandum.
2155 4179 2227 4189 —

662 4247 798 4306 llinc
828 4261 986 4318 porro
1026 4261 1128 4302 non
1155 4245 1396 4301 laborum
1429 4244 1708 4301 tolerantia
1751 4241 1910 4299 modo
1929 4241 1981 4297 in
2009 4239 2224 4297 Christo

661 4340 1009 4405 observanda,
1035 4339 1129 4396 sed
1172 4338 1329 4396 etiam
1359 4346 1610 4409 quantum
1654 4343 1798 4393 esset
1834 4349 1868 4390 a
1913 4334 2053 4390 fastu
2091 4331 2225 4388 alie-

663 4446 800 4495 nus;
825 4446 930 4486 non
952 4439 1154 4486 tantum
1183 4428 1321 4499 quod
1350 4428 1596 4497 fatigatus
1614 4433 1776 4488 esset,
1822 4423 1963 4494 quod
2012 4421 2229 4478 sederet

664 4534 821 4576 secus
843 4519 979 4573 viam
1004 4535 1019 4584 ;
1060 4518 1154 4572 sed
1185 4518 1344 4572 etiam
1373 4516 1513 4587 quod
1541 4516 1686 4572 solus
1717 4513 1933 4570 relictus
1983 4520 2147 4578 esset,
2175 4521 2229 4567 et

665 4609 909 4680 discipuli
933 4608 1051 4680 ejus
1078 4607 1465 4664 discessissent.
1498 4605 1656 4676 Atqui
1696 4612 1920 4676 poterat,
1951 4603 1994 4658 si
2024 4601 2223 4658 voluis-

662 4710 766 4766 set,
791 4709 885 4755 aut
913 4715 1016 4756 non
1053 4714 1240 4755 omnes
1275 4698 1500 4761 misisse,
1555 4705 1647 4751 aut
1661 4695 1918 4766 proiectis
1955 4694 2064 4749 illis
2092 4693 2225 4748 alios

664 4789 860 4846 habere
905 4790 1200 4854 ministros;
1227 4786 1322 4842 sed
1350 4786 1534 4842 noluit.
1568 4785 1774 4840 Etenim
1815 4782 2106 4854 discipulos
2145 4782 2222 4837 sic

664 4879 1042 4935 assuefaciebat
1064 4879 1131 4934 ad
1163 4878 1354 4934 fastum
1379 4891 1590 4931 omnem
1627 4873 1960 4931 calcandum.
2003 4873 2070 4928 Et
2098 4873 2224 4943 quid

661 4971 879 5036 mirum,
907 4967 1097 5023 dixerit
1138 4966 1272 5022 forte
1295 4967 1576 5038 quispiam,
1631 4963 1678 5018 si
1727 4960 1985 5017 moderati
2029 4969 2221 5028 erant,

660 5077 780 5118 cum
804 5061 1092 5131 piscatores
1113 5069 1310 5124 essem,
1329 5063 1420 5114 aut
1433 5056 1772 5112 tentoriorum
1787 5053 2005 5124 opiﬁces
2020 5053 2043 5106 i
2061 5052 2226 5108 Erant

662 5151 908 5223 equidem
929 5151 967 5201 ιε
987 5163 1169 5205 verum
1196 5148 1374 5204 statim
1400 5145 1468 5201 ad
1485 5146 1668 5201 caelum
1693 5145 1991 5202 evolarunt.
2015 5152 2068 5218 et
2084 5144 2222 5213 regi-

663 5241 762 5297 bus
791 5240 1042 5298 clariores
1085 5247 1388 5304 evaserunt,
1415 5236 1700 5292 familiares
1740 5250 1932 5304 nempe
1958 5235 2077 5289 facti
2108 5235 2226 5290 uui-

664 5332 803 5388 versi
830 5331 974 5386 orbis
1008 5330 1235 5397 Domini,
1277 5338 1331 5386 et
1376 5326 1671 5383 admirandi
1719 5325 1956 5395 magistri
1984 5326 2220 5381 asseclte.

515 5426 544 5441 "
661 5421 820 5479 Scitis
847 5430 1022 5476 autem
1043 5433 1136 5474 eos
1161 5420 1247 5488 qui
1273 5434 1336 5472 ex
1377 5417 1660 5474 humiliore
1686 5415 1855 5486 gradu
1892 5414 1957 5470 ad
1994 5413 2223 5484 dignita-

663 5523 743 5570 tes
772 5512 1106 5584 pcrveuiunt,
1139 5510 1339 5565 facilius
1364 5510 1416 5564 in
1443 5509 1792 5580 arrogantiam
1819 5507 2015 5573 efferri,
2043 5510 2223 5576 utpote

663 5606 752 5676 qui
779 5615 932 5661 antea
963 5602 1178 5658 honoris
1202 5609 1447 5670 expertes
1471 5610 1666 5655 essent.
1710 5600 1767 5656 in
1793 5599 1892 5654 hac
1921 5596 2078 5670 igitur
2105 5599 2222 5656 illos

726 5783 745 5814 ⁸
779 5780 911 5842 Περ,
936 5787 1068 5832 erant
1087 5774 1329 5843 equidem,
1352 5791 1377 5831 a
1409 5773 1766 5827 Iontebalconio
1793 5788 1884 5828 non
1911 5776 2039 5827 lecta
2057 5785 2183 5827 sunt.

1383 407 1441 464 8.
1479 397 1752 461 JOANNIS
1787 387 2252 452 CHRYSOSTOMI
2283 385 2598 443 ARCllIEP.
2638 380 3169 440 CONSTANTINOP.

3791 377 3889 434 18ft

2315 496 2613 555 humilitate
2637 498 2935 560 continens,
2955 495 3136 550 docuit
3154 506 3248 549 eos
3273 500 3329 549 ut
3350 506 3444 563 per
3458 491 3635 549 omnia
3663 491 3886 548 modesti

2315 599 2370 646 et
2414 589 2646 645 humiles
2674 598 2872 655 essent,
2923 601 2984 641 ac
3009 598 3296 657 numquam
3344 583 3602 639 ministris
3647 592 3880 654 egerent.

2315 680 2433 752 Ipse
2448 691 2646 746 autem,
2673 679 2859 750 inquit,
2891 677 3155 750 Fatigatus
3184 692 3247 732 ex
3273 673 3468 742 itinere,
3497 675 3698 729 sedebat
3722 676 3794 729 sic
3823 673 3888 727 ad

2316 771 2525 840 fantem.
2553 769 2738 824 Vidcn’
2766 766 2970 823 sedisse
3000 766 3148 820 illum
3179 764 3373 820 laboris
3399 772 3454 820 et
3496 773 3657 819 sistas
3692 777 3850 819 causa
3869 803 3885 827 ,

2315 857 2382 912 ad
2410 857 2698 928 discipulos
2738 846 3155 926 exspectandas?
3177 852 3343 908 Norat
3366 852 3562 924 quippe
3591 851 3715 922 quid
3745 859 3891 906 esset

2317 948 2664 1004 Samaritanis
2710 955 3046 1003 eventurum.
3075 943 3191 1000 Non
3219 953 3395 1000 tamen
3419 943 3506 998 illa
3532 943 3798 1013 praecipue
3821 941 3890 996 dc

2314 1053 2472 1094 causa
2502 1045 2759 1104 venerat;
2779 1051 2970 1107 neque,
3003 1035 3212 1092 etiamsi
3231 1048 3294 1092 ea
3311 1032 3377 1089 de
3394 1045 3553 1088 causa
3581 1045 3686 1086 non
3714 1031 3890 1086 venis-

2314 1139 2411 1197 set.
2456 1127 2762 1199 repellenda
2803 1125 3114 1182 muliercula
3163 1123 3251 1180 illa
3296 1132 3433 1191 erat,
3484 1138 3605 1194 qua:
3648 1136 3708 1178 se
3753 1121 3890 1176 adeo

2315 1219 2554 1277 discendi
2583 1218 2829 1289 cupidam
2852 1217 3114 1274 exhibuit.
3142 1214 3312 1272 Judaei
3361 1215 3503 1271 enim
3540 1215 3713 1285 ipsum
3734 1212 3800 1268 ad
3832 1228 3891 1268 sc

2316 1311 2617 1367 venientem
2662 1309 3027 1381 repellebant;
3057 1307 3282 1380 gentiles
3312 1315 3501 1364 contra
3531 1306 3638 1362 alio
3679 1304 3893 1375 profici-

2316 1414 2550 1461 scentem
2572 1404 2638 1460 ad
2663 1419 2724 1461 se
2739 1403 3039 1460 trahebant.
3061 1402 3139 1458 llli
3156 1401 3478 1464 invidebant,
3499 1399 3552 1455 hi
3572 1399 3890 1462 credebant;

2316 1496 2391 1553 illi
2415 1495 2842 1567 indignabantur,
2884 1496 2935 1551 bi
2982 1494 3310 1554 mirabantur
3332 1501 3387 1548 et
3408 1490 3720 1548 adorahant.
3752 1489 3890 1558 Quid

2316 1589 2477 1660 ergo?
2500 1587 2845 1659 oportebatne
2877 1595 2953 1642 tot
2987 1584 3263 1640 hominum
3307 1582 3534 1640 salutem
3579 1582 3890 1653 despicere,

2317 1689 2369 1736 rt
2400 1691 2505 1737 tam
2535 1681 2828 1738 studiosum
2852 1678 3100 1735 an‘ectum
3139 1675 3447 1754 dimittere?
3484 1673 3594 1728 Hoc
3632 1683 3777 1728 certe
3806 1671 3889 1727 in-

2317 1775 2534 1846 dignum
2575 1775 2717 1831 illius
2744 1771 3069 1845 benignitate
3100 1789 3115 1826 :
3147 1768 3372 1839 ideoque
3393 1831 3396 1834 ,
3415 1766 3530 1822 haec
3567 1765 3742 1821 omnia
3769 1780 3890 1819 cum

2319 1865 2578 1935 sapientia
2611 1864 2712 1920 sibi
2737 1870 3065 1934 congruente
3099 1858 3388 1930 dispensat.
3417 1854 3670 1921 Sedehat,
3696 1854 3892 1922 corpus

2320 1956 2632 2023 recreabat,
2680 1963 2738 2012 et
2777 1954 2926 2025 juxta
2976 1952 3179 2009 fontem
3231 1947 3601 2020 refrigerabat.
3657 1945 3892 2013 Eratque

2323 2056 2450 2105 tunc
2487 2045 2757 2113 meridies,
2807 2042 2949 2116 quod
3003 2041 3325 2114 evangelista
3372 2037 3609 2113 declarat
3657 2035 3740 2091 his
3773 2049 3889 2089 ver-

2321 2137 2436 2205 bis,
2480 2136 2623 2191 Hora
2665 2145 2773 2190 erat
2807 2134 2948 2204 quasi
2997 2142 3140 2187 sexta
3161 2172 3178 2198 ,
3224 2138 3271 2186 et
3299 2130 3500 2184 sedebat
3525 2127 3616 2183 sic.
3649 2123 3782 2193 Quid
3810 2132 3894 2178 est

2320 2229 2486 2296 illud,
2532 2228 2667 2285 Sic?
2711 2226 2828 2282 Non
2881 2226 2934 2281 in
2979 2225 3154 2293 solio,
3206 2237 3312 2280 non
3346 2222 3399 2278 in
3453 2220 3749 2293 pulvinari,
3795 2217 3890 2273 sed

2323 2319 2633 2389 simpliciter
2673 2317 2843 2373 humi.
2884 2314 3028 2371 Venit
3073 2313 3255 2370 mulier
3297 2327 3362 2371 ea:
3397 2311 3637 2368 Samaria
3690 2309 3892 2364 haurire

2319 2427 2521 2482 aquam.

2392 2505 2446 2560 4.
2461 2502 2773 2574 Colloquium
2792 2502 2977 2560 Christi
2996 2515 3110 2555 cum
3134 2499 3338 2555 muliere
3355 2497 3681 2555 Samaritana
3703 2497 3891 2552 euolui-

2325 2609 2430 2665 tur;
2441 2599 2697 2668 utriusque
2707 2597 2888 2669 agendi
2908 2597 3038 2652 ratio
3051 2592 3610 2651 commentatum—Vide
3624 2592 3894 2664 quomodo

2323 2690 2560 2749 declaret
2582 2689 2856 2746 mulierem
2893 2696 3110 2759 propter
3151 2685 3294 2740 aliud
3338 2697 3606 2755 egressam
3657 2696 3777 2739 esse
3825 2697 3894 2736 ex

2323 2784 2535 2840 civitate
2555 2823 2571 2850 ,
2599 2782 2795 2851 ubique
2819 2779 3180 2848 impudentem
3209 2775 3511 2832 Judteorum
3543 2773 3894 2844 pervicaciam

2324 2873 2621 2944 reprimens
2645 2913 2660 2940 ,
2699 2885 2767 2926 ne
2792 2869 2911 2941 quis
2948 2867 3152 2924 diceret
3197 2868 3368 2936 ipsum
3413 2864 3709 2936 transgredi
3753 2879 3894 2934 prm-

2323 2974 2536 3036 ceptum
2574 2978 2726 3018 suum
2746 3002 2762 3031 ,
2795 2975 2913 3016 cum
2945 2968 3146 3016 vetaret
3175 2957 3228 3014 in
3249 2957 3518 3013 civitatem
3549 2956 3747 3026 ingredi
3793 2953 3895 3010 Sa-

2325 3056 2737 3120 maritanorum,
2768 3053 2855 3122 qui
2879 3052 2992 3122 ipse
3016 3065 3138 3107 cum
3175 3046 3526 3106 Samaritanis
3569 3046 3896 3116 loqueretur.

2327 3144 2451 3200 Ideo
2467 3184 2482 3204 .
2509 3142 2760 3212 Discipuli
2784 3143 2891 3211 ejus
2916 3140 2968 3194 in
2991 3138 3237 3194 civitatem
3258 3138 3394 3192 cibos
3413 3137 3628 3206 erupturi
3645 3136 3897 3202 abierant,

2329 3235 2499 3306 inquit
2533 3232 2888 3304 evangelista,
2937 3229 3132 3286 multas
3179 3229 3435 3286 inducens
3478 3228 3725 3300 colloquii
3775 3243 3900 3285 cum

2328 3329 2550 3384 muliere
2594 3338 2802 3380 causas.
2851 3322 2989 3390 Quid
3026 3335 3155 3393 ergo
3192 3320 3426 3376 mulieri
3464 3318 3596 3376 Cum
3625 3319 3899 3386 audisset,

2328 3417 2411 3474 Da
2437 3418 2559 3473 mihi
2581 3416 2746 3472 bibere
2763 3456 2779 3484 ,
2812 3413 3094 3471 admodum
3125 3411 3413 3483 prudenter
3435 3409 3703 3466 Christum
3730 3409 3901 3465 inter-

2327 3510 2546 3581 rogandi
2575 3506 2912 3565 occasioncm
2938 3513 3159 3576 captans
3189 3502 3358 3573 inquit
3394 3519 3408 3558 :
3436 3500 3490 3557 9.
3511 3500 3900 3568 Quomodotu‘,

2326 3601 2541 3657 Juda'us
2566 3616 2681 3655 cunt
2711 3599 2781 3654 sis
2799 3638 2816 3666 ,
2843 3596 3004 3651 bibere
3026 3611 3060 3648 a
3085 3609 3164 3649 nte
3192 3593 3355 3664 poscis
3373 3633 3390 3661 ,
3419 3607 3532 3664 qua
3565 3607 3675 3646 sunt
3719 3590 3904 3645 mulier

2329 3692 2657 3748 Samaritana
2676 3689 2702 3743 2’
2726 3686 2850 3742 Non
2877 3687 3011 3742 enint
3036 3693 3308 3739 coutuntur
3332 3681 3505 3737 Judaei
3534 3681 3898 3736 Samaritanis.

2333 3782 2399 3838 Et
2428 3782 2567 3838 unde
2594 3781 2742 3836 illum
2771 3779 3011 3836 iudicum
3038 3790 3160 3833 esse
3187 3774 3374 3829 novit?
3402 3772 3479 3828 Ex
3508 3770 3689 3826 habitu
3728 3772 3901 3840 forte,

2329 3883 2420 3929 aut
2443 3889 2510 3930 ex
2538 3885 2804 3929 sermone.
2835 3870 2917 3926 Tu
2945 3883 3073 3925 vero
3099 3865 3463 3924 animadverte
3487 3878 3647 3934 quam
3687 3863 3903 3933 perspi-

2329 3980 2427 4023 cax
2455 3964 2646 4020 mulier
2681 3969 2843 4018 esset.
2888 3959 3022 4016 Nam
3062 3959 3109 4015 si
3152 3957 3444 4014 cavendum
3482 3964 3633 4021 erat,
3683 3954 3905 4010 Christo

2331 4059 2504 4126 potius
2547 4055 2794 4110 cautione
2827 4067 2962 4123 opus
3013 4058 3162 4117 erat,
3221 4063 3379 4120 quam
3429 4048 3549 4118 ipsi.
3592 4044 3707 4102 Non
3755 4043 3903 4100 enim

2329 4145 2495 4212 dixit,
2525 4144 2639 4200 Non
2665 4151 2950 4200 eoutuntur
2974 4140 3294 4198 Samaritani
3320 4138 3518 4195 Judais
3545 4154 3560 4203 ;
3589 4138 3704 4206 sed,
3729 4136 3903 4192 Judaei

2331 4237 2692 4293 Samaritanos
2722 4251 2826 4290 non
2851 4234 3156 4290 admittunt.
3183 4232 3428 4287 Attamen
3459 4227 3651 4284 m’ulier
3673 4268 3688 4292 ,
3720 4227 3824 4283 etsi
3871 4242 3903 4282 a

2329 4327 2481 4394 culpa
2512 4325 2792 4388 immunis,
2822 4324 2942 4392 quia
2973 4319 3194 4392 putabat
3218 4318 3378 4375 alium
3423 4319 3474 4373 in
3511 4317 3720 4387 culpam
3764 4316 3904 4371 inci-

2327 4416 2488 4482 dere,
2521 4429 2624 4470 non
2653 4413 2847 4479 tacuit,
2875 4411 2968 4468 sed
2998 4411 3230 4466 correxit
3253 4409 3306 4464 id
3334 4407 3472 4481 quod
3499 4415 3682 4467 contra
3722 4406 3904 4477 legem

2328 4507 2442 4563 ﬁeri
2464 4505 2699 4577 putabat.
2726 4502 2829 4559 Sed
2854 4511 3031 4572 posset
3054 4500 3315 4573 quispiam
3337 4513 3599 4570 quaerere,
3628 4513 3722 4552 cur
3741 4497 3907 4552 lusus

2293 4615 2297 4620 ·
2326 4600 2395 4655 ab
2419 4599 2506 4655 illa
2538 4606 2718 4669 potum
2749 4595 2998 4666 petierit,
3032 4593 3084 4648 id
3121 4591 3239 4664 lege
3279 4606 3386 4646 non
3427 4587 3810 4660 permittente?
3846 4587 3905 4644 Si

2325 4693 2444 4763 quis
2474 4692 2614 4746 enim
2660 4687 2890 4752 dixerit,
2940 4683 3082 4756 quod
3133 4681 3450 4754 praevideret
3498 4695 3605 4735 non
3653 4679 3904 4736 daturam

2326 4798 2446 4838 esse
2475 4798 2491 4836 :
2521 4781 2641 4835 ideo
2671 4779 2847 4833 minus
2869 4784 3049 4848 petere
3074 4774 3326 4844 oportuit.
3356 4771 3492 4838 Quid
3539 4784 3668 4848 ergo
3713 4769 3905 4825 dicen-

2325 4873 2450 4928 dum
2474 4872 2497 4924 τ
2525 4868 2834 4924 lndiﬂ'erens
2855 4844 2963 4937 jam
2990 4863 3154 4920 fuisse
3182 4844 3904 4918 talesobservationesabro-

2326 4981 2470 5039 gare.
2502 4963 2632 5020 Nam
2659 4963 2748 5031 qui
2778 4961 2912 5016 alios
2935 4960 3001 5015 ad
3032 4954 3527 5028 transgrediendum
3578 4952 3901 5021 inducebat,

2330 5057 2494 5114 multo
2523 5054 2693 5125 magis
2720 5053 2835 5108 illas
2861 5047 3157 5120 transgredi
3185 5045 3429 5102 debebat.
3458 5039 3575 5100 Non
3592 5043 3733 5100 enim
3756 5044 3903 5115 quod

2327 5145 2646 5218 ingreditur,
2677 5144 2879 5215 inquit,
2916 5140 3222 5210 coinquinat
3261 5137 3528 5192 hominem
3553 5175 3567 5200 ,
3615 5135 3709 5191 sed
3756 5125 3905 5206 quod

2326 5235 2594 5308 egreditur
2624 5232 2844 5304 (Matth.
2877 5232 2961 5288 i5.
2998 5232 3054 5286 ll
3081 5230 3122 5298 ).
3149 5228 3264 5284 Non
3298 5241 3456 5298 parva
3481 5233 3657 5280 autem
3685 5222 3906 5280 Judaro-

2326 5344 2442 5386 rum
2483 5325 2748 5382 accusatio
2785 5332 2867 5379 est
2906 5322 3032 5377 illud
3081 5336 3200 5376 cum
3245 5317 3466 5374 muliere
3518 5315 3842 5387 colloquium
3887 5334 3901 5370 :

2325 5421 2446 5492 quia
2476 5418 2550 5473 illi
2581 5431 2723 5487 serpe
2751 5425 2806 5472 et
2829 5415 3005 5471 verbis
3033 5422 3088 5468 et
3115 5412 3276 5483 gestis
3304 5409 3479 5466 allecti
3503 5450 3520 5474 ,
3547 5425 3650 5463 non
3687 5407 3902 5464 obtem-

2326 5511 2598 5583 perabant.
2627 5508 2753 5563 llzrc
2780 5515 2953 5562 autem
2976 5504 3096 5559 vide
3144 5517 3299 5572 quam
3347 5501 3454 5556 cito
3501 5498 3603 5554 levi
3659 5499 3902 5554 interro-

2391 5645 2404 5676 ¹
2433 5642 2488 5693 lu
2517 5643 2623 5696 aliis
2653 5643 2721 5694 sic
2755 5637 2956 5688 effertur
2980 5635 3057 5685 hic
3079 5632 3214 5696 locus
3241 5646 3253 5680 :
3277 5629 3401 5691 Quid
3423 5642 3544 5696 ergo
3554 5625 3728 5696 mulier
3753 5641 3902 5696 minui

2325 5689 2734 5766 artissimam
2780 5697 3049 5766 reposcit}.
3076 5695 3254 5766 ’ξίεῐιίπη
3285 5689 3306 5738 ί
3337 5689 3545 5766 φανείίᾴ
3564 5689 3743 5766 me"
3762 5705 3788 5735 ⁸
3831 5689 3899 5739 αα

2329 5755 2406 5824 illi
2426 5755 2638 5822 ῗῆΐῖδιιὶδ
2664 5781 2679 5815 :
2710 5755 2962 5824 Quid'ergo
2995 5757 3079 5808 illa
3103 5757 3126 5806 ε’
3147 5755 3382 5817 Qtthme
3405 5760 3473 5814 tu,
3495 5760 3592 5802 etc.
