4102 6496
203 406 311 464 H9

207 522 504 593 χρηστῶν,
525 524 660 580 ὅταν
679 525 757 598 μὴ
775 525 1008 582 τοιοῦτοι
1038 526 1275 598 τύχωσιν
1304 532 1352 583 οί
1391 530 1452 596 ἐξ
1481 532 1709 586 ἐκείνων
1736 534 1828 587 ὁν-

205 617 319 664 τες.
346 603 416 655 Οἰ
443 603 551 674 μὶν
571 604 681 678 7&9
711 605 1006 678 βάρϐαροι,
1029 606 1115 661 ῐνα
1143 607 1375 663 λεόντων
1396 613 1594 684 πεῖραν
1614 611 1825 668 λάϐωσι

203 691 391 761 μόνον,
435 693 581 765 πρὸς
614 694 717 766 τὴν
761 691 1057 764 Ἰουδαῖκὴν
1091 693 1371 747 εὐσέϐειαν
1401 694 1706 766 ἐπανῆλθον
1730 695 1823 749 εύ-

199 773 342 839 θέως
364 790 378 804 '
433 777 643 832 ἐκεῖνοι
698 778 755 832 δέ
793 775 1067 840 τοσαύτας
1109 774 1478 847 ὑπομένοντες
1512 779 1785 850 τιμωρίας
1808 821 1823 846 ,

197 856 321 912 οὐδὲ
350 857 542 924 οὕτως
572 858 1078 931 ἐσωφρονίσθησαν.
1129 856 1398 914 Ἐνταῦθα
1427 859 1606 915 τοίνυν
1639 864 1668 916 6
1693 863 1826 933 Χρι-

200 938 328 1004 στὸς
369 943 736 1012 παρεγίνετο,
763 943 857 996 τὸν
891 942 991 1014 μὲν
1013 941 1281 1012 βάναυσον
1311 942 1407 996 καὶ
1436 942 1604 1015 ῦγρὸν
1628 944 1827 998 ἐκϐάλ-

197 1021 306 1077 λων
339 1022 466 1093 βίον
497 1025 606 1089 ἀεὶ,
642 1026 736 1078 τὸν
763 1024 820 1079 δέ
844 1025 1104 1080 ἐπίπονον
1131 1025 1369 1095 εἰσάγων
1405 1026 1501 1081 καὶ
1532 1029 1826 1082 συνεσταλ-

199 1105 390 1174 μένον.
419 1109 505 1162 Οὐ
543 1106 653 1180 7&9
701 1106 1022 1177 ὑποζυγίοις
1050 1109 1340 1180 κέχρηται,
1388 1109 1503 1163 ἀλλ’
1533 1109 1678 1165 οὕτω
1720 1111 1821 1182 βα-

193 1189 333 1253 δίζει
360 1193 643 1254 συντόνως
669 1231 684 1256 ,
718 1191 796 1257 ῶς
830 1193 926 1247 καὶ
968 1187 1230 1247 κοπιάσαι
1264 1195 1332 1248 ἐκ
1361 1193 1462 1265 τῆς
1490 1195 1817 1268 ὁδοιπορίας.

195 1273 307 1326 Καὶ
372 1274 545 1328 τοῦτο
593 1277 876 1348 πανταχοῦ
927 1277 1194 1343 παιδεύει,
1236 1276 1298 1331 τὸ
1342 1277 1645 1350 αὐτουργὸν
1679 1276 1820 1334 εἶναι

194 1356 289 1411 καὶ
313 1359 648 1431 ἀπέριττον,
672 1360 770 1414 καὶ
801 1361 862 1415 τὸ
893 1361 970 1433 μὴ
1002 1361 1214 1416 πολλῶν
1243 1361 1475 1417 δεῖσθαι.
1520 1363 1677 1418 Οὕτω
1710 1366 1820 1438 7&9

194 1439 459 1509 βούλεται
498 1442 606 1497 τῶν
647 1442 924 1516 περιττῶν
973 1443 1293 1516 ἀλλοτρίους
1333 1447 1483 1517 ἡμᾶς
1522 1442 1697 1511 εἶναι,
1742 1448 1820 1513 ὡς

193 1523 287 1577 καὶ
332 1525 529 1579 αὐτῶν
580 1525 689 1580 τῶν
720 1526 1039 1595 ἀναγκαίων
1086 1527 1258 1582 πολλά
1301 1529 1680 1600 περικόπτειν.
1717 1530 1817 1584 Διά

193 1607 358 1663 τοῦτο
391 1609 621 1680 ἔλεγεντ
655 1612 726 1666 Al
765 1609 1070 1679 ἀλώπεκες
1107 1612 1384 1682 φωλεοὺς
1411 1613 1628 1682 ἔχουσι
1650 1655 1666 1680 ,
1717 1613 1818 1668 καί

189 1693 263 1745 τὰ
317 1693 575 1748 πετεινὰ
622 1693 730 1749 τοῦ
778 1695 1043 1762 οὐρανοῦ
1099 1697 1598 1766 κατασκηνώσεις
1625 1715 1640 1730 ο
1681 1702 1715 1753 d
1747 1698 1817 1752 δὲ

199 1775 336 1845 Υἱὸς
369 1777 487 1832 τοῦ
519 1777 837 1848 ἀνθρώπου
870 1781 984 1834 οὐκ
1017 1780 1144 1848 ἔχει
1191 1780 1312 1835 ποῦ
1365 1781 1484 1851 τὴν
1536 1783 1817 1852 κεφαλὴν

189 1861 394 1930 κλίνῃ.
426 1861 533 1916 Διά
569 1861 728 1916 τοῦτο
769 1863 865 1916 xal
904 1864 962 1917 ἐν
1003 1867 1117 1929 τοῖς
1143 1863 1296 1936 ὄρεσι
1342 1865 1408 1919 τά
1443 1865 1666 1921 πλείονα
1697 1867 1813 1921 δια-

188 1943 391 2015 τρίϐει,
418 1948 524 2000 οὐκ
557 1949 615 2000 ἐν
644 1947 829 2019 ἡμέρα
854 1946 1016 2019 μόνον
1036 1988 1052 2010 ,
1099 1947 1237 2002 ἀλλά
1262 1949 1355 2002 καὶ⁵
1384 1949 1442 2001 ἐν
1480 1950 1636 2003 νυκτί
1654 1991 1669 2011 ,
1718 1950 1813 2004 καί⁹

189 2029 246 2080 ἐν
277 2031 399 2093 ταῖς
432 2029 689 2101 ἐρήμοις.
741 2029 914 2084 Τοῦτο
974 2031 1072 2084 καὶ
1124 2033 1153 2085 6
1203 2031 1367 2085 Δαυῒδ
1411 2033 1812 2104 ἀνακηρύττων

188 2109 401 2180 ιλεγεν,
454 2112 560 2167 Ἐκ
596 2112 919 2182 χειμάρῤου
949 2114 1020 2167 ὲν
1049 2111 1167 2179 ὀδῷ
1205 2114 1425 2180 πίεται,
1458 2114 1521 2169 τὸ
1552 2115 1810 2180 εὐσταλὲς

188 2194 356 2248 αὐτοῦ
385 2195 490 2248 τοῦ
521 2195 638 2266 βίου
667 2196 868 2266 δηλῶν.
917 2196 1091 2250 Τοῦτο
1130 2197 1225 2252 καί
1277 2199 1531 2269 Ἰωάννης
1572 2200 1810 2254 ἐνταῦθα

185 2275 504 2330 δείκνυσιν·
550 2279 604 2331 Ὀ
655 2274 818 2335 οὖν-ι
863 2279 1107 2348 Ἰησοῦς
1153 2281 1529 2348 κεκοπιακὼς
1574 2283 1642 2337 ἐκ
1697 2281 1809 2350 τῆς

186 2359 578 2429 ὁδοιπορίας,
621 2360 774 2434 [179]
828 2362 1086 2432 ἐκάθητο
1120 2364 1310 2431 οὕτως
1354 2365 1455 2418 ἐπὶ
1488 2365 1563 2434 τῇ
1614 2364 1802 2435 πηγῇ.

189 2444 336 2510 Ὦρα
363 2441 448 2513 ἦν
487 2445 632 2499 ὡσεί
661 2445 825 2515 ἕκτη.
862 2448 1141 2516 Ἔρχεται
1176 2447 1332 2518 γυνὴ
1366 2448 1435 2503 ἐκ
1475 2448 1584 2516 τῆς
1612 2453 1807 2518 Σαμα-

183 2527 349 2615 ρείας
407 2528 719 2615 άντλ-ῆσαι
1022 2532 1194 2600 Λέγει
1244 2530 1402 2601 αὐτῇ
1452 2535 1485 2587 ὁ
1514 2533 1801 2615 χησοῦς·

187 2612 294 2678 Δός
318 2629 425 2681 μοι
458 2613 640 2668 πιεῖν.
685 2616 751 2667 Ol
784 2612 853 2667 δὲ
880 2615 1144 2684 μαθηταί
1175 2615 1364 2670 αὐτοῦ
1394 2612 1679 2686 ἀπῆλθον
1715 2619 1805 2684 εἰς

189 2693 298 2763 τὴν
341 2696 609 2766 ἀγορὰν,
663 2698 764 2751 ἵνα
798 2699 1023 2768 τροφὰς
1059 2699 1470 2770 ἀγοράσωσιν.
1517 2701 1802 2755 Ἐντεῦθεν

191 2780 542 2851 μανθάνομεν
565 2782 741 2835 καὶτὸ
769 2783 898 2855 περὶ
920 2782 1020 2846 τάς
1041 2783 1350 2855 ὁδοιπορίας
1376 2782 1593 2839 εὔτονον
1611 2786 1799 2852 αὐτοῦ,

189 2864 279 2916 καί
311 2865 377 2917 τὸ
408 2865 542 2934 περί
573 2865 672 2930 τάς
703 2867 913 2938 τροφάς
939 2865 1310 2938 ἠμελημένον,
1339 2869 1433 2921 καὶ
1459 2869 1576 2932 πῶς
1603 2871 1803 2942 παρέρ·

190 2964 298 3014 γως
329 2948 411 3019 τῷ
448 2950 742 3020 πράγματι
777 2951 1069 3022 κέχρηται.
1115 2951 1274 3006 υῦτω
1295 2951 1428 3021 γοῦν
1462 2954 1556 3006 καὶ
1600 2955 1653 3006 οι
1696 2971 1800 3025 μα-

190 3029 346 3102 θηταὶ
368 3033 778 3105 ἐπαιδεύθησαν
808 3035 877 3088 τά
914 3035 1039 3089 καθ’
1073 3035 1304 3099 ἐαυτοῦς
1327 3036 1683 3090 διατίθεσθαι.
1721 3039 1797 3091 υῦ

189 3117 293 3188 γὰρ
318 3117 595 3188 ἐπήγοντο
637 3117 847 3188 ἐφόδια.
889 3119 1000 3173 Kal
1033 3119 1186 3189 δηλοῖ
1217 3119 1375 3174 τοῦτο
1413 3121 1601 3193 ἔτερος
1630 3123 1799 3192 εὐαγ-

188 3199 442 3272 γελιστὴς
465 3199 661 3269 λέγων,
688 3199 850 3273 ηνίκα
873 3203 1004 3272 περί
1030 3204 1132 3274 τῆς
1154 3203 1334 3275 ζύμης
1355 3203 1464 3258 τῶν
1484 3207 1797 3278 Φαρισαίων

189 3281 368 3347 αὐτοῖς
392 3283 692 3352 διελέγετο,
715 3286 797 3338 ὁτι
823 3285 1024 3340 ἐκεῖνοι
1061 3287 1312 3357 ἐνόμιζον
1348 3289 1430 3342 ὅτι
1469 3288 1665 3360 ἄρτους
1696 3290 1797 3344 οὐκ

188 3365 510 3433 ἐσάσταζον.
548 3371 659 3422 Καὶ
695 3369 824 3423 ὅταν
847 3371 1152 3434 πεινῶντας
1188 3373 1424 3446 εἰσάγῃ,
1459 3375 1554 3428 καὶ
1583 3375 1796 3428 τίλλον-

186 3465 281 3513 τας
310 3451 423 3505 τῶν
457 3452 752 3524 ἀσταχύων
783 3454 811 3494 δ
832 3496 846 3518 ,
881 3454 976 3507 καὶ
1009 3453 1290 3520 ἐσθίοντας
1315 3497 1330 3520 ,
1371 3458 1465 3509 καί⁵
1497 3457 1627 3512 ὅταν
1662 3458 1797 3534 λέγῃ

188 3535 343 3588 αὑτὸν
372 3539 471 3590 ἐπὶ
509 3537 610 3606 τὴν
642 3537 816 3608 συκῆν
845 3537 936 3591 διά
966 3537 1063 3610 τὴν
1098 3541 1291 3594 πεῖναν
1317 3539 1638 3611 ἐληλυθέναι
1659 3584 1673 3609 ,
1705 3546 1797 3597 οὐ·

187 3615 269 3669 δὲν
288 3617 419 3673 ἀλλο
450 3620 486 3691 ἢ
515 3620 678 3674 τοῦτο
699 3621 787 3674 διά
820 3621 1043 3676 πάντων
1066 3623 1215 3693 ἡμᾶς
1243 3623 1514 3691 παιδεύει,
1537 3625 1599 3679 τὸ
1628 3643 1797 3680 κατα-

188 3705 400 3770 φρονεῖν
429 3706 677 3774 γαστρὸς
697 3745 712 3768 ,
745 3705 840 3758 καί
880 3704 957 3776 μὴ
990 3705 1464 3776 περισπούδαστον
1487 3708 1588 3780 τὴν
1624 3709 1795 3780 αὐτῆς

189 3785 426 3855 νομίζειν
458 3784 600 3841 εἶναι
643 3787 1006 3861 λειτουργίαν.
1054 3789 1256 3844 Σκόπει
1296 3790 1427 3860 γοῦν
1459 3793 1658 3856 αὐτοὺς
1699 3795 1795 3846 καὶ

190 3869 442 3938 ἐνταῦθα,
496 3871 624 3926 οῦτε
677 3873 1112 3945 ἐπιφερομένους
1161 3891 1239 3936 τι,
1293 3872 1419 3928 οὔτε
1474 3875 1661 3946 ἐπειδὴ
1717 3876 1791 3946 μὴ

189 3951 508 4020 ἐϐάσταζον,
540 3957 606 4010 ἐκ
635 3956 941 4028 προοιμίων
962 3957 1065 4010 καὶ
1094 3955 1257 4019 εὐθὺς
1292 3957 1392 4029 τῆς
1426 3958 1642 4028 ἡμέρας
1668 3958 1790 4011 τού-

191 4051 279 4089 του
309 4040 724 4109 φροντίζοντας,
741 4039 879 4093 ἀλλὰ
897 4040 1039 4094 κατά
1054 4040 1147 4094 τὸν
1169 4040 1381 4110 καιρὸν,
1402 4041 1525 4094 καθ’
1545 4041 1793 4096 ὃνάπαν-

189 4135 274 4182 τες
299 4120 817 4193 ἀριποποιοῦνται,
850 4124 1056 4194 τροφὰς
1087 4124 1481 4197 ἀγοράζοντας.
1523 4125 1663 4178 Ἀλλ’
1692 4127 1790 4197 ούχ

190 4203 362 4271 ἡμεῖς,
381 4205 433 4257 οἶ
467 4204 667 4269 εὐθέως
697 4216 720 4244 ο
753 4206 862 4260 ἀπὸ
892 4207 1082 4278 κλίνης
1112 4207 1518 4279 διανιστάμενοι
1550 4209 1655 4279 πρὸ
1679 4209 1790 4263 τῶν

187 4286 356 4341 ἀλλων
399 4287 563 4342 τοῦτο
609 4290 997 4360 σκοπούμεθα,
1036 4291 1334 4361 μαγείρους
1383 4291 1479 4343 καί
1520 4291 1791 4362 τραπεζο-

189 4372 368 4435 ποιοὺς
399 4372 723 4439 καλοῦντες,
759 4373 855 4427 καὶ
891 4373 1033 4444 μετά
1073 4373 1277 4444 πολλῆς
1333 4373 1508 4427 ταῦτα
1551 4377 1788 4446 ἐπισκή-

191 4470 410 4520 πτοντες
438 4456 539 4528 τῆς
574 4457 833 4527 σπουδῆς,
863 4458 957 4511 καὶ
988 4458 1102 4529 μετ’
1136 4459 1320 4512 ἐκεῖνα
1350 4456 1461 4512 τῶν
1493 4458 1669 4514 ἀλλων
1695 4457 1788 4513 οῦ-

186 4552 289 4602 τως
333 4541 636 4610 ἁπτόμενοι
662 4581 678 4604 ,
723 4539 791 4594 τά
827 4539 1058 4610 βιωτικά
1105 4542 1213 4612 πρὸ
1237 4541 1347 4596 τῶν
1397 4542 1789 4613 πνευματικῶν

191 4621 450 4677 σπουδαῖα
486 4623 803 4694 ποιούμενοι
823 4664 838 4688 ,
881 4624 976 4678 καί
1008 4624 1046 4678 ἃ
1073 4625 1352 4697 πάρεργον
1389 4625 1535 4697 ἔχειν
1576 4626 1742 4697 ἐχρῆν
1769 4665 1784 4690 ,

188 4705 258 4768 ὡς
300 4711 580 4778 ἀναγκαῖα
626 4709 920 4781 τιμῶντες.
969 4710 1069 4764 Διά
1115 4709 1275 4764 τοῦτο
1311 4710 1492 4764 πάντα
1534 4711 1647 4766 ἀνω
1691 4712 1786 4764 καὶ

189 4791 334 4846 κάτω
369 4795 607 4863 γίνεται.
663 4794 990 4848 Τούναντίον
1035 4795 1144 4867 7&9
1177 4793 1348 4866 ἐχρῆν
1382 4793 1640 4848 ἁπάντων
1676 4794 1785 4848 τῶν

191 4878 574 4948 πνευματικῶν
615 4879 784 4932 πολὺν
827 4879 1230 4950 ποιησαμένους
1287 4878 1480 4947 λόγον,
1531 4879 1671 4949 μετά
1725 4879 1786 4932 τὸ

193 4958 469 5031 πληρῶσαι
500 4965 715 5027 ἐκεῖνα,
747 4963 867 5016 τότε
898 4960 1166 5017 ἅπτεσθαι
1199 4961 1426 5018 τούτων.

255 5047 327 5100 οὐ
352 5048 413 5100 τὸ
434 5049 692 5101 ἐπίπονον
717 5047 774 5101 δὲ
799 5048 980 5118 μόνον,
1003 5046 1140 5100 ἀλλα
1171 5046 1263 5099 καὶ
1285 5045 1344 5099 τὸ
1366 5047 1571 5115 ἄτυφον
1595 5044 1784 5098 ἐντεῦ-

193 5123 275 5178 θεν
305 5126 600 5193 δείκνυται,
627 5130 688 5182 ού
720 5128 799 5199 τῷ
833 5129 1122 5194 κοπιᾶσαι,
1164 5127 1292 5181 ούδὲ-
1313 5125 1393 5196 τῷ
1437 5125 1663 5180 καθίσαι
1691 5126 1786 5177 ἐπὶ

193 5205 286 5276 τῆς
321 5209 440 5262 ὁδοῦ
494 5208 676 5280 μόνον,
718 5209 853 5262 ἀλλά
889 5208 984 5262 καὶ
1027 5207 1106 5278 τῷ
1154 5205 1582 5276 καταλειφθῆναι
1623 5204 1786 5275 μόνον

197 5284 282 5336 καὶ
311 5286 439 5350 τοὺς
469 5287 718 5356 μαθητὰς
761 5286 929 5340 αὑτοῦ
973 5285 1233 5340 ἀπελθεῖν
1251 5283 1312 5337 'd.
1344 5285 1535 5338 Καίτοι
1564 5301 1627 5352 γε
1655 5283 1784 5352 ἐξῆν

198 5362 328 5432 εἴγε
361 5366 638 5430 ἐϐούλετο,
671 5367 704 5438 ἢ
752 5368 828 5439 μὴ
871 5367 1080 5430 πάντας
1111 5363 1414 5435 ἐκπέμψαι,
1449 5364 1482 5435 ἢ
1520 5363 1784 5417 ἀπελθόν-

199 5458 296 5498 των
321 5447 567 5512 ἐκείνων,
600 5447 826 5517 ἐτέρους
847 5447 1130 5511 διακόνους
1165 5446 1334 5516 ἔχειν’
1364 5444 1480 5498 ἀλλ’
1515 5445 1615 5496 ούκ
1657 5444 1784 5513 ἠθέ-

197 5522 351 5594 λησε·
387 5528 485 5581 καὶ
529 5527 640 5599 7&9
685 5529 817 5591 τοῦς
873 5526 1124 5598 μαθητάς
1172 5525 1348 5590 οὕτως
1391 5525 1560 5578 εἴθισε
1605 5524 1784 5578 πάντα

201 5602 355 5673 τῦφον
392 5610 752 5661 καταπατεῖν.
799 5608 909 5661 Kal
948 5605 1000 5660 τί
1035 5607 1199 5676 μέγα,
1228 5607 1416 5676 φησὶν,
1444 5607 1492 5657 εἰ
1529 5603 1783 5672 ἐμετρία·

203 5678 302 5747 ξῦν.
339 5687 470 5750 ἴσως
502 5687 648 5740 εἴποι
673 5703 758 5750 τις
799 5687 885 5753 ἂν,
911 5685 1084 5748 ἁλιεῖς
1114 5687 1265 5749 ὅντες
1301 5686 1394 5737 καὶ
1433 5682 1782 5753 σκηνοποιοί;

203 5759 420 5830 (Ἁλιεῖς
459 5767 559 5835 μὲν
587 5762 728 5837 ἦσαν
759 5767 852 5821 καὶ
880 5764 1245 5837 σκηνοποιοὶ,]
1274 5763 1388 5817 ἀλλ’
1420 5764 1485 5816 ὰθ
1497 5764 1618 5833 ρόον
1649 5765 1727 5826 είς
1759 5774 1782 5802 ε

259 5855 282 5883 ⁸
308 5855 475 5920 Morel,
514 5858 714 5907 ἐνταῦθα
750 5859 930 5915 δεικνὺς
969 5860 1124 5920 λέγει·
1159 5857 1218 5908 ‘0
1253 5856 1351 5920 οὖν.
1419 5856 1448 5895 ι)
1485 5857 1635 5920 Savi!.
1664 5873 1787 5920 στα-

205 5915 363 5998 ἔξωνί,
399 5919 711 5998 ⁶.⁹Αλλ’.οὺχ
740 5924 813 5998 ’ὡς
829 5921 982 5998 κημεῖς
1027 5915 1230 5998 εῦθέωςε¹
1251 5919 1493 5996 δαείη-81.
1528 5917 1784 5998 cadi”,

208 5975 294 6044 Ψ
316 5981 488 6044 εὐχὼς
507 5982 646 6044 ἡμεῖς
665 5975 759 6031 {ms
798 5975 980 6040 κλίνης.
1045 5981 1073 6020 ‹ι
1103 5980 1252 6030 Savil.
1289 5979 1437 6029 αὐτοῦ
1473 5975 1782 6044 χωρισθῆναι,

211 6036 701 6108 ξῄεριίιξῖσιιὴνόποιοί,
720 6036 961 6108 ἀθρόονδὲ
981 6047 1061 6100 εἰς.
1089 6044 1234 6096 L'ncis
1256 6044 1439 6092 inclusa
1459 6036 1648 6092 é'cu'dd.
1675 6041 1786 6103 705,

210 6096 288 6150 τυθ
306 6115 355 6155 ει
376 6107 465 6156 Sav
487 6096 493 6098 ﬁ
518 6096 706 6168 adjecta}
730 6096 861 6157 su'nl.
886 6107 1023 6158 Enn.

1228 408 1294 464 IN
1339 408 1656 468 JO.\NNEM
1701 409 1937 467 HOMIL.
1980 413 2171 473 XXXI.
2214 418 2286 474 al.
2327 417 2494 472 XXX.

3438 420 3555 479 {80'

1935 536 2106 607 αὐτὴν
2137 537 2414 606 ἀνέδησαν
2437 536 2537 591 τοῦ
2559 538 2795 610 ούρανοῦ
2823 537 2922 609 τὴν
2953 537 3222 610 κορυφὴν,
3269 538 3365 594 καὶ
3403 541 3540 596 πάνο

1930 631 2042 669 των
2061 614 2312 684 ἐγένοντο
2334 615 2602 685 βασιλέων
2634 617 2975 688 σεμνότεροι,
3000 617 3263 690 ὁμιληταὶ
3282 618 3540 686 γενέσθαι

1933 692 2370 759 καταξιωθέντες
2429 694 2525 748 τοῦ
2570 695 2672 766 τῆς
2712 695 3044 769 οἰκουμένης
3094 697 3393 763 Δεσπότου,
3441 699 3540 753 καὶ

1932 771 2418 846 παρακολουθῆσαι
2443 774 2522 846 τῷ
2553 774 2962 846 θαυμαζομένῳ
2993 774 3280 830 πάντοθεν.
3306 776 3452 830 Ἴστε
3482 777 3540 830 δέ

1928 851 2172 916 κάκεῖνο,
2220 855 2304 908 ὅτι
2357 853 2596 924 μάλιστα
2644 855 2695 908 οἰ
2752 855 2818 908 ἐκ
2859 854 3138 909 ταπεινῶν
3180 854 3356 918 ὅντες,
3407 855 3540 908 ὅταν

1927 930 2260 1004 ἀξιωμάτων
2311 934 2444 987 ποτέ
2500 933 2799 994 λάδωνται,
2862 932 3234 1007 εὐκολώτερον
3283 932 3539 1003 αίρονται

1922 1011 2069 1084 ,πρὸς
2112 1013 2399 1076 ἀπόνοιαν,
2443 1013 2541 1068 άτε
2589 1012 2976 1086 ἀπειροκάλως
3009 1012 3229 1085 ἔχοντες
3263 1012 3403 1084 πρὸς
3436 1011 3538 1083 τὴν

1925 1093 2198 1165 τοσαύτην
2227 1095 2417 1166 τιμήν.
2451 1092 2716 1164 Κατέχων
2745 1089 2840 1148 οὖν
2870 1093 3069 1156 αὐτοὺς
3103 1092 3200 1146 ἐπὶ
3230 1092 3332 1164 τῆς
3361 1092 3538 1163 αὐτῆς

1923 1175 2453 1248 ταπεινοφροσύνης,
2484 1175 2774 1230 ἐπαίδευεν
2802 1174 3004 1240 αὐτοὺς
3030 1172 3120 1228 διὰ
3158 1173 3379 1228 πάντων
3411 1190 3537 1226 συν-

1923 1254 2203 1309 εστάλθαι.
2238 1258 2334 1310 καὶ
2367 1255 2624 1326 μηδαμοῦ
2649 1253 2861 1310 δεῖσθαι
2886 1253 2997 1308 τῶν
3029 1251 3530 1324 διακονησομένων.

1923 1335 2099 1398 Αύτὸς
2141 1333 2197 1388 δὲ
2240 1334 2629 1401 Κεκοπιακὼς
2666 1334 2736 1388 ἐκ
2775 1331 2889 1401 τῆς
2927 1331 3297 1401 ὁδοιπορίας.
3342 1332 3530 1402 φησὶν,

1921 1413 2178 1482 ἐκάθητο
2223 1414 2415 1481 οὕτως
2447 1414 2545 1468 ἐπὶ
2593 1411 2671 1482 τῇ
2730 1410 2917 1481 πηγῇ.
2968 1411 3134 1483 Ὁρᾷς
3174 1412 3257 1465 ὃτι
3305 1410 3395 1464 διὰ
3440 1410 3533 1464 τὸν

1922 1493 2092 1547 κόπον
2124 1496 2157 1565 ή
2195 1493 2432 1565 καθέδρα
2461 1494 2678 1561 γέγονε,
2714 1492 2803 1546 διὰ
2836 1491 2897 1544 τὺ
2931 1490 3143 1562 καῦμα,
3169 1490 3258 1545 διά
3281 1489 3346 1543 τὸ
3374 1506 3533 1562 περι-

1925 1575 2107 1642 μεῖναι
2133 1574 2262 1636 τοὺς
2302 1572 2589 1644 μαθητάς;
2618 1573 2774 1644 ’ῌδει
2813 1572 2915 1642 μὲν
2952 1571 3064 1642 7&9
3107 1569 3531 1644 συμϐησόμενον

1919 1641 1980 1706 τὸ
2006 1652 2150 1705 κατά
2190 1641 2318 1715 τοὺς
2361 1641 2733 1722 Σαμαρείτας.
2785 1641 2904 1704 Οὐκ
2944 1641 3041 1702 ἐπὶ.
3086 1647 3249 1703 τοῦτο
3295 1647 3353 1702 δὲ
3395 1641 3530 1718 ἦλθε

1920 1731 2384 1802 προηγουμένως·
2427 1732 2488 1784 ού
2527 1730 2635 1802 μὴν
2679 1730 2870 1802 ἐπειδὴ
2911 1728 3003 1784 διὰ
3029 1729 3193 1784 τοῦτο
3231 1727 3332 1782 οῦκ
3373 1725 3528 1800 [180]

1916 1805 2071 1880 ἦλθε,
2106 1811 2556 1882 παραγενόμενον
2592 1809 2656 1864 τὸ
2687 1809 2914 1878 γύναιον
2952 1808 3282 1878 ἀπώσασθαι
3329 1806 3526 1879 ἐχρῆν,

1916 1889 2060 1945 οὕτω
2081 1887 2283 1960 πολλὴν
2307 1890 2671 1960 φιλομάθειαν
2694 1890 3166 1962 ἐπιδεικνύμενον.
3196 1892 3260 1944 υἰ
3286 1887 3385 1959 μέν
3417 1887 3528 1957 γάρ

1930 1966 2178 2021 Ἰουδαῖοι
2211 1967 2307 2020 καὶ
2350 1966 2487 2037 πρὸς
2527 1968 2727 2031 αὐτοὺς
2766 1968 3066 2038 ἐρχόμενον
3105 1968 3443 2039 ἀπήλαυνον,
3476 1968 3525 2019 οί

1915 2046 1972 2101 δέ
2017 2045 2078 2111 ἐξ
2126 2046 2298 2100 ἐθνῶν
2347 2047 2442 2100 καὶ
2492 2047 2729 2118 ἀλλαχοῦ
2785 2046 3070 2117 βαδίζοντα
3117 2046 3256 2116 πρὸς
3299 2046 3527 2109 ἑαυτοὺς

1913 2120 2121 2180 εἷλκονο
2150 2126 2246 2179 καὶ
2282 2127 2330 2178 οἰ
2367 2125 2465 2193 μὲν
2498 2125 2781 2195 ἐφθόνουν,
2815 2127 2862 2178 οί
2888 2125 2944 2180 δὲ
2975 2127 3286 2181 ἐπίστευον·
3323 2128 3524 2180 ἐκεῖνοι

1913 2206 2282 2276 ἠγανάκτουν,
2332 2201 2481 2261 οὗτοι
2527 2203 2845 2276 ἐθαύμαζον
2889 2206 2985 2258 καὶ
3031 2206 3426 2276 προσεκύνουν.
3457 2208 3524 2262 Τί

1911 2281 2041 2351 οὖν;
2083 2287 2192 2340 ἐδει
2226 2285 2501 2340 τοσούτων
2539 2285 2816 2356 σωτηρίαν
2849 2286 3150 2356 ὑπεριδεῖν,
3198 2287 3292 2340 καὶ
3318 2286 3524 2360 προθυ-

1914 2366 2047 2437 μίαν
2076 2365 2221 2422 οὕτω
2253 2365 2509 2436 γενναίαν
2550 2367 2802 2435 ἀφεῖναις
2831 2364 3004 2420 Τοῦτο
3044 2365 3144 2436 μὲν
3171 2361 3264 2419 οὖν
3300 2365 3522 2432 ἀνάξιον

1907 2440 2184 2517 ἦνάὑτοῦ
2211 2446 2313 2517 τῆς
2342 2444 2779 2516 φιλανθρωπίας·
2811 2443 3002 2516 διόπερ
3034 2444 3175 2514 μετά
3216 2445 3315 2515 τῆς
3353 2461 3521 2516 προσ-

1909 2526 2154 2598 ηκούσης
2185 2525 2336 2597 αύτῷ
2380 2525 2576 2594 σοφίας
2619 2525 2802 2580 πάντα
2829 2522 2898 2578 τά
2930 2524 3177 2596 παρόντα
3221 2526 3517 2595 οἰκονομεῖ.

1921 2606 2194 2676 Ἐκάθητο
2219 2606 2320 2676 μὲν
2341 2604 2474 2676 γὰρ,
2504 2604 2801 2658 ἀναπαύων
2827 2603 2891 2657 τὸ
2918 2603 3102 2673 σῶμα,
3128 2604 3224 2658 καὶ
3249 2603 3401 2673 παρά
3421 2604 3520 2675 τὴν

1907 2686 2094 2757 πηγὴν
2129 2686 2148 2724 ί
2179 2684 2474 2756 ἀναψύχων
2508 2685 2659 2739 αὑτό.
2690 2684 2834 2738 Αύτὸ
2862 2685 2972 2756 γὰρ
2995 2681 3064 2756 ἦν
3094 2686 3193 2754 τῆς
3219 2684 3432 2755 ἡμέρας
3457 2685 3521 2738 τὸ

1909 2767 2260 2837 μεσαίτατον,
2295 2766 2433 2834 ὅπερ
2472 2765 2566 2816 καὶ
2610 2766 2640 2818 6
2681 2763 3091 2834 Εύαγγελιστὴς
3142 2763 3410 2830 ἐδήλωσεν
3442 2766 3520 2818 εί-

1906 2844 2044 2906 πὼν,
2075 2845 2221 2912 Ὥρα
2266 2839 2346 2913 ἦν
2374 2842 2519 2896 ὡσεί
2555 2843 2721 2911 ἕκτηο
2772 2843 2870 2898 καί
2903 2841 3161 2910 ἐκάθητο
3201 2842 3408 2909 αὔτως.
3452 2844 3517 2897 Τί

1903 2922 1958 2976 δέ
1993 2924 2165 2985 ἐστιν,
2214 2923 2446 2988 οὒτως;
2500 2923 2616 2976 Οὐκ
2659 2922 2754 2976 ἐπὶ
2797 2922 3011 2993 Θρόνου,
3061 2920 3248 2991 φησὶν,
3286 2921 3387 2974 οὐκ
3423 2921 3518 2974 ἐπὶ

1903 3001 2373 3073 προσκεφαλαίου,
2397 3001 2514 3056 ἀλλ’
2531 3001 2722 3065 ἁπλῶς
2740 3003 2835 3054 καὶ
2852 3001 2927 3065 ὼς
2944 3000 3136 3070 ἐτυχεν
3153 3002 3240 3052 ἐπ’
3259 2999 3450 3069 ἐδάφοι
3460 3018 3506 3065 ς,

1907 3084 2189 3152 Ἔρχεται
2213 3082 2371 3152 τυνὴ
2402 3083 2472 3136 ἐκ
2498 3081 2611 3150 τῆς
2640 3081 2977 3150 Σαμαρείας
3002 3077 3308 3146 ἀντλῆσαι
3331 3078 3512 3147 ὕδωρ.

1975 3163 2037 3215 δ’.
2083 3163 2226 3233 Ὅρα
2269 3161 2387 3226 πῶς
2428 3160 2524 3213 καὶ
2567 3159 2666 3230 τὴν
2706 3162 2946 3227 γυναῖκα
2975 3158 3042 3210 δι’
3083 3157 3212 3213 ἀλλο
3241 3157 3518 3211 δείκνυσιν

1901 3237 2250 3306 ἐξελθοῦσαν,
2284 3239 2563 3309 πανταχοῦ
2597 3239 2696 3309 τὴν
2720 3237 3077 3308 ἀναίσχυντον
3096 3235 3208 3290 τῶν
3242 3235 3518 3290 Ἰουδαίων

1899 3318 2271 3388 ἐπιστομίζων
2320 3317 2656 3386 ἀντιλογίαν,
2706 3314 2802 3368 καὶ
2858 3315 2946 3368 ἵνα
2994 3316 3068 3386 μή
3117 3330 3202 3378 τις
3248 3312 3384 3384 λέγῃ
3429 3314 3513 3367 ὅτι

1900 3396 2241 3451 ἐναντιοῦται
2273 3394 2470 3448 ἐαυτοῦ
2505 3395 2585 3466 τῷ
2633 3393 3047 3465 προστάγματι,
3087 3395 3168 3458 εἰς
3210 3392 3308 3463 μὲν
3355 3393 3514 3448 πόλιν

1900 3475 2138 3529 κελεύων
2187 3476 2262 3545 μὴ
2306 3473 2536 3527 εἰσιέναι
2590 3472 2982 3542 Σαμαρειτῶν,
3032 3471 3408 3540 Σαμαρείταις
3452 3471 3512 3524 δέ

1899 3554 2304 3622 διαλεγόμενος.
2335 3552 2425 3605 Διὸ
2453 3552 2548 3605 καὶ
2577 3550 2662 3614 τδ,
2701 3550 3216 3616 Ἀπεληλύθεισαν
3242 3552 3298 3604 οι
3320 3553 3514 3619 μαθη-

1899 3633 1993 3686 ταὶ
2021 3631 2210 3687 αὑτοῦ
2242 3633 2330 3697 είς
2359 3630 2474 3698 τὴν
2503 3634 2710 3696 πόλιν,
2746 3631 2848 3684 ἵνα
2882 3629 3110 3698 τροφὰς
3139 3627 3509 3698 ἀγοράσωσι,

1899 3711 2145 3765 τέθεικεν
2172 3713 2201 3763 6
2233 3708 2666 3780 Εὑαγγελιστὴς.
2701 3707 2905 3769 πολλάς
2936 3708 3175 3776 εἰσάγων
3201 3701 3382 3765 άίτίας
3409 3707 3512 3778 τῆς

1897 3790 2036 3860 πρὸς
2071 3789 2242 3861 αὐτὴν
2271 3788 2583 3853 διαλέξεως.
2627 3788 2692 3841 Τί
2740 3784 2834 3842 οὖν
2877 3789 2912 3858 ἡ
2954 3788 3134 3856 γυνή;
3177 3786 3508 3852 Ἀκούσασα,

1897 3870 2010 3934 Δός
2069 3884 2173 3936 μοι
2226 3865 2406 3928 πιεῖν,
2461 3865 2668 3937 σφόδρα
2729 3864 2967 3928 συνετῶς
3027 3865 3108 3927 είς
3153 3864 3511 3937 κατασκευὴν

1895 3948 2224 4019 ἐρωτήσεως
2269 3946 2360 3998 τὸν
2411 3945 2566 4016 παρά
2608 3943 2704 3998 τοῦ
2750 3945 2987 4018 Χριστοῦ
3024 3943 3185 4013 λόγον
3215 3943 3507 4014 λαμϐάνει,

1869 4026 1992 4081 καὶ
2040 4025 2227 4096 λέγει·
2278 4024 2412 4090 Πῶς
2437 4024 2565 4079 “ab
2629 4024 2921 4091 Ἰουδαῖος
2967 4022 3075 4090 ὢν,
3123 4023 3310 4089 αίτεῖς
3368 4027 3508 4095 παρ’

1892 4105 2042 4175 ἐμοῦ
2099 4105 2260 4160 πιεῖν
2311 4104 2509 4172 οὔσης
2562 4103 2866 4172 γυναικὸς*
2905 4102 3372 4172 Σαμαρείτιδος-ς
3423 4107 3508 4160 Οὐ

1894 4184 2007 4257 γὰρ
2039 4181 2426 4254 συγχρῶνται
2461 4182 2740 4238 Ἰουδαῖοι
2767 4182 3181 4253 Σαμαρείταις.
3209 4181 3320 4235 Kal
3343 4183 3508 4238 πόθεν

1893 4266 2058 4320 αὑτὸν
2092 4264 2344 4317 Ἰουδαῖον
2390 4260 2643 4334 ἐνόμιζεν
2684 4258 2859 4326 εἶναις
2909 4259 3044 4314 Ἀπὸ
3089 4260 3183 4314 τοῦ
3226 4263 3507 4332 σχήματος

1895 4345 2046 4408 ἴσως,
2082 4344 2176 4397 καὶ
2208 4341 2316 4396 ἀπὸ
2347 4344 2448 4414 τῆς
2485 4341 2795 4408 διαλέξεως.
2832 4341 2904 4393 Σὺ
2935 4339 2992 4392 δέ
3040 4356 3131 4410 μοι
3164 4339 3359 4392 σκόπει
3388 4340 3507 4404 πῶς

1893 4421 2291 4494 διεσκεμμένον
2323 4422 2386 4475 τὸ
2433 4420 2658 4491 γύναιον
2686 4417 2775 4492 ἦν.
2815 4419 2878 4473 Εἰ
2923 4418 3033 4490 7&9
3062 4421 3232 4490 ἐχρῆν
3264 4419 3508 4489 φυλάξα-

1897 4503 2047 4569 σθαι,
2085 4504 2175 4556 τὸν
2211 4499 2422 4573 Ἰησοῦν
2463 4502 2652 4573 ἐχρῆν,
2689 4501 2790 4554 οὑκ
2816 4498 3055 4568 ἐκείνην.
3089 4499 3162 4552 Οὐ
3193 4498 3303 4570 γὰρ
3327 4495 3504 4564 εἶπεν,

1891 4584 1973 4636 ὃτι
2013 4585 2356 4652 Σαμαρεῖται
2385 4583 2498 4644 τοῖς
2536 4579 2816 4642 Ἰουδαίοις
2854 4578 2916 4632 ού
2951 4577 3322 4649 συγχρῶνται,
3362 4579 3505 4648 ἀλλ’,

1905 4662 2150 4715 Ἰουδαῖοι
2201 4659 2552 4731 Σαμαρείτας
2600 4660 2662 4712 ού
2713 4657 3052 4729 προσίενται.
3095 4655 3236 4710 Ἀλλ’
3288 4658 3440 4730 ὅμως
3469 4662 3502 4729 ἡ

1889 4741 2029 4813 γυνὴ
2057 4741 2234 4795 καίτοι
2263 4740 2600 4810 κατηγορίας
2634 4737 3059 4809 ἀπηλλαγμένη,
3092 4736 3282 4807 ἐπειδὴ
3318 4739 3504 4808 ἐνόμι-

1893 4840 1984 4876 σεν
2013 4824 2202 4891 ἓτερον
2243 4821 2381 4891 αὐτῇ
2427 4819 2798 4880 ἀντιπίπτειν,
2849 4816 2971 4870 οὐδὲ
2998 4814 3175 4880 οὕτως
3218 4815 3501 4890 ἐσίγησεν,

1892 4901 2010 4955 ἀλλ’
2039 4900 2116 4962 ὼς
2147 4899 2318 4953 οἴεται
2347 4897 2658 4970 διορθοῦται
2703 4897 2764 4951 τὸ
2796 4897 2873 4968 μὴ
2909 4894 3053 4950 κατά
3077 4895 3242 4965 νόμον
3277 4897 3503 4968 γινόμε-

1889 4999 1998 5034 νον.
2034 4978 2174 5033 Ἀλλ’
2203 4981 2381 5033 ἐκεῖνο
2425 4979 2491 5034 ἀν
2531 4995 2616 5043 τις
2662 4978 3040 5050 διαπορήσειε,
3076 4976 3194 5040 πῶς
3226 4977 3254 5029 6
3292 4977 3502 5044 Ἰησοῦς

1888 5060 2124 5131 ἐζήτησε
2167 5058 2297 5130 παρ’
2333 5059 2504 5128 αὐτῆς
2544 5061 2712 5124 πιεῖν,
2758 5059 2862 5133 ποῦ
2913 5057 3078 5128 νόμου
3122 5056 3224 5108 οῦκ
3275 5057 3500 5127 ἐπιτρέ-

1895 5157 2125 5206 ποντος;
2163 5140 2226 5192 Εἰ
2256 5139 2365 5208 7&9
2393 5138 2541 5208 λέγοι
2574 5155 2679 5201 τις,
2716 5138 2800 5190 ὅτι
2837 5137 2914 5208 τῷ
2941 5135 3250 5208 προειδέναι
3293 5136 3367 5208 μὴ
3395 5137 3501 5190 δώ-

1891 5236 2113 5282 σουσαν,
2164 5218 2230 5271 δι’
2269 5218 2403 5271 αὐτὸ
2443 5218 2540 5288 μὲν
2565 5213 2662 5271 οὖν
2689 5215 2849 5271 τοῦτο
2875 5217 2997 5270 ούδέ
3030 5216 3254 5285 αἰτῆσαι
3303 5217 3495 5287 ἐχρῆν.

1891 5297 1957 5350 Τί
1983 5294 2077 5351 οὖν
2112 5297 2259 5350 ἐστιν
2294 5297 2504 5364 είπεῖν;
2553 5298 2676 5351 Ὄτι
2707 5295 3001 5368 ἀδιάφορον
3038 5294 3189 5366 αὐτῷ
3215 5294 3403 5349 λοιπὸν
3429 5292 3498 5366 ἦν

1887 5378 1988 5440 τὰς
2038 5377 2297 5440 τοιαύτας
2345 5377 2635 5432 ἐκϐάλλειν
2678 5378 3118 5448 παρατηρήσεις.
3137 5375 3195 5429 '0
3226 5373 3338 5446 7&9
3369 5376 3495 5440 τοὺς

1889 5455 2083 5520 ἀλλους
2131 5456 2345 5524 ἐνάγων
2391 5458 2471 5521 είς
2520 5455 2582 5510 τὺ
2626 5455 2797 5520 λύειν,
2851 5453 3033 5525 πολλῷ
3091 5452 3293 5525 μᾶλλον
3332 5455 3498 5518 αὐτὸς

1888 5535 2058 5601 αύτάς
2105 5535 2172 5590 ἂν
2218 5536 2596 5608 παρέδραμεν.
2640 5536 2718 5588 υύ
2754 5534 2864 5606 γὰρ
2901 5534 2964 5588 τὸ
3013 5533 3495 5606 εἰσπορευόμενον,

1891 5618 2048 5688 φησὶ,
2084 5619 2256 5670 κοινοῖ
2282 5615 2374 5669 τὸν
2403 5615 2715 5686 ἄνθρωπον,
2761 5614 2900 5668 ἀλλά
2939 5613 3002 5666 τὸ
3031 5613 3494 5685 ἐκπορευόμενον.

1890 5699 1966 5751 Ού
2003 5696 2176 5767 μικρά
2226 5695 2283 5749 δὲ
2332 5695 2637 5766 κατηγορία
2673 5695 2872 5764 γένοιτ’
2907 5694 2974 5748 ἂν
3009 5693 3118 5747 τῶν
3156 5693 3426 5747 Ἰουδαίων
3461 5697 3494 5765 ἡ

1893 5775 2033 5847 πρὸς
2063 5774 2090 5812 ιι
2130 5776 2232 5846 τὴν
2260 5777 2496 5843 γυναῖκα
2530 5773 2786 5838 διάλεξις,
2831 5774 2968 5826 διότι
3004 5775 3203 5825 ἐκεῖνοι
3237 5771 3337 5842 μὲν
3369 5774 3500 5826 πολ-

1955 5873 1975 5911 ί
2006 5874 2158 5924 Savil.
2191 5879 2250 5936 τῇ
2282 5879 2434 5936 πηγῇ.
2458 5872 2583 5922 Ibid.
2607 5871 2866 5936 ἀναψύχων
2885 5871 3027 5936 αὐτὸἒ
3055 5871 3180 5936 Αὐτὸ
3205 5871 3296 5933 γὰρ
3319 5870 3378 5936 ἦν
3398 5878 3500 5930 τῆς.

1955 5879 1975 5911 τ
2006 5879 2158 5924 Savil.
2191 5879 2250 5936 τῇ
2287 5891 2352 5931 πη
2424 5911 2434 5921 .
2459 5879 2583 5922 Ibid.
2607 5879 2866 5936 ἀναψύχων
2885 5879 3022 5918 αὐτὸ.
3055 5879 3180 5920 Αὐτὸ
3205 5879 3296 5933 γὰρ
3319 5879 3378 5928 ἢν
3398 5879 3500 5930 τῆς.

1891 5936 2028 6006 γριίί
2051 5938 2153 6006 [ggi
2178 5934 2332 6006 Savil.
2357 5879 2426 6006 Ea!
2451 5936 2560 6006 γάρ,
2594 5933 2768 6006 ᾳιςιειο
2800 5934 2935 6006 αῦτό.
3002 5934 3038 6006 σε
3058 5933 3204 6006 Aliij
3366 5935 3505 6006 αἰτη-

1889 6000 2025 6049 θεῖσα
2045 5995 2175 6060 ὕδωρ
2196 5997 2326 6060 παρὰ
2347 5997 2433 6060 τοῦ
2588 5996 2679 6060 Δός
2697 5997 2903 6060 μοιῗγάρ,
2925 5995 3060 6060 φησί,
3082 5995 3224 6060 πιεῖν,
3247 5996 3273 6042 6
3294 5997 3505 6060 Xptgtb;

1892 6064 2022 6122 ιλεγε
2040 6055 2160 6122 πρὸς
2177 6055 2340 6122 αὐτήν.
2366 6057 2423 6107 Τί
2443 6055 2525 6122 οῦν
2547 6058 2701 6122 ἐκείνῃ
2718 6070 2732 6115 ;
2752 6055 2882 6122 Πῶς.
2937 6057 2975 6122 Δὶ*
3002 6057 3212 6116 Quidam
3230 6055 3335 6122 περ(
3376 6055 3505 6108 Tum

1893 6121 1978 6174 alii
2001 6116 2214 6177 διάλεξις·
2244 6119 2449 6176 ἐκείνους
2477 6121 2559 6181 μὲν
2582 6120 2669 6181 γὰρ
2690 6135 2740 6168 π.
2767 6116 3096 6169 ἐπεσπάσατο.
