4102 6492
308 438 406 495 181

308 559 530 626 gatiunc
559 554 825 624 capiatur.
853 549 1008 606 Jesus
1037 564 1159 604 vero
1203 548 1302 602 hac
1343 548 1392 600 in
1438 561 1531 610 re,
1583 544 1682 598 hac
1721 544 1772 596 in
1821 539 1901 593 via

315 667 367 704 tt
397 649 559 702 udum
592 645 828 700 instabat
856 660 869 696 :
899 641 990 696 sed
1016 657 1108 697 eos
1137 640 1224 710 qui
1251 638 1567 694 accederent
1593 652 1699 691 non
1732 636 1902 702 impe-

313 740 522 794 diebat.
577 735 862 805 Discipulis
903 746 1130 801 namque
1171 729 1485 800 simpliciter
1531 727 1695 791 dixit,
1738 742 1803 779 tte
1847 723 1903 778 in

315 831 596 884 civitatem
620 827 1072 880 Samaritanorum
1117 823 1412 886 intrarent,
1463 834 1569 873 non
1621 827 1801 872 tamen
1849 825 1906 870 ut

316 919 643 975 accedentes
671 919 790 972 illos
817 915 1139 986 repellerent
1164 930 1180 968 :
1208 929 1295 968 res
1320 913 1461 968 enim
1490 912 1630 967 illius
1657 911 1904 979 benigni-

317 1020 434 1063 tate
461 1007 744 1062 admodum
783 1006 997 1075 indigna
1040 1002 1248 1058 fuisset.
1296 1002 1525 1072 Ideoque
1566 1001 1776 1055 mulieri
1829 1001 1908 1054 sic

314 1097 610 1166 respondet
643 1114 656 1148 :
690 1096 776 1150 lo.
822 1093 885 1148 Si
912 1093 1067 1148 scires
1086 1093 1274 1146 donum
1316 1090 1448 1159 Dei,
1481 1099 1526 1145 et
1572 1092 1685 1160 quis
1724 1099 1795 1143 est
1820 1090 1906 1160 qui

314 1189 410 1241 tibi
441 1188 597 1252 dicit,
631 1186 711 1240 Da
740 1185 864 1238 mihi
881 1184 1048 1240 bibere
1073 1200 1092 1239 :
1119 1193 1171 1237 tu
1195 1184 1407 1243 forsitan
1453 1183 1657 1251 petisses
1695 1181 1757 1235 ab
1810 1196 1866 1234 eo
1886 1221 1901 1246 ,

315 1290 368 1333 et
398 1280 612 1333 dedisset
637 1276 727 1329 tibi
754 1292 937 1346 aquam
979 1276 1161 1331 uittam.
1200 1273 1354 1328 Prius
1393 1273 1591 1328 indicat
1626 1286 1745 1327 cam
1783 1285 1904 1326 esse

313 1367 537 1438 dignam
563 1382 680 1436 qua:
707 1366 950 1420 audiatur
970 1407 982 1429 ,
1014 1379 1114 1418 nec
1144 1364 1454 1433 rejiciatur;
1486 1378 1547 1416 ac
1573 1360 1765 1416 deinde
1786 1361 1903 1430 quis

313 1461 438 1529 ipse
464 1460 528 1514 sit
559 1457 777 1512 revelat.
807 1457 938 1512 Nam
966 1471 1089 1510 mox
1121 1455 1367 1510 auditura
1409 1454 1528 1524 quis
1571 1461 1750 1517 esset,
1799 1452 1896 1520 ipsi

311 1551 748 1618 obtemperatum
777 1556 927 1615 erat;
964 1545 1106 1617 quod
1135 1546 1202 1601 de
1239 1544 1438 1600 Judaals
1480 1559 1639 1599 nemo
1682 1543 1896 1600 dixerit.

311 1642 450 1697 Nam
478 1655 596 1696 cum
619 1639 960 1705 didicissent,
1009 1639 1143 1693 nihil
1189 1639 1256 1692 ab
1295 1638 1412 1708 ipso
1459 1638 1754 1706 petierunt,
1800 1649 1902 1691 nec

309 1730 588 1802 quidpiam
619 1731 748 1785 utile
773 1729 1012 1786 ediscere
1040 1728 1360 1798 cupierunt;
1392 1728 1500 1782 imo
1529 1727 1676 1782 illum
1706 1735 1898 1782 contu-

309 1822 491 1876 nteliis
517 1821 811 1876 onerabant
835 1828 890 1876 et
933 1820 1220 1891 pellebant.
1267 1818 1364 1874 llis
1414 1818 1610 1874 auditis
1661 1819 1895 1883 mulier,

307 1915 436 1969 vide
462 1929 617 1984 quam
639 1912 881 1968 modeste
906 1911 1230 1982 respondeat
1257 1928 1272 1966 :
1304 1912 1393 1968 tl.
1437 1909 1690 1976 Domine,
1741 1925 1899 1978 neque

305 2009 489 2074 inquo
518 2007 726 2061 haurias
753 2005 922 2070 habes,
970 2014 1018 2059 et
1057 2014 1235 2076 puteus
1277 2004 1411 2060 altus
1451 2013 1566 2069 est;
1607 2003 1742 2057 unde
1777 2018 1896 2074 ergo

307 2101 469 2154 habet
493 2116 674 2169 aquam
705 2097 911 2154 vivam?
937 2097 1055 2153 .lam
1087 2097 1232 2152 illam
1260 2111 1288 2150 a
1316 2096 1504 2152 viliore
1531 2096 1784 2165 opinione
1811 2110 1895 2149 rc-

308 2196 502 2260 tt-axit,
557 2195 628 2248 ita
676 2203 734 2247 ut
779 2207 886 2247 non
933 2192 1074 2247 ultra
1119 2190 1366 2246 crederet
1415 2190 1562 2244 illum
1616 2188 1891 2259 vulgarem

304 2283 612 2353 quempiam
640 2297 760 2338 esse
782 2282 1074 2336 hominem.
1103 2280 1217 2336 Non
1247 2279 1404 2334 modo
1433 2279 1577 2334 enim
1596 2279 1742 2332 illum
1776 2279 1896 2333 Do—

305 2375 511 2429 ntinnm
541 2381 732 2438 vocat,
776 2372 871 2429 sed
919 2372 1216 2427 bonorillce
1266 2369 1519 2442 loquitur.
1567 2369 1702 2424 Nam
1748 2367 1892 2438 quod

307 2467 529 2522 honoris
559 2481 716 2521 causa
747 2466 825 2521 sic
867 2465 1196 2535 loqueretur,
1227 2478 1290 2519 ex
1318 2461 1665 2534 sequentibus
1700 2462 1887 2531 liquet.

304 2556 421 2611 Non
450 2557 591 2611 enim
623 2557 828 2622 irrisit,
859 2572 966 2612 non
1007 2554 1242 2612 traduxit
1288 2555 1437 2609 illum
1463 2595 1480 2622 ,
1533 2554 1627 2610 sed
1676 2554 1889 2608 interim

302 2647 705 2704 stthdubitabat.
747 2646 900 2715 Quod
949 2647 994 2701 si
1037 2662 1142 2704 non
1186 2646 1364 2701 statim
1391 2661 1504 2701 rem
1536 2653 1700 2700 totam
1730 2644 1888 2700 intel-

304 2738 468 2802 lexit,
497 2753 565 2792 ne
596 2738 808 2792 mireris
838 2755 853 2792 :
885 2752 1058 2807 neque
1087 2737 1230 2792 enim
1261 2736 1583 2792 Nicodemus
1613 2736 1890 2791 intellexe-

302 2840 408 2883 rat.
440 2827 570 2882 Nam
601 2828 726 2898 quid
753 2828 841 2883 ille
867 2827 1038 2882 dicit?
1071 2827 1335 2894 Quomodo
1362 2836 1572 2898 possunt
1597 2827 1706 2882 haec
1735 2827 1846 2896 ﬁeri
1863 2826 1890 2880 .9

299 2930 358 2974 ct
385 2933 620 3004 rursum,
655 2919 923 2985 Quomodo
942 2928 1102 2988 potest
1124 2919 1272 2972 homo
1293 2918 1436 2973 nasci
1460 2934 1576 2972 cum
1603 2917 1667 2973 sit
1695 2934 1847 2972 senex
1863 2917 1889 2971 ?

298 3021 354 3066 et
383 3012 597 3077 iterum,
634 3009 901 3079 Numquid
928 3019 1088 3080 potest
1113 3010 1166 3063 in
1195 3020 1396 3064 uterum
1427 3010 1604 3064 matris
1644 3025 1750 3064 sua:
1791 3011 1884 3065 ite-

297 3111 414 3154 rato
434 3101 642 3155 introire
661 3110 707 3154 et
725 3100 865 3154 nasci
884 3101 910 3154 γ
930 3100 1055 3154 llaec
1074 3108 1252 3156 autem
1271 3099 1624 3156 verecundius
1646 3099 1884 3167 Domine,

298 3208 461 3263 neque
489 3191 540 3246 in
563 3207 663 3263 quo
689 3191 899 3244 haurias
927 3190 1077 3245 habes
1097 3233 1112 3256 ,
1138 3200 1184 3245 et
1211 3203 1391 3262 puteus
1418 3192 1555 3246 altus
1598 3202 1703 3256 est;
1751 3193 1888 3247 unde

295 3300 418 3355 ergo
464 3283 616 3337 habes
661 3299 846 3353 aquam
892 3283 1099 3337 vivam?
1141 3282 1299 3337 Aliud
1344 3283 1590 3339 Christus
1632 3281 1884 3350 dicebat,

295 3375 440 3428 aliud
474 3373 560 3427 illa
586 3373 958 3443 suspicabatur
980 3413 998 3441 ,
1035 3372 1171 3428 nihil
1196 3373 1340 3428 aliud
1367 3389 1527 3444 quam
1571 3374 1734 3430 verba
1782 3391 1882 3431 au-

294 3465 470 3529 dicns,
501 3479 674 3534 neque
696 3463 871 3520 adhuc
895 3464 1123 3521 sublime
1148 3465 1418 3535 quidpiam
1462 3467 1760 3538 intelligere
1788 3485 1882 3524 va-

296 3557 460 3612 lebat.
517 3557 676 3628 Atqui
727 3558 1051 3628 petulantius
1099 3557 1428 3627 respondere
1476 3559 1776 3629 potuisset,
1826 3559 1881 3617 Si

297 3649 529 3705 haberes
556 3664 747 3719 aquam
778 3650 952 3704 vivant
979 3691 993 3717 ,
1025 3665 1131 3706 non
1163 3659 1375 3720 peteres
1402 3667 1433 3707 a
1473 3668 1558 3707 me
1580 3693 1596 3719 ,
1646 3653 1739 3709 sed
1790 3655 1881 3710 tibi

295 3743 448 3812 prius
494 3744 763 3813 przcberes
794 3760 805 3795 :
833 3743 944 3813 jam
987 3759 1115 3798 vero
1167 3752 1218 3798 te
1258 3744 1449 3814 iactas.
1496 3744 1700 3802 Verum
1752 3747 1880 3802 nihil

298 3835 488 3888 horum
518 3834 651 3888 dixit
679 3850 694 3897 ;
725 3834 818 3889 sed
852 3833 1092 3890 modeste
1119 3835 1355 3904 loquitur
1376 3845 1430 3890 et
1457 3835 1509 3891 in
1539 3837 1798 3907 principio
1827 3846 1883 3893 et

297 3927 350 3980 in
377 3925 738 3996 sequentibus.
765 3925 897 3979 Nam
924 3926 980 3981 in
1013 3927 1271 3996 principio
1318 3929 1393 3982 ait
1425 3945 1438 3981 :
1471 3929 1736 3994 Quomodo
1783 3940 1837 3984 tu
1862 3970 1877 3997 ,

293 4015 505 4068 ludatis
532 4032 648 4070 cum
674 4017 743 4070 sis
770 4057 785 4081 ,
813 4017 978 4071 bibere
1001 4033 1033 4070 a
1056 4033 1135 4070 me
1161 4018 1328 4086 poscis
1347 4017 1375 4072 δ’
1399 4017 1582 4089 Neque
1606 4019 1741 4074 dixit
1766 4061 1782 4085 ,
1815 4036 1876 4077 ac

293 4109 340 4162 si
373 4109 723 4179 alienigenam
771 4118 825 4164 et
864 4110 1138 4166 inimicum
1179 4111 1546 4184 alloqueretur
1576 4132 1591 4169 :
1622 4114 1776 4170 Absit
1823 4125 1881 4172 ut

296 4200 390 4253 tibi
411 4201 677 4268 praebeam
696 4201 896 4256 homini
924 4203 1142 4258 inimico
1156 4212 1210 4259 et
1228 4220 1257 4258 a
1286 4215 1445 4276 gente
1468 4217 1650 4261 nostra
1680 4207 1874 4263 alieno.

298 4291 504 4346 Deinde
532 4306 657 4348 cum
686 4308 874 4364 magna
905 4294 1208 4366 loquentem
1251 4297 1491 4366 audiret,
1537 4314 1656 4369 qua:
1703 4301 1879 4357 solent

296 4380 542 4437 inimicos
571 4384 803 4438 maxime
831 4385 1110 4451 mordere,
1145 4403 1250 4441 non
1280 4389 1475 4456 irrisit,
1520 4407 1626 4446 non
1665 4392 1880 4449 cachin-

295 4473 380 4525 nis
408 4473 621 4542 excepit
645 4473 831 4538 illttm;
865 4477 956 4530 sed
985 4477 1111 4547 quid
1160 4477 1323 4533 dicit?
1372 4480 1457 4534 l2.
1511 4481 1778 4554 Numquid
1824 4494 1878 4539 tu

293 4563 462 4632 major
487 4580 538 4616 es
566 4575 710 4632 patre
741 4576 914 4621 nostro
942 4567 1103 4622 Jacob
1126 4611 1139 4632 ,
1170 4571 1255 4638 qui
1299 4570 1438 4624 dedit
1482 4572 1626 4628 nobis
1675 4585 1877 4645 puteum

295 4654 431 4706 Imm:
453 4695 468 4719 ,
502 4664 548 4706 et
578 4655 687 4724 ipse
709 4671 772 4711 ea;
800 4671 856 4711 eo
885 4655 1037 4722 bibit,
1067 4669 1112 4712 et
1137 4660 1236 4729 ﬁlii
1259 4662 1367 4733 ejus
1389 4705 1403 4728 ,
1434 4673 1480 4717 et
1522 4669 1748 4734 pecora?
1787 4667 1881 4723 Vi-

296 4744 419 4798 den’
449 4760 555 4813 quo
583 4755 738 4814 pacto
762 4746 899 4803 sein
929 4748 1205 4805 Judaicam
1251 4752 1583 4811 nobilitatem
1629 4757 1880 4828 ingerat?

295 4833 408 4887 lloc
433 4848 611 4888 autem
637 4837 747 4889 vult
775 4837 1076 4905 signitlcare
1107 4858 1121 4895 :
1151 4839 1243 4896 llle
1275 4842 1374 4897 hac
1400 4860 1527 4900 usus
1567 4855 1650 4901 est
1698 4863 1834 4919 aqua
1857 4890 1875 4919 ,

296 4924 428 4977 nihil
461 4925 599 4980 ultra
624 4925 765 4996 quod
789 4926 943 4983 daret
970 4928 1172 4986 habuit.
1199 4931 1291 4986 His
1330 4949 1493 5003 porro
1535 4934 1770 4992 declarat
1818 4955 1878 4996 se

295 5033 361 5071 ex
395 5018 562 5086 prima
597 5020 948 5089 reSponsione
975 5037 1220 5092 magnum
1252 5031 1306 5078 et
1331 5026 1561 5082 sublime
1605 5029 1874 5099 quidpiam

295 5111 650 5167 intellexisse.
685 5111 815 5167 Nam
840 5127 961 5168 cum
991 5116 1098 5179 ait,
1131 5113 1252 5185 Ipse
1271 5117 1411 5182 bibit,
1447 5127 1492 5174 et
1522 5119 1618 5189 ﬁlii
1647 5123 1792 5192 ejus,
1830 5134 1878 5179 et

294 5215 503 5266 pecora,
552 5201 688 5256 nihil
730 5202 876 5257 aliud
919 5203 1254 5271 subindicat,
1296 5223 1455 5277 quam
1496 5225 1556 5265 se
1597 5211 1649 5265 in
1697 5223 1878 5272 mente

293 5292 491 5348 habere
514 5292 674 5346 aliam
705 5296 1132 5363 praestantiorem
1158 5313 1348 5367 aquam
1369 5337 1387 5365 ,
1415 5315 1572 5371 quam
1601 5318 1701 5359 nec
1723 5320 1871 5375 rcpco

292 5382 457 5448 riret,
493 5399 593 5438 nec
619 5385 766 5440 clare
795 5395 996 5440 nosset.
1031 5385 1102 5442 Ut
1127 5399 1305 5444 autem
1330 5391 1458 5460 quid
1487 5392 1572 5446 illa
1618 5394 1876 5466 intelligat

292 5473 488 5530 clarius
519 5475 825 5542 exprimam
863 5493 874 5528 :
904 5475 1019 5530 Non
1051 5489 1200 5546 potes
1230 5479 1409 5536 dicere
1435 5523 1449 5544 .
1498 5484 1703 5552 inquit,
1731 5486 1877 5542 Jaco-

293 5562 411 5616 hum
472 5565 618 5619 hunc
663 5564 820 5620 nobis
868 5565 1079 5622 dedisse
1126 5567 1327 5624 fontem
1357 5612 1372 5636 ,
1418 5573 1512 5626 sed
1555 5574 1662 5628 alio
1722 5592 1875 5635 usum

288 5649 447 5708 fuisse
479 5672 493 5711 :
526 5671 649 5709 nam
673 5666 726 5710 ct
745 5656 857 5724 ipse
879 5666 934 5711 ct
956 5657 1046 5711 lilii
1073 5659 1188 5726 ejus
1213 5675 1277 5714 ex
1309 5661 1406 5715 hac
1434 5662 1682 5719 bibebant
1711 5683 1871 5737 aqua,

288 5759 388 5797 non
423 5746 642 5802 bibituri
673 5749 716 5801 si
747 5746 904 5802 aliam
950 5749 1228 5804 meliorem
1274 5751 1604 5810 habuissent.
1651 5757 1726 5810 Ex
1775 5759 1873 5815 hac

284 5836 439 5903 ἰδίω·
473 5856 570 5896 nec
603 5852 656 5894 tu
691 5839 895 5910 poteris
916 5839 1077 5906 dare;
1107 5842 1260 5896 aliam
1294 5858 1418 5898 vero
1450 5846 1722 5902 meliorem
1775 5850 1868 5906 ltu-

1369 428 1434 487 ΙΝ
1469 421 1780 484 JOANNEM
1824 415 2050 474 lltllllL.
2097 417 2264 474 XXXI
2305 425 2374 478 al.
2421 427 2586 487 XXX.

3162 8 3905 19 ——__—_—__

3503 457 3608 512 l8:

2177 559 2283 599 non
2313 559 2463 616 potes
2483 592 2497 615 ,
2531 553 2630 608 nisi
2656 565 2704 611 te
2731 559 2930 619 JaCobo
2971 569 3228 639 majorem
3279 578 3602 647 profitearis.

2024 629 2174 738 .Unde
2202 635 2360 706 igitur
2389 655 2546 709 quam
2581 655 2632 700 te
2662 647 2908 706 daturum
2957 629 3228 725 polliceris

2018 722 2143 779 bere
2175 730 2385 793 possis?
2411 733 2481 786 At
2505 733 2670 790 Judmi
2693 755 2796 794 non
2827 751 2931 798 tam
2955 722 3066 803 miti
3089 766 3210 807 cum
3241 722 3606 820 illo'sermone

2015 823 2253 883 utuntur,
2279 834 2400 874 cum
2422 823 2606 879 eadem
2635 828 2702 882 dc
2732 845 2789 885 re
2818 832 3144 908 loqueretur,
3175 844 3415 912 ejusdem
3448 867 3604 923 aqua:

2014 908 2286 963 mentione
2354 911 2488 967 facta
2525 933 2536 969 :
2570 918 2662 973 scd
2717 921 2846 977 nihil
2903 926 3027 983 hinc
3080 908 3220 988 lucri
3286 908 3602 1011 consequuti

2014 1005 2157 1104 sunt.
2192 997 2416 1064 Quando
2441 1013 2620 1061 autem
2651 1010 2881 1068 Abrahre
2925 1021 3205 1085 meminit,
3251 1024 3424 1094 ipsum
3465 997 3603 1104 lapi;

2013 1083 2171 1140 dibus
2199 1090 2457 1160 impetere
2486 1101 2663 1153 conati
2703 1111 2847 1157 sunt.
2903 1106 3100 1164 Verum
3134 1127 3241 1169 non
3273 1083 3360 1172 ita
3411 1083 3604 1179 mulier

2014 1191 2135 1232 cum
2165 1181 2255 1236 illo
2282 1185 2423 1254 agit;
2452 1190 2545 1242 sed
2570 1206 2692 1246 cum
2715 1200 3126 1258 mansuetudine
3159 1204 3211 1259 in
3246 1215 3395 1264 tanto
3430 1223 3562 1268 testu
3584 1258 3599 1282 ,

2014 1270 2065 1324 in
2092 1274 2341 1342 meridie,
2375 1281 2552 1334 omnia
2579 1286 2842 1352 patienter
2866 1290 3153 1349 admodum
3178 1299 3381 1355 etdicit
3408 1313 3460 1358 ct
3503 1270 3601 1362 au:

2012 1360 2121 1452 dit,
2151 1372 2206 1418 et
2239 1367 2368 1421 nihil
2397 1384 2582 1426 eorum
2615 1380 2812 1446 cogitat
2851 1397 2970 1450 quae
3015 1383 3188 1442 Judaei
3238 1360 3604 1452 verisimiliter

2011 1449 2305 1520 dixissent,
2357 1458 2529 1529 ipsum
2574 1479 2768 1536 nempe
2795 1449 3040 1527 insanum
3072 1485 3128 1531 et
3157 1491 3342 1536 mente
3385 1496 3599 1555 captum

2009 1554 2130 1596 esse
2153 1584 2168 1608 ,
2201 1547 2288 1614 qui
2316 1562 2376 1602 se
2404 1549 2682 1610 deludere!
2707 1558 2848 1612 circa
2880 1559 3080 1618 fontem
3109 1575 3160 1622 et
3194 1579 3411 1639 puteum
3434 1547 3467 1640 ,-
3502 1592 3601 1633 nec

2010 1633 2299 1733 quidquam
2346 1652 2666 1711 prmstaret,
2724 1649 2817 1704 sed
2860 1633 3215 1721 iactabundus
3267 1633 3595 1733 loqueretur.

2010 1722 2102 1777 llla
2131 1741 2257 1781 vero
2279 1744 2690 1800 perseveranter
2716 1744 3011 1809 auscultat,
3044 1747 3169 1804 dum
3212 1722 3356 1824 quod
3405 1722 3598 1826 quast-it

2007 1818 2260 1874 inveniat.

2077 1910 2130 1965 5.
2171 1910 2226 1966 Si
2257 1928 2383 1968 vero
2412 1916 2606 1974 mulier
2630 1919 2961 1981 Samaritana
2995 1936 3196 1986 tantum
3227 1933 3445 1992 adhibet
3480 1948 3596 1993 stu-

2002 2002 2170 2068 dium,
2203 2007 2405 2076 utquid
2430 2009 2557 2065 utile
2578 2012 2800 2082 ediscat,
2830 2025 2885 2072 et
2913 2017 3124 2077 Christo
3143 2025 3362 2092 assidet,
3385 2030 3594 2088 etiamsi

2003 2093 2149 2149 illum
2181 2111 2285 2150 non
2330 2109 2542 2168 noscat;
2584 2118 2742 2173 quam
2790 2123 2888 2161 nos
2929 2110 3134 2166 veniam
3180 2128 3591 2187 consequemur,

2000 2185 2090 2254 qui
2136 2186 2307 2256 ipsum
2357 2196 2622 2262 novimus,
2659 2198 2747 2265 qui
2794 2214 2901 2254 non
2945 2216 3099 2258 secus
3129 2215 3365 2274 puteum,
3407 2214 3592 2267 nonin

1999 2275 2214 2332 deserto
2241 2289 2467 2350 stamus,
2500 2301 2605 2341 non
2635 2287 2686 2343 in
2715 2291 2956 2356 meridie,
2985 2309 3091 2350 non
3129 2297 3300 2354 adusti
3331 2303 3592 2359 solet-ibus

2000 2367 2198 2435 radiis;
2231 2372 2325 2427 sed
2350 2373 2451 2428 sub
2479 2391 2692 2447 aurora,
2721 2383 2821 2437 sub
2851 2383 2952 2441 hoc
2983 2396 3121 2443 tecto
3154 2391 3336 2446 umbra
3362 2392 3592 2452 fruimur

1999 2469 2052 2513 et
2068 2464 2304 2519 suaviter
2319 2467 2546 2537 agimus,
2563 2487 2736 2542 neque
2758 2475 3018 2545 patienter
3035 2481 3280 2547 audimus
3295 2486 3588 2556 quidpiam,

1997 2549 2092 2604 sed
2121 2551 2322 2609 desidia
2355 2562 2668 2628 torpemus?
2690 2563 2805 2619 Non
2835 2566 2914 2622 sic
2942 2569 3063 2634 illa;
3098 2571 3193 2627 scd
3226 2574 3294 2628 ita
3313 2549 3476 2631 'dict'is
3506 2549 3588 2634 at;

1997 2643 2184 2711 tendit,
2211 2649 2455 2704 utetiam
2491 2652 2625 2708 alios
2651 2654 2895 2713 advocet.
2927 2659 3098 2717 Judaei
3127 2680 3254 2720 vero
3295 2684 3398 2724 non
3430 2672 3589 2730 modo

1991 2749 2105 2789 non
2131 2737 2480 2808 advocabant,
2524 2745 2618 2800 sed
2659 2749 2818 2804 etiam
2864 2766 2957 2806 eos
2979 2756 3074 2824 qui
3106 2759 3363 2817 accedere
3395 2766 3589 2820 vellent

1999 2823 2389 2924 impediebant;
2420 2838 2765 2904 quamobrem
2815 2823 3063 2901 dicebant
3091 2867 3104 2902 :
3142 2848 3279 2906 Num
3307 2853 3491 2924 aliquis
3526 2875 3589 2913 tu:

1998 2917 2310 2988 principibus
2329 2924 2485 2978 credit
2509 2927 2562 2980 itt
2590 2931 2743 2984 eum?
2769 2932 2876 2987 Sed
2899 2937 3045 2990 turba
3071 2941 3178 2994 lucc
3199 2959 3311 3013 quia
3335 2917 3432 2999 non
3453 2950 3587 3002 novit

1944 3002 1950 3010 ’
1996 3008 2456 3110 t‘egent,‘maledicti
2481 3029 2598 3110 sunt
2623 3020 2800 3093 (Joan.
2835 3025 2886 3078 7.
2915 3029 3004 3083 48.
3027 3030 3138 3101 49).
3162 3002 3439 3091 Imitemur
3459 3055 3587 3110 ergo

1994 3099 2383 3159 Samaritanam
2418 3124 2432 3161 :
2460 3109 2830 3182 colloquamur
2850 3132 2970 3172 cum
3016 3099 3252 3178 Christo.
3283 3125 3328 3179 N
3348 3143 3416 3181 im
3444 3099 3587 3185 nuitc

1991 3193 2154 3246 etiam
2201 3193 2253 3250 in
2302 3198 2480 3255 medio
2523 3211 2764 3260 nostrum
2814 3215 2940 3276 stat,
2995 3225 3091 3285 per
3144 3215 3450 3285 prephe'as,
3497 3236 3587 3290 per

1993 3280 2284 3354 discipulos
2305 3303 2404 3343 nos
2431 3289 2727 3363 alloquens.
2757 3280 3059 3357 Audiamus
3078 3280 3205 3375 ergo
3234 3280 3288 3360 et
3312 3280 3588 3380 obtempe-

1993 3389 2191 3431 remus.
2221 3377 2509 3452 Usquequo
2535 3384 2731 3442 frustra
2762 3399 2816 3444 et
2843 3391 3108 3448 inutiliter
3147 3396 3423 3453 vivemus?
3451 3377 3583 3456 Nam

1993 3464 2078 3518 illa
2124 3482 2281 3538 agerc
2319 3486 2438 3540 qua:
2483 3473 2593 3529 Deo
2638 3492 2743 3531 non
2777 3480 3008 3548 placent,
3041 3483 3166 3538 illud
3197 3498 3280 3542 est
3328 3490 3587 3547 inutiliter

1993 3556 2205 3623 vivere;
2239 3561 2346 3616 imo
2372 3578 2476 3618 non
2521 3574 2725 3622 tantum
2770 3569 3051 3638 inutiliter,
3081 3576 3175 3631 sed
3224 3579 3274 3632 in
3305 3579 3582 3637 damnum.

1990 3647 2124 3704 Cum
2155 3653 2298 3708 enim
2330 3656 2481 3711 nobis
2507 3657 2689 3714 datum
2723 3670 2934 3733 tempus
2965 3667 3224 3724 inutiliter
3247 3688 3466 3740 prorsus
3490 3677 3587 3730 im-

1993 3743 2295 3812 pendimus,
2346 3746 2468 3802 hittc
2516 3752 2862 3821 migrabimus
2892 3767 3161 3816 extremas
3188 3761 3360 3818 daturi
3400 3782 3586 3836 pinnas

1991 3836 2252 3893 inutiliter
2277 3844 2578 3912 consumpti
2613 3847 2890 3916 temporis.
2921 3849 3054 3904 Cum
3074 3851 3117 3906 is
3142 3854 3230 3923 qui
3249 3859 3502 3925 pecunias
3518 3859 3584 3914 ad

1990 3929 2366 3997 negotiandum
2397 3934 2626 4003 recepit,
2659 3945 2715 3992 et
2740 3952 2833 3993 eas
2877 3942 3162 4013 insumpsit
3197 3955 3250 4000 et
3275 3946 3573 4016 devoravit,

1983 4019 2250 4075 rationem
2279 4023 2326 4076 ei
2354 4024 2443 4093 qui
2469 4025 2570 4080 sibi
2602 4029 2831 4084 credidit
2854 4031 3077 4088 daturus
3108 4036 3177 4089 sit
3211 4053 3223 4090 :
3258 4038 3302 4092 is
3323 4050 3467 4094 certe
3492 4043 3583 4110 qui

1989 4110 2126 4166 hanc
2152 4113 2312 4167 vitam
2361 4115 2619 4172 inutiliter
2665 4119 2944 4191 impendit,
2990 4141 3095 4179 non
3139 4127 3294 4182 erita
3324 4132 3585 4201 supplicio

1987 4202 2141 4258 liber.
2172 4203 2288 4259 Non
2315 4204 2436 4262 ideo
2463 4223 2560 4263 nos
2587 4209 2726 4265 Deus
2758 4215 2808 4266 itt
2839 4215 2976 4270 hanc
3006 4218 3165 4272 vitam
3199 4222 3437 4290 protulit,
3471 4223 3584 4276 ani-

1986 4309 2233 4365 mamqtte
2258 4296 2423 4363 dedit,
2458 4309 2515 4354 ut
2544 4307 2790 4370 prtesettti
2817 4314 3019 4362 tantum
3062 4309 3300 4366 fruamur
3329 4313 3450 4376 vita,
3486 4315 3580 4370 sed

1989 4393 2047 4439 ut
2073 4401 2170 4455 pro
2200 4385 2373 4442 futura
2403 4391 2506 4446 vita
2537 4395 2888 4462 negotiemur.
2916 4397 3075 4453 Bruta
3099 4403 3348 4468 praesenti
3378 4414 3580 4461 tantum

1989 4475 2112 4531 vita:
2139 4480 2254 4533 usui
2281 4491 2434 4546 sunt;
2467 4498 2565 4538 nos
2593 4497 2770 4541 autem
2794 4487 2913 4543 ideo
2937 4490 3290 4548 immortalem
3320 4498 3580 4552 habemus

1987 4569 2241 4637 animam,
2276 4582 2332 4627 ut
2361 4574 2426 4629 ad
2461 4575 2606 4630 illam
2635 4578 2789 4634 nobis
2816 4583 3108 4650 parandam
3135 4585 3294 4641 vitam
3321 4587 3450 4641 nihil
3475 4604 3578 4643 non

1984 4676 2226 4735 agamus.
2269 4667 2326 4722 Si
2365 4670 2485 4739 quis
2533 4672 2836 4729 sciscitetur
2880 4677 3003 4746 quis
3047 4693 3173 4733 usus
3199 4681 3267 4734 sit
3297 4696 3576 4750 equorum,

1985 4756 2283 4824 asinorum,
2316 4759 2503 4828 boum,
2551 4765 2884 4836 aliorumque
2929 4767 3234 4837 hujusmodi
3284 4787 3580 4842 pecorum,

1989 4848 2188 4903 nullum
2215 4852 2378 4906 alium
2410 4852 2652 4911 dicemus
2679 4872 2836 4928 quam
2869 4861 3225 4917 ministerium
3253 4865 3304 4918 in
3331 4870 3578 4935 prmsenti

1986 4937 2093 4991 vita
2123 4942 2440 5008 prmstitum.
2477 4944 2549 5000 De
2577 4946 2731 5003 nobis
2770 4964 2901 5004 vero
2927 4966 3032 5006 non
3064 4953 3222 5020 item;
3265 4959 3358 5009 sed
3389 4959 3583 5012 melior

1986 5038 2157 5086 status
2199 5041 2280 5086 est
2313 5044 2432 5104 post
2459 5036 2753 5093 discessum
2781 5055 2845 5095 ex
2873 5040 2976 5097 hac
3005 5045 3109 5098 vita
3141 5063 3154 5099 :
3198 5046 3435 5117 nihilque
3474 5065 3580 5102 non

1985 5125 2248 5194 agendum
2290 5137 2392 5191 est,
2445 5139 2502 5184 ttt
2529 5131 2602 5186 ibi
2645 5133 2903 5211 clariores
2950 5136 3118 5193 simus
3147 5147 3343 5193 etcum
3373 5142 3579 5211 angelis

1985 5215 2210 5270 choreas
2255 5232 2495 5286 agamus,
2547 5231 2605 5276 ttt
2651 5222 2780 5293 Regi
2824 5209 3101 5282 adstemus
3148 5240 3407 5300 perpetuo
3437 5209 3489 5285 et
3529 5233 3580 5285 in

1986 5305 2179 5360 stecula
2202 5306 2428 5363 infinita.
2459 5308 2579 5366 ldeo
2603 5329 2830 5385 namque
2853 5316 3170 5375 immortalis
3195 5331 3277 5374 est
3301 5321 3499 5387 anima,
3528 5333 3577 5377 et

1984 5409 2183 5466 corpus
2227 5399 2525 5457 immortale
2551 5403 2674 5471 erit,
2725 5414 2783 5458 ut
2823 5411 3093 5476 perpetuis
3126 5410 3366 5466 fruamur
3403 5413 3573 5466 bouis.

1984 5484 2040 5542 Si
2077 5502 2204 5542 vero
2227 5491 2372 5547 cmlis
2415 5493 2505 5547 tibi
2550 5497 2855 5564 propositis,
2888 5507 3043 5553 terrae
3089 5503 3374 5567 inhmreas,
3408 5506 3576 5574 cogita

1984 5588 2238 5650 quantam
2285 5582 2456 5638 datori
2499 5587 2876 5642 contumeliam
2937 5590 3157 5646 inferas.
3208 5593 3302 5649 Ille
3351 5609 3578 5662 superna

1984 5670 2078 5726 tibi
2106 5671 2264 5726 oll‘ert
2294 5691 2307 5725 :
2340 5683 2392 5726 tu
2425 5690 2548 5729 vero
2589 5692 2694 5730 non
2723 5693 2912 5748 magna
2955 5681 3095 5735 illius
3131 5681 3308 5738 habita
3351 5683 3574 5747 ratione,

1984 5773 2179 5817 terram
2209 5767 2507 5836 anteponis.
2531 5767 2653 5821 Ideo
2679 5769 2974 5838 gehennam
2996 5775 3371 5837 comminatur,
3393 5784 3579 5839 utpote

1985 5864 2326 5924 contemptus
2400 5867 2453 5912 ut
2483 5857 2602 5912 hinc
2648 5859 2821 5916 discas
2861 5863 3072 5932 quantis
3105 5874 3154 5917 tc
3193 5865 3372 5935 privcs
3400 5867 3585 5924 bonis.
