4078 6502
533 410 629 467 ἰῶ

527 528 628 582 Sed
657 526 790 580 absit
816 533 873 580 ιιι
895 523 1019 579 illud
1049 519 1360 592 supplicium
1391 515 1758 606 experiamur,
1791 521 1973 563 verum
2002 517 2097 606 pec

530 622 623 674 tiut
659 622 767 674 Deo
794 619 1079 686 placentes.
1111 624 1306 668 mterna
1331 621 1724 677 consequamur
1746 604 1902 663 bona,
1930 604 2097 668 gratia

529 725 575 767 et
615 709 933 776 benignitate
987 704 1191 759 Domini
1245 704 1408 756 nostri
1463 699 1588 755 Jesu
1631 693 1850 758 Cltristi,
1885 690 2096 762 quicum

1315 405 1373 461 S.
1405 394 1679 457 JOANNIS
1715 385 2185 447 CllllYSOSTOHI
2223 390 2541 449 ARClllEP.
2580 393 3106 451 CONSTANTINOP.

3681 399 3789 457 183

2207 505 2346 562 Patri
2376 508 2563 578 gloria,
2594 525 2802 581 unaque
2828 509 3042 580 Spiritui
3067 521 3272 579 sancto,
3306 513 3358 568 'tn
3389 515 3584 571 saecula
3612 534 3790 572 stern-

2203 598 2394 660 lorum.
2427 601 2614 655 Amen.

1761 891 2106 960 HOMILIA
2149 887 2424 950 XXXII.

531 1059 616 1111 15.
665 1055 940 1124 Respondit
966 1053 1116 1108 Jesus
1140 1063 1185 1108 et
1204 1052 1329 1106 dixit
1347 1051 1393 1106 ei
1423 1067 1439 1104 :
1462 1047 1638 1104 Omnis
1663 1046 1747 1114 qui
1785 1044 1902 1099 bibit
1932 1058 1992 1096 ea:
2008 1039 2102 1094 hac

600 1163 752 1216 aqua,
777 1147 907 1200 sitiet
933 1145 1110 1198 iterum
1140 1157 1158 1197 :
1191 1144 1272 1197 Μ.
1305 1142 1390 1212 qui
1422 1149 1606 1193 autem!
1626 1136 1797 1191 biberit
1833 1149 1895 1188 ex
1927 1145 2057 1202 aqua
2085 1168 2100 1194 ,

599 1248 750 1306 quam
775 1252 866 1306 ego
891 1233 1019 1288 dabo
1045 1233 1109 1298 ei,
1140 1250 1239 1286 non
1278 1233 1407 1286 sitiet
1449 1232 1501 1284 in
1542 1240 1783 1286 eternth
1813 1243 1832 1281 :
1861 1223 1949 1279 sed
1973 1237 2105 1292 aqua

599 1342 749 1394 quam
772 1341 862 1395 ego
889 1323 1017 1379 dabo
1046 1324 1111 1388 ei,
1153 1324 1238 1390 ﬁet
1278 1322 1330 1375 in
1357 1337 1416 1377 eo
1463 1320 1577 1390 fons
1618 1333 1762 1388 aqua
1800 1314 2024 1370 salientis
2053 1313 2105 1366 in

601 1417 751 1468 vitam
776 1424 1033 1470 teternam.
1107 1424 1113 1429 '

602 1507 653 1558 1.
697 1504 919 1574 Spiritus
947 1512 1146 1557 sanctus
1171 1502 1317 1554 modo
1341 1499 1472 1571 ignis
1501 1498 1649 1552 modo
1669 1513 1798 1566 aqua
1818 1512 1848 1548 a
1868 1494 2104 1562 Scriptu-

539 1615 598 1650 ra
625 1597 926 1666 appellatus.
951 1593 1225 1648 Prudentia
1252 1592 1434 1674 Christi
1459 1591 1830 1646 Samaritanam
1853 1587 2104 1648 docentis;

543 1688 880 1744 Samaritana:
906 1688 1199 1749 sinceritas;
1239 1686 1350 1754 ipsa
1395 1681 1674 1737 Nicodemo
1715 1679 2006 1751 sapientior.
2036 1707 2108 1718 ——

537 1781 764 1851 Spiritus
787 1779 1006 1848 gratiam
1032 1777 1304 1845 Scriptura
1333 1775 1700 1845 modoignem,
1730 1771 1886 1826 modo
1911 1784 2103 1837 aquam

534 1869 780 1938 appellat,
818 1882 922 1922 non
969 1866 1297 1928 substantiae,
1341 1863 1435 1918 sed
1475 1863 1767 1932 operationi
1812 1858 2107 1914 indicandae

534 1960 648 2015 hch
672 1970 791 2028 apta
820 1958 1031 2014 nomina
1054 1972 1176 2013 esse
1200 1956 1594 2011 demonstrans.
1631 1953 1746 2008 Non
1767 1953 1908 2007 enim
1938 1967 2000 2005 ex
2030 1949 2108 2002 di-

534 2050 703 2104 versis
729 2049 1038 2105 substantiis
1056 2037 1572 2116 constat'Spiritus,
1604 2060 1722 2099 cum
1754 2041 2028 2098 invisibilis
2056 2049 2109 2094 et

538 2139 694 2192 unius
718 2139 931 2209 generis
960 2139 1046 2193 sit.
1081 2137 1325 2192 Alterum
1371 2146 1517 2190 certe
1553 2134 1785 2190 Joannes
1827 2131 2106 2202 signiﬁcat,

534 2244 654 2283 cum
683 2227 809 2282 dicit
836 2243 851 2282 :
877 2226 996 2298 Ipse
1013 2243 1099 2281 vos
1127 2227 1398 2296 baptisabit
1425 2227 1474 2278 in
1508 2223 1897 2296 Spiritasancto
1925 2232 1972 2277 et
1996 2223 2109 2292 igne

537 2322 555 2390 (
584 2320 764 2374 Matth.
793 2320 846 2375 3.
872 2320 1004 2390 il);
1039 2319 1262 2374 alterum
1308 2333 1436 2374 vero
1481 2317 1742 2381 Christus,
1781 2315 2017 2370 Flumina
2046 2315 2108 2369 de

535 2422 703 2465 ventre
725 2412 834 2478 eius
859 2411 1017 2481 ﬂuent
1042 2425 1187 2482 aqua:
1211 2411 1352 2464 victe.
1390 2407 1500 2462 Hoc
1525 2418 1688 2461 autem
1729 2407 1858 2460 dixit
1899 2406 1960 2460 de
1987 2404 2109 2474 Spi-

537 2501 656 2564 ritu,
689 2516 831 2569 quem
856 2501 1106 2569 accepturi
1128 2509 1270 2552 erant
1287 2498 1464 2567 (Joan.
1489 2498 1542 2552 7.
1566 2497 1652 2553 58.
1682 2495 1794 2566 59).
1827 2497 1896 2550 Ita
1919 2504 1972 2550 et
1996 2512 2111 2550 mu-

540 2593 722 2648 lierem
751 2591 1049 2661 alloquens,
1075 2589 1331 2660 Spiritum
1362 2599 1514 2644 vocat
1539 2605 1727 2660 aquam
1759 2607 1772 2644 :
1811 2589 1910 2656 Qui
1939 2589 2112 2642 biberit

539 2696 601 2733 ea:
629 2697 778 2749 aqua,
809 2696 960 2750 quant
981 2696 1072 2751 ego
1095 2680 1224 2735 dabo
1252 2681 1316 2743 ei,
1345 2696 1444 2734 non
1480 2681 1609 2733 sitiet
1638 2680 1689 2734 in
1726 2690 1998 2744 artemum;
2036 2679 2114 2734 sic

541 2771 798 2840 Spiritum
821 2780 974 2826 vocat
1017 2772 1188 2841 ignem
1215 2812 1230 2838 ,
1273 2779 1330 2826 ut
1358 2772 1464 2824 vim
1493 2769 1860 2840 fervoremque
1889 2773 2072 2840 gratia:
2095 2812 2110 2837 ,

538 2869 594 2917 et
625 2870 955 2929 peccatorum
981 2861 1263 2930 perniciem
1291 2861 1586 2932 signiticet;
1619 2876 1829 2931 aquam,
1851 2870 1906 2914 ut
1928 2859 2112 2930 purifi-

539 2950 800 3006 cationem
824 2952 1260 3021 refrigeriumque
1286 2968 1378 3022 per
1410 2953 1549 3005 illam
1591 2951 1975 3020 excipientibus
2001 2950 2116 3004 auia

542 3042 644 3096 mis
668 3051 874 3111 partum
906 3042 1120 3098 indicet.
1153 3042 1221 3096 Et
1260 3041 1380 3111 jure
1415 3042 1649 3112 quidem.
1681 3041 1810 3096 Nam
1850 3052 2113 3112 tamquam

546 3131 778 3196 hortum,
811 3132 1095 3187 fructiferis
1145 3147 1461 3201 semperque
1509 3133 1802 3187 virentibus
1840 3133 2117 3186 arboribus

547 3231 870 3283 comantem,
919 3223 998 3276 sic
1038 3221 1330 3278 studiosam
1386 3222 1613 3276 animam
1663 3233 1906 3287 exornat,
1948 3238 2117 3293 neque

548 3311 826 3377 numeris,
859 3326 1031 3381 neque
1057 3312 1414 3366 satauicarum
1447 3310 1759 3366 insidiarum
1789 3326 2004 3366 sensum
2031 3327 2116 3366 ca-

548 3417 673 3472 pere
696 3402 818 3456 sinit
846 3442 861 3468 ,
893 3403 1085 3474 quippe
1113 3419 1228 3473 qu:e
1260 3403 1418 3472 ignita
1448 3403 1661 3472 maligni
1691 3402 1790 3456 tela
1819 3402 1973 3458 facile
2002 3419 2106 3456 ex-

546 3496 794 3564 stinguat.
830 3495 906 3550 Tu
939 3511 1066 3550 vero
1093 3495 1220 3550 mihi
1244 3494 1440 3548 Christi
1471 3495 1787 3564 sapientiam
1807 3495 2116 3549 consideres

550 3585 729 3648 velim,
757 3600 912 3656 quam
946 3587 1134 3640 leniter
1161 3586 1526 3640 mulierculam
1554 3585 1738 3654 erigat.
1762 3584 1942 3656 Neque
1975 3588 2115 3640 enim

547 3695 579 3733 a
610 3679 867 3749 principio
895 3679 1027 3733 dixit
1071 3678 1179 3746 illi,
1215 3677 1275 3734 Si
1297 3681 1448 3732 scires
1493 3681 1605 3751 quis
1634 3688 1706 3731 est
1733 3679 1818 3748 qui
1853 3680 1972 3732 dicit
2001 3681 2116 3745 tibi,

555 3768 634 3822 Da
663 3769 784 3822 mihi
825 3770 1138 3824 bibere:sed
1170 3778 1447 3839 postquam
1487 3769 1822 3824 occasionem
1860 3769 1934 3823 illi
1971 3785 2122 3840 pra:—

552 3859 760 3926 bnerat,
791 3867 846 3914 ut
872 3875 930 3914 se
958 3858 1198 3915 Judaeum
1231 3869 1440 3916 vocaret
1472 3869 1524 3913 et
1549 3867 1841 3924 accusaret,
1869 3859 2122 3913 crimina-

554 3953 753 4008 tionem
797 3953 1072 4022 depellens
1125 3953 1224 4006 hoc
1261 3951 1411 4007 dicit.
1460 3951 1590 4007 Cum
1619 3947 1744 4006 vero
1791 3952 2029 4018 dixisset,
2063 3953 2124 4007 Si

554 4047 704 4100 scires
744 4048 854 4116 quis
880 4057 952 4101 est
995 4048 1082 4116 qui
1121 4046 1242 4100 dicit
1267 4046 1374 4113 tibi,
1401 4043 1481 4098 Da
1511 4045 1632 4098 mihi
1679 4046 1859 4111 bibere,
1910 4048 2123 4116 forsitan

557 4137 777 4208 petiisses
795 4137 857 4190 ab
874 4154 951 4204 eo,
979 4146 1032 4192 et
1053 4137 1257 4208 magnis
1279 4135 1716 4206 promissionibus
1737 4151 1802 4192 eo
1831 4130 2125 4192 induxisset

556 4206 698 4282 illam
727 4238 781 4281 ιιι
804 4229 1113 4298 patriarcha:
1135 4230 1457 4285 mentionem
1503 4229 1741 4296 faceret,
1791 4230 1869 4284 sic
1916 4231 2123 4286 mulieri

556 4319 738 4373 oculos
768 4321 959 4374 mentis
1009 4322 1235 4390 aperuit.
1281 4322 1478 4376 Deinde
1507 4323 1590 4376 illa
1617 4331 1928 4390 reponente,
1961 4321 2129 4374 Num-

553 4410 679 4477 quid
700 4421 750 4462 tu
772 4413 934 4479 major
958 4427 1010 4464 es
1039 4421 1181 4480 patre
1205 4421 1374 4465 nostro
1393 4410 1552 4464 Iacob
1577 4412 1722 4466 Ilion
1754 4413 1900 4477 dixit,
1930 4413 2125 4479 Etiam,

557 4498 729 4568 major
754 4512 870 4553 sum
903 4517 916 4553 :
946 4516 1066 4554 nam
1089 4500 1229 4555 visus
1252 4500 1434 4556 fuisset
1469 4502 1519 4556 id
1551 4518 1608 4557 se
1632 4502 1883 4572 jactando
1908 4505 2085 4559 dicere
2108 4548 2124 4572 ,

556 4605 680 4644 cum
705 4589 847 4642 nulla
880 4590 1055 4644 adhuc
1081 4601 1224 4646 esset
1253 4592 1329 4647 rei
1359 4592 1743 4648 demonstratio
1768 4611 1781 4648 :
1808 4610 1902 4664 per
1939 4610 2000 4650 ea
2027 4611 2126 4648 au-

559 4691 665 4737 tem
696 4698 814 4753 quas
839 4682 985 4747 dicit,
1018 4684 1083 4738 ad
1107 4684 1231 4739 illud
1265 4697 1542 4756 praeparat.
1575 4688 1688 4743 Non
1718 4690 1859 4745 enim
1877 4691 2129 4759 simplici-

561 4781 646 4826 ter
669 4771 794 4826 dicit
823 4813 836 4838 ,
872 4773 1012 4828 Dabo
1043 4773 1134 4828 tibi
1165 4789 1389 4844 aquam;
1434 4777 1526 4831 sed
1560 4788 1834 4847 postquam
1872 4779 1939 4834 de
1966 4779 2131 4835 Jaeob

564 4862 747 4926 tacuit,
777 4861 916 4930 quod
937 4877 1088 4916 suum
1115 4872 1232 4918 erat
1255 4865 1450 4918 extulit
1467 4907 1479 4926 ,
1512 4881 1542 4919 a
1569 4876 1756 4922 natura
1782 4868 1906 4922 doni
1949 4885 2131 4938 perso-

562 4966 750 5005 narum
777 4951 1126 5008 diliereutiam
1157 4969 1251 5024 per
1287 4971 1566 5011 munerum
1612 4958 1896 5014 discrimen
1940 4960 2135 5015 decla-

565 5059 716 5108 rans,
750 5059 954 5099 necnon
980 5039 1129 5099 suam
1158 5061 1317 5116 supra
1349 5048 1701 5117 patriarcham
1734 5050 2130 5105 excellentiam.

561 5137 619 5191 Si
649 5137 877 5205 miraris,
908 5138 1094 5208 inquit,
1126 5140 1265 5208 quod
1306 5140 1395 5195 ille
1421 5140 1559 5203 hanc
1600 5158 1788 5214 aquam
1818 5144 2042 5210 dederit,
2089 5145 2133 5198 si

558 5226 723 5296 iunge
751 5227 1026 5282 meliorem
1065 5228 1157 5283 tibi
1203 5229 1422 5293 dedero,
1456 5233 1579 5301 quid
1604 5234 1784 5288 dices?
1829 5233 1946 5289 Iam
1994 5236 2138 5304 prius

571 5331 708 5385 pene
734 5316 976 5372 confessa
1006 5334 1063 5373 es
1092 5334 1174 5375 me
1197 5319 1396 5376 Jacobo
1426 5323 1677 5392 majorem
1703 5339 1820 5379 esse
1843 5366 1858 5392 ,
1888 5340 2007 5378 cum
2036 5327 2139 5379 sci-

565 5408 813 5463 scitando
833 5408 1032 5475 dixisti,
1059 5409 1318 5480 Numquid
1347 5423 1399 5467 tu
1419 5415 1581 5484 major
1601 5431 1652 5468 es
1679 5423 1818 5483 patre
1843 5425 2013 5468 nostro
2039 5415 2136 5468 Ja-

569 5500 682 5566 cob,
711 5502 800 5570 qui
828 5501 1100 5556 meliorem
1125 5504 1399 5570 promittas
1423 5519 1610 5574 aquam
1633 5505 1656 5556 τ
1683 5507 1725 5559 si
1751 5506 1893 5560 illam
1918 5519 2139 5574 accepe-

574 5593 647 5643 ris
693 5607 903 5660 aquam,
959 5599 1084 5646 tunc
1138 5607 1224 5647 me
1271 5593 1422 5663 plane
1469 5594 1722 5664 majorem
1779 5595 2138 5650 conﬁteberis.

581 5680 760 5736 Viden‘
789 5681 1028 5737 mulieris
1068 5682 1322 5751 judicium
1367 5684 1481 5738 sine
1511 5686 1613 5739 ulla
1644 5695 1955 5756 acceptione
1979 5728 1993 5751 ,
2025 5702 2142 5756 quae

575 5784 642 5825 ex
666 5770 822 5827 rebus
849 5772 976 5843 ipsis
1005 5771 1142 5828 etde
1173 5773 1468 5844 patriarcha
1496 5776 1634 5832 etde
1654 5776 1860 5832 Christo
1887 5777 1988 5834 fert
2016 5794 2137 5835 scn-

2213 1034 2476 1087 tentiam?
2510 1035 2697 1088 Verum
2727 1051 2829 1089 non
2864 1036 2937 1091 ita
2971 1036 3138 1093 Judtei
3175 1056 3188 1094 :
3221 1055 3340 1096 cum
3370 1041 3612 1100 viderent
3637 1047 3787 1102 enim

2209 1121 2355 1178 illum
2383 1125 2640 1179 daemonia
2663 1125 2985 1196 ejicientem,
3019 1129 3403 1186 daemoniacum
3428 1134 3598 1204 ipsum
3627 1152 3794 1192 voea-

2209 1211 2371 1281 bant,
2420 1215 2613 1270 nedum
2660 1217 2958 1286 patriarcha
2999 1219 3254 1290 majorem
3301 1223 3561 1280 dicerent.
3597 1225 3794 1283 Mulier

2206 1318 2338 1358 vero
2363 1320 2465 1359 non
2496 1305 2594 1372 sic,
2617 1307 2710 1362 sed
2737 1306 2858 1363 inde
2880 1307 2982 1363 fert
3008 1313 3350 1379 sententiam,
3383 1314 3523 1372 unde
3538 1316 3790 1374 Christus

2209 1393 2448 1460 volebat;
2504 1411 2570 1452 ex
2625 1397 2737 1466 ipsa
2777 1414 2969 1468 nempe
3020 1415 3241 1468 Operam
3299 1404 3786 1465 demonstratione.

2207 1484 2338 1540 Nam
2368 1497 2422 1540 et
2453 1487 2567 1556 ipse
2587 1503 2797 1558 quoque
2838 1490 2960 1545 inde
2992 1490 3094 1546 fert
3126 1491 3383 1561 judicium
3411 1538 3426 1562 ,
3463 1496 3646 1553 dicens
3674 1515 3688 1551 :
3723 1500 3795 1554 Si

2210 1592 2308 1630 non
2333 1578 2466 1647 facio
2491 1595 2643 1648 opera
2673 1579 2842 1637 Patris
2867 1583 2983 1648 mei,
3011 1583 3167 1639 nolite
3188 1587 3311 1640 mihi
3334 1591 3535 1644 credere
3561 1606 3580 1645 :
3607 1591 3651 1646 si
3676 1607 3777 1644 att-

2212 1681 2309 1725 tem
2331 1674 2482 1743 facio,
2505 1673 2595 1728 etsi
2625 1675 2749 1728 mihi
2775 1691 2874 1729 non
2895 1677 3117 1744 creditis,
3147 1680 3380 1747 operibus
3400 1682 3587 1737 credite
3607 1681 3791 1755 (Joan.

2211 1763 2296 1820 £0.
2325 1766 2438 1835 37).
2457 1767 2543 1822 Sic
2572 1777 2626 1822 et
2655 1769 2846 1824 mulier
2873 1770 2936 1825 ad
2962 1771 3116 1827 fidem
3139 1772 3436 1830 adducitur.
3456 1775 3797 1848 Quapropter

2211 1871 2330 1911 cum
2361 1857 2598 1914 audisset
2625 1900 2638 1922 ,
2671 1857 2937 1932 Numquid
2963 1863 3127 1930 major
3152 1879 3203 1918 es
3225 1873 3368 1932 patre
3386 1877 3555 1919 nostro
3580 1865 3738 1921 Iacob
3769 1869 3800 1922 .’

2211 1947 2410 2002 omisso
2437 1946 2637 2003 Jacobo
2660 1991 2674 2015 ,
2703 1949 2769 2005 de
2798 1965 2932 2020 aqua
2974 1952 3207 2022 loquitur
3233 1952 3314 2009 bis
3343 1954 3520 2010 verbis
3545 1998 3562 2021 ,
3616 1955 3798 2010 Omnis

2211 2037 2296 2106 qui
2323 2039 2452 2116 bibet
2475 2052 2540 2092 et:
2565 2039 2661 2093 hac
2685 2057 2836 2112 aqua,
2856 2043 2984 2098 sitiet
3012 2044 3212 2109 iterum,
3235 2053 3290 2101 et
3315 2049 3796 2116 comparationem,

2215 2126 2376 2180 missa
2417 2130 2776 2194 accusatione,
2814 2147 2878 2185 ex
2933 2134 3285 2200 praecellentia
3334 2134 3482 2191 facit.
3511 2135 3625 2191 Non
3666 2138 3803 2193 dicit

2211 2217 2376 2281 enim,
2409 2217 2532 2273 llrec
2567 2235 2702 2290 aqua
2754 2221 2886 2276 nihil
2928 2231 3049 2288 est,
3079 2225 3366 2296 omniaque
3409 2226 3748 2298 despicienda
3779 2248 3796 2293 ;

2212 2309 2305 2364 sed
2332 2309 2459 2363 illutl
2491 2311 2709 2379 profert,
2745 2313 2886 2383 qtmd
2915 2316 3025 2382 ipsa
3061 2325 3248 2372 natura
3291 2327 3515 2373 testatur
3557 2336 3570 2372 :
3619 2320 3801 2375 Omnis

2213 2400 2300 2467 qui
2329 2399 2447 2454 bibit
2478 2417 2541 2456 ea:
2573 2402 2668 2454 hac
2691 2419 2823 2471 aqua
2848 2444 2863 2468 ,
2900 2405 3032 2458 sitiet
3076 2407 3294 2474 iterum;
3323 2411 3405 2478 qui
3428 2419 3596 2464 autem
3624 2411 3804 2465 biberit

2214 2507 2277 2544 ex
2297 2508 2456 2561 aqua,
2489 2508 2639 2564 quam
2661 2509 2750 2564 ego
2773 2494 2902 2548 dabo
2923 2496 2988 2559 ei,
3013 2513 3112 2549 non
3143 2497 3276 2552 sitiet
3306 2499 3357 2553 in
3380 2509 3645 2555 aeternum.
3676 2500 3800 2556 iam

2217 2582 2459 2637 audierat
2481 2560 2670 2652 aquam
2698 2583 2870 2637 vivam
2901 2586 3126 2653 mulier,
3158 2588 3252 2642 sed
3294 2603 3397 2643 non
3442 2590 3801 2646 intellexerat.

2217 2673 2352 2742 Quia
2373 2675 2514 2728 enim
2547 2690 2679 2745 aqua
2724 2677 2840 2730 viva
2889 2676 3102 2743 dicitur,
3155 2693 3274 2748 quae
3325 2682 3578 2748 perennis
3623 2693 3703 2736 est
3744 2691 3806 2736 et

2218 2781 2430 2836 semper
2455 2766 2698 2830 scaturit,
2730 2781 2832 2820 non
2868 2769 3086 2835 praecisa
3131 2769 3474 2839 scaturigine,
3502 2771 3570 2826 de
3597 2771 3692 2826 hac
3715 2774 3806 2826 in-

2220 2855 2560 2923 telligendum
2584 2857 2771 2912 mulier
2794 2860 3030 2929 putabat.
3059 2859 3181 2915 ldeo
3224 2861 3423 2917 clarius
3457 2861 3510 2916 id
3550 2862 3625 2917 illi
3651 2863 3810 2919 dein-

2223 2963 2346 3016 teps
2391 2949 2594 3015 aperit,
2622 2957 2675 3003 et
2720 2965 2785 3005 ex
2825 2952 3225 3020 comparatione
3271 2952 3386 3024 ejus
3428 2955 3805 3012 excellentiam

2220 3037 2594 3093 demonstrans
2623 3040 2692 3093 ita
2726 3042 2896 3110 pergit
2921 3059 2934 3095 :
2968 3041 3070 3108 Qui
3093 3042 3268 3097 biberit
3287 3059 3514 3113 exaqua,
3538 3062 3687 3116 quam
3710 3063 3809 3118 ego

2221 3129 2350 3182 dabo
2374 3131 2438 3196 ei,
2468 3147 2570 3184 non
2596 3131 2728 3185 sitiet
2750 3133 2799 3185 in
2827 3142 3069 3187 aeternum
3092 3152 3111 3200 ;
3139 3135 3237 3201 sic,
3268 3144 3323 3189 ut
3348 3136 3480 3202 dixi,
3527 3138 3809 3193 excellen-

2225 3221 2349 3274 tiam
2399 3219 2723 3285 osteudens,
2779 3237 2986 3278 necnon
3037 3239 3102 3278 ex
3147 3225 3494 3294 sequentibus
3547 3244 3562 3280 :
3611 3226 3806 3282 horum

2221 3310 2415 3378 quippe
2441 3309 2570 3364 nihil
2601 3309 2760 3365 habet
2788 3313 3021 3382 vulgaris
3044 3328 3198 3383 aqua.
3225 3313 3362 3382 Quid
3393 3330 3520 3370 vero
3540 3318 3810 3387 sequitur?

2223 3402 2338 3455 Fiet
2363 3403 2416 3456 in
2443 3419 2501 3457 eo
2529 3403 2643 3474 fons
2671 3419 2815 3473 aqua,
2838 3404 3064 3460 salientis
3089 3406 3140 3460 in
3170 3408 3324 3460 vitam
3350 3415 3614 3464 cateruam.
3656 3394 3811 3464 Sicut

2222 3493 2364 3548 enim
2386 3495 2474 3564 qui
2502 3495 2703 3550 fontem
2755 3496 2894 3550 intus
2934 3496 3129 3563 habet,
3179 3512 3467 3568 numquam
3509 3499 3652 3554 sitiet
3685 3518 3696 3554 :
3725 3500 3812 3555 sic

2225 3600 2322 3639 nec
2351 3584 2441 3639 ille
2465 3586 2553 3656 qui
2587 3586 2721 3641 hanc
2766 3603 2956 3658 aquam
2987 3587 3250 3644 habuerit.
3281 3589 3581 3661 Statimque
3616 3593 3813 3647 mulier

2227 3675 2472 3742 credidit,
2517 3679 2684 3732 multo
2713 3679 3006 3748 sapientior
3050 3679 3368 3746 Nicodemo;
3411 3698 3508 3738 nec
3538 3683 3694 3738 modo
3714 3698 3812 3738 sa-

2237 3768 2484 3837 pientior,
2518 3767 2612 3823 sed
2642 3776 2697 3823 et
2742 3769 2949 3824 fortior.
2993 3770 3084 3826 llle
3115 3786 3342 3842 namque
3383 3774 3570 3830 multis
3613 3775 3814 3832 auditis

2235 3859 2558 3928 hujusmodi,
2601 3876 2698 3944 nec
2740 3862 2902 3916 alium
2949 3864 3249 3932 quempiam
3291 3865 3588 3928 advocavit,
3635 3882 3816 3936 neque

2230 3949 2344 4019 ipse
2375 3949 2620 4006 fiduciam
2648 3951 2832 4008 habuit
2863 3969 2876 4005 :
2910 3953 3029 4010 huic
3071 3969 3202 4010 vero
3238 3956 3534 4024 apostolico
3577 3957 3817 4025 fungitur

2228 4037 2426 4110 ofﬁcio,
2450 4045 2695 4099 omnibus
2721 4046 3041 4100 annuntians
3067 4087 3080 4106 .
3119 4060 3306 4102 omnes
3337 4046 3402 4101 ad
3436 4048 3614 4103 Jesum
3642 4050 3814 4103 advo-

2229 4147 2378 4200 cans,
2409 4143 2676 4203 totamque
2726 4137 2994 4191 civitatem
3022 4136 3088 4192 ad
3131 4138 3283 4192 illum
3330 4138 3664 4208 pertrahens.
3713 4138 3817 4194 Ille

2230 4225 2409 4280 audito
2431 4225 2658 4290 Christo,
2680 4227 2830 4290 dixit,
2863 4226 3126 4291 Quomodo
3146 4239 3353 4298 possunt
3371 4229 3477 4281 Itaze
3497 4229 3610 4297 ﬁeri
3632 4227 3812 4298 (loqu.

2232 4317 2284 4370 ὅ.
2318 4316 2412 4384 9)?
2441 4330 2503 4370 ac
2532 4332 2650 4370 cum
2690 4315 2935 4371 Christus
2967 4317 3170 4372 clarum
3200 4319 3504 4388 exemplum
3539 4320 3684 4374 venti
3725 4331 3817 4374 at-

2236 4407 2480 4472 tulisset,
2507 4423 2676 4477 neque
2708 4409 2777 4461 ita
2816 4424 3118 4463 sermonem
3166 4411 3399 4466 admisit.
3431 4409 3597 4467 Seeus
3632 4423 3818 4466 autem

2236 4500 2428 4553 mulier
2454 4518 2466 4552 :
2493 4499 2586 4553 sed
2628 4502 2801 4568 primo
2830 4499 3127 4566 dubitabat,
3155 4501 3348 4558 deinde
3375 4517 3502 4557 vero
3530 4519 3634 4558 non
3669 4513 3818 4556 tanta

2234 4588 2466 4644 adhibita
2506 4590 2734 4658 cautela,
2777 4590 2870 4645 sed
2918 4592 3068 4660 quasi
3118 4591 3277 4645 latam
3318 4595 3638 4647 sententiam
3669 4592 3818 4647 dicta

2235 4683 2526 4752 excipiens,
2557 4681 2622 4734 ad
2655 4698 2768 4737 rem
2816 4682 3179 4752 accipiendam
3224 4685 3400 4738 statim
3451 4685 3639 4740 fertur.
3679 4683 3818 4751 Quia

2236 4773 2378 4828 enim
2404 4772 2558 4827 Jesus
2599 4773 2821 4838 dixerat,
2857 4772 2904 4826 F
2907 4775 2971 4827 iet
2992 4775 3044 4828 in
3073 4791 3130 4829 eo
3173 4776 3288 4845 [ous
3334 4777 3731 4846 aquwesalientis
3761 4778 3825 4830 iss

2237 4862 2390 4915 vitam
2418 4871 2691 4924 wternam;
2723 4862 2902 4917 statim
2934 4864 3006 4918 ait
3035 4864 3246 4929 mulier,
3282 4865 3367 4919 l5.
3403 4856 3640 4919 Da'milti
3683 4866 3824 4919 hanc

2238 4968 2440 5024 aquam,
2469 4963 2522 5007 ut
2549 4970 2646 5008 non
2673 4955 2864 5020 sitiam,
2894 4971 3050 5024 neque
3079 4957 3272 5010 veniant
3295 4957 3393 5009 Ituc
3414 4956 3635 5010 haurire.

2308 5043 2363 5099 2.
2407 5043 2590 5099 Viden‘
2617 5044 2884 5114 quomodo
2913 5045 3162 5114 paulatim
3193 5046 3256 5098 ad
3274 5046 3580 5115 dogmatum
3605 5047 3823 5106 culmen

2241 5136 2571 5192 deducatur?
2628 5136 2805 5191 Primo
2880 5136 3082 5206 putavit
3149 5136 3296 5191 illum
3365 5146 3823 5210 transgressorent

2240 5228 2542 5298 quempiam
2568 5225 2809 5282 Judtnum
2833 5242 2986 5292 esse;
3015 5227 3208 5282 deinde
3255 5229 3376 5298 quia
3418 5230 3554 5285 hanc
3585 5231 3672 5286 ille
3707 5230 3824 5286 cri-

2242 5321 2585 5376 minationem
2611 5320 2814 5389 depulit
2839 5320 2966 5391 (non
2996 5319 3220 5376 decebat
3239 5321 3382 5376 enim
3408 5337 3530 5376 eum
3559 5325 3645 5392 qui
3673 5323 3825 5378 illam

2241 5411 2528 5466 edocturus
2553 5419 2686 5472 erat,
2707 5422 3011 5480 suspectum
3037 5411 3201 5482 esse),
3226 5427 3346 5466 cum
3369 5412 3605 5467 audisset
3628 5427 3823 5484 aquam

2245 5502 2439 5568 vivam,
2467 5502 2666 5571 putavit
2686 5501 2753 5556 de
2779 5501 2962 5555 sensili
2998 5517 3132 5570 aqua
3165 5503 3267 5556 hoc
3294 5502 3420 5558 dici.
3445 5501 3667 5557 Demuni
3695 5519 3824 5558 cum

2245 5593 2480 5647 audisset
2504 5608 2564 5647 ea
2594 5608 2711 5662 qua;
2737 5593 3070 5656 dicebantur,
3096 5607 3217 5648 esse
3236 5594 3558 5664 spiritualia,
3596 5594 3828 5652 credidit

2249 5687 2460 5757 quidem
2490 5701 2646 5756 posse
2674 5686 2816 5742 illam
2839 5700 3030 5755 aquam
3062 5687 3263 5756 pellere
3302 5687 3474 5751 sitim,
3525 5703 3622 5743 nec
3645 5698 3828 5742 tamen

2251 5779 2374 5851 quid
2399 5780 2486 5834 illa
2503 5788 2642 5835 esset
2673 5775 2898 5847 sciebat,
2930 5775 3023 5832 sed
3055 5777 3226 5836 adhuc
3254 5777 3530 5834 dubitabat
3559 5795 3570 5830 :
3611 5777 3832 5850 putabat
