4102 6494
256 453 349 510 £85
1256 442 1322 500 IN
1361 437 1671 498 JOANNEM
1717 435 1942 492 IlOMlL.
1985 435 2200 492 XXXII.
2243 438 2313 492 al.
2360 438 2549 495 XXXI.

256 578 399 626 certe
440 569 562 625 lucc
609 564 920 623 sublimiora
952 577 1092 626 esse,
1125 575 1282 632 qualn
1339 567 1396 613 ut
1439 570 1601 612 sensu
1651 551 1852 623 percipi

255 669 515 732 possent;
562 657 662 714 sed
721 671 827 711 non
874 667 1094 726 prorsus
1143 653 1194 707 id
1241 649 1367 720 quid
1413 652 1560 703 esset
1609 650 1853 700 noverat.

257 750 406 808 Nunc
427 743 584 804 certe
613 747 806 803 melius
832 745 1065 810 videbat,
1114 756 1287 811 neque
1324 752 1502 794 tamen
1534 746 1701 792 totum
1733 749 1854 803 pcr-

255 842 492 912 cipiebal.
524 858 539 894 :
567 857 694 894 nam
739 842 848 904 ait,
897 838 975 892 Da
1016 837 1141 890 mihi
1168 836 1300 889 hanc
1327 848 1513 902 aquam
1531 870 1546 894 ,
1574 839 1631 883 ut
1658 843 1758 881 non
1785 826 1858 879 si-

254 936 397 998 tiam,
449 948 618 1002 neque
659 931 854 986 veniam
906 930 1004 982 huc
1035 928 1256 982 haurire.
1307 924 1424 980 Jam
1468 923 1616 976 illum
1652 918 1855 976 Jacobo

255 1025 604 1095 praeferebat.
637 1023 752 1077 Non
779 1022 881 1076 hoc
903 1021 1050 1075 fonte
1079 1033 1214 1090 opus
1233 1017 1424 1082 habeo,
1449 1015 1492 1068 si
1524 1029 1552 1068 a
1587 1022 1638 1067 te
1660 1025 1852 1080 aquam

254 1116 395 1170 illam
444 1115 734 1184 accipiam.
781 1111 971 1167 Viden’
1025 1109 1296 1182 quomodo
1343 1108 1489 1162 illum
1537 1103 1854 1176 patriarcha:

252 1206 593 1276 anteponat?
638 1205 745 1260 lloc
777 1203 927 1274 probi
969 1192 1132 1257 animi
1177 1200 1429 1256 indicium
1475 1205 1577 1253 est.
1610 1194 1858 1251 Ostendit

252 1314 411 1369 quam
455 1297 528 1352 de
577 1296 779 1360 Jacobo
823 1295 1134 1365 opinionem
1181 1293 1402 1348 haberet
1431 1308 1445 1345 :
1474 1291 1608 1347 vidit
1653 1289 1856 1344 Iacobo

253 1391 559 1455 meliorem,
586 1405 757 1460 neque
779 1390 946 1457 prima
973 1388 1060 1442 illa
1083 1387 1336 1457 opinione
1361 1392 1569 1440 retenta
1592 1382 1708 1438 fuit.
1738 1381 1854 1436 Non

254 1495 381 1549 ergo
412 1479 579 1535 facile
629 1479 822 1534 mulier
864 1478 1134 1543 credidit,
1165 1493 1341 1547 neque
1371 1486 1581 1532 temere
1598 1474 1736 1529 dicta
1772 1490 1857 1528 re-

253 1575 414 1641 cepit,
449 1587 576 1642 qua:
610 1580 752 1625 tanta
783 1571 1126 1626 accuratione
1156 1569 1432 1640 quzesivit;
1477 1582 1650 1637 neque
1690 1566 1852 1621 etiam

255 1662 599 1732 irnmorigera
628 1662 712 1715 vel
757 1663 1092 1716 contentiosa
1126 1661 1242 1715 fuit.
1287 1659 1450 1728 quue
1492 1674 1558 1712 es
1595 1657 1854 1727 petitione

255 1768 346 1809 sua
387 1752 810 1809 demonstravit.
849 1752 1006 1822 Atqui
1037 1751 1239 1807 Iuda-is
1269 1751 1405 1806 dixit
1430 1749 1678 1804 Chris:us
1709 1765 1721 1800 :
1755 1747 1854 1811 Qui

253 1846 525 1900 emnederit
554 1846 618 1899 de
661 1861 816 1899 carne
861 1862 992 1911 mea,
1023 1861 1124 1899 non
1153 1844 1374 1907 esuriet;
1414 1853 1462 1896 et
1503 1842 1590 1912 qui
1617 1840 1774 1895 credit
1801 1840 1855 1892 in

254 1953 350 1998 me.
383 1953 487 1990 non
507 1937 648 1990 sitiet
677 1952 913 2007 umquam
944 1937 962 2005 (
989 1933 1148 1989 Joan.
1178 1934 1230 1990 6.
1258 1935 1325 1989 35
1352 1935 1404 2003 );
1437 1933 1530 1988 sed
1557 1947 1662 1986 non
1693 1931 1853 1985 modo

257 2042 359 2080 non
404 2027 776 2092 crediderunt,
827 2027 920 2082 sed
962 2027 1122 2081 etiam
1167 2024 1508 2080 scandalizati
1549 2033 1693 2078 sunt.
1729 2022 1855 2077 Haec

257 2119 451 2174 mulier
478 2129 672 2174 contra
695 2127 968 2188 exspectat
989 2127 1046 2174 et
1070 2119 1220 2188 petit.
1249 2116 1448 2172 Judzeis
1475 2117 1565 2171 ille
1605 2115 1815 2169 dicebat
1837 2154 1853 2178 ,

261 2208 358 2275 Qui
385 2210 550 2264 credit
577 2211 631 2264 in
654 2227 733 2264 me
760 2226 860 2264 non
881 2211 1048 2276 sitiet;
1074 2207 1284 2264 mulieri
1315 2223 1446 2263 vero
1476 2222 1581 2260 non
1613 2206 1684 2260 ita
1711 2248 1724 2271 ,
1759 2205 1853 2259 sed

259 2299 476 2354 rudiore
509 2299 694 2364 modo,
727 2299 829 2366 Qui
851 2299 1024 2354 biberit
1050 2299 1222 2354 exhac
1244 2315 1397 2368 aqua,
1418 2314 1519 2352 non
1537 2297 1690 2351 sitiet.
1724 2295 1855 2350 Pro-

259 2389 442 2444 ntissio
469 2405 706 2461 namque
735 2399 850 2446 erat
877 2389 1236 2458 spiritualium
1280 2405 1460 2444 rerum
1482 2431 1495 2453 ,
1531 2405 1636 2444 non
1670 2387 1855 2443 visibi-

261 2479 384 2534 lium
415 2481 457 2534 ⁸.
489 2479 619 2535 Ideo
661 2481 900 2536 mulieris
945 2482 1183 2536 animum
1231 2479 1704 2550 pollicitationibus
1748 2479 1856 2535 cri-

260 2585 415 2640 geus,
445 2571 630 2626 adhuc
655 2573 1006 2628 sensibilibus
1033 2573 1350 2628 immoratur
1373 2615 1388 2641 ,
1432 2572 1574 2642 quod
1602 2572 1690 2627 illa
1720 2587 1856 2627 non-

260 2663 383 2716 dum
410 2672 597 2732 posset
623 2664 919 2731 spiritualia
948 2674 1197 2720 accurate
1227 2665 1700 2734 c'ompxehcndere.
1721 2662 1853 2719 Nam

261 2753 303 2806 si
333 2751 584 2819 dixisset,
629 2752 684 2809 Si
714 2754 1008 2823 credideris
1040 2755 1096 2809 in
1124 2770 1230 2819 me,
1259 2772 1366 2809 non
1397 2756 1580 2820 sities;
1623 2756 1708 2810 illa
1747 2771 1852 2810 non

263 2845 621 2902 intellexisset
644 2888 660 2910 ,
701 2863 823 2903 cum
876 2864 982 2904 non
1032 2859 1215 2906 nosset
1241 2851 1361 2920 quis
1387 2861 1529 2907 esset
1559 2851 1650 2907 ille
1679 2866 1739 2906 se
1777 2852 1854 2905 al-

263 2937 504 3009 loquens,
543 2955 644 2995 nec
669 2941 736 2996 de
765 2955 870 3012 qua
899 2942 986 2997 siti
1014 2951 1282 3013 ageretur.
1313 2943 1418 2998 Cur
1439 2953 1616 3000 autem
1647 2959 1754 2999 non
1783 2945 1853 2998 ita

264 3030 459 3088 Iudaeis
489 3034 746 3104 loquutus
766 3036 890 3089 est?
919 3035 1054 3103 Quia
1086 3036 1159 3090 illi
1188 3036 1352 3091 multa
1394 3036 1542 3106 signa
1567 3037 1851 3102 viderant,

265 3123 350 3177 illa
380 3140 514 3180 vero
548 3124 788 3190 nullum;
829 3126 924 3183 sed
960 3129 1122 3202 verba
1163 3128 1395 3200 primum
1426 3129 1688 3184 audierat.
1729 3129 1855 3186 Ideo

267 3227 356 3282 per
385 3215 728 3286 prOphetiam
760 3217 1012 3289 deinceps
1035 3222 1141 3273 vim
1171 3235 1322 3274 suam
1353 3221 1608 3285 ostendit,
1630 3235 1727 3276 nec
1747 3229 1857 3277 sta-

269 3308 354 3362 tim
384 3308 566 3379 arguit
608 3309 786 3376 illam;
828 3310 922 3365 sed
953 3311 1081 3380 quid
1112 3312 1280 3367 dicit?
1312 3313 1394 3367 l6.
1439 3313 1605 3380 Vade,
1636 3330 1758 3368 voca
1783 3315 1857 3367 vi-

266 3416 374 3454 rum
399 3411 568 3468 tuum,
601 3410 649 3455 et
676 3403 788 3457 ueni
815 3403 932 3456 huc.
962 3404 1048 3459 17.
1080 3402 1182 3458 Illa
1206 3419 1320 3458 vero
1350 3407 1489 3471 dicit,
1537 3404 1710 3459 Virum
1753 3422 1856 3459 non

268 3493 438 3547 habeo.
471 3493 611 3547 Dicit
639 3496 684 3548 ei
702 3493 856 3550 Iesus
877 3538 890 3562 ,
915 3495 1054 3552 Bene
1071 3497 1278 3564 dixisti,
1325 3497 1498 3552 Virum
1525 3516 1628 3554 non
1649 3500 1807 3553 habeo
1836 3516 1855 3552 :

270 3584 349 3639 18.
381 3587 610 3656 quinque
634 3590 766 3640 enim
812 3589 946 3643 uiros
980 3589 1199 3643 habuisti
1219 3632 1233 3651 ,
1261 3599 1309 3643 et
1334 3607 1466 3644 nunc
1491 3608 1638 3661 quem
1669 3592 1850 3660 habes,

268 3691 362 3730 non
389 3687 463 3731 est
495 3688 615 3730 tuus
641 3679 736 3732 vir.
772 3679 885 3733 Hoc
905 3697 1016 3734 vere
1045 3681 1239 3735 dixisti.
1276 3683 1363 3738 l9.
1396 3683 1537 3737 Dicit
1561 3686 1607 3738 ei
1634 3685 1851 3750 mulier,

268 3763 496 3833 Domine,
531 3769 672 3822 video
696 3770 817 3840 quia
839 3771 1086 3840 propheta
1113 3787 1166 3826 es
1191 3783 1263 3825 tu.

334 3856 679 3914 Samaritana
697 3862 1016 3934 philosOphia
1035 3865 1181 3918 mala:
1194 3865 1316 3931 fidei
1327 3865 1625 3922 Iudaeorum
1643 3870 1857 3940 opponi.

268 3949 624 4017 tun—Papa),
650 3960 844 4020 Quanta
865 3952 1104 4008 mulieris
1121 3955 1456 4024 philoSOphia
1482 3958 1496 4011 ι
1525 3973 1682 4027 quam
1705 3974 1858 4013 tuan-

269 4046 411 4091 suete
443 4039 925 4108 reprehensionem
949 4042 1181 4097 admittit
1204 4045 1216 4098 !
1236 4044 1362 4108 Cur,
1383 4047 1611 4116 inquies,
1638 4063 1742 4102 non
1760 4050 1855 4103 ad-

269 4126 540 4182 misisset?
572 4140 749 4183 nOnne
777 4139 922 4196 stupe
964 4131 1177 4187 Judzeos
1202 4135 1379 4190 acrius
1401 4136 1708 4207 redarguit?
1738 4138 1852 4193 Non

267 4215 398 4270 enim
418 4217 566 4287 paris
590 4217 802 4273 virtutis
814 4231 895 4275 est
913 4223 1106 4276 mentis
1134 4225 1405 4280 secretaiu
1426 4227 1657 4282 medium
1688 4229 1856 4284 addu—

269 4321 402 4377 cere,
441 4319 501 4365 et
537 4325 649 4364 rem
680 4311 815 4364 clam
834 4322 1104 4384 peractam
1137 4317 1394 4372 revelare.
1430 4317 1564 4374 lllud
1582 4319 1725 4374 enim
1760 4322 1853 4376 Dei

269 4400 463 4456 tantum
484 4412 586 4466 est,
611 4417 730 4457 cum
761 4419 920 4460 nemo
938 4409 1102 4473 novit,
1123 4409 1223 4463 nisi
1243 4409 1385 4479 isqui
1401 4411 1449 4465 id
1480 4411 1533 4466 in
1552 4423 1730 4469 mente
1755 4414 1853 4470 ha-

269 4489 368 4554 bet;
394 4493 624 4546 alterum
641 4508 769 4548 vero
783 4495 970 4550 saltem
990 4496 1338 4554 familiaribus
1374 4512 1558 4559 notum
1575 4514 1674 4559 est.
1701 4506 1740 4560 Α
1753 4516 1855 4560 tta-

269 4595 380 4636 men
395 4583 570 4638 Judmi
588 4599 646 4640 se
667 4587 1021 4655 reprehensos
1045 4604 1163 4645 esse
1192 4591 1406 4662 indigne
1433 4595 1624 4650 ferunt.
1641 4597 1744 4652 Sed
1763 4599 1854 4654 illo

269 4671 642 4742 dicente,Quid
667 4692 746 4731 me
771 4680 995 4748 quceritis
1015 4681 1294 4750 inter/icere
1316 4683 1494 4755 (Joan.
1523 4687 1574 4741 7.
1601 4688 1720 4761 ευρ
1746 4707 1850 4746 ηοη

269 4765 421 4821 modo
439 4779 548 4821 non
575 4768 927 4838 admirantur,
951 4781 1008 4827 ut
1029 4775 1342 4842 mulierilla,
1372 4779 1464 4833 sed
1484 4782 1644 4836 etiam
1667 4786 1851 4841 convi-

267 4852 355 4910 ciis
383 4865 441 4910 et
460 4859 800 4914 contumeliis
816 4860 1072 4930 afficiunt,
1098 4867 1306 4922 etiamsi
1331 4870 1554 4926 aliorum
1576 4875 1850 4945 signorum

268 4955 573 5015 argumenta
621 4948 918 5006 haberent:
947 4953 1063 5011 lucc
1109 4966 1287 5013 autem
1319 4959 1419 5016 hoc
1457 4979 1616 5019 unum
1646 4974 1849 5022 tantum

269 5035 526 5091 audierat.
558 5025 826 5094 'Attamen
874 5043 947 5097 illi
997 5060 1103 5100 non
1144 5048 1306 5104 modo
1350 5066 1453 5106 non
1489 5054 1664 5110 mirati
1703 5071 1845 5125 sum,

267 5125 352 5180 scd
380 5128 546 5182 etiam
573 5131 770 5197 probro
796 5133 1084 5193 alrecerunt
1116 5139 1377 5208 dicentes,
1411 5143 1728 5204 Daemonium
1757 5153 1851 5205 ha.

268 5212 358 5278 bes,
407 5219 522 5288 quis
565 5227 614 5274 te
654 5224 834 5292 quierit
881 5227 1199 5297 inter/icere?
1227 5231 1352 5289 llaec
1392 5250 1520 5291 vero
1550 5253 1659 5295 non
1691 5241 1851 5297 modo

269 5319 362 5361 non
393 5309 749 5377 eonviciatur,
779 5314 872 5368 sed
904 5317 1126 5373 miratur
1153 5331 1207 5376 et
1246 5323 1592 5394 obstupescit,
1619 5331 1851 5401 prophe-

186 5460 195 5470 ι
269 5401 474 5467 tamque
501 5400 754 5470 Opinatur
778 5419 932 5471 esse;
975 5409 1074 5462 etsi
1103 5413 1279 5468 acrius
1308 5413 1445 5471 hanc
1471 5400 1848 5488 reprehendat,

268 5499 416 5552 quam
462 5488 605 5545 illos.
659 5491 771 5548 lloc
806 5497 948 5550 enim
993 5515 1267 5567 peccatum
1300 5507 1454 5562 unius
1499 5508 1664 5579 ipsius
1700 5523 1847 5580 erat;

270 5574 384 5632 illud
411 5595 539 5635 vero
566 5584 818 5639 omnibus
848 5603 1148 5647 commune.
1179 5594 1294 5651 Non
1317 5587 1493 5654 autem
1519 5601 1588 5656 ita
1616 5606 1848 5662 morderi

267 5671 492 5726 solemus
518 5673 587 5727 de
629 5678 1004 5735 communibus
1042 5682 1274 5753 delictis,
1309 5698 1365 5743 ut
1403 5690 1468 5746 de
1496 5696 1745 5763 propriis.
1783 5699 1849 5755 Et

322 5825 335 5855 ⁸
367 5825 463 5879 Alii
488 5829 681 5894 legunt,
701 5830 1199 5904 indetermatatorum,
1225 5856 1334 5907 pro,
1357 5861 1449 5900 non
1476 5852 1748 5907 msibilium.

3461 448 3562 504 186

1966 549 2041 604 illi
2068 551 2283 621 quidem
2317 569 2567 624 magnum
2593 555 2864 626 quidpiam
2893 572 2954 612 se
2997 557 3254 626 pellicere
3284 560 3558 628 putabant,

1964 641 2009 695 si
2037 641 2308 698 Christum
2339 645 2708 702 interficerent
2730 666 2743 702 :
2769 649 3011 702 mulieris
3050 663 3179 703 vero
3207 650 3411 704 facinus
3441 667 3558 704 mae

1963 730 2072 786 lum
2103 747 2223 789 esse
2250 735 2388 805 apud
2418 751 2607 792 omnes
2636 738 2688 793 in
2727 738 2977 795 confesso
3005 749 3141 795 erat.
3170 744 3419 797 Attamen
3452 758 3560 798 non

1961 839 2104 895 agre
2131 827 2246 881 tulit
2269 828 2482 897 mulier,
2501 831 2595 886 sed
2616 831 2888 901 obstupuit
2911 835 3207 904 mirataque
3228 846 3329 888 est.
3356 835 3557 889 Eodem

1961 932 2172 987 quoque
2200 920 2359 975 modo
2383 936 2503 977 cum
2537 922 2864 979 Nathanaele
2885 925 3132 981 Christus
3156 941 3215 981 se
3233 927 3416 997 gessit.
3441 927 3557 982 Non

1937 1009 2192 1076 .primum
2226 1011 2562 1081 prophetiam
2591 1015 2818 1078 induxit.
2854 1032 3027 1086 neque
3055 1018 3213 1084 dixit,
3253 1016 3375 1072 Vidi
3401 1030 3448 1072 te
3466 1019 3558 1073 sub

1963 1101 2098 1169 ﬁcu;
2125 1103 2219 1158 sed
2265 1119 2386 1159 cunt
2438 1106 2525 1160 ille
2565 1107 2811 1175 dixisset,
2844 1108 2993 1164 Unde
3021 1127 3101 1164 me
3124 1114 3257 1164 nosti
3297 1110 3479 1184 (Joan.
3505 1114 3558 1167 l.

1962 1193 2083 1263 48)?
2111 1193 2158 1249 id
2194 1196 2490 1265 respondit.
2521 1197 2745 1254 Volebat
2774 1203 2918 1255 enim
2951 1201 3208 1256 miracula
3239 1211 3294 1256 et
3324 1203 3561 1274 prophe-

1965 1285 2062 1338 tias
2088 1286 2156 1341 ab
2183 1287 2287 1342 illis
2315 1288 2571 1358 incipere,
2602 1291 2690 1359 qui
2723 1291 2787 1346 ad
2837 1292 3010 1360 ipsum
3042 1293 3390 1358 accedebant,
3424 1303 3481 1349 ut
3508 1305 3564 1349 et

1963 1375 2132 1444 magis
2159 1377 2279 1431 illos
2304 1377 2404 1431 sibi
2447 1380 2780 1446 conciliaret,
2809 1390 2864 1436 et
2894 1397 3043 1436 vanae
3082 1382 3267 1453 gloria:
3298 1386 3557 1454 suspicio-

1963 1480 2084 1518 nem
2112 1465 2386 1536 effugeret.
2422 1468 2534 1522 Hoc
2566 1471 2737 1539 ipsmn
2772 1470 2856 1527 hic
2883 1474 3010 1542 agit.
3037 1473 3386 1529 Existimabat
3417 1479 3559 1530 enim

1963 1557 2246 1613 molestum
2276 1571 2328 1614 et
2352 1561 2681 1630 superfluum
2710 1564 2841 1626 fore,
2868 1565 2911 1619 si
2939 1580 3056 1619 eam
3081 1567 3258 1621 statim
3285 1579 3564 1623 accusaret

1961 1649 2212 1718 dicendo,
2271 1651 2449 1706 Virum
2481 1671 2581 1708 uon
2611 1655 2782 1710 habes.
2820 1657 2949 1710 Illud
2982 1672 3114 1712 vero
3141 1659 3410 1729 corrigere
3444 1671 3563 1730 [δοκι

1961 1752 2235 1810 acceptam
2267 1742 2334 1797 ab
2361 1743 2549 1798 eadem
2578 1745 2688 1814 ipsa
2717 1748 3076 1815 occasionem,
3106 1760 3252 1806 certe
3277 1764 3564 1807 consenta-

1964 1848 2122 1886 neum
2150 1843 2286 1899 erat,
2318 1844 2368 1889 et
2401 1837 2707 1892 audientem
2739 1843 3168 1896 mansuetiorem’
3190 1843 3466 1899 reddebat.
3496 1846 3563 1900 Et

1961 1937 2208 1991 quaenam
2261 1925 2350 1980 illa
2397 1928 2803 1996 consequentia,
2855 1930 3086 1998 inquies,
3138 1932 3339 1999 dicere,
3399 1933 3559 1999 Vade,

1961 2028 2083 2067 voca
2111 2015 2270 2068 virum
2299 2026 2442 2070 tuum
2460 2018 2486 2072 .9
2515 2018 2588 2073 De
2613 2017 2758 2074 dono
2785 2021 3041 2091 agebatur
3069 2032 3126 2079 et
3161 2023 3227 2078 de
3264 2027 3431 2094 gratia
3464 2026 3563 2081 hu-

1964 2118 2174 2158 manam
2201 2114 2443 2161 naturam
2472 2118 2777 2178 superante.
2811 2109 3047 2166 Instabat
3077 2113 3270 2168 mulier
3293 2114 3559 2185 ﬂagitans,

1963 2202 2015 2249 et
2038 2194 2171 2250 dixit
2197 2197 2268 2260 ei,
2312 2197 2449 2252 Voca
2472 2201 2634 2254 virum
2657 2211 2830 2269 tuum;
2858 2203 3204 2260 subindicans
3244 2208 3393 2262 illum
3422 2224 3561 2278 quo-

1962 2303 2067 2358 que
2112 2289 2303 2345 horum
2350 2293 2662 2364 participem
2695 2311 2815 2350 esse
2841 2296 3040 2353 debere
3061 2298 3099 2350 ί.
3141 2297 3234 2352 llla
3260 2301 3558 2370 accipiendi

1960 2380 2212 2450 cupida’,
2257 2398 2409 2438 suam
2456 2385 2594 2440 celat
2640 2388 3045 2457 turpitudinem,
3093 2405 3257 2461 seque
3287 2391 3558 2449 hominem

1960 2472 2156 2543 alloqui
2186 2483 2377 2539 putans
2401 2477 2496 2542 ait,
2527 2469 2650 2532 Non
2676 2479 2834 2534 habeo
2859 2483 3038 2535 uirum.
3064 2482 3198 2538 Hinc
3223 2487 3560 2541 occasionem

1960 2571 2186 2630 captans
2205 2565 2453 2622 Christus
2473 2577 2775 2638 Opportune
2796 2571 2941 2626 illam
2961 2573 3330 2643 reprehendit,
3356 2585 3563 2631 utrum-

1961 2670 2066 2724 que
2095 2667 2344 2712 accurate
2374 2659 2651 2728 explicans
2686 2678 2697 2713 :
2732 2677 2854 2716 natu
2904 2664 3110 2732 priores
3150 2679 3340 2722 omnes
3371 2683 3562 2723 nume-

1961 2749 2119 2816 ravit,
2152 2759 2208 2805 et
2232 2750 2373 2805 hunc
2398 2752 2667 2807 occultum
2700 2754 2974 2808 revelavit.
3009 2755 3143 2823 Quid
3171 2772 3301 2828 ergo
3328 2759 3564 2814 mulier?

1960 2840 2075 2896 Non
2106 2858 2250 2913 aegre
2297 2844 2436 2907 tulit,
2484 2861 2592 2900 non
2641 2845 2731 2900 illo
2756 2846 2941 2901 relicto
2970 2846 3120 2919 fugit,
3154 2864 3260 2903 non
3292 2849 3344 2904 id
3376 2861 3565 2906 contu-

1962 2934 2178 2988 meliam
2225 2949 2348 2990 esse
2401 2932 2635 3005 putaiit;
2691 2937 2786 2992 sed
2837 2938 3004 3009 magis
3046 2939 3360 3004 admiratur,
3392 2943 3563 3011 magis

1962 3035 2272 3094 perseverat
2299 3042 2312 3079 :
2343 3042 2462 3080 nam
2495 3029 2590 3091 ait,
2632 3025 2789 3082 Video
2824 3029 2942 3098 quia
2967 3031 3216 3100 propheta
3245 3048 3296 3084 es
3326 3040 3400 3086 tu.
3433 3031 3564 3102 Ejus

1962 3130 2090 3170 vero
2121 3115 2460 3184 prudentiam
2492 3119 2785 3188 perpende.
2819 3118 2935 3174 Non
2977 3122 3154 3175 statim
3184 3124 3435 3186 aecurrit,
3465 3123 3562 3178 sed

1961 3207 2138 3263 adhuc
2183 3209 2490 3264 considerat
2533 3217 2588 3265 et
2636 3212 2881 3267 miratur.
2933 3213 3063 3268 illud
3093 3215 3260 3282 enim,
3301 3214 3478 3283 Video,
3509 3215 3562 3271 id

1961 3309 2065 3367 est,
2114 3299 2325 3355 Videris
2369 3302 2499 3355 mihi
2550 3303 2821 3373 propheta
2857 3319 2998 3360 esse.
3056 3307 3258 3362 Deinde
3305 3309 3426 3378 quia
3460 3308 3563 3364 hoc

1961 3392 2229 3461 suspicata
2262 3404 2399 3460 erat,
2427 3394 2557 3448 nihil
2592 3406 2862 3451 terrenum
2892 3398 3208 3470 interrogat,
3242 3416 3347 3456 non
3375 3401 3442 3456 de
3471 3417 3564 3455 va-

1963 3483 2200 3539 letudine
2226 3486 2468 3555 corporis
2499 3495 2669 3555 rogat,
2697 3504 2801 3541 non
2830 3487 2898 3543 de
2934 3489 3146 3558 opibus,
3177 3505 3282 3545 non
3323 3491 3390 3547 de
3420 3492 3561 3548 divi-

1963 3574 2072 3634 tiis.
2095 3574 2190 3629 sed
2216 3575 2284 3629 de
2306 3575 2644 3645 dogmatibus
2672 3580 2871 3632 statim.
2905 3577 3044 3647 Quid
3085 3581 3227 3635 enim
3262 3581 3429 3637 dicit?
3466 3583 3560 3640 20.

1963 3663 2146 3719 Patres
2172 3667 2330 3721 nostri
2375 3667 2425 3721 in
2466 3677 2635 3722 monte
2675 3670 2770 3722 hoc
2795 3670 3153 3739 adoraverunl,
3187 3673 3454 3729 Abraham
3484 3678 3562 3731 si—

1961 3757 2242 3826 gnificans,
2293 3773 2451 3828 quem
2499 3760 2666 3815 filium
2718 3777 2785 3816 eo
2827 3763 3114 3820 adduxisse
3163 3766 3448 3823 dicebant:
3494 3769 3563 3826 Et

1961 3851 2213 3916 quomodo
2240 3864 2327 3903 vos
2355 3851 2522 3904 dicitis
2548 3853 2667 3921 quia
2691 3851 3026 3926 Jerosolgmis
3054 3866 3126 3911 est
3153 3858 3294 3914 locus
3320 3862 3405 3916 ubi
3430 3864 3562 3916 adeo

1961 3955 2078 3993 rare
2105 3942 2341 4008 oportet?

2033 4031 2085 4085 ὅ.
2132 4030 2177 4083 Ε
2200 4032 2546 4088 Samaritana:
2564 4035 2732 4089 studio
2759 4036 3004 4106 fervorem
3026 4042 3336 4096 audientium
3355 4046 3560 4102 excitat.

1961 4122 2133 4178 Lectio
2174 4122 2460 4179 divinorum
2506 4126 2748 4181 librorum
2791 4126 3191 4188 commendatur.
3226 4135 3367 4191 Libri
3394 4140 3563 4196 aureis

1962 4216 2236 4272 Iitteris.—-
2253 4217 2442 4299 Viden‘
2457 4234 2614 4289 quam
2641 4232 2823 4277 mente
2839 4225 3119 4280 sublimior
3136 4230 3405 4284 evaserit?
3429 4231 3560 4286 Nam

1962 4308 2051 4363 illa
2079 4310 2164 4364 cui
2197 4309 2264 4365 de
2285 4310 2522 4366 sedanda
2553 4314 2639 4367 siti
2671 4329 2798 4368 cura
2821 4326 2957 4381 erat,
2986 4318 3096 4386 jam
3125 4319 3193 4374 de
3219 4319 3560 4390 dogmatibus

1962 4403 2275 4473 interrogat.
2315 4403 2452 4471 Quid
2483 4421 2612 4477 ergo
2643 4408 2926 4464 Christus?
2955 4411 3070 4464 Non
3111 4413 3268 4467 solvit
3302 4417 3561 4485 quaestio-

1961 4510 2083 4550 nem
2113 4496 2260 4567 (non
2302 4498 2447 4554 enim
2492 4500 2593 4555 hoc
2636 4501 2877 4569 curabat,
2912 4513 2969 4558 ut
3007 4505 3073 4560 ad
3103 4509 3279 4561 omnia
3310 4523 3562 4567 accurate

1959 4589 2341 4658 responderet;
2376 4592 2425 4647 id
2470 4594 2667 4664 quippe
2703 4611 3155 4664 supervacaneum
3199 4600 3432 4675 fuisset),
3467 4606 3560 4659 sed

1960 4695 2145 4735 rursus
2189 4681 2469 4738 mulierem
2515 4685 2583 4738 ad
2633 4686 2892 4756 majorem
2942 4690 3321 4746 sublimitatem
3376 4694 3560 4760 ducit;

1960 4789 2059 4829 nec
2107 4775 2255 4844 prius
2304 4777 2391 4831 illa
2439 4786 2650 4845 tractat,
2699 4795 2858 4850 quam
2892 4782 3086 4837 mulier
3130 4785 3377 4840 confessa
3412 4799 3562 4844 esset

1959 4866 2134 4936 ipsum
2155 4850 2275 4922 esse
2303 4868 2640 4939 prophetam,
2661 4883 2720 4925 ut
2745 4871 3001 4940 majorem
3027 4884 3207 4942 postea
3223 4876 3376 4932 dictis
3399 4879 3558 4936 fidem

1961 4957 2202 5013 haberet.
2233 4958 2363 5027 Qua:
2389 4965 2533 5016 enim
2568 4962 2668 5017 hoc
2698 4963 2964 5030 crederet,
2995 4980 3100 5020 non
3133 4968 3266 5022 ultra
3310 4969 3378 5026 de
3404 4971 3562 5028 dictis

1958 5047 2262 5104 dubitatura
2311 5061 2447 5106 erat.
2493 5051 2701 5108 Pudeat
2731 5069 2860 5125 ergo
2887 5070 3005 5121 nos,
3056 5066 3110 5112 et
3154 5060 3558 5120 erubescamus.

1959 5140 2147 5197 Mulier
2173 5159 2294 5213 qum
2324 5146 2560 5215 quinque
2585 5148 2730 5202 viros
2758 5147 3037 5215 habuerat,
3067 5151 3419 5220 Samaritana,
3447 5165 3562 5212 tan-

1960 5242 2070 5288 tum
2087 5233 2346 5289 doctrinm
2362 5237 2701 5294 addiscendze
2717 5240 2951 5295 studium
2965 5241 3144 5309 habet,
3165 5260 3267 5301 nec
3284 5246 3409 5300 hora
3427 5249 3558 5318 diei,

1957 5339 2059 5381 nec
2076 5325 2219 5380 aliud
2240 5327 2465 5397 quodvis
2479 5327 2542 5382 of
2541 5329 2717 5384 ficium
2737 5331 2816 5385 vel
2837 5332 3103 5400 negotium
3119 5334 3260 5389 illam
3279 5336 3348 5392 ab
3370 5335 3558 5408 hujus-

1957 5418 2103 5472 modi
2121 5420 2416 5488 quaestione
2437 5421 2685 5476 abducit:
2712 5437 2810 5477 nos
2839 5431 3018 5478 autem
3051 5441 3155 5480 non
3177 5427 3334 5481 modo
3359 5429 3430 5485 de
3456 5431 3557 5485 do-

1957 5510 2224 5579 gmatibus
2254 5525 2360 5565 non
2390 5511 2801 5583 interrogamus,
2826 5516 2918 5570 sed
2939 5517 2990 5570 in
3013 5518 3263 5575 omnibus
3304 5524 3559 5576 socordes

1960 5599 2243 5670 ignatique
2288 5618 2494 5657 sumus.
2543 5605 2668 5659 ldeo
2698 5608 2876 5661 omnia
2908 5609 3266 5679 negliguntur.
3313 5613 3440 5678 Quis
3468 5629 3557 5667 ve-

1991 5733 2173 5844 “!th
2196 5737 2469 5795 sequuntur
2493 5744 2601 5796 post
2625 5735 2764 5797 tllud,
2794 5746 2916 5788 r'oca
2942 5738 3096 5788 virum
3114 5746 3266 5803 tuum,
3307 5739 3385 5791 alii
3411 5740 3558 5791 aliter

2027 5804 2189 5844 enmt.

1958 5804 2189 5845 ett‘enmt.

2021 5859 2041 5887 ³
2075 5856 2237 5907 Morel.
2277 5855 2459 5906 habet:
2501 5856 2591 5910 Illa
2615 5859 2764 5910 latere
2788 5859 3004 5925 cupiens.
