4102 6524
507 462 604 514 187

504 588 696 642 strutn,
729 587 926 644 quasso,
958 570 1102 627 domi
1128 569 1474 626 christianum
1503 568 1693 623 librum
1714 564 1919 635 arripit.
1935 561 2074 618 dicta

504 668 794 730 examinat,
849 673 939 718 aut
988 662 1315 731 Scripturam
1361 659 1668 717 scrutatur?
1713 655 2074 717 Nemoaane;

505 759 598 814 sed
628 757 763 812 talos
786 764 840 811 et
868 754 1032 810 cubos
1057 752 1198 825 apud
1221 752 1504 823 plerosque
1538 748 1886 813 inveniemus,
1913 746 2077 801 libros

507 861 781 919 nusquam,
833 846 916 901 vcl
960 844 1101 916 apud
1149 857 1344 914 paucos
1383 850 1547 898 certe.
1581 840 1644 895 Hi
1693 853 1822 896 vero
1859 835 2077 908 perinde

504 941 678 996 allecti
726 947 870 1004 sunt,
901 946 1062 1009 atque
1091 937 1126 992 ii
1151 937 1240 1007 qui
1271 950 1374 990 non
1405 934 1623 1001 habent,
1652 933 1741 1004 qui
1776 932 1963 1002 ligatos
1990 929 2077 985 vel

505 1047 726 1102 prorsus
771 1031 822 1086 in
866 1030 1076 1086 scriniis
1113 1028 1383 1098 depositas
1411 1035 1644 1092 servant,
1673 1039 1933 1093 omneque
1960 1031 2075 1077 stu-

505 1120 652 1176 dium
678 1130 882 1191 ponunt
918 1121 970 1175 in
1000 1109 1428 1174 membranarum
1458 1116 1735 1179 tenuitate,
1762 1123 1852 1169 aut
1879 1115 1929 1168 in
1955 1113 2078 1169 lite-

506 1228 683 1268 rarum
714 1211 1124 1281 pulchritudine,
1151 1210 1391 1281 neglecta
1433 1209 1683 1265 lectione.
1713 1206 1896 1278 Neque
1933 1206 2077 1261 enim

505 1303 571 1358 ad
593 1303 872 1358 utilitatem
910 1301 1212 1373 quampiam
1257 1301 1378 1356 illos
1405 1301 1705 1371 acquirunt,
1734 1297 1827 1354 sed
1853 1306 1910 1352 ut
1944 1310 2078 1366 opu-

505 1395 718 1448 Ientiam
748 1408 898 1450 suam
929 1393 1210 1448 ambitiose
1237 1400 1510 1448 ostentent
1541 1409 1555 1446 :
1587 1398 1762 1445 tantus
1788 1400 1870 1445 est
1905 1387 2080 1443 inanis

503 1486 686 1554 gloria:
726 1484 913 1540 fastus.
953 1483 1232 1541 Neminem
1282 1484 1440 1539 audio
1485 1483 1537 1539 id
1580 1477 1784 1539 ambire
1826 1491 1885 1537 ut
1915 1481 2078 1536 libros

505 1574 794 1645 intelligat;
825 1573 920 1630 sed
954 1575 1131 1643 potius
1159 1588 1218 1630 se
1253 1574 1420 1629 libros
1447 1573 1644 1628 habere
1668 1572 1870 1642 jactant
1903 1570 2079 1625 aureis

506 1662 674 1718 literis
699 1665 945 1733 scriptos.
977 1664 1044 1718 Et
1064 1663 1213 1732 quid,
1245 1678 1448 1733 quaeso,
1491 1663 1615 1717 hinc
1641 1661 1772 1717 lucri
1799 1660 2078 1731 provenit?

506 1754 618 1808 Non
649 1755 790 1822 enim
818 1764 1098 1823 propterea
1128 1753 1268 1807 datas
1313 1754 1467 1808 nobis
1508 1763 1632 1808 sunt
1674 1751 1990 1820 Scriptum.
2022 1757 2082 1804 ut

505 1845 623 1898 illas
653 1844 705 1898 in
748 1843 898 1898 libris
944 1851 1148 1897 tantum
1187 1842 1509 1906 habeamus;
1539 1841 1635 1897 sed
1663 1849 1719 1896 ut
1747 1841 1800 1896 in
1830 1839 2081 1897 cordibus

505 1933 886 2003 insculpamus.
917 1931 1075 1988 Certe
1116 1931 1231 1988 haec
1275 1932 1529 1988 librorum
1554 1932 1822 2002 possessio
1846 1930 2078 1987 Iudaica

505 2024 810 2079 ambitionis
839 2032 941 2090 est,
971 2037 1093 2078 cum
1122 2022 1368 2078 videlicet
1413 2030 1676 2094 praecepta
1718 2022 1884 2078 literis
1908 2022 2082 2079 solum

506 2114 845 2170 mandantur.
875 2113 1040 2169 Nobis
1067 2113 1250 2185 utique
1291 2128 1398 2168 non
1440 2113 1510 2168 ab
1538 2113 1690 2169 initio
1735 2113 1813 2169 sic
1843 2113 1928 2168 les
1958 2113 2082 2169 data

509 2205 625 2271 fuit,
654 2204 746 2261 sed
772 2205 823 2260 in
847 2204 1036 2260 tabulis
1059 2205 1237 2260 cordis
1265 2205 1586 2260 carnalibus.
1618 2203 1744 2260 ilzec
1783 2217 1911 2259 vero
1937 2203 2081 2271 dico,

508 2310 614 2350 non
645 2294 782 2366 quod
801 2295 965 2350 libros
980 2308 1290 2365 comparare
1307 2294 1642 2366 prohibeam,
1665 2295 1775 2351 imo
1811 2295 1862 2351 id
1897 2295 2100 2364 laudo,.

508 2395 561 2442 et
601 2395 660 2441 nt
698 2384 789 2440 ﬁat
839 2394 1069 2457 exopto;
1112 2385 1205 2441 sed
1251 2385 1408 2442 velim
1450 2402 1635 2444 eorum
1675 2396 1731 2444 et
1756 2387 1898 2444 dicta
1924 2389 1995 2444 ita
2029 2397 2084 2445 et

508 2492 662 2533 sensa
701 2479 754 2534 in
795 2478 988 2533 animis
1018 2478 1213 2534 nostris
1237 2479 1462 2546 versari,
1492 2489 1551 2536 ut
1585 2480 1620 2536 ii
1650 2481 1968 2552 scriptorum
1997 2483 2083 2537 in-

513 2567 806 2637 telligentia
854 2578 1167 2638 purgentur.
1198 2568 1330 2622 Nam
1361 2569 1405 2625 si
1434 2569 1673 2636 domum,
1722 2572 1813 2627 ubi
1840 2571 2084 2644 Evange-

509 2659 639 2714 lium
669 2667 771 2727 est,
800 2659 950 2715 adire
978 2673 1083 2714 non
1115 2660 1275 2716 audet
1315 2660 1589 2726 diabolus;
1618 2664 1787 2719 multo
1815 2664 1990 2719 minus
2017 2663 2085 2720 ad

511 2750 740 2805 animam
776 2749 1093 2822 evangelicis
1120 2751 1375 2807 imbutam
1410 2755 1692 2810 sententiis
1715 2754 1970 2811 accedere
1994 2763 2088 2812 aut

511 2842 721 2904 daemon
750 2850 841 2898 aut
869 2850 1147 2913 peccatum
1178 2844 1414 2900 audebit.
1463 2845 1744 2902 Sanctifica
1785 2848 1944 2919 igitur
1971 2849 2084 2903 ani-

510 2947 651 2988 mam
673 2941 844 2998 ,tuam,
877 2933 1147 2990 sanetillca
1177 2951 1373 3006 corpus
1401 2954 1413 2989 :
1444 2937 1558 2994 haec
1587 2953 1800 3010 semper
1828 2940 1880 2994 in
1919 2940 2084 2997 corde

507 3033 564 3078 et
589 3024 640 3079 in
663 3024 838 3095 lingua
857 3039 1060 3081 verses.
1089 3025 1220 3081 Nam
1249 3026 1293 3081 si
1321 3028 1492 3096 turpia
1519 3028 1678 3085 verba
1712 3030 2006 3101 inquinant,
2030 3039 2086 3087 et

509 3113 781 3170 demones
809 3125 1064 3178 evocant;
1110 3118 1280 3186 palam
1317 3125 1464 3174 certe
1499 3127 1582 3173 est
1608 3119 1891 3177 lectionem
1923 3123 2083 3191 spiri-

511 3206 707 3260 tualem
733 3205 1066 3263 sanctiﬁcare
1091 3218 1145 3263 et
1186 3210 1512 3279 spiritualem
1541 3212 1764 3282 gratiam
1793 3213 2081 3269 attrahere.

509 3298 796 3368 Scriptura:
807 3299 982 3354 divina
996 3310 1119 3356 sunt
1135 3303 1360 3358 cantica.
1378 3304 1666 3360 Cantemus
1682 3321 1811 3377 ergo
1828 3307 1963 3362 intra
1987 3323 2086 3363 nos

510 3389 674 3459 ipsos,
704 3405 766 3445 ac
788 3390 984 3446 morbis
1005 3392 1196 3448 anima:
1226 3393 1341 3450 hmc
1363 3395 1597 3450 remedia
1632 3395 1999 3453 adhibeamus.
2029 3400 2083 3456 Si

510 3485 766 3540 sciremus
808 3486 951 3540 enim
969 3501 1029 3541 ea
1047 3501 1168 3557 qure
1194 3488 1460 3557 leguntur,
1482 3489 1674 3560 magno
1695 3491 1781 3546 illa
1803 3491 1977 3548 studio
1992 3507 2086 3547 au-

508 3572 762 3629 diremtts.
791 3575 914 3630 Haec
935 3591 1148 3647 semper
1173 3579 1314 3644 dico,
1335 3594 1434 3635 nec
1461 3577 1620 3638 finem
1638 3581 1848 3637 dicendi
1873 3582 2080 3640 faciam.

508 3667 698 3720 Annon
712 3664 996 3725 absurdum
1015 3666 1189 3732 fuerit,
1216 3669 1259 3724 si
1271 3668 1399 3724 dum
1417 3669 1660 3728 homines
1681 3674 1734 3729 in
1757 3673 1872 3729 foro
1886 3674 2084 3730 seden-

510 3765 611 3818 tes,
626 3757 923 3826 aurigarum
942 3766 996 3812 et
1010 3760 1318 3815 saltatorum
1337 3763 1572 3831 nomina,
1593 3765 1974 3833 genus,urbes,
2006 3767 2087 3821 in-

509 3846 790 3911 dustriam,
823 3848 931 3903 imo
972 3863 1229 3920 equorum
1275 3851 1646 3920 virtutemqaut
1670 3855 1794 3908 vitia
1825 3865 2084 3910 narrant:

511 3936 585 3989 illi
615 3937 702 4006 qui
730 3935 834 3992 huc
853 3939 1198 4004 conveniunt,
1232 3949 1566 4012 eorutrquae
1591 3943 1677 3997 hic
1696 3952 1925 4014 aguntur
1954 3944 2084 3999 nihil

507 4029 701 4094 sciant,
745 4028 851 4084 imo
891 4029 1062 4098 ipsum
1112 4030 1369 4086 librorum
1401 4048 1680 4089 numerum
1721 4035 2003 4104 ignorent?
2029 4034 2082 4091 Si

505 4120 650 4173 enim
697 4107 984 4194 voluptatis
1028 4136 1188 4177 causa
1221 4123 1307 4177 illa
1353 4125 1636 4194 percipias,
1668 4125 1944 4182 ostendam
1991 4127 2082 4182 tibi

1240 457 1295 513 8.
1331 451 1606 513 ΙΟᾹΝΝΙΞ
1641 441 2106 508 (ςιιιιγεοδτοδιι
2143 444 2456 503 ARCIIIEP.
2496 445 3027 504 CONSTAN’I'INOP.

3665 443 3762 500 i88

2180 559 2303 615 hinc
2329 560 2583 630 majorem
2610 559 2823 628 decerpi
2845 559 3188 629 voluptatem.
3213 555 3349 632 Quid
3365 558 3532 626 enim,
3553 572 3758 631 quaso,

2180 652 2434 706 suavius?
2458 652 2583 724 quid
2610 651 2943 707 mirabilius?
2966 666 3032 706 an
3076 650 3346 707 hominem
3382 665 3505 710 cum
3543 651 3762 708 homine

2181 743 2462 800 luctantem
2487 759 2728 810 cernere,
2758 760 2823 799 an
2847 743 3113 799 hominem
3139 759 3262 800 cum
3287 743 3503 800 diabolo
3524 759 3766 816 pugnan-

2182 842 2312 900 tem,
2339 845 2392 892 et
2414 849 2609 906 corpus
2630 849 2751 890 cum
2773 835 3088 905 incorporea
3120 842 3383 905 potestate
3405 833 3764 906 congrediens

2154 960 2158 966 ~
2181 939 2238 988 ct
2255 931 2548 1003 superans?
2572 929 2676 986 Has
2693 944 2897 1002 pugnas
2910 929 3354 1000 contemplemur;
3375 929 3492 998 has,
3519 929 3762 1000 inquam,

2182 1038 2316 1095 quas
2345 1024 2541 1079 imitari
2564 1023 2820 1079 decorum
2852 1022 3088 1092 utileque
3115 1030 3218 1088 est,
3249 1037 3383 1092 quas
3406 1020 3496 1092 qui
3544 1021 3766 1075 imitan-

2183 1122 2290 1180 tur,
2333 1127 2586 1170 coronam
2634 1112 2902 1183 accipiunt
2932 1128 2947 1166 :
2976 1126 3084 1167 non
3133 1121 3311 1167 autem
3361 1111 3501 1177 illas,
3532 1124 3766 1181 quarum

2181 1206 2416 1262 studium
2443 1205 2783 1277 ignominiam
2811 1205 2952 1276 parit
2972 1203 3321 1259 imitantibus.
3347 1202 3651 1259 lllamenlm
3669 1202 3772 1272 p'u-

2180 1311 2338 1368 gnam
2353 1311 2474 1354 cum
2497 1296 2826 1352 damonibus
2841 1295 3090 1367 aspicies,
3109 1296 3155 1352 si
3171 1290 3465 1366 aspexeris;
3487 1295 3623 1352 banc
3639 1310 3767 1351 cum

2181 1390 2382 1461 angelis
2398 1401 2453 1445 et
2473 1389 2782 1461 angelorum
2800 1390 2818 1422 ¹
2838 1388 3084 1445 Domino.
3101 1388 3197 1444 Dic
3230 1390 3371 1443 enim
3394 1388 3547 1454 mihi,
3569 1389 3613 1444 si
3642 1387 3769 1445 lice-

2183 1494 2262 1538 ret
2279 1483 2369 1538 tibi
2383 1497 2502 1539 cum
2522 1483 2846 1553 principibus
2856 1496 2920 1537 ac
2935 1483 3147 1553 regibus
3157 1483 3433 1539 sedentem
3447 1483 3773 1554 spectaculis

2185 1573 2309 1641 frui,
2336 1589 2514 1629 annon
2543 1574 2672 1629 illud
2698 1573 2850 1630 valde
2871 1573 3222 1629 honorificum
3245 1573 3495 1644 putares?
3519 1575 3613 1630 llic
3637 1587 3772 1629 vero

2183 1677 2304 1718 cum
2333 1663 2478 1735 Rege
2517 1664 2830 1734 angelorum
2872 1664 3058 1720 videns
3086 1663 3359 1721 diabolum
3399 1679 3428 1718 a
3450 1664 3612 1720 dorso
3637 1679 3770 1721 wr-

2185 1765 2417 1824 reptum,
2463 1755 2927 1812 reluctantem'ac
2967 1756 3181 1814 vincere
3227 1756 3427 1833 frustra
3457 1767 3768 1824 conantem,

2184 1858 2360 1900 annon
2387 1844 2560 1900 curris
2585 1845 2651 1901 ad
2683 1845 2783 1902 hoc
2811 1847 3215 1918 spectaculum?
3245 1847 3314 1902 Et
3353 1849 3644 1920 quomodo,
3678 1850 3769 1904 in-

2184 1936 2357 2007 quies,
2407 1945 2632 2006 possunt
2687 1937 2801 1992 haec
2830 1937 2985 1992 {ierit
3024 1937 3079 1994 Si
3133 1938 3324 1993 librum
3370 1955 3480 2009 pra
3523 1941 3775 1997 manibus

2187 2028 2406 2084 habeas.
2450 2028 2506 2084 in
2555 2028 2646 2084 illo
2693 2044 2923 2100 namque
2953 2029 3181 2097 videbis,
3210 2039 3265 2086 et
3308 2029 3500 2096 fossas,
3529 2039 3584 2088 et
3612 2033 3771 2103 longa

2189 2119 2474 2187 curricula,
2502 2129 2556 2176 et
2584 2119 2830 2192 captandi
2859 2135 3037 2188 ansas,
3072 2132 3125 2178 et
3148 2121 3276 2192 justi
3308 2120 3611 2177 artificium.
3641 2122 3775 2178 llaec

2187 2211 2231 2267 si
2279 2211 2580 2282 spectacula
2629 2213 2890 2277 intueare,
2942 2212 3119 2269 disces
3167 2213 3408 2268 certandi
3449 2213 3683 2280 modum,
3709 2222 3776 2269 et

2185 2303 2459 2359 daamonas
2501 2304 2798 2374 superabis.
2835 2303 2924 2370 llla
2953 2320 3083 2361 vero
3125 2307 3428 2375 spectacula
3459 2307 3773 2363 daemonum

2187 2405 2313 2452 sunt
2339 2396 2702 2461 celebritates,
2729 2411 2836 2453 non
2867 2397 3142 2453 hominum
3172 2397 3380 2454 theatra
3400 2397 3443 2452 ³.
3474 2398 3606 2454 Nam
3632 2401 3675 2455 si
3713 2401 3773 2455 in

2187 2489 2452 2545 idolorum
2495 2490 2750 2561 templum
2790 2505 2897 2546 non
2947 2490 3072 2547 licet
3116 2490 3343 2562 ingredi,
3392 2492 3563 2546 multo
3593 2492 3776 2548 minus

2188 2583 2312 2640 licet
2339 2582 2392 2639 in
2419 2583 2708 2638 satanicam
2733 2583 3117 2639 celebritatem.
3148 2581 3274 2639 litae
3293 2583 3473 2640 dicere
3496 2592 3548 2640 et
3569 2585 3777 2655 agitare

2189 2691 2298 2731 non
2346 2675 2608 2741 desinam,
2650 2673 2822 2730 donec
2863 2689 2960 2730 vos
2986 2683 3218 2732 mutatos
3257 2675 3465 2732 videro.
3494 2675 3624 2732 Nam
3653 2676 3779 2732 haec

2188 2767 2389 2833 dicere,
2433 2765 2567 2820 Mihi
2602 2767 2801 2836 quidem
2846 2783 2946 2821 non
2973 2767 3193 2837 pigrum,
3227 2767 3416 2836 inquit,
3446 2768 3582 2822 vobis
3605 2778 3778 2824 autem

2189 2869 2352 2914 tutum
2398 2869 2472 2915 est
2501 2858 2766 2932 (Philipp.
2804 2860 2858 2914 ὅ.
2888 2861 2909 2914 l
2937 2857 2980 2932 ).
3029 2859 3106 2915 Ne
3145 2860 3304 2931 igitur
3347 2860 3773 2916 admonitionem

2188 2967 2329 3022 agre
2355 2952 2557 3008 feratis.
2591 2952 2721 3007 Nam
2752 2954 2796 3009 si
2833 2954 3064 3025 graviter
3089 2952 3390 3022 ferendum,
3431 2955 3561 3010 mihi
3594 2956 3778 3026 potius

2188 3056 2332 3100 esset
2358 3042 2448 3115 qni
2472 3059 2576 3100 non
2597 3043 2804 3108 audior,
2829 3060 2988 3116 quam
3015 3045 3167 3101 vobis
3186 3046 3278 3117 qni
3304 3060 3519 3118 semper
3551 3048 3776 3116 auditis,

2191 3149 2479 3206 numquam
2507 3143 2686 3191 autem
2729 3135 3126 3206 obtemperatis.
3162 3137 3268 3193 Sed
3308 3139 3451 3194 absit
3477 3149 3536 3194 ut
3560 3154 3778 3210 semper

2192 3242 2286 3282 vos
2326 3241 2580 3282 accusare
2619 3242 2810 3298 cogar;
2861 3226 2990 3283 faxit
3036 3227 3176 3282 Dens
3216 3237 3273 3284 ut
3311 3228 3414 3284 hac
3448 3231 3779 3300 turpitudine

2190 3319 2419 3384 liberati,
2469 3319 2730 3388 spirituali
2779 3317 3454 3391 spectaculo‘dignemini,
3503 3330 3556 3376 et
3594 3319 3777 3377 futura

2185 3413 2353 3482 gloria
2386 3410 2638 3465 fruamini
2664 3428 2679 3463 :
2718 3411 2891 3481 gratia
2912 3419 2967 3466 et
3011 3411 3338 3482 benignitate
3368 3413 3574 3468 Domini
3599 3415 3776 3469 nostri

2187 3504 2315 3560 Jesn
2363 3503 2581 3568 Christi,
2628 3503 2841 3572 quicum
2893 3502 3035 3558 Patri
3062 3503 3254 3574 gloria,
3312 3519 3522 3576 unaque
3551 3504 3779 3576 Spiritui

2187 3605 2394 3658 sancto,
2419 3593 2470 3647 in
2502 3592 2694 3648 stecula
2725 3593 3066 3649 stimulorum.
3101 3595 3294 3650 Amen.

2253 3771 2270 3801 ι
2304 3767 2425 3839 savil
2457 3767 2642 3826 habet,
2667 3779 2777 3816 cum
2799 3765 2984 3829 angelis
3011 3771 3056 3816 et
3093 3764 3398 3830 arcltangelis
3419 3771 3465 3816 et
3487 3766 3778 3830 angelorum

2190 3837 2555 3960 ιῗοῖῗιῖεοξίεονθι.
2582 3855 2891 3960 legitur....._.
2919 3885 3083 3960 videns
3112 3885 3358 3938 diabolum
3378 3901 3444 3940 ex
3462 3889 3672 3941 oraculis
3693 3889 3775 3941 di-

2188 3950 2319 4012 vinis
2330 3949 2513 4012 pudore
2534 3947 2784 4012 sumisum,
2809 3947 3138 4012 reluctantem.

2253 4013 2274 4044 ³
2306 4008 2400 4079 llic
2420 4008 2712 4079 adtlitrgaiil.
2738 4020 2753 4058 :
2783 4010 3184 4073 Itaque,obsecro
3206 4022 3302 4071 vos,
3321 4024 3353 4060 a
3372 4010 3599 4062 satamct's
3628 4011 3774 4064 alisti-

2189 4081 2293 4124 nete
2317 4069 2686 4122 celebritatibus.

2251 4135 2272 4166 ι
2309 4132 2468 4183 alorci.
2493 4133 2660 4192 habet,
2683 4131 2877 4182 (sternis
2901 4131 3034 4185 bonis
3048 4171 3062 4192 ,
3088 4143 3193 4196 pro,
3216 4132 3461 4198 spirituati
3478 4134 3771 4197 spectaculo.

1811 4333 2159 4395 HOMILIA
2205 4333 2508 4393 XXXIII.

505 4479 567 4533 2|
584 4518 596 4531 .
631 4476 761 4530 Dicit
790 4477 832 4530 ei
859 4475 1009 4530 Iesus
1027 4491 1045 4528 :
1078 4475 1280 4541 Mulier,
1303 4475 1449 4530 crede
1469 4477 1612 4541 nti/ti,
1638 4478 1756 4547 quia
1785 4479 1912 4533 venit
1935 4479 2080 4546 hora,

573 4568 778 4639 quando
817 4582 971 4638 neque
995 4568 1046 4621 in
1069 4576 1232 4621 monte
1258 4567 1372 4634 hoc,
1398 4583 1555 4635 neque
1585 4567 1919 4640 Jerosolymis
1948 4570 2077 4623 ado-

578 4663 752 4716 mbitis
804 4657 1029 4714 Patrem.
1083 4658 1173 4713 22.
1234 4657 1334 4713 Vos
1380 4660 1605 4714 adoratis
1644 4661 1780 4731 quod
1828 4661 2029 4716 nescitis
2060 4677 2079 4714 :

575 4770 666 4808 nos
720 4750 989 4805 adoramus
1054 4749 1190 4819 quod
1249 4751 1453 4818 scimus,
1507 4751 1626 4821 quia
1673 4751 1812 4806 salus
1864 4768 1929 4806 ea:
1977 4751 2078 4806 Ju-

574 4845 695 4897 dat's
725 4851 816 4896 est.

580 4936 631 4987 Ι.
660 4932 804 4986 Fidei
830 4931 1112 4986 necessitas.
1139 4930 1284 4985 Illud
1304 4974 1319 4997 ,
1351 4931 1522 4987 Crede
1551 4931 1719 4997 mihi,
1751 4933 2077 4987 mulier......

501 5025 790 5080 adorabitis
818 5024 1047 5089 Patrem,
1097 5032 1484 5078 commentatur.
1516 5022 1692 5078 Cultus
1719 5022 2078 5079 Samaritano-

502 5134 637 5171 rum.
669 5115 966 5169 ludworttm
993 5131 1143 5184 super
1183 5115 1533 5170 Samaritanos
1561 5116 1870 5184 prastantia.
1894 5115 2081 5172 Christi

501 5210 553 5263 in
577 5215 920 5262 testamentum
947 5215 1082 5259 vetus
1110 5205 1426 5276 stt/I'rttgium.
1451 5236 1520 5247 -—
1547 5205 1754 5278 Ubique
1780 5205 1883 5262 ﬁde
1924 5206 2078 5262 nobis

503 5313 636 5368 opus
655 5307 757 5363 est,
789 5295 990 5361 dilecti,
1016 5294 1138 5359 llde,
1171 5295 1428 5350 bonorum
1468 5305 1659 5360 matre,
1694 5297 1880 5352 salutis
1908 5296 2080 5351 medi-

501 5387 774 5451 cina,sine
801 5399 902 5456 qua
953 5384 1151 5439 nullam
1202 5399 1510 5452 magnarum
1558 5401 1734 5440 rerum
1773 5386 2072 5441 doctrinam

500 5480 772 5550 percipere
801 5493 1117 5546 possumus;
1144 5477 1238 5534 sed
1281 5477 1497 5547 perinde
1540 5485 1697 5546 atque
1727 5478 1797 5533 illi
1826 5479 1915 5547 qui
1958 5480 2075 5535 sine

499 5569 619 5624 navi
648 5583 790 5622 mare
815 5567 1061 5636 trajicere
1086 5577 1366 5633 conantur,
1401 5567 1665 5621 tantillum
1697 5576 1917 5635 possunt
1958 5584 2075 5623 ma-

501 5663 654 5716 nibus
685 5661 1009 5730 pedibusque
1035 5670 1237 5724 natare,
1267 5658 1358 5713 sed
1387 5658 1609 5714 ulterius
1649 5659 1936 5729 progressi,
1963 5659 2074 5714 cito

501 5771 528 5806 a
554 5751 795 5805 ﬂuctibus
817 5751 1230 5819 demerguntur;
1276 5749 1352 5804 sic
1397 5758 1451 5803 et
1472 5751 1558 5819 qui
1602 5748 1827 5818 propriis
1853 5759 2074 5806 utuntur

504 5845 808 5913 ratiociniis,
833 5855 1111 5914 antequam
1141 5842 1440 5911 didicerint,
1475 5841 1806 5913 naufragium
1830 5841 2027 5899 faciunt
2055 5863 2068 5901 :

2190 4472 2635 4547 quemadmodum
2658 4483 2710 4530 et
2737 4473 2929 4529 Paulus
2966 4473 3060 4540 ait,
3087 4473 3187 4541 Qui
3212 4474 3346 4529 circa
3375 4475 3527 4544 ﬁdem
3555 4480 3772 4550 naufra-

2135 4608 2139 4612 .
2183 4575 2386 4637 garum.
2410 4565 2559 4634 Quod
2589 4581 2654 4620 ne
2675 4580 2773 4620 nos
2798 4579 3011 4636 quoque
3033 4566 3312 4634 patiamur,
3337 4580 3544 4622 sacram
3585 4578 3770 4625 tenea-

2186 4674 2304 4713 mus
2331 4673 2603 4723 ancoram,
2627 4672 2725 4727 per
2752 4672 2910 4726 quam
2937 4654 3182 4711 Christus
3203 4655 3590 4714 Satnaritanam
3615 4675 3755 4716 nunc

2183 4749 2348 4804 ducit.
2372 4748 2503 4802 Nam
2524 4762 2644 4803 cum
2675 4748 2762 4803 illa
2788 4747 3012 4812 diceret,
3045 4746 3308 4812 Quomodo
3344 4763 3428 4802 vos
3453 4750 3619 4805 dicitis
3644 4750 3766 4820 quia

2184 4841 2236 4895 iit
2264 4841 2596 4911 Jerosolymis
2635 4850 2706 4895 est
2748 4842 2906 4907 locus,
2940 4841 2992 4894 in
3017 4857 3115 4910 quo
3141 4842 3334 4910 oportet
3373 4841 3626 4897 adorare!
3670 4859 3757 4900 re-

2185 4932 2398 5001 spondit
2424 4931 2670 4986 Christus
2696 4948 2710 4983 :
2737 4931 2895 4986 Crede
2920 4933 3072 4997 mihi,"
3089 4932 3287 4996 mulier,
3315 4934 3432 5002 quia
3457 4935 3586 4988 venit
3612 4935 3759 5004 hora,

2183 5025 2383 5093 quando
2407 5041 2562 5095 neque
2589 5025 2642 5078 in
2676 5023 3028 5095 Jerosolymis,
3054 5040 3212 5095 neque
3234 5023 3286 5077 in
3322 5034 3489 5080 monte
3518 5025 3609 5080 hoc
3635 5027 3764 5082 ado-

2182 5117 2355 5171 rabitis
2381 5115 2606 5171 Patrem.
2630 5115 2914 5170 Maximum
2947 5115 3068 5170 huic
3092 5115 3284 5185 dogma
3322 5116 3597 5185 revelavit,
3618 5118 3760 5189 quod

2183 5222 2282 5262 nec
2309 5206 2616 5274 Nicodemo,
2636 5221 2736 5262 nec
2755 5205 3065 5261 Nathanaeli
3088 5205 3240 5261 dixit.
3260 5207 3383 5262 llaec
3403 5222 3498 5264 sua
3526 5208 3760 5267 JudaiCis

2183 5298 2548 5364 praestantiora
2583 5312 2704 5352 esse
2751 5295 3046 5360 contendit,
3094 5305 3148 5352 et
3191 5305 3404 5366 patrum
3446 5300 3728 5356 auctoritat

2185 5387 2394 5443 ﬁrmare
2424 5389 2610 5442 nititur
2633 5388 2910 5442 :Christus
2932 5403 3059 5442 vero
3085 5387 3214 5442 nihil
3240 5388 3305 5443 ad
3333 5387 3437 5444 hoc
3462 5390 3760 5461 respondit.

2181 5479 2638 5548 Supervacaneum
2667 5479 2809 5534 enim
2841 5490 2964 5533 tunc
2990 5479 3172 5534 fuisset
3200 5479 3503 5542 ostendere,
3535 5496 3631 5535 cur
3665 5497 3765 5553 pa-

2183 5581 2291 5625 tres
2323 5571 2372 5624 in
2403 5581 2600 5636 monte,
2639 5587 2736 5626 cur
2780 5570 2948 5626 Judtei
2977 5571 3028 5625 in
3055 5569 3405 5641 Jerosolymis
3445 5573 3754 5628 adorarent.

2180 5662 2304 5718 Ideo
2356 5663 2483 5718 illud
2531 5665 2725 5726 tacuit;
2759 5672 2813 5718 et
2845 5663 3049 5718 sublata
3097 5662 3165 5718 de
3193 5663 3467 5735 utriusque
3493 5665 3592 5719 loci
3623 5681 3760 5735 prte-

2178 5753 2369 5807 stantia
2396 5753 2707 5821 quzestione.
2731 5753 2848 5822 ejus
2866 5754 3096 5807 animam
3123 5753 3306 5823 erigit,
3337 5752 3622 5809 ostendens
3653 5769 3756 5823 ne-

2180 5859 2284 5914 que
2321 5843 2532 5900 Judaeos
2586 5858 2759 5916 neque
2794 5853 2975 5914 patres
3000 5857 3158 5914 posse
3199 5859 3446 5917 magnum
3484 5845 3757 5916 quidpiam
