4078 6526
204 473 290 529 189
1186 467 1259 523 1N
1298 460 1609 522 JOANNEM
1647 457 1879 515 HOMIL.
1922 458 2159 514 XXXIII.
2192 461 2264 515 al.
2308 460 2525 517 XXX".

204 593 250 647 in
271 593 435 644 tut-aro
461 595 769 658 prmstam;
799 595 853 644 et
875 593 999 643 tunc
1028 581 1383 638 dilierentiam
1406 577 1629 635 inducit.
1657 574 1771 630 Vc-

203 691 480 736 runttamen
508 679 915 751 praestantiorcs
931 674 1146 731 Judacos
1162 670 1446 744 signiﬁcat,
1467 685 1572 725 non
1596 667 1774 723 locum

205 776 305 829 loco
330 783 687 842 anteponens,
703 770 798 826 sed
823 770 908 825 illa
928 769 1099 823 solum
1126 769 1335 822 ratione
1353 763 1555 820 iudicis
1578 761 1776 833 primas

202 863 500 927 concedens,
534 877 599 916 ac
622 862 667 917 si
692 861 895 916 diceret
924 874 937 912 :
968 859 1107 913 Nihil
1132 858 1199 912 de
1225 857 1342 911 loco
1362 856 1475 925 jam
1500 853 1778 922 disputan-

204 956 333 1009 dum.
364 954 419 1008 ltt
449 954 628 1009 cultus
655 951 871 1023 quidem
903 951 1059 1005 modo
1088 948 1258 1005 1υάεεὶ
1282 945 1604 1018 przelerendi
1623 951 1779 1000 erant

202 1046 530 1103 Samaritanis
563 1064 577 1100 :
622 1045 741 1108 Vos,
771 1044 960 1114 inqttit,
992 1042 1219 1098 adoratis
1245 1040 1381 1111 quod
1405 1040 1605 1093 nescitis
1635 1054 1655 1091 :
1686 1052 1779 1090 nos

203 1154 457 1190 adorantes
518 1137 656 1205 quod
697 1136 907 1190 scimus.
960 1132 1244 1202 Quomodo
1286 1146 1415 1201 ergo
1468 1128 1780 1185 nesciebant

202 1229 503 1285 Samaritaui
526 1226 657 1296 quid
682 1226 1015 1281 adorarent?
1041 1225 1175 1293 Quia
1210 1224 1380 1279 Deum
1408 1222 1529 1277 loco
1549 1222 1780 1276 circum-

202 1318 367 1384 scribi,
398 1320 507 1372 imo
550 1316 706 1387 quasi
752 1316 916 1372 dividi
963 1330 1123 1384 posse
1160 1314 1439 1384 putabant.
1483 1311 1573 1369 Sic
1618 1310 1780 1382 igitur

203 1410 331 1464 illum
372 1409 663 1473 colebant;
724 1407 803 1463 sic
849 1408 1028 1463 Persis
1080 1407 1432 1470 nuntiarunt,
1473 1403 1629 1459 istius
1673 1402 1779 1456 loci

204 1503 344 1555 dcunt
371 1500 469 1554 sibi
502 1500 698 1554 iratum
728 1512 871 1562 esse,
914 1496 1043 1552 nihil
1069 1496 1140 1552 de
1164 1511 1230 1552 co
1270 1494 1503 1565 amplius
1528 1508 1685 1564 quam
1712 1490 1782 1547 de

205 1590 333 1645 idolo
358 1591 477 1644 rati.
508 1589 850 1659 Quapropter
878 1587 1301 1657 perseverabant
1326 1594 1382 1640 et
1420 1585 1567 1639 illum
1596 1582 1783 1653 ctua:-

203 1699 371 1739 tnonas
392 1684 598 1749 colere,
637 1697 698 1737 ea
725 1696 847 1752 qure
892 1680 1105 1736 misceri
1142 1694 1250 1733 non
1284 1686 1532 1749 poterant
1555 1675 1784 1747 coniun-

202 1776 387 1831 deutes.
416 1773 593 1829 Judaei
623 1787 753 1828 vero
778 1771 882 1827 hac
912 1771 1168 1841 opinione
1198 1770 1351 1824 liberi
1383 1777 1557 1833 erant,
1583 1768 1785 1837 ipsum-

200 1882 290 1935 que
318 1866 574 1935 putabant
599 1879 721 1920 esse
749 1863 896 1918 orbis
912 1863 1115 1927 Deum;
1145 1861 1355 1917 etiamsi
1388 1859 1438 1914 id
1471 1875 1577 1913 non
1594 1872 1784 1913 omnes

199 1958 487 2014 crederent.
516 1958 808 2027 Propterea
827 1955 989 2011 dicit:
1020 1954 1121 2010 Vos
1145 1954 1369 2008 adoratis
1394 1953 1530 2024 quod
1550 1951 1780 2006 nescitis:

200 2066 279 2104 nos
305 2050 581 2103 adoramus
599 2047 740 2121 quod
766 2048 973 2102 scimus.
1006 2045 1085 2102 Ne
1104 2046 1315 2101 mireris
1340 2053 1519 2100 autem
1553 2043 1694 2113 quod
1726 2056 1786 2097 se

206 2140 390 2197 Judaeis
413 2150 743 2196 annumerct
762 2157 785 2209 ,ε
813 2155 941 2194 nam
965 2138 1262 2193 secundum
1301 2138 1544 2193 mulieris
1569 2136 1785 2207 opinio-

202 2252 311 2291 nem
363 2236 626 2307 loquitur,
671 2235 824 2305 quasi
859 2233 1119 2305 propheta
1166 2232 1510 2296 Judarorum;
1558 2230 1788 2299 ideoque

202 2326 335 2391 illud,
363 2326 676 2389 Adoramus,
704 2324 903 2395 posuit.
934 2322 1088 2391 Quod
1117 2324 1261 2379 enim
1293 2322 1551 2377 adoretur
1578 2320 1781 2377 nemini

203 2436 294 2474 non
321 2428 505 2475 nutum
528 2426 649 2481 est;
681 2418 914 2472 adorare
945 2416 1089 2472 enim
1137 2424 1403 2471 creatura:
1438 2424 1542 2479 est,
1568 2413 1783 2468 adorari

203 2525 333 2575 vero,
364 2518 737 2564 creaturarum
784 2507 1013 2562 Domini.
1072 2506 1270 2563 Verum
1328 2505 1542 2561 interim
1591 2504 1685 2560 ille
1731 2512 1791 2559 ut

201 2604 402 2659 Judeus
424 2602 683 2673 loquitur.
719 2600 852 2656 lllttd
878 2616 1027 2671 ergo,
1057 2599 1194 2667 Nos,
1227 2600 1279 2654 id
1317 2610 1420 2666 eat,
1460 2598 1566 2653 Nos
1592 2597 1785 2654 Judaei.

200 2693 403 2750 iudaica
434 2695 598 2765 igitur
624 2693 910 2757 extollens,
944 2706 1004 2747 se
1046 2691 1153 2748 ﬁde
1194 2691 1414 2761 dignum
1464 2690 1688 2761 praebet,
1736 2699 1791 2744 et

201 2786 343 2841 dictis
389 2788 505 2842 suis
562 2785 725 2841 ﬁdem
771 2784 1048 2850 conciliat,
1091 2784 1452 2853 suspicionem
1510 2797 1790 2846 amovens,

203 2880 590 2950 ostendensque
609 2894 674 2935 se
697 2894 802 2933 non
832 2878 1174 2949 cognationis
1198 2878 1369 2947 gratia
1389 2877 1477 2930 illa
1505 2875 1787 2931 extollere.

201 2971 292 3040 Qui
316 2974 458 3029 enim
502 2973 647 3028 circa
704 2971 881 3027 locum
927 2971 1087 3026 talem
1118 2971 1323 3041 profert
1350 2970 1692 3034 sententiam,
1724 2969 1793 3025 de

203 3081 297 3136 quo
338 3067 457 3121 loco
482 3065 656 3121 Jndzei
688 3064 920 3119 maxime
967 3063 1356 3133 gloriabantur,
1384 3077 1447 3117 ac
1476 3078 1535 3117 se
1564 3063 1779 3117 caeteris

203 3156 555 3227 perferendos
583 3157 896 3220 censebant,
932 3156 1058 3210 dum
1102 3154 1242 3210 hanc
1286 3156 1394 3210 illis
1420 3154 1790 3226 praestantiam

203 3247 382 3314 aufert,
416 3250 593 3319 palam
629 3256 715 3319 cst
736 3263 857 3303 eum
878 3248 988 3317 jam
1020 3263 1125 3301 non
1148 3246 1217 3302 ad
1241 3246 1468 3316 gratiam
1492 3245 1790 3316 cujuspiam

206 3342 357 3412 loqui,
389 3342 487 3397 sed
518 3356 583 3394 ex
607 3338 834 3394 veritate
862 3348 917 3393 et
953 3353 1021 3393 ex
1043 3338 1103 3392 ‘vi
1151 3338 1480 3409 prophetica.
1511 3338 1646 3404 Quia
1695 3335 1794 3405 igi-

208 3445 284 3489 tur
306 3450 335 3489 a
365 3436 453 3490 tali
511 3432 913 3489 existimatione
960 3429 1185 3485 abduxit
1212 3429 1420 3493 dicens,
1451 3428 1612 3483 Crede
1646 3428 1792 3492 mihi,

206 3528 392 3593 mulier,
422 3534 558 3590 ctc.,
580 3524 786 3594 adjicit,
816 3524 948 3589 Quia
967 3523 1107 3578 salus
1124 3539 1159 3575 a
1186 3521 1387 3577 Judwis
1413 3530 1524 3585 est;
1550 3520 1654 3575 hoc
1689 3527 1793 3583 est,

207 3619 278 3673 rel
302 3619 442 3691 quod
466 3617 593 3672 hinc
614 3614 736 3671 orbi
762 3615 899 3671 bona
922 3614 1117 3669 collata
1136 3613 1247 3669 sint
1274 3613 1419 3683 (nam
1451 3611 1543 3667 Dei
1561 3610 1796 3681 cognitio

208 3710 569 3781 idolorumque
589 3707 906 3779 reprobatio
928 3706 1054 3761 hinc
1080 3718 1256 3761 ortum
1280 3704 1485 3770 habuit,
1507 3719 1715 3759 necnon
1744 3711 1800 3758 et

206 3803 299 3858 alia
325 3804 510 3859 omnia
532 3782 815 3873 dogmata:
835 3807 889 3855 et
912 3810 1093 3855 vester
1116 3799 1293 3853 cultus
1318 3798 1444 3853 licet
1474 3812 1580 3852 non
1617 3806 1799 3852 rectus

205 3894 301 3957 sit;
326 3909 352 3947 a
377 3888 583 3949 Judaris
600 3892 741 3948 enim
764 3903 943 3947 ortum
976 3888 1180 3962 habuit)
1207 3908 1221 3947 :
1252 3890 1340 3946 vel
1374 3890 1490 3945 haec
1518 3904 1668 3960 ergo,
1712 3889 1795 3944 vel

204 3985 491 4040 adventum
519 4000 674 4039 suum
705 3985 930 4039 salutem
971 3990 1147 4038 vocat.
1178 3982 1291 4037 lmo
1340 3996 1471 4036 vero
1501 3998 1605 4035 tton
1643 3980 1800 4035 aber-

209 4076 678 4147 raveritquispiam
691 4076 737 4131 si
765 4075 907 4130 dicat
930 4074 1044 4130 haec
1065 4074 1227 4129 ambo
1253 4072 1477 4129 salutem
1504 4087 1646 4137 esse,
1679 4086 1797 4127 eam

209 4170 401 4225 scilicet
428 4183 592 4240 quam
618 4184 682 4223 es
704 4167 904 4224 ludatis
932 4182 1052 4222 esse
1083 4166 1232 4222 dicit.
1253 4164 1409 4234 Quod
1440 4166 1639 4220 Paulus
1667 4165 1802 4221 sub-

209 4260 441 4318 indicans
484 4260 733 4323 dicebat,
768 4258 852 4314 Es:
896 4260 1077 4330 quibus
1106 4259 1336 4313 Christus
1364 4259 1641 4311 secundum
1678 4274 1797 4313 car-

210 4367 331 4418 nem,
359 4353 545 4423 quiest
593 4367 746 4422 super
787 4352 960 4405 omnia
1010 4348 1142 4404 Deus
1176 4348 1350 4421 (Rom.
1400 4349 1454 4404 9.
1499 4348 1579 4417 5).
1614 4347 1799 4403 Viden‘

206 4444 470 4513 quomodo
492 4443 660 4498 Vetus
690 4442 943 4512 praedicet
966 4442 1371 4497 Testamentum
1399 4483 1414 4507 ,
1446 4458 1509 4496 ac
1537 4441 1798 4495 bonorum

210 4534 437 4590 radicem
460 4546 585 4589 esse
606 4532 869 4594 declaret,
916 4541 971 4587 et
1011 4548 1072 4588 se
1100 4534 1249 4587 nullo
1282 4532 1442 4587 modo
1465 4534 1798 4587 contrarium

208 4639 320 4681 esse
339 4624 482 4697 legi?
507 4623 773 4695 siquidem
796 4639 859 4680 es
894 4623 1096 4679 .lndteis
1126 4626 1390 4679 bonorum
1432 4638 1650 4678 causam
1682 4640 1801 4679 om-

208 4722 346 4771 nium
372 4731 495 4772 esse
518 4716 668 4771 dicit.
690 4714 781 4771 25.
806 4716 913 4771 Sed
936 4716 1223 4779 venithora,
1254 4726 1301 4769 et
1326 4731 1459 4769 nunc
1486 4726 1577 4781 est,
1598 4716 1801 4784 quando

210 4810 303 4863 reri
321 4810 622 4864 adoratores
639 4807 927 4861 adorabunt
952 4805 1183 4862 Patrem.
1212 4806 1376 4861 Vobis
1400 4808 1800 4876 praestantiorcs

209 4915 409 4968 sums,
430 4915 468 4955 o
499 4898 714 4965 mulier,
757 4900 949 4971 inquit,
998 4900 1050 4954 itt
1081 4899 1339 4954 adorandi
1371 4899 1534 4953 modo
1570 4918 1581 4953 :
1613 4915 1799 4954 verum

212 4992 289 5047 hic
325 4992 508 5049 cultus
544 4990 800 5061 deinceps
832 4990 993 5045 ﬁnem
1044 4990 1280 5045 habebit.
1314 4988 1428 5043 Non
1479 4990 1623 5045 enim
1654 4991 1801 5045 locus

212 5096 431 5151 tantum,
464 5084 559 5139 sed
583 5081 747 5139 etiam
776 5083 965 5137 modus
995 5082 1209 5138 colendi
1235 5083 1566 5137 mutabitur:
1602 5093 1656 5139 et
1688 5085 1801 5137 lucc

210 5183 269 5237 ad
294 5183 513 5253 ianuam
540 5187 686 5236 sunt.
730 5176 870 5231 Venit
895 5178 1037 5234 enim
1065 5176 1212 5245 hora,
1232 5187 1278 5231 et
1300 5193 1431 5230 nunc
1453 5187 1546 5230 est.

274 5274 327 5328 9..
350 5274 525 5342 Quare
536 5270 772 5327 Christus
796 5269 1071 5334 addiderit,
1090 5278 1144 5324 et
1170 5284 1309 5323 nunc
1333 5278 1416 5321 est
1437 5267 1584 5332 ;l’eri
1609 5269 1798 5322 adora-

210 5375 332 5422 tores
351 5370 447 5440 qui
468 5366 511 5420 si
526 5376 587 5419 rt.
610 5364 746 5431 Quid
775 5363 867 5419 sibi
879 5363 994 5419 uelit
1010 5363 1167 5427 istud,
1183 5362 1234 5416 itt
1260 5363 1449 5433 spiritu
1478 5372 1531 5416 et
1552 5363 1797 5418 veritate.

212 5456 433 5515 Christus
454 5460 507 5512 in
527 5458 671 5513 libris
690 5455 881 5528 Moysis
896 5470 1033 5524 sepe
1050 5454 1321 5525 predictus
1342 5456 1802 5526 preﬁguratusque

211 5562 295 5605 est.
330 5550 549 5607 Prcstat
578 5549 780 5605 Iudicis
807 5548 990 5604 mulier
1012 5548 1363 5604 Samaritana.
1390 5578 1462 5588 ——
1491 5548 1623 5615 Quia
1655 5550 1797 5602 enim

213 5645 484 5714 prophetae
526 5642 696 5697 multo
722 5649 846 5695 ante
887 5649 1133 5711 tempore
1181 5638 1387 5710 loquuti
1430 5648 1576 5703 sunt,
1613 5639 1663 5693 id
1695 5638 1799 5693 hoc

209 5733 323 5791 ineo
354 5735 547 5789 tollens
572 5732 723 5799 dicit,
750 5730 814 5785 Et
835 5748 970 5786 nunc
996 5742 1089 5787 est.
1115 5730 1192 5786 Nc
1214 5740 1390 5801 putes,
1424 5731 1615 5801 inquit,
1657 5723 1819 5786 hanc

210 5829 537 5901 popltetiam
587 5836 710 5898 post
736 5826 960 5881 multum
991 5834 1205 5895 tempus
1256 5824 1586 5895 implendam
1630 5840 1791 5881 esse:

211 5938 297 5977 res
321 5920 463 5976 enim
492 5920 675 5982 instat,
709 5926 764 5971 et
793 5917 843 5972 in
862 5914 1042 5987 ianuis
1063 5927 1165 5977 est,
1202 5916 1420 5982 Quando
1458 5918 1561 5971 veri
1608 5918 1799 5973 adora-

508 6018 785 6078 ΡΑτιιυι..
818 6019 936 6075 tiu.
986 6016 1050 6076 Li
1070 6020 1143 6077 λ.

3390 476 3494 533 191)

1883 583 2015 628 tores
2042 574 2332 629 adorabunt
2360 574 2571 631 Patrem
2596 578 2649 632 in
2677 579 2857 649 spiritu
2880 582 3169 639 sturitate.
3186 584 3325 640 Cum
3356 589 3496 643 dixit

1881 678 2062 731 veros,
2094 680 2217 721 cum
2244 666 2598 725 Samaritanis
2618 668 2832 725 Judaeos
2855 672 3083 743 repulit;
3112 664 3321 732 etianisi
3350 680 3493 734 enim

1885 757 2084 813 illisint
2114 757 2197 813 his
2238 760 2513 827 meliores,
2548 763 2789 817 venturis
2818 773 2996 820 tamen
3031 766 3188 836 longe
3208 778 3337 824 sunt
3362 771 3515 826 inlc-

1883 850 2076 918 rinres,
2109 860 2163 907 et
2185 862 2443 923 quantum
2473 855 2673 910 veritas
2703 855 2869 927 ﬁgura
2916 858 3111 914 melior
3138 868 3240 915 est.
3270 862 3349 916 De
3393 864 3467 918 Ec
3487 894 3505 904 ο

1882 942 2046 998 clcsia
2078 958 2207 999 vero
2250 944 2511 1015 loquitur,
2538 948 2662 1017 quia
2714 964 2836 1002 vera
2869 950 3087 1020 Deoque
3130 963 3490 1011 consentanea

1883 1033 2128 1088 adoratio
2159 1034 2245 1089 illa
2279 1035 2392 1106 ipsa
2414 1045 2514 1091 est.
2554 1036 2695 1090 Nam
2723 1037 2883 1092 Pater
2912 1040 3038 1094 tales
3058 1044 3242 1111 quterit
3261 1043 3497 1097 adorato-

1883 1140 1982 1179 res.
2014 1125 2156 1195 Ergo
2182 1126 2227 1181 si
2252 1127 2387 1183 tales
2417 1130 2715 1199 quaerebat,
2741 1147 2851 1185 non
2880 1147 2948 1189 ex
2977 1134 3259 1190 voluntate
3280 1138 3495 1205 propria

1885 1216 1991 1273 illis
2019 1219 2148 1275 olim
2182 1220 2341 1277 talem
2370 1222 2639 1276 concessit
2662 1223 2906 1288 modum,
2934 1224 3028 1279 sed
3043 1240 3110 1279 ex
3143 1225 3497 1297 indulgentia,

1885 1316 1943 1363 ut
1986 1308 2087 1364 hos
2140 1310 2304 1367 etiam
2356 1311 2741 1369 introduceret.
2775 1313 3003 1381 Quinam
3055 1331 3185 1386 ergo
3226 1327 3353 1372 sunt
3380 1320 3497 1375 veri

1884 1401 2240 1459 adoratorcs?
2264 1406 2365 1472 Qui
2387 1406 2591 1461 cultum
2634 1422 2741 1461 non
2787 1407 2907 1462 loco
2942 1408 3408 1477 circumscribttnt,
3436 1426 3501 1467 ac

1887 1492 2054 1549 Deum
2110 1498 2160 1549 in
2205 1496 2399 1565 spiritu
2444 1496 2666 1563 colunt;
2715 1498 2855 1553 sicut
2908 1507 2963 1552 ct
3000 1498 3199 1554 Paulus
3242 1502 3358 1555 ait:
3404 1502 3500 1556 Cui

1885 1585 2046 1638 seruio
2062 1586 2114 1638 in
2135 1586 2319 1655 spiritu
2342 1604 2473 1653 meo,
2497 1588 2552 1641 in
2574 1590 2835 1660 evangelio
2856 1586 2983 1643 Filii
2994 1591 3110 1654 eius
3131 1590 3312 1661 (Rom.
3338 1593 3390 1647 1.
3407 1593 3500 1660 9);

1886 1683 1942 1730 et
1988 1675 2180 1731 iterum
2202 1718 2217 1739 ,
2262 1674 2489 1732 Obsecro
2519 1694 2607 1733 vos
2656 1688 2712 1733 ut
2742 1679 3021 1735 exhibeatis
3065 1698 3282 1751 corpora
3336 1695 3505 1737 uestra

1887 1769 2106 1823 hostiam
2128 1770 2391 1833 viventem,
2410 1769 2518 1825 Deo
2540 1773 2844 1841 placentem,
2877 1772 3180 1828 rationabile
3207 1775 3503 1843 obsequium

1888 1869 2106 1913 vestrum
2135 1859 2298 1931 (Ibid.
2330 1861 2417 1916 1Ξ.
2454 1864 2529 1933 1).
2564 1863 2701 1917 Cum
2731 1874 2909 1917 autem
2940 1853 3090 1931 dicii,
3132 1864 3225 1919 24.
3273 1864 3504 1935 Spiritus

1889 1962 1960 2005 est
1994 1950 2158 2015 Deus,
2202 1953 2334 2008 nihil
2383 1953 2527 2009 aliud
2567 1970 2729 2024 quam
2778 1955 3159 2025 incorporeum
3216 1957 3498 2028 signiﬁcat.

1888 2042 2112 2113 Oportet
2145 2044 2306 2115 igitur
2328 2046 2633 2117 incorporei
2657 2047 2862 2101 cultum
2889 2048 3051 2102 etiam
3080 2048 3241 2104 talem
3274 2065 3415 2117 esse,
3448 2061 3505 2106 et

1890 2150 1987 2205 per
2016 2135 2068 2190 id
2098 2136 2241 2203 quod
2272 2136 2650 2207 incorporeum
2682 2139 2733 2192 in
2764 2139 2921 2194 nobis
2949 2150 3032 2195 est
3056 2139 3272 2206 offerri;
3318 2140 3370 2196 id
3395 2152 3499 2207 cst,

1893 2242 1989 2295 per
2016 2228 2251 2282 animam
2274 2237 2329 2285 et
2356 2244 2453 2299 per
2496 2230 2695 2299 mentis
2724 2230 3036 2300 puritatem.
3070 2230 3275 2287 Idcirco
3296 2233 3403 2287 ait-
3436 2232 3503 2287 Et

1891 2317 2190 2372 adoratores
2229 2318 2359 2389 ejus,
2388 2320 2440 2375 in
2468 2320 2655 2389 spiritu
2697 2331 2745 2375 et
2772 2322 2980 2376 veritate
3026 2331 3220 2390 oportet
3262 2324 3501 2378 adorare.

1892 2409 2026 2462 Cum
2056 2410 2199 2464 enim
2231 2419 2285 2465 ct
2317 2409 2390 2465 illi
2422 2419 2477 2466 et
2504 2410 2674 2465 Judtei
2706 2412 2942 2468 animam
2972 2413 3329 2484 negligereut,
3365 2418 3505 2470 ntul-

1895 2510 2111 2571 tamquc
2154 2504 2633 2573 corporis-curam
2684 2514 2958 2575 gererent,
3003 2507 3284 2577 ipsumque
3330 2510 3505 2564 omni-

1898 2594 2053 2649 mode
2081 2605 2391 2667 purgarent,
2420 2596 2551 2653 dicit
2573 2612 2679 2651 non
2708 2599 2955 2668 corporis
2983 2600 3239 2669 puritate,
3289 2602 3382 2656 sed
3415 2603 3506 2657 illo

1895 2689 2036 2759 quod
2068 2692 2444 2762 incorporeum
2483 2694 2535 2747 in
2580 2691 2740 2749 nobis
2782 2702 2886 2759 est,
2936 2696 3143 2750 scilicet
3193 2706 3394 2762 mente,
3425 2698 3507 2753 in-

1896 2796 2218 2850 corporeum
2250 2797 2371 2839 esse
2399 2783 2707 2839 colendum.
2730 2783 2811 2841 Ne
2842 2785 3022 2860 itaque
3042 2800 3171 2842 oves
3198 2796 3253 2842 et
3283 2788 3504 2856 vitulos,

1896 2872 1991 2927 sed
2016 2872 2243 2942 teipsum
2276 2872 2412 2928 oller
2441 2874 2552 2929 Deo
2572 2876 2622 2929 in
2655 2876 3026 2931 holocaustum
3062 2895 3075 2932 :
3109 2877 3211 2934 hoc
3245 2890 3328 2935 est
3358 2882 3503 2934 enim

1901 2963 2130 3018 hostiam
2159 2968 2425 3020 viventem
2454 2966 2728 3021 exhibere.
2782 2968 2837 3021 In
2865 2970 3088 3024 veritate
3125 2986 3354 3042 namque
3378 2972 3509 3027 ado-

1898 3071 2020 3109 rare
2047 3064 2277 3125 oportet.
2314 3055 2384 3112 Ut
2435 3058 2611 3126 priora
2645 3067 2802 3129 typus
2830 3069 3003 3123 erant,
3052 3077 3247 3132 nempe
3274 3064 3505 3119 circum-

1898 3147 2054 3214 cisio,
2092 3146 2430 3215 holocausta,
2485 3150 2771 3227 sacriljcia,
2817 3152 3134 3221 incensum;
3168 3172 3311 3213 nunc
3362 3168 3509 3213 certe

1901 3256 2007 3293 non
2038 3241 2197 3306 item;
2230 3240 2324 3295 sed
2351 3242 2532 3296 omnia
2557 3243 2776 3298 veritas.
2808 3244 2925 3300 Non
2947 3248 3091 3300 enim
3118 3263 3246 3304 caro
3267 3250 3505 3306 circum-

1900 3331 2149 3395 cidenda,
2193 3331 2289 3387 sed
2335 3332 2585 3403 maligna:
2612 3335 2991 3404 cogitationes,
3018 3352 3083 3391 ac
3105 3339 3343 3409 seipsum
3375 3356 3507 3396 cru--

1900 3422 2120 3492 ciligere
2141 3432 2377 3492 oportet,
2410 3422 2780 3494 absurdasque
2805 3428 3272 3497 concupiscentias
3317 3432 3511 3488 tollere

1901 3522 1955 3568 et
1980 3514 2279 3569 immolare.
2315 3514 2443 3569 Haec
2475 3515 2691 3570 mulieri
2726 3517 2955 3573 obscura
2978 3520 3090 3574 visa
3132 3529 3297 3576 sunt:
3328 3522 3509 3579 dicto-

1903 3619 2019 3657 rum
2053 3603 2439 3659 sublimitatem
2462 3620 2567 3659 non
2598 3618 2889 3676 assequuta
2920 3610 3032 3675 illa,
3053 3620 3107 3666 et
3130 3610 3361 3679 haerens,
3385 3614 3511 3670 audi

1902 3696 2029 3766 quid
2074 3696 2217 3752 dicat
2267 3714 2279 3753 :
2326 3698 2417 3755 25.
2452 3697 2575 3754 Scio
2628 3701 2748 3768 quia
2777 3702 2910 3755 venit
2955 3702 3172 3759 Messias
3196 3706 3285 3772 qui
3329 3707 3514 3761 dicitur

1903 3787 2134 3843 Christus
2154 3804 2176 3843 :
2196 3806 2308 3843 cum
2335 3792 2524 3845 venerit
2547 3792 2655 3860 ille,
2687 3794 3007 3850 annuntiabt't
3032 3796 3178 3852 nobis
3202 3801 3397 3859 omnia.
3419 3800 3512 3855 215.

1907 3879 2041 3934 Dicit
2062 3884 2108 3935 ei
2126 3879 2164 3934 Ι
2166 3898 2282 3937 esus
2301 3898 2319 3935 :
2346 3881 2453 3954 Ego
2465 3900 2575 3939 sum
2592 3885 2679 3954 qui
2708 3886 2889 3957 loquor
2913 3898 3096 3943 tecum.
3114 3888 3181 3945 Et
3202 3890 3342 3946 unde
3358 3891 3515 3947 Chri-

1904 3975 1970 4029 sti
2012 3974 2303 4030 adventum
2354 3976 2747 4043 esspectabant
2798 3977 3143 4046 Samaritani,
3193 3981 3286 4050 qui
3333 3985 3508 4037 solum

1906 4064 2144 4136 Iloysem
2183 4066 2549 4135 recipiebant?
2579 4067 2663 4124 Ex
2689 4068 2819 4139 ipsis
2862 4068 3062 4143 Moysis
3108 4072 3347 4143 scriptis.
3379 4073 3513 4129 Nam

1908 4160 1958 4213 in
1989 4160 2253 4231 principio
2284 4160 2477 4215 Filium
2511 4162 2786 4218 revelavit.
2820 4163 2959 4219 illud
3009 4166 3193 4221 enim:
3241 4165 3518 4222 Faciamus

1908 4250 2160 4305 hominem
2205 4250 2274 4304 ad
2298 4252 2573 4321 imaginem
2604 4262 2650 4307 et
2689 4254 3072 4310 similitudinem
3104 4266 3330 4311 nostram
3363 4258 3515 4329 (Ceu.

1911 4346 1962 4400 1.
1990 4344 2112 4417 26),
2148 4345 2213 4400 ad
2244 4344 2438 4399 Filium
2467 4346 2673 4402 dictum
2708 4346 2913 4413 fuerat;
2942 4359 2994 4404 et
3015 4349 3325 4406 Abrahanto
3354 4352 3405 4407 itt
3435 4363 3517 4407 ta-

1908 4436 2202 4492 bernaculo
2230 4437 2398 4491 Filius
2429 4437 2701 4507 loquitur;
2751 4450 2806 4493 et
2855 4439 3023 4495 Jacob
3051 4440 3121 4496 de
3160 4441 3252 4497 illo
3284 4445 3517 4513 prophe-

1909 4530 2014 4584 tice
2030 4528 2274 4599 praedicit
2306 4546 2319 4583 :
2355 4527 2477 4587 Non
2506 4530 2708 4595 deﬁciet
2725 4531 2964 4602 princeps
2994 4532 3058 4587 de
3072 4532 3104 4586 J
3114 4534 3239 4598 uda,
3286 4551 3379 4589 nec
3409 4536 3519 4589 dua:

1908 4624 1970 4675 de
2000 4623 2277 4693 feruoribus
2301 4623 2433 4693 ejus,
2468 4618 2628 4677 donec
2656 4626 2823 4679 veniat
2855 4626 2897 4679 is
2938 4627 3021 4679 cui
3051 4628 3327 4697 repositum
3350 4638 3444 4693 est,
3473 4639 3518 4683 et

1907 4716 2017 4785 ipse
2056 4715 2362 4785 exspectatio
2391 4716 2635 4786 gentium.
2672 4715 2828 4785 (Cen.
2859 4716 2949 4771 «i9.
2998 4718 3114 4787 10).
3162 4719 3280 4789 Ipse
3302 4735 3519 4791 quoque

1908 4806 2120 4877 Moyses
2140 4808 2215 4861 ait
2242 4825 2255 4861 :
2290 4806 2606 4876 PrOphetam
2622 4810 2760 4862 vobis
2779 4810 3042 4864 suscitabit
3071 4810 3320 4867 Dominus
3339 4811 3483 4868 Deus
3499 4856 3513 4875 ,
3542 4806 3566 4823 ’

1908 4900 1971 4954 de
1999 4900 2244 4968 fratribus
2274 4900 2453 4954 vestris
2477 4901 2606 4954 sicut
2634 4917 2746 4965 me;
2772 4902 2942 4971 ipsum
2966 4903 3185 4958 audietis
3212 4904 3390 4975 (Deut.
3428 4907 3517 4962 18.

1911 4990 2023 5060 15).
2050 4991 2180 5045 Ιιεηι
2206 5005 2327 5060 qua:
2354 4990 2422 5045 de
2443 5000 2716 5059 serpente,
2748 4992 2814 5046 de
2838 4992 2983 5062 virga
3018 4992 3219 5066 Moysis
3239 4994 3337 5055 ,de
3372 4996 3518 5051 Isaac

1907 5082 2049 5137 etde
2074 5097 2195 5146 ove,
2245 5082 2521 5153 multaque
2562 5083 2688 5147 alia,
2729 5082 2851 5153 quis
2880 5083 3136 5155 colligere
3182 5087 3372 5156 possit,
3397 5104 3518 5159 qua:

1829 5221 1835 5227 .
1910 5174 2199 5229 atltentutn
2245 5174 2384 5229 Illius
2441 5173 2831 5242 pratdicebant.
2866 5176 2933 5231 Et
2982 5193 3122 5242 cur,
3153 5178 3381 5248 inquies,
3435 5180 3517 5233 his

1908 5266 2154 5322 Christus
2193 5280 2301 5320 non
2325 5280 2454 5320 usus
2479 5274 2564 5321 est
2595 5274 2651 5321 ttt
2678 5267 2889 5323 mulieri
2923 5268 3193 5336 suaderet,
3222 5269 3317 5325 sed
3342 5271 3509 5326 Nico-

1908 5360 2068 5416 demo
2098 5368 2406 5429 serpentem
2439 5359 2680 5430 protulit,
2710 5360 3024 5419 Nalhauaeli
3043 5364 3515 5434 prOphetiascnm-

1910 5452 2258 5514 memoravit;
2286 5450 2409 5507 huic
2445 5467 2577 5507 vero
2599 5454 2731 5507 nihil
2761 5454 2941 5509 simile
2972 5454 3150 5509 dixit?
3176 5457 3287 5512 Cur
3316 5470 3370 5513 et
3408 5476 3510 5528 qua

1906 5543 1976 5598 de
2004 5544 2201 5598 causa?
2231 5542 2365 5610 Quia
2394 5542 2468 5597 illi
2486 5543 2582 5597 viri
2611 5552 2787 5610 erant,
2835 5545 2927 5615 qui
2961 5547 3013 5600 in
3042 5545 3128 5601 his
3157 5548 3513 5603 versabantur

1909 5636 2101 5700 rebus;
2150 5634 2265 5690 haac
2303 5650 2430 5690 vero
2461 5634 2657 5690 tnulicr
2704 5636 2879 5707 inops,
2912 5638 3081 5703 rudis,
3112 5638 3509 5709 Scripturarutu

1907 5744 2121 5798 expers.
2149 5728 2380 5799 Ideoque
2399 5743 2505 5784 non
2538 5728 2627 5784 illa
2650 5730 2933 5785 mulierem
2951 5731 3228 5801 alloquens
3249 5732 3465 5788 adhibet
3488 5752 3508 5800 ;

1908 5822 2002 5877 sed
2034 5839 2097 5878 ex
2128 5838 2263 5893 aqua
2296 5837 2472 5892 exque
2518 5822 2799 5897 prophetia
2860 5823 3005 5878 illaut
3033 5823 3281 5888 attrahit,
3314 5839 3377 5880 ac
3410 5841 3516 5898 per

1912 5915 1999 5969 illa
2036 5917 2302 5969 Christum
2344 5914 2394 5969 itt
2439 5915 2750 5969 memoriam
2785 5924 3023 5982 revocat,
3057 5930 3118 5969 ac
3147 5917 3385 5987 scipsum
3418 5916 3511 5970 do-

2102 6032 2147 6085 ι
3084 6010 3159 6068 12
