4102 6482
635 443 729 500 I9!

627 573 782 614 mum
835 553 1056 611 revelat.
1110 552 1238 620 Qua
1272 551 1331 606 si
1376 551 1525 606 initio
1574 563 1678 604 non
1705 544 1961 618 quarenti
2002 539 2209 598 mulieri

624 649 871 713 dixisset,
898 645 1041 700 visus
1070 642 1257 698 fuisset
1282 642 1334 698 ei
1357 642 1583 697 delirare
1612 649 1667 696 et
1693 638 1860 693 futilis
1882 635 2044 706 loqui.
2063 633 2214 689 Nunc

633 748 810 794 autem
869 733 1122 805 paulatim
1154 731 1228 786 illi
1276 731 1589 786 memoriam
1643 741 1922 792 revocans,
1953 734 2213 794 oportune

632 845 752 887 sese
778 827 995 883 revelat.
1024 823 1090 880 Et
1117 822 1329 894 quidem
1359 821 1558 878 Judais
1581 834 1726 888 sape
1751 817 2071 880 dicentibus,
2110 811 2213 869 Us-

632 936 827 991 quequo
878 917 1103 972 animam
1157 924 1383 970 nostram
1439 910 1617 967 tollis?
1644 908 1742 964 Dic
1793 909 1935 962 nobis
1979 908 2023 960 si
2081 916 2134 960 tu
2165 921 2216 959 es

634 1010 866 1066 Christus
898 1007 1073 1079 (Joau.
1133 1005 1216 1060 10.
1255 1004 1347 1074 2t)
1377 1021 1390 1055 :
1423 1002 1506 1056 his
1555 1015 1658 1054 non
1707 999 1854 1054 clare
1901 994 2212 1065 respondit;

635 1102 762 1157 huic
785 1115 913 1156 vero
940 1096 1223 1154 manifeste
1238 1096 1369 1151 dixit
1389 1109 1448 1150 se
1472 1093 1741 1149 Christum
1773 1105 1893 1146 esse
1917 1108 1930 1144 :
1965 1103 2084 1143 nam
2107 1101 2217 1141 me-

635 1194 737 1246 lius
761 1191 952 1245 aﬂ‘ecta
977 1187 1169 1243 mulier
1192 1195 1327 1253 erat,
1351 1199 1508 1254 quam
1539 1181 1729 1240 Judai.
1745 1180 1825 1235 llli
1851 1179 1991 1233 enim
2021 1191 2124 1231 non
2148 1174 2214 1229 ad

634 1281 941 1336 discendum
971 1277 1309 1349 quarebant,
1336 1273 1431 1330 sed
1451 1284 1508 1328 ut
1535 1273 1707 1343 ipsum
1736 1286 1950 1340 semper
1971 1265 2217 1322 traduce-

636 1381 772 1427 rent.
795 1371 925 1426 Nam
951 1371 998 1425 si
1031 1371 1242 1426 discere
1263 1367 1580 1428 voluissent,
1610 1365 1737 1419 satis
1765 1362 1951 1418 fuisset
1980 1360 2214 1415 doctrina

633 1463 940 1524 verborum.
971 1459 1392 1530 Scripturarum,
1413 1457 1706 1524 signorum.
1730 1454 1819 1508 Illa
1842 1467 1968 1508 vero
1991 1448 2218 1518 simplici

632 1562 816 1609 mente
840 1562 895 1607 et
917 1551 1128 1606 sincero
1153 1549 1344 1604 aﬂ'ectu
1368 1548 1707 1618 loquebatur,
1746 1557 1800 1600 ut
1829 1545 2002 1614 palam
2029 1551 2113 1597 est
2153 1558 2219 1597 ex

636 1644 704 1698 iis
736 1657 856 1713 qua
880 1650 1060 1710 postea
1089 1640 1234 1694 fecit.
1267 1638 1400 1692 Nam
1429 1639 1630 1691 audivit
1658 1647 1710 1691 et
1739 1635 1982 1697 credidit.
2011 1643 2065 1689 et
2085 1634 2220 1690 alios

638 1732 706 1787 ad
737 1731 1063 1787 credendum
1095 1729 1321 1793 induxit,
1351 1728 1403 1781 in
1427 1729 1781 1796 omnibusque
1806 1726 1989 1781 videre
2003 1737 2086 1779 est
2107 1741 2223 1779 mu-

635 1822 780 1877 lieris
807 1821 1138 1890 diligentiam
1167 1828 1221 1873 et
1247 1817 1429 1872 iidem.
1458 1818 1548 1871 27.
1598 1814 1666 1869 Et
1691 1823 1949 1880 continuo
1981 1826 2220 1870 venerunt

635 1913 870 1981 discipuli
895 1913 1021 1982 ejus.
1047 1909 1391 1979 Tempestive
1420 1908 1786 1971 advenerunt,
1827 1923 1949 1962 cum
1978 1908 2220 1962 doctrina

634 2004 744 2072 jam
772 2001 1010 2072 perfecte
1031 1999 1230 2054 tradita
1283 2007 1447 2053 esset.
1499 1997 1571 2052 Et
1599 1998 1913 2051 mirabantur
1947 2000 2082 2068 quod
2110 2014 2223 2052 cum

637 2094 849 2147 muliere
886 2093 1185 2160 loqueretur.
1229 2087 1395 2143 Nemo
1446 2098 1611 2142 tamen
1650 2089 1795 2156 dixit,
1830 2088 1965 2154 Quid
2001 2089 2225 2159 quieris?

635 2194 744 2247 aut,
780 2181 912 2248 Quid
937 2180 1160 2250 loqueris
1193 2195 1308 2233 cum
1334 2195 1392 2232 ea
1418 2179 1444 2231 ?

706 2274 760 2328 ὅ.
791 2272 924 2340 Quid
952 2270 1317 2325 mirabantur?
1346 2269 1696 2336 Facilitatem,
1715 2269 2072 2325 humilitatem
2101 2280 2216 2325 tan-

637 2374 782 2428 tam;
809 2361 949 2432 quod
974 2371 1078 2415 tam
1107 2361 1425 2430 conspicuus
1467 2375 1588 2414 cum
1628 2371 1791 2425 esset,
1846 2376 1913 2416 eo
1948 2375 2005 2415 se
2034 2360 2224 2416 demit~

640 2465 754 2509 tere
800 2453 1126 2523 dignaretur,
1158 2463 1216 2505 ut
1243 2450 1519 2506 mulierem
1565 2452 1798 2520 inopem,
1836 2450 2223 2506 Samaritanam

638 2543 1018 2612 alloqueretur.
1075 2542 1329 2595 Attamen
1372 2541 1492 2595 licet
1535 2539 1847 2609 stupefacti,
1885 2554 2096 2595 causam
2122 2556 2224 2595 non

638 2632 998 2703 quaesierunt;
1030 2631 1100 2685 ita
1130 2646 1324 2701 nempe
1350 2631 1576 2685 instituti
1622 2641 1772 2685 erant
1797 2673 1811 2696 ,
1843 2640 1898 2685 ut
1937 2631 2225 2701 discipulo-

640 2737 758 2775 rum
778 2735 990 2789 semper
1010 2720 1251 2775 ordinem
1283 2728 1525 2775 tenerent
1551 2738 1563 2774 :
1593 2721 1663 2774 ita
1689 2722 1858 2789 ipsum
1887 2723 2143 2778 timebant
2163 2739 2228 2779 ac

642 2810 1044 2865 reverebantur.
1089 2810 1310 2865 Etiamsi
1359 2810 1502 2865 enim
1557 2810 1792 2866 nondum
1842 2812 2054 2882 dignam
2109 2816 2224 2883 ejus

642 2901 1088 2956 existimationem
1153 2899 1447 2966 haberent,
1517 2909 1572 2954 at
1634 2901 1783 2969 quasi
1855 2902 2224 2959 admirandum

643 2992 926 3063 quemdam
952 2993 1123 3046 virum
1147 2992 1318 3061 ipsum
1347 2990 1709 3062 suspiciebant
1737 2993 2222 3065 observabantque.

646 3086 902 3138 Attamen
928 3097 1072 3153 sape
1100 3081 1440 3137 audentiores
1481 3083 1580 3136 visi
1605 3091 1751 3147 sunt,
1780 3093 1836 3136 ut
1856 3098 1975 3137 cum
1997 3083 2228 3141 Joannes

649 3185 808 3241 supra
838 3181 1023 3241 pectus
1058 3171 1173 3240 ejus
1196 3171 1474 3236 recubuit;
1516 3180 1571 3226 et
1608 3186 1727 3226 cum
1776 3183 2117 3228 accesserunt
2164 3177 2229 3231 ad

649 3279 770 3319 eum
792 3265 1044 3328 dicentes,
1070 3264 1196 3331 Quis
1213 3267 1376 3332 maior
1392 3275 1464 3318 est
1483 3265 1538 3318 in
1558 3283 1710 3336 regno
1727 3267 1968 3321 calorum
1996 3269 2016 3339 (
2040 3269 2227 3323 Matth.

649 3355 736 3411 i8.
765 3356 790 3410 ι
816 3357 868 3424 )1
912 3370 1033 3409 cum
1069 3356 1160 3409 ﬁlii
1181 3355 1429 3411 Zebedai
1473 3367 1662 3427 rogant
1694 3368 1751 3411 ut
1778 3359 1915 3414 alter
1947 3375 1978 3414 a
2006 3362 2227 3430 (lustris,

650 3447 788 3500 alter
826 3461 854 3498 a
894 3447 1124 3500 sinistris
1149 3445 1332 3501 sedeat
1361 3444 1553 3516 (Marc.
1584 3448 1668 3502 l0.
1704 3450 1788 3504 35.
1822 3452 1886 3505 37
1912 3449 1952 3522 ).
1979 3451 2084 3505 Cur
2104 3468 2232 3524 ergo

652 3539 738 3591 hic
779 3553 882 3591 non
944 3537 1374 3607 iuterrogarunt?
1425 3539 1557 3607 Quia
1608 3553 1730 3597 tunc
1792 3558 1913 3598 cum
1961 3545 2028 3599 de
2074 3547 2233 3603 rebus

651 3630 762 3683 suis
789 3639 1054 3698 ageretur,
1102 3632 1404 3684 necessario
1461 3634 1900 3701 sciscitabantur;
1947 3637 2032 3691 hic
2057 3649 2233 3694 autem

653 3734 740 3774 res
784 3719 911 3773 nihil
953 3720 1017 3773 ad
1055 3734 1148 3773 eos
1196 3723 1514 3788 pertinebat.
1565 3722 1800 3782 Joannes
1839 3737 2016 3783 autem
2069 3733 2238 3787 multo

654 3819 777 3877 post
807 3817 1044 3878 tempore
1075 3808 1174 3862 hoe
1205 3809 1379 3866 facere
1405 3813 1629 3878 solebat,
1663 3818 1874 3884 quando
1897 3819 2092 3874 Christi
2113 3836 2236 3892 erga

652 3913 715 3953 se
755 3899 1040 3954 dilectione
1083 3899 1270 3964 fretus,
1303 3903 1471 3972 magis
1512 3902 1706 3960 ﬁdebat
1741 3925 1753 3960 :
1787 3907 1886 3960 Hic
1915 3910 2047 3963 enim
2097 3921 2238 3977 erat,

654 3989 842 4057 inquit,
884 4005 1029 4058 quem
1072 3990 1309 4060 diligebat
1356 3992 1507 4046 Iesus
1558 3992 1752 4062 (Joan.
1815 3999 1903 4053 i9.
1939 3998 2070 4070 26).
2103 4001 2241 4068 Quid

655 4079 781 4133 huic
834 4078 1145 4133 beatitudini
1173 4081 1302 4150 par?
1354 4081 1547 4136 Verum
1596 4101 1698 4140 non
1730 4086 1814 4140 hic
1838 4088 2058 4157 gradum
2090 4092 2244 4145 sista-

656 4184 797 4233 mus,
829 4169 1030 4236 dilecti,
1060 4179 1116 4224 nt
1159 4173 1456 4241 apostolum
1499 4177 1708 4231 beatum
1739 4181 2119 4248 pradicemus;
2149 4185 2242 4240 sed

659 4260 793 4315 nihil
820 4275 925 4314 non
955 4276 1173 4332 agamus
1200 4273 1257 4318 ut
1280 4263 1332 4318 in
1378 4265 1655 4322 beatorum
1701 4287 1925 4326 numero
1958 4289 2244 4330 accensea-

659 4368 806 4418 mur;
831 4354 1098 4408 imitemur
1120 4357 1522 4424 evangelistam,
1547 4370 1596 4412 et
1624 4361 1898 4417 videamus
1927 4365 2050 4433 quid
2074 4380 2248 4421 causa

660 4443 835 4507 fuerit,
861 4442 998 4511 quod
1035 4452 1232 4497 tantam
1260 4445 1357 4500 sibi
1389 4445 1585 4501 Christi
1637 4449 1978 4507 dilectionem
2011 4456 2250 4511 attrahe-

662 4540 770 4587 ret.
797 4532 1049 4597 Quanam
1098 4527 1253 4588 eiusa
1286 4534 1422 4589 fuit?
1452 4537 1662 4592 Patrem
1710 4542 1918 4610 reliquit
1945 4555 1996 4597 et
2037 4547 2251 4601 navicu-

661 4621 766 4676 lam
798 4630 852 4674 et
877 4633 1012 4689 rete,
1043 4632 1099 4677 et
1133 4623 1314 4679 Jesum
1346 4627 1602 4696 seq‘uutus
1653 4639 1757 4684 est.
1805 4630 1999 4687 Verum
2043 4635 2144 4689 hoc
2174 4637 2248 4691 illi

668 4727 952 4766 oommune
981 4729 1100 4767 cum
1139 4714 1303 4770 fratre
1346 4732 1442 4771 suo
1471 4729 1582 4773 erat
1606 4761 1620 4786 ,
1655 4723 1888 4791 itemque
1929 4741 2047 4779 cum
2093 4727 2252 4784 Petro

664 4814 717 4854 et
748 4802 979 4869 Andrea,
1016 4813 1071 4858 ct
1100 4819 1219 4858 cum
1257 4809 1467 4861 cateris
1497 4811 1778 4877 apostolis.
1810 4803 1944 4879 Quid
1996 4831 2122 4885 ergo
2143 4819 2253 4871 exi-

668 4892 1063 4956 mium-habuit,
1095 4896 1234 4963 quod
1266 4906 1461 4952 tantam
1495 4899 1592 4967 ipsi
1621 4900 1960 4959 dilectionem
1998 4908 2247 4961 concilia-

669 4987 900 5043 ret?llle
926 4989 991 5044 de
1036 4990 1216 5059 seipso
1242 4991 1373 5045 nihil
1414 4993 1714 5062 hujusmodi
1758 4996 1908 5062 dixit,
1939 5000 2038 5053 nisi
2084 5003 2252 5057 solum

667 5083 809 5151 quod
831 5083 1168 5154 diligeretur;
1198 5102 1414 5142 causam
1446 5105 1572 5143 vero
1599 5105 1694 5144 cur
1724 5091 2033 5162 diligeretur
2066 5097 2252 5151 mode-

669 5187 750 5230 ste
793 5179 972 5231 tacuit.
1006 5179 1155 5243 Quod
1188 5181 1328 5233 enim
1383 5182 1578 5236 eximie
1625 5199 1652 5234 a
1684 5183 1898 5239 Christo
1949 5187 2256 5256 diligeretur

672 5267 921 5320 omnibus
945 5269 1116 5336 palam
1140 5280 1253 5325 erat
1281 5289 1293 5323 :
1318 5282 1551 5327 attamen
1580 5289 1682 5328 non
1706 5276 2052 5332 observamus
2084 5281 2254 5348 ipsum

673 5356 1053 5424 alloquentem,
1084 5375 1144 5414 ac
1183 5365 1404 5416 seorsim
1437 5366 1820 5434 sciscitantem,
1854 5380 1911 5422 ut
1965 5369 2088 5424 fecit
2119 5389 2259 5440 sape

675 5445 883 5510 Petrus,
917 5459 973 5503 ut
1004 5450 1300 5521 Philippus,
1336 5463 1390 5508 ut
1417 5455 1603 5520 Judas,
1635 5467 1691 5511 ut
1718 5458 1985 5525 Thomas;
2012 5463 2110 5516 nisi
2147 5474 2260 5517 tan-

680 5550 790 5591 tum
815 5543 976 5595 semel
1005 5543 1056 5596 in
1078 5545 1300 5613 gratiam
1325 5550 1616 5614 coapostoli
1645 5550 1725 5603 sui
1751 5553 1987 5618 rogantis
2016 5568 2095 5607 se.
2130 5555 2260 5609 Nam

677 5628 932 5686 innuente
961 5635 1324 5702 apostolorum
1354 5640 1656 5709 coryphao,
1690 5651 1814 5695 tunc
1845 5647 2150 5699 necessario
2179 5649 2260 5700 in-

681 5724 994 5791 terrogavit;
1039 5726 1088 5778 hi
1121 5727 1268 5780 enim
1293 5736 1476 5781 mutuo
1520 5743 1579 5783 se
1631 5745 1811 5787 amore
1840 5733 2144 5803 diligebant.
2177 5736 2263 5791 Sic

679 5812 734 5865 in
764 5816 1009 5886 templum
1049 5818 1202 5874 simul
1232 5820 1554 5888 ascendisse,
1584 5823 1739 5878 simul
1771 5827 2111 5883 coneionatos
2142 5843 2257 5884 esse

1971 6019 2041 6074 υ

1303 437 1357 492 S.
1395 431 1669 491 JOANNIS
1704 422 2168 488 CHRYSOSTOHI
2207 419 2524 481 ARCIIIEP.
2563 422 3090 483 CONSTANTINOP.

3797 433 3900 491 l0}

2323 554 2590 598 narratur.
2622 544 2781 615 Atqui
2807 544 2996 600 Petrus
3019 556 3195 602 tamen
3226 547 3499 603 ardentius
3528 561 3672 619 sape
3703 559 3758 605 et
3783 566 3901 606 mo-

2319 643 2471 689 vetur
2510 645 2563 691 et
2605 634 2838 704 loquitur
2887 654 2899 691 :
2948 651 3010 691 ac
3055 637 3269 692 demum
3319 637 3586 694 Christum
3633 639 3900 697 dicentem

2317 723 2466 778 audit
2515 743 2529 779 :
2569 723 2750 788 Petro,
2807 742 2950 780 antas
2993 743 3072 781 me
3105 728 3226 796 plus
3273 728 3353 783 liis
3405 729 3598 800 (Joau.
3636 729 3727 785 21.
3758 734 3902 801 i5)?

2319 815 2420 881 Qui
2460 831 2588 870 vero
2615 815 2731 885 plus
2757 819 2969 873 catcris
2995 819 3279 889 diligebat,
3312 822 3494 890 procul
3527 821 3689 877 dubio
3716 825 3903 893 dilige-

2320 903 2495 960 batur.
2519 906 2711 961 Verum
2741 907 2968 962 alterum
3000 925 3067 964 ex
3092 926 3273 965 amore
3297 926 3418 980 erga
3444 911 3646 977 Jesum,
3677 921 3903 969 alterum

2320 1011 2384 1052 ex
2413 1013 2595 1053 amore
2621 999 2745 1055 .lesu
2777 1015 2900 1071 erga
2931 1002 3079 1057 illum
3111 1003 3284 1072 palam
3314 1013 3450 1060 erat.
3488 1005 3623 1072 Quid
3656 1023 3780 1078 ergo
3825 1008 3904 1063 illi

2320 1086 2462 1143 hunc
2485 1091 2738 1146 eximium
2771 1107 3006 1148 amorem
3034 1097 3335 1150 conciliavit
3360 1100 3381 1149 τ
3425 1097 3644 1152 Videtur
3666 1100 3792 1154 mihi
3817 1101 3906 1156 ille

2321 1178 2636 1236 modestiam
2683 1191 2738 1236 et
2777 1185 3237 1239 mansuetudinem
3269 1202 3513 1257 magnam
3557 1189 3902 1245 exbihuisse:

2321 1279 2642 1338 quapropter
2679 1287 2822 1343 sape
2852 1289 2958 1329 non
2990 1277 3060 1330 ita
3089 1277 3256 1334 libere
3295 1289 3349 1333 et
3377 1278 3602 1336 lidenter
3622 1297 3780 1352 agere
3807 1282 3906 1338 de-

2321 1360 2686 1428 prehenditur.
2713 1365 2839 1422 Hac
2879 1378 3070 1437 quanta
3101 1371 3171 1424 sit
3208 1372 3395 1436 virtus,
3426 1388 3490 1427 ex
3522 1373 3704 1446 Moyse
3731 1378 3911 1448 argui-

2322 1460 2409 1504 tur
2437 1466 2596 1508 :nam
2624 1455 2738 1511 hac
2766 1458 2909 1512 illum
2943 1460 3100 1513 talem
3132 1470 3186 1514 et
3215 1469 3419 1515 tantum
3451 1463 3648 1519 ell'ccit.

2398 1541 2674 1600 Humilitas
2689 1548 3071 1616 fundamentum
3089 1553 3344 1607 virtutum.
3370 1553 3671 1610 Diuitiarum
3691 1559 3904 1613 uanitas.

2325 1630 2660 1706 Eleemosyna
2710 1640 3107 1694 commendatur.
3156 1671 3232 1683 —
3284 1643 3425 1698 Nihil
3478 1661 3571 1713 par
3627 1648 3908 1703 humilitati

2323 1734 2422 1778 est.
2453 1723 2576 1780 Ideo
2601 1727 2724 1782 hinc
2770 1730 3126 1787 beatitudiues
3155 1731 3402 1789 Christus
3447 1737 3644 1806 incepit
3673 1738 3692 1808 (
3720 1738 3906 1793 Matth.

2323 1816 2378 1871 5.
2411 1817 2495 1886 5).
2535 1816 2666 1872 Nam
2692 1823 2841 1889 quasi
2872 1823 3081 1877 adificii
3126 1825 3339 1879 maximi
3390 1825 3794 1884 fundamentum
3829 1830 3906 1900 ja-

2324 1921 2526 1973 cturus,
2575 1909 2925 1966 humilitatem
2971 1915 3196 1984 primam
3255 1919 3430 1986 posuit
3501 1918 3671 1974 Nemo
3714 1923 3911 1992 quippe

2326 2010 2500 2069 potest
2527 2001 2729 2072 absque
2753 2005 2839 2058 illa
2867 2006 3092 2061 salutem
3121 2011 3412 2079 consequi;
3436 2012 3530 2066 sed
3556 2013 3766 2067 etiamsi
3791 2017 3910 2085 quis

2323 2095 2674 2164 jejunaverit,
2723 2099 2931 2154 etiamsi
2978 2114 3230 2170 precatus
3279 2103 3349 2158 sit
3406 2105 3912 2180 eleemosynamque

2326 2187 2578 2253 erogarit,
2607 2188 2652 2240 si
2681 2188 2729 2241 id
2759 2192 2988 2259 superbe
3016 2192 3191 2259 faciat,
3222 2195 3336 2249 hac
3356 2198 3532 2250 omnia
3555 2198 3910 2254 abominanda

2328 2285 2488 2340 sunt;
2518 2285 2574 2329 ut
2601 2288 2786 2333 contra
2821 2281 2865 2334 si
2910 2281 3048 2336 adsit
3093 2283 3382 2348 humilitas,
3433 2288 3610 2341 omnia
3662 2290 3913 2359 optabilia

2327 2368 2679 2440 amabiliaque
2708 2381 2833 2428 sunt
2859 2383 2915 2428 et
2947 2389 3066 2428 cum
3108 2377 3394 2433 securitate
3437 2391 3775 2435 exercentur.
3802 2383 3915 2436 Mn-

2329 2459 2479 2515 deste
2510 2462 2669 2531 igitur
2693 2479 2932 2533 agamus,
2981 2466 3186 2534 dilecti,
3217 2469 3458 2524 modeste
3487 2485 3743 2540 agamus:
3769 2484 3916 2528 certe

2332 2551 2500 2606 facilis
2519 2554 2642 2608 hac
2660 2556 2836 2610 virtus
2860 2565 2962 2622 est,
2987 2559 3029 2612 si
3056 2559 3352 2628 vigilemus.
3375 2560 3512 2628 Quid
3538 2563 3748 2617 tandem
3783 2565 3917 2619 illud

2332 2653 2448 2710 est,
2481 2649 2552 2698 mi
2586 2645 2764 2710 homo,
2789 2648 2927 2715 quod
2958 2658 3008 2703 te
3046 2649 3096 2703 iu
3127 2654 3492 2721 arrogantiam
3542 2656 3796 2710 extollit?
3817 2673 3916 2712 an-

2335 2750 2439 2789 nou
2485 2738 2633 2792 vides
2677 2747 2880 2793 natura
2921 2741 3224 2796 vilitatem?
3264 2743 3588 2799 voluntatem
3616 2746 3681 2800 ad
3712 2748 3918 2816 lapsum

2335 2829 2596 2898 pronam?
2625 2829 2808 2899 Cogita
2839 2843 3063 2886 mortem
3097 2841 3262 2899 tuam,
3299 2845 3639 2902 peccatorum
3676 2839 3920 2894 multitu-

2333 2920 2532 2975 dinem.
2583 2921 2778 2976 Verum
2810 2923 3050 2979 fortassis
3072 2925 3140 2979 ob
3185 2927 3350 2980 multa
3378 2928 3634 2997 praclare
3662 2942 3810 3000 gesta
3837 2935 3920 2988 al-

2333 3019 2446 3066 tum
2477 3013 2654 3082 sapis?
2684 3014 2796 3069 Hoc
2825 3016 2942 3084 ipso
2965 3018 3144 3070 omnia
3174 3019 3411 3073 amittes.
3442 3021 3777 3091 Quapropter
3813 3040 3920 3080 non

2337 3111 2442 3156 tam
2469 3110 2736 3172 peccator,
2760 3121 2917 3173 quam
2948 3107 3156 3161 virtutis
3200 3118 3433 3165 sectator
3476 3112 3751 3169 modestia
3795 3131 3925 3185 opo-

2338 3210 2451 3249 ram
2479 3193 2605 3250 dare
2624 3194 2803 3250 debet.
2826 3195 3040 3263 Quare"!
3064 3197 3194 3264 Quia
3231 3199 3319 3254 ille
3343 3216 3406 3254 ex
3430 3203 3755 3259 conscientia
3782 3205 3849 3259 ad
3872 3206 3922 3260 id

2343 3287 2582 3355 cogitur;
2636 3287 2720 3340 hic
2753 3302 2898 3351 vero,
2935 3289 3034 3341 nisi
3073 3289 3360 3345 admodum
3388 3292 3588 3362 vigilet,
3635 3295 3742 3349 cito
3771 3311 3869 3350 ceu
3895 3313 3924 3349 a

2342 3385 2501 3429 vento
2521 3377 2768 3444 quapiam
2792 3376 3053 3446 abripitur
3078 3387 3131 3433 et
3148 3381 3436 3447 evanescit,
3467 3382 3605 3438 sicut
3626 3383 3928 3442 Pbarisreus

2339 3467 2448 3521 ille.
2479 3467 2584 3522 Sed
2615 3470 2935 3538 pauperibus
2960 3472 3191 3541 erogas?
3235 3473 3430 3528 Verum
3463 3490 3568 3530 non
3602 3487 3712 3543 tua,
3740 3478 3834 3533 sed
3863 3495 3929 3534 ea

2340 3576 2459 3631 qua
2507 3561 2713 3614 Domini
2771 3570 2927 3625 sunt,
2979 3579 3096 3631 qua
3126 3575 3254 3620 sunt
3296 3567 3573 3621 conservis
3598 3571 3928 3627 communia.

2344 3651 2573 3720 Ideoque
2601 3651 2875 3706 humiliter
2910 3653 3268 3720 sentiendum,
3318 3655 3446 3711 dum
3471 3657 3524 3711 in
3551 3659 3929 3715 contribulium

2344 3741 2754 3808 calamitatibus,
2802 3757 2921 3811 qua
2959 3742 3053 3797 tibi
3110 3744 3312 3799 instent
3339 3747 3621 3814 pravides,
3648 3760 3700 3803 et
3727 3759 3933 3806 natura

2348 3842 2449 3886 tua
2475 3832 2836 3888 conditionem
2872 3833 2923 3886 in
2954 3834 3071 3888 aliis
3092 3834 3306 3890 ediscis.
3336 3835 3586 3894 Fortasse
3613 3855 3711 3895 nos
3736 3841 3935 3896 talibus

2347 3924 2447 3978 orti
2488 3939 2670 3978 sumus
2717 3926 3170 3994 progenitoribus.
3216 3927 3365 3994 Quod
3409 3931 3452 3983 si
3503 3931 3704 3987 divitia
3741 3933 3808 3988 ad
3838 3951 3937 3990 nos

2349 4015 2629 4078 transiere,
2665 4017 2784 4070 illas
2830 4016 2967 4070 haud
3013 4018 3173 4075 dubie
3214 4020 3597 4090 relinquemus.
3639 4024 3777 4089 Quid
3806 4041 3937 4081 vero

2347 4116 2470 4161 sunt
2495 4107 2730 4161 divitia?
2758 4108 2950 4162 Umbra
2993 4109 3166 4165 inanis
3191 4153 3204 4178 ,
3250 4111 3426 4167 fumus
3454 4129 3781 4172 evanescens
3837 4118 3936 4173 llos

2349 4198 2499 4264 fani,
2544 4200 2651 4254 imo
2680 4199 2812 4255 flore
2837 4211 2961 4255 sunt
2986 4203 3224 4258 viliores.
3255 4204 3364 4258 Cur
3389 4205 3455 4260 de
3485 4206 3631 4262 fano
3656 4209 3822 4263 altum
3847 4226 3937 4265 sa-

2355 4288 2472 4356 pis?
2495 4287 2684 4344 Nonne
2713 4298 2766 4342 et
2808 4289 3035 4353 furibus,
3064 4301 3120 4345 et
3166 4293 3439 4360 mollibus,
3468 4305 3522 4350 et
3564 4301 3940 4356 meretricibus

2354 4387 2408 4431 et
2430 4379 2793 4446 sepulcrorum
2822 4381 3168 4438 effossoribus
3195 4383 3394 4439 divitia
3415 4387 3711 4444 accedunt?
3741 4391 3941 4448 ldeone

2355 4467 2663 4522 intumescis
2688 4469 2830 4539 quod
2862 4472 2995 4528 tales
3025 4488 3184 4542 opum
3232 4486 3511 4532 consortes
3539 4477 3781 4535 habeas?
3835 4483 3940 4540 Sed

2355 4557 2572 4612 honoris
2594 4560 2816 4628 cupidus
2838 4562 2934 4616 es?
2967 4563 3162 4618 Verum
3192 4566 3321 4620 nihil
3364 4571 3428 4622 ad
3455 4569 3710 4626 honorem
3742 4589 3942 4644 oppor-

2354 4649 2532 4702 tunius
2549 4651 2906 4722 eleemosyna.
2939 4653 3067 4707 Nam
3101 4655 3334 4713 honores
3353 4675 3419 4715 ex
3446 4661 3645 4723 divitiis
3668 4675 3721 4718 et
3749 4677 3941 4734 poten-

2357 4740 2428 4792 tia
2457 4743 2610 4808 parti,
2644 4745 2810 4798 coacti
2843 4754 2966 4798 sunt
2995 4756 3047 4802 et
3076 4748 3278 4814 odiosi;
3309 4751 3363 4806 hi
3390 4769 3516 4809 vero
3541 4771 3608 4811 ex
3641 4758 3864 4814 arbitrio
3891 4774 3945 4816 et

2358 4834 2681 4888 conscientia
2714 4834 3086 4893 honorantium
3121 4844 3418 4909 prodeunt,
3450 4863 3585 4915 quos
3630 4866 3694 4903 ne
3740 4852 3774 4905 ii
3823 4855 3945 4921 qui-

2360 4923 2478 4977 dem
2530 4927 2617 4995 qui
2669 4927 2933 4983 honorant
2990 4931 3056 4985 de
3099 4935 3274 4988 medio
3311 4939 3496 4993 tollere
3526 4951 3763 5009 possunt.
3790 4943 3943 5010 Quod

2360 5016 2401 5069 si
2433 5015 2672 5072 homines
2700 5027 2900 5073 tantam
2933 5038 3056 5093 erga
3105 5027 3500 5100 eleemosynam
3545 5047 3828 5102 erogantes
3858 5054 3945 5094 re-

2363 5110 2656 5162 verentiam
2680 5109 2891 5173 habent,
2922 5125 2975 5168 et
3001 5119 3176 5171 omnia
3215 5119 3344 5187 ipsis
3375 5122 3509 5178 bona
3537 5139 3897 5195 apprecantur
3931 5150 3943 5186 :

2362 5197 2532 5265 cogita
2583 5210 2833 5267 quantam
2863 5219 2891 5255 a
2923 5205 3150 5274 benigno
3187 5209 3297 5263 Deo
3341 5213 3641 5269 mercedem
3672 5225 3944 5288 accepturi

2363 5290 2489 5349 sint,
2522 5307 2677 5358 quam
2719 5295 3142 5351 retributionem.
3179 5300 3283 5354 llas
3326 5318 3454 5371 ergo
3475 5322 3776 5376 quaramus
3805 5311 3948 5367 divi-

2367 5379 2464 5432 tias
2516 5393 2725 5449 semper
2755 5397 3050 5450 maneutes,
3082 5404 3365 5459 numquam
3409 5393 3700 5462 fugientes;
3727 5409 3782 5452 ut
3807 5412 3861 5456 et
3890 5404 3943 5458 iu

2368 5469 2465 5524 hac
2511 5473 2613 5526 vita
2659 5476 2854 5543 magni,
2905 5487 2957 5531 et
3006 5479 3055 5532 in
3101 5481 3190 5535 illa
3236 5487 3511 5553 conspicui
3556 5490 3743 5555 simus,
3785 5505 3946 5564 atque

2367 5571 2564 5616 aterna
2594 5578 2981 5634 consequamur
3011 5569 3180 5630 bona:
3225 5576 3391 5643 gratia
3413 5585 3467 5631 et
3495 5581 3817 5650 benignitate
3845 5585 3947 5642 Do-

2370 5652 2497 5705 mini
2524 5655 2685 5707 nostri
2715 5654 2840 5711 Jesu
2862 5654 3091 5726 Christi,
3122 5663 3336 5731 quicum
3359 5665 3499 5723 Patri
3526 5671 3715 5740 gloria,
3735 5691 3949 5745 unaque

2368 5741 2582 5802 Spiritui
2613 5755 2816 5812 sancto,
2851 5763 2990 5802 nunc
3018 5758 3072 5806 et
3096 5766 3306 5822 semper
3335 5768 3389 5814 et
3420 5757 3466 5814 in
3501 5763 3692 5819 sacola
3720 5741 3946 5822 saculo-

2376 5845 2509 5888 rum.
2543 5837 2730 5890 Amen.
