4084 6528
212 463 300 523 (95

1212 448 1276 503 ΙΝ
1315 442 1630 504 ,ιοΑΝΝΕΜ
1672 441 1902 498 ΙΙΟΜΙΙι.
1949 440 2183 496 χχχιν.
2225 440 2294 494 al.
2341 439 2577 495 XXXIII.

3369 445 3475 504 ίθι

215 557 2810 598 _____________________________________..

1499 621 1847 685 HOMILIA
1893 619 2196 680 XXXIV.

211 744 286 800 28.
318 741 534 808 Reliquit
555 753 678 810 ergo
707 735 943 806 hydrians
979 747 1125 785 suam
1159 729 1360 794 mulier,
1402 736 1450 782 et
1476 727 1596 781 abiit
1623 726 1674 778 in
1697 724 1774 776 ci-

274 833 480 894 vitalem,
509 837 557 882 et
581 827 711 880 dixit
739 820 1020 878 hominibus
1050 834 1070 873 :
1087 817 1178 873 ‘29.
1213 816 1406 884 Venite,
1435 818 1594 871 uidete
1616 814 1778 867 homi-

271 937 393 986 nem,
427 919 513 988 qui
540 917 671 971 dixit
709 913 836 968 mihi
873 925 1198 982 quacumque
1219 909 1317 981 feci
1344 923 1364 963 :
1390 906 1636 977 numquid
1665 904 1777 973 ipse

271 1017 337 1064 est
364 1007 633 1063 Christus!

274 1103 319 1156 l.
347 1099 613 1155 Ferrorem
639 1094 951 1150 audientium
990 1093 1176 1147 excitat
1233 1088 1621 1161 Cltrysostomus
1663 1101 1777 1140 cum

220 1192 362 1247 urbis
385 1189 605 1252 Christi,
633 1195 736 1240 tum
763 1183 991 1255 exemplo
1015 1183 1238 1236 mulieris
1269 1180 1612 1236 Samaritana
1633 1177 1778 1245 cujus

223 1283 357 1335 etiam
380 1279 710 1332 humilitatem
731 1275 925 1329 laudat.
949 1273 1182 1328 Christus
1205 1287 1355 1342 quam
1383 1269 1448 1324 de
1479 1268 1646 1322 salute
1680 1266 1778 1321 ho-

215 1373 381 1424 minum
399 1368 668 1430 sollicitus,
687 1381 836 1436 quam
863 1365 916 1417 in
941 1362 1243 1416 inculcanda
1269 1360 1500 1414 doctrina
1523 1355 1780 1426 prudens!

213 1461 438 1515 -Μυιιο
476 1473 576 1513 nos
605 1456 816 1511 fervore
842 1461 1075 1524 oportet,
1109 1452 1277 1506 multo
1323 1449 1542 1505 excitari
1571 1444 1776 1507 studio;

213 1551 425 1620 alioquin
448 1548 707 1618 promissa
726 1546 864 1600 bona
885 1543 1136 1612 consequi
1168 1556 1271 1596 non
1295 1540 1608 1611 poterimus.
1626 1534 1779 1604 Quod

216 1641 506 1711 significans
553 1637 795 1694 Christus
842 1635 1002 1690 modo
1046 1633 1258 1703 quidem
1304 1633 1379 1686 ait
1408 1652 1422 1688 :
1450 1630 1511 1686 Si
1540 1631 1650 1698 quis
1677 1643 1778 1680 non

213 1731 377 1798 accipit
404 1745 604 1783 crucem
627 1743 796 1793 suam,
822 1733 871 1779 et
907 1722 1132 1793 sequitur
1156 1739 1253 1786 me,
1282 1738 1385 1777 non
1401 1731 1475 1776 est
1497 1737 1575 1773 me
1597 1718 1780 1787 dignus

218 1820 423 1892 (ttatth.
463 1819 544 1875 10.
575 1817 678 1891 58)
702 1833 718 1882 ;
739 1816 898 1871 modo
927 1824 1104 1870 autem
1122 1855 1136 1881 ,
1164 1812 1346 1885 lgneus
1374 1812 1485 1866 ueni
1506 1811 1698 1863 mittere
1726 1808 1780 1860 in

214 1920 373 1963 terram
392 1951 406 1977 ,
439 1919 490 1964 et
513 1908 632 1979 quid
658 1907 770 1962 volo
788 1907 890 1961 nisi
906 1916 958 1960 ut
978 1904 1283 1959 accendatur
1318 1901 1485 1975 (Luc.
1518 1900 1605 1955 12.
1633 1898 1703 1955 49
1722 1898 1780 1970 )l

215 1999 429 2071 Utroque
477 2000 642 2065 dicto,
687 1997 986 2053 ferventem
1036 1997 1419 2064 incensumque
1459 1991 1778 2060 discipulum

215 2095 370 2159 nobis,
391 2105 441 2148 ct
465 2092 536 2148 ad
563 2090 740 2146 omnia
769 2088 1044 2144 subeunda
1076 2087 1306 2158 pericula
1349 2093 1590 2155 paratum
1616 2083 1784 2154 signi-

216 2187 340 2240 ficat.
397 2183 544 2239 Talis
597 2189 715 2236 erat
765 2190 819 2236 et
865 2179 984 2234 haec
1030 2178 1223 2233 mulier
1251 2194 1264 2230 :
1295 2177 1367 2231 ita
1410 2175 1554 2230 enim
1601 2172 1781 2227 verbis

213 2276 390 2332 Christi
421 2276 639 2329 incensa
669 2282 780 2337 est,
810 2279 868 2324 ut
892 2269 1080 2326 relicta
1137 2267 1326 2340 hydria
1355 2275 1412 2322 et
1437 2279 1596 2335 aqua,
1628 2263 1782 2330 cujus

215 2366 361 2435 gratia
390 2380 456 2422 eo
474 2370 832 2425 concesserat,
863 2352 920 2417 et
948 2361 1002 2415 in
1028 2360 1212 2414 urbem
1235 2369 1542 2418 accurrens,
1569 2354 1783 2408 univer-

216 2473 320 2513 sum
351 2456 604 2528 populum
630 2454 697 2510 ad
735 2454 916 2511 Jesum
953 2452 1212 2508 traheret.
1264 2449 1460 2515 Venite,
1517 2447 1704 2516 inquit,
1737 2454 1783 2499 et

217 2552 360 2604 ridete
381 2550 656 2614 hominem,
685 2548 770 2617 qui
799 2546 928 2601 dixit
965 2545 1091 2599 mihi
1115 2544 1285 2598 omnia
1312 2555 1636 2614 quascumque
1658 2539 1779 2612 feci.

222 2637 336 2695 Vide
363 2641 620 2701 studium,
651 2640 771 2692 vide
806 2635 1164 2707 prudentiam.
1211 2633 1446 2688 Venerat
1493 2640 1552 2687 ut
1590 2644 1781 2699 aquam

218 2729 457 2793 hauriret,
490 2741 697 2786 etcum
741 2743 929 2784 verum
960 2726 1159 2782 fontem
1213 2725 1527 2790 invenisset,
1583 2721 1784 2777 fontem

218 2821 305 2876 sub
327 2837 544 2877 sensum
574 2819 854 2875 cadentem
903 2818 1170 2888 despexit,
1204 2825 1263 2870 ut
1289 2829 1387 2869 nos
1413 2814 1651 2879 doceret,
1683 2811 1786 2866 etsi

219 2914 392 2981 exiguo
416 2911 685 2981 exemplo,
724 2909 987 2980 spirituali
1016 2907 1272 2963 doctrina:
1302 2906 1536 2960 intentos
1557 2902 1786 2958 saecula-

219 3003 286 3057 ria
306 3015 653 3060 contemnere
681 3012 954 3072 oportere,
985 3001 1289 3070 nullamque
1315 3008 1573 3068 quantum
1601 2996 1652 3049 in
1686 3008 1786 3047 no-

219 3093 290 3148 bis
313 3105 410 3157 cst.
445 3096 664 3149 illorum
692 3095 950 3147 rationem
996 3092 1214 3145 habere.
1247 3089 1400 3158 Quod
1457 3098 1513 3143 et
1558 3087 1786 3156 apostoli

221 3185 465 3253 fecerunt,
511 3188 626 3256 ipsa
654 3199 886 3256 quoque,
911 3185 1018 3239 imo
1053 3183 1347 3238 ferventius
1391 3181 1655 3251 praestitit.
1710 3178 1790 3233 Illi

221 3294 428 3354 namque
480 3279 678 3342 vocati,
725 3278 857 3331 retia
906 3275 1259 3341 dimiserunt;
1305 3275 1419 3328 haec
1447 3288 1572 3328 vero
1599 3279 1792 3341 sponte

220 3383 325 3436 sua,
351 3371 496 3424 nullo
525 3368 891 3438 przeeipientc,
920 3366 1173 3436 relinquit
1203 3365 1444 3437 hydriam
1482 3371 1537 3419 et
1561 3376 1793 3433 evange-

222 3461 447 3516 listarum
494 3460 674 3515 officio
720 3458 971 3528 fungitur,
1019 3441 1213 3528 gaudio
1243 3456 1343 3525 ipsi
1369 3456 1483 3509 alas
1527 3454 1790 3534 addente;

221 3568 374 3620 neque
419 3566 588 3606 unum
631 3559 722 3604 aut
763 3550 1014 3614 alterum,
1048 3557 1108 3602 ut
1140 3546 1382 3602 Andreas
1402 3555 1456 3600 et
1483 3545 1792 3613 Philippus,

222 3642 301 3696 Sed
326 3644 626 3697 universam
649 3649 950 3696 commovet
977 3640 1269 3704 civitatem,
1302 3646 1353 3693 et
1393 3645 1595 3690 tantum
1629 3650 1798 3704 p0pu-

224 3732 316 3784 lum
345 3733 407 3785 ad
433 3731 708 3785 Christum
733 3730 968 3784 adducit.
1014 3728 1082 3783 Et
1120 3728 1241 3782 vide
1289 3742 1449 3798 quam
1502 3723 1796 3796 prudenter

225 3824 471 3891 loquatur.
503 3823 620 3876 Non
665 3822 814 3885 dixit,
869 3819 1078 3885 Venite,
1131 3819 1308 3874 videte
1348 3816 1649 3880 Christum;
1701 3812 1797 3869 sed

223 3927 328 3967 eum
376 3914 564 3969 eadem
609 3913 1061 3980 attemperatione
1106 3925 1210 3980 qua
1242 3909 1484 3964 Christus
1515 3909 1683 3978 ipsam
1710 3921 1800 3960 ce-

224 4015 377 4072 perat,
413 4006 528 4058 illos
547 4004 734 4057 allicit.
779 4001 970 4068 Venite,
1003 4002 1196 4071 inquit,
1218 4001 1380 4054 uidete
1410 4000 1684 4062 hominem,
1713 3996 1801 4067 qui

225 4095 336 4147 dixit
363 4095 483 4147 mihi
507 4095 683 4147 omnia
706 4107 1028 4162 quwcuutque
1054 4091 1170 4161 feci.
1197 4089 1304 4145 Nec
1333 4090 1522 4161 puduit
1544 4091 1686 4144 illam
1719 4087 1800 4142 di-

225 4200 353 4250 cere,
385 4185 524 4240 Dixit
556 4185 682 4238 mihi
717 4185 887 4239 omnia
923 4198 1248 4254 quascumque
1301 4187 1435 4253 fect;
1475 4182 1577 4237 etsi
1621 4180 1802 4236 dicere

228 4277 498 4343 potuisset,
553 4274 785 4341 Venite,
836 4274 1012 4328 videte
1059 4274 1370 4344 prophetam
1404 4288 1630 4327 :veruiu
1677 4287 1800 4326 cum

225 4370 386 4424 anima
409 4371 594 4424 divino
626 4370 749 4439 igne
794 4381 1054 4424 succensa
1084 4376 1186 4432 est,
1211 4367 1340 4420 nihil
1363 4367 1501 4421 ultra
1530 4375 1801 4420 terrenum

227 4463 446 4531 respicit,
485 4475 595 4516 non
643 4459 862 4523 famam,
911 4473 1020 4513 non
1076 4456 1384 4525 infamiam;
1432 4457 1526 4512 sed
1574 4457 1804 4511 ﬂamma:

229 4561 414 4607 tantum
442 4553 640 4607 ardore
685 4561 949 4604 movetur.
985 4547 1248 4618 Numquid
1275 4549 1383 4617 ipse
1421 4557 1493 4602 est
1535 4547 1807 4602 Christus?

230 4645 594 4698 Animadverte
642 4643 832 4695 iterum
877 4655 1123 4710 magnam
1173 4639 1411 4692 mulieris
1463 4637 1801 4706 sapientiam.

230 4731 392 4805 Neque
422 4737 638 4805 penitus
659 4731 911 4798 aflirmat,
945 4745 1119 4800 neque
1167 4729 1374 4784 reticet.
1407 4727 1632 4782 Volebat
1662 4728 1804 4781 enim

232 4841 323 4878 non
347 4842 410 4880 es
434 4827 694 4896 Opinione
719 4838 814 4877 sua
843 4823 962 4878 illos
994 4820 1284 4885 inducere;
1317 4819 1411 4875 sed
1451 4820 1541 4873 illo
1581 4819 1764 4874 audito
1787 4860 1802 4885 ,

232 4914 360 4983 ipsos
384 4930 492 4970 sine
521 4915 808 4969 sententiae
829 4922 1108 4966 consortes
1134 4911 1357 4973 habere,
1389 4908 1529 4964 unde
1559 4923 1644 4963 res
1689 4923 1804 4962 ina-

229 5006 301 5071 gis
327 5005 614 5074 probabilis
639 5017 861 5058 evasura
889 5011 1028 5057 erat.
1086 5003 1248 5070 Atqui
1291 5017 1397 5054 non
1432 5009 1595 5054 totam
1646 4998 1806 5052 vitam

232 5108 366 5148 suam
396 5095 493 5165 ipsi
523 5093 774 5150 Christus
802 5092 1202 5155 declaraverat;
1253 5090 1345 5144 sed
1375 5105 1441 5144 ex
1467 5089 1624 5142 dictis
1643 5097 1806 5143 ecete-

235 5196 398 5238 rorum
421 5201 638 5256 quoque
681 5183 927 5238 notitiam
959 5181 1130 5250 ipsum
1182 5179 1380 5234 habere
1426 5180 1671 5233 credidit.
1702 5178 1810 5232 Nec

234 5273 372 5343 dixit,
397 5275 607 5339 Venite,
632 5273 869 5336 credite;
895 5272 1012 5335 scd,
1055 5269 1248 5334 Venite,
1280 5271 1460 5334 videte,
1512 5271 1651 5340 quod
1680 5284 1810 5324 sane

237 5363 388 5419 levius
418 5376 553 5429 erat,
614 5374 674 5418 et
720 5362 886 5432 magis
917 5363 1065 5431 ipsos
1089 5360 1308 5414 allicere
1351 5369 1577 5430 poterat.
1623 5358 1810 5414 Vidisti

235 5457 456 5512 mulieris
481 5455 804 5526 sapientiam
827 5455 849 5507 ?
890 5454 1109 5509 Sciebat
1137 5453 1278 5507 enim
1309 5465 1361 5508 et
1389 5454 1547 5521 plane
1588 5452 1808 5517 sciebat,

237 5545 318 5600 illo
354 5551 634 5618 degustato
681 5545 849 5612 fosile,
893 5545 1124 5614 idipsum
1156 5545 1288 5599 illis
1333 5555 1647 5599 eventurum
1691 5559 1810 5600 esse

237 5640 360 5706 quod
413 5641 512 5695 sibi
565 5647 842 5694 evenerat.
889 5638 1052 5708 Atqui
1097 5636 1234 5690 alios
1280 5637 1564 5691 crassioris
1592 5636 1810 5706 ingenii,

239 5732 652 5787 criminationem
704 5729 806 5784 sibi
859 5730 1051 5786 factam
1109 5729 1391 5784 obscurius
1442 5729 1694 5796 dixisset;
1727 5729 1812 5782 illa

240 5833 355 5877 vero
377 5826 534 5878 vitam
564 5837 722 5878 suam
750 5821 980 5876 declarat
1008 5831 1065 5874 et
1099 5822 1149 5874 in
1183 5822 1416 5876 medium
1443 5822 1655 5876 adducit
1684 5862 1699 5886 ,
1757 5827 1816 5875 nt

243 5927 410 5971 armies
449 5915 746 5970 uttrulicrct
805 5922 1140 5983 cuperetque.
1193 5913 1280 5968 51.
1323 5912 1526 5967 Interea
1574 5915 1816 5985 rogabant

1881 736 1994 772 eunt
2014 718 2255 788 discipuli
2311 721 2441 786 eius,
2491 720 2716 776 dicentes
2751 722 2974 790 :Rabbi,
3004 725 3278 778 manduca.
3309 723 3438 780 Illud
3457 766 3471 788 ,

1881 809 2172 880 Rogabont,
2225 811 2480 866 idiomate
2519 827 2620 867 suo
2657 812 2744 868 hic
2772 811 3056 884 signiﬁcat,
3090 814 3474 873 liortabantur.

1883 904 2139 959 Videntes
2181 903 2326 958 enim
2357 919 2477 958 eum
2508 919 2575 958 ex
2602 905 2794 960 itinere
2833 916 2888 961 et
2930 915 3063 961 testu
3089 906 3431 978 defatigatum
3459 951 3473 974 ,

1882 995 2232 1049 hortabantur
2259 1010 2402 1050 eum.
2444 994 2561 1050 Non
2616 998 2760 1052 enim
2792 1013 2856 1052 ex
2886 999 3178 1067 petulantia
3204 1040 3218 1060 .
3270 999 3366 1055 sed
3407 1016 3473 1055 ex

1873 1099 2065 1139 amore
2091 1084 2328 1140 doctoris
2355 1086 2421 1138 ad
2448 1087 2626 1140 cibum
2653 1087 2972 1143 sumendum
3011 1089 3303 1157 pellebant.
3335 1090 3471 1157 Quid

1882 1189 2010 1245 ergo
2033 1175 2320 1230 Christus?
2349 1176 2438 1232 52.
2472 1177 2580 1249 Ego
2603 1178 2770 1232 cibum
2794 1180 2950 1235 habeo
2975 1183 3300 1249 manducare,
3326 1199 3475 1255 quem

1883 1281 1968 1320 vos
1988 1268 2184 1319 nescitis
2214 1267 2341 1323 εδδ.
2385 1266 2633 1323 Dicebant
2661 1286 2780 1338 ergo
2821 1272 2890 1324 ad
2928 1272 3138 1326 invicem
3165 1288 3186 1327 :
3210 1271 3474 1343 Numquid

1883 1355 2065 1426 aliquis
2085 1357 2254 1409 attulit
2280 1358 2326 1410 ei
2346 1358 2650 1413 manducare
2672 1360 2697 1412 ἰ)
2717 1360 2852 1427 Quid
2879 1377 3007 1431 ergo
3037 1363 3249 1416 miraris
3279 1363 3324 1418 si
3353 1380 3472 1417 mu-

1884 1443 1985 1498 lier
2034 1459 2226 1512 aquam
2255 1448 2500 1514 audiens,
2537 1464 2662 1503 vere
2689 1465 2880 1520 aquam
2931 1467 3052 1507 esse
3078 1452 3470 1520 arbitrabatur,

1885 1536 2096 1606 quando
2136 1537 2381 1607 discipuli
2437 1539 2550 1606 pari
2593 1550 2720 1595 sunt
2783 1547 2950 1602 modo
3008 1542 3204 1607 allecti,
3235 1544 3477 1614 nihilque

1885 1628 2164 1698 spiritualc
2188 1629 2528 1698 intelligunt;
2574 1630 2669 1687 sed
2699 1631 2963 1697 dubitant,
2988 1631 3112 1687 dum
3141 1633 3350 1690 doctori
3386 1653 3474 1691 re.

1886 1721 2180 1775 verentiam
2203 1730 2257 1776 et
2290 1721 2549 1776 honorem
2576 1738 2675 1793 pro
2703 1739 2855 1779 more
2888 1725 3168 1789 exhibent,
3203 1741 3265 1780 ac
3291 1735 3476 1780 mutue

1886 1810 2290 1880 colloquuntur,
2317 1827 2417 1867 nec
2436 1813 2634 1868 audent
2651 1814 2720 1869 ab
2741 1815 2834 1868 illo
2859 1813 3158 1869 sciscitari?
3181 1815 3292 1869 lloc
3317 1815 3478 1870 etiam

1887 1899 2012 1954 alibi
2041 1900 2260 1965 faciunt,
2317 1901 2444 1956 dum
2486 1903 2817 1971 interrogare
2861 1905 3156 1974 cupientes,
3211 1905 3484 1961 abstinent

1889 1999 2087 2045 tamen.
2119 1991 2256 2060 Quid
2280 2007 2408 2063 ergo
2429 1992 2710 2048 Christus?
2742 1995 2832 2051 54.
2865 1994 3014 2050 Meus
3033 1997 3174 2051 cibus
3191 2005 3285 2064 est,
3315 2007 3371 2051 ut
3401 2003 3484 2069 {ab

1887 2082 2019 2136 ciam
2059 2084 2364 2138 voluntatem
2404 2085 2513 2155 ejus
2536 2087 2624 2156 qui
2650 2087 2786 2140 misit
2831 2103 2910 2140 me
2933 2129 2948 2152 ,
2981 2097 3027 2142 et
3052 2089 3314 2158 perﬁciam
3354 2106 3483 2160 opus

1888 2175 2017 2246 ejus.
2051 2174 2334 2230 llominum
2384 2176 2610 2232 salutem
2642 2176 2730 2232 hic
2754 2177 2933 2232 cibum
2965 2187 3140 2245 vocat,
3177 2181 3483 2236 .ostendcns

1888 2279 2010 2319 cum
2029 2275 2226 2335 quanta
2250 2280 2378 2321 cura
2405 2267 2559 2321 nobis
2585 2267 2878 2336 provideat.
2904 2268 2971 2325 Ut
2992 2270 3133 2324 enim
3156 2285 3253 2325 nos
3279 2271 3479 2338 cibum,

1890 2357 1961 2411 ita
1989 2358 2076 2411 ille
2102 2368 2342 2413 nostram
2364 2360 2592 2415 salutem
2621 2361 2911 2418 desiderat.
2942 2362 3081 2417 Audi
3101 2379 3229 2418 vero
3262 2380 3368 2434 quo
3388 2381 3483 2434 pa-

1888 2456 1977 2502 cto
2007 2463 2112 2501 non
2143 2448 2341 2519 ubique
2361 2449 2537 2504 omnia
2566 2452 2675 2506 cito
2705 2453 2925 2520 revelet,
2957 2453 3051 2508 sed
3080 2455 3255 2524 primo
3275 2455 3486 2508 audito-

1891 2552 2004 2591 rem
2034 2539 2085 2592 in
2121 2539 2506 2596 dubitationem
2535 2541 2810 2614 conjiciat,
2835 2554 2892 2598 ut
2929 2555 3212 2616 postquam
3239 2562 3484 2616 quarrere

1892 2629 2090 2698 incepit
2133 2631 2257 2700 quid
2290 2631 2356 2685 sit
2386 2630 2517 2688 illud
2564 2634 2709 2703 quod
2759 2635 2975 2700 dicitur,
3027 2651 3152 2690 eum
3190 2636 3484 2691 dubitando

1892 2719 2119 2784 laborat,
2151 2721 2407 2777 liberalius
2436 2722 2488 2779 id
2515 2724 2657 2794 quod
2701 2727 2978 2795 quaarehat
3006 2727 3311 2796 expositum
3340 2728 3485 2782 acci-

1892 2813 2022 2881 piat,
2053 2819 2109 2864 et
2135 2811 2202 2866 ad
2229 2812 2554 2870 audiendum
2579 2817 2747 2885 magis
2768 2817 3053 2871 excitetur.
3084 2816 3188 2872 Cur
3217 2832 3345 2887 ergo
3376 2832 3481 2872 non

1893 2901 2071 2955 statim
2101 2901 2256 2969 dixit,
2279 2903 2424 2958 Meus
2441 2904 2580 2961 cibus
2603 2918 2677 2960 est
2696 2917 2749 2961 ut
2772 2909 2960 2980 faciam
2987 2910 3288 2964 voluntatem
3313 2908 3488 2964 Patris

1893 2994 1993 3048 mei
2020 2996 2208 3066 :quod
2254 2997 2357 3052 etsi
2389 3011 2496 3052 non
2541 2999 2762 3054 omnino
2802 3000 3028 3063 clarum,
3069 3011 3247 3056 tamen
3294 3002 3490 3056 clarius

1896 3085 1989 3140 illo
2019 3097 2154 3152 erat,
2183 3089 2322 3157 quod
2342 3089 2452 3158 jam
2481 3088 2724 3156 dixerat;
2752 3093 2846 3146 sed
2877 3092 3044 3162 quid“!
3069 3091 3179 3164 Ego
3203 3093 3370 3146 cibum
3392 3095 3489 3147 ha-

1896 3176 1986 3231 beo
2014 3178 2341 3244 manducare,
2385 3196 2530 3250 quem
2564 3197 2650 3235 vos
2696 3182 2917 3236 nescitis.
2966 3182 3148 3238 Primo
3199 3184 3376 3254 igitur,
3437 3194 3494 3239 ut

1897 3268 2028 3331 dixi,
2059 3285 2124 3324 ex
2166 3270 2500 3327 dubitatione
2543 3273 2868 3330 attentiores
2915 3273 3040 3330 illos
3091 3273 3288 3339 reddit,
3332 3285 3492 3346 atque

1897 3359 2206 3426 assuefacit,
2237 3373 2295 3416 ut
2318 3364 2480 3417 etiam
2528 3378 2625 3432 per
2646 3365 2948 3435 arnigmata,
2982 3364 3123 3420 dicta
3168 3366 3491 3436 intelligant.

1897 3451 2036 3520 Quid
2088 3462 2266 3506 autem
2325 3453 2395 3507 sit
2441 3454 2686 3508 voluntas
2723 3455 2914 3521 Patris,
2944 3455 3197 3525 deinceps
3242 3458 3494 3526 explicat.

1899 3543 1990 3598 55.
2048 3541 2237 3596 Nonne
2274 3559 2360 3597 ros
2407 3543 2612 3608 dicitis,
2660 3544 2795 3609 quod
2841 3545 3011 3599 adhuc
3058 3557 3277 3614 quatuor
3302 3563 3494 3602 menses

1900 3643 2050 3698 sunt,
2101 3644 2147 3687 et
2181 3633 2356 3687 messis
2391 3634 2568 3688 venit!
2615 3631 2748 3690 Ecce
2796 3635 2909 3688 dico
2949 3637 3114 3701 uobis,
3168 3633 3351 3690 Leuate
3376 3652 3496 3689 ocu-

1903 3725 1980 3780 los
2004 3735 2191 3779 uestros
2211 3767 2227 3791 ,
2261 3735 2308 3779 et
2353 3725 2516 3781 uidete
2551 3727 2800 3798 regiones,
2837 3727 2955 3798 quia
2985 3727 3114 3781 alba
3147 3736 3264 3782 sunt
3289 3730 3398 3797 iam
3426 3729 3495 3781 ad

1904 3831 2133 3870 messem.

1974 3905 2030 3961 2.
2052 3907 2129 3960 Eu
2156 3920 2366 3960 rursum
2389 3907 2734 3962 familiaribus
2751 3907 2932 3964 verbis
2953 3908 3073 3963 illos
3094 3907 3160 3962 ad
3182 3907 3486 3964 sublimium

1906 4012 2085 4051 rerum
2113 3999 2614 4068 contemplationem
2637 4000 2810 4071 erigit.
2840 3999 2971 4055 Nam
2995 4016 3116 4055 cum
3146 3999 3319 4054 Cibum
3339 4000 3495 4065 dixit,

1908 4089 2038 4142 nihil
2061 4089 2200 4142 aliud
2229 4105 2386 4159 quam
2418 4092 2644 4145 futuram
2675 4091 2947 4146 hominum
2988 4091 3216 4147 salutem
3258 4091 3496 4149 declara-

1908 4180 2020 4244 vit;
2066 4194 2193 4250 ager
2233 4196 2446 4235 rursum
2485 4191 2540 4236 et
2569 4182 2770 4236 messis
2811 4183 2911 4236 hoc
2953 4184 3128 4252 ipsum
3173 4183 3492 4251 signiﬁcant,

1908 4273 2206 4328 animarum
2236 4289 2426 4344 nempe
2455 4274 2850 4330 multitudinem
2876 4274 2940 4328 ad
2967 4273 3322 4345 prmdicantes
3343 4277 3498 4331 exci-

1911 4364 2134 4433 piendos
2160 4373 2419 4433 paratam.
2447 4362 2642 4419 Oculos
2664 4374 2841 4418 autem
2879 4364 2964 4418 hic
2985 4365 3112 4419 dicit
3133 4376 3186 4419 et
3210 4366 3404 4420 mentis
3443 4376 3499 4421 ct

1911 4456 2153 4525 corporis
2185 4473 2198 4509 :
2229 4470 2351 4509 nam
2379 4455 2629 4509 videbant
2661 4453 3120 4510 Samaritanorum
3165 4455 3374 4511 turbam
3405 4471 3498 4511 ve-

1914 4548 2148 4603 nientem
2180 4565 2195 4602 :
2221 4547 2432 4602 illorum
2474 4562 2602 4602 vero
2641 4556 2938 4616 promptam
2968 4547 3291 4602 voluntatem
3319 4548 3499 4618 regio-

1915 4654 2012 4696 nes
2035 4640 2185 4695 albas
2214 4639 2467 4709 appellat.
2499 4638 2958 4707 Quemadmodum
2990 4639 3132 4692 cnim
3162 4639 3346 4708 spicae,
3373 4653 3496 4694 cum

1913 4732 2049 4787 albae
2079 4740 2232 4796 sunt,
2260 4731 2368 4800 jam
2408 4730 2473 4785 ad
2525 4746 2754 4785 messem
2793 4741 2917 4785 sunt
2951 4739 3151 4799 paratae
3181 4747 3194 4784 :
3226 4731 3304 4785 sic
3332 4741 3385 4784 et
3415 4732 3499 4786 isti

1915 4823 1980 4877 ad
2008 4821 2229 4877 salutem
2266 4822 2375 4892 jam
2422 4832 2547 4876 sunt
2589 4821 2754 4890 parati
2797 4829 2850 4875 et
2900 4820 3097 4874 idonei.
3142 4818 3212 4875 Et
3250 4835 3348 4875 cur
3394 4838 3500 4875 non

1914 4914 2058 4969 clare
2084 4912 2238 4979 dixit,
2289 4913 2408 4967 illos
2446 4912 2510 4966 ad
2542 4911 2865 4967 credendum
2903 4909 3180 4974 accedere,
3208 4921 3262 4965 et
3290 4921 3501 4980 paratos

1915 5006 1981 5059 ad
2013 5005 2231 5060 verbum
2262 5003 2659 5074 suscipiendum
2684 5018 2824 5068 esse,
2853 5019 2881 5056 a
2908 5003 3180 5073 prophetis
3204 5003 3313 5071 jam
3347 5005 3501 5058 insti-

1918 5107 2079 5161 tutos,
2103 5106 2157 5151 et
2183 5095 2411 5151 fructum
2462 5095 2801 5162 reddituros;
2851 5093 2946 5150 sed
2986 5095 3257 5165 regionem
3280 5105 3334 5150 et
3363 5111 3502 5151 mes-

1918 5202 2033 5242 sem
2077 5190 2224 5256 ipsos
2264 5183 2597 5256 appellavit?
2635 5188 2760 5258 quid
2787 5167 2907 5243 .sibi
2947 5188 3131 5243 volunt
3168 5186 3254 5243 ha:
3280 5188 3504 5257 ﬁgurae!

1917 5277 2101 5347 Neque
2128 5278 2268 5332 enim
2309 5278 2394 5332 hic
2438 5286 2663 5345 tantum,
2710 5276 2802 5333 sed
2830 5279 2989 5333 etiam
3015 5291 3111 5348 per
3135 5285 3302 5332 totum
3339 5294 3508 5333 evan-

1919 5369 2112 5439 gelium
2141 5367 2192 5421 id
2223 5371 2330 5437 agit
2358 5386 2370 5420 :
2401 5377 2454 5422 et
2489 5368 2762 5438 pI‘OPhGL‘I:
2787 5382 3000 5438 quoque
3029 5382 3096 5424 eo
3128 5367 3245 5436 ipso
3288 5377 3504 5421 utuntur

1918 5474 2105 5524 more,
2148 5468 2202 5536 et
2245 5459 2605 5528 metaphoriee
2649 5460 2812 5514 multa
2861 5459 3062 5514 dicunt.
3096 5457 3338 5527 Quanam
3378 5475 3505 5529 ergo

1918 5550 1988 5606 de
2016 5563 2173 5603 causa
2196 5547 2221 5600 ‘l
2246 5547 2430 5618 Neque
2455 5550 2596 5602 enim
2631 5559 2834 5604 temere
2863 5551 3095 5619 Spiritus
3129 5552 3298 5619 gratia
3325 5551 3402 5604 sic
3428 5552 3505 5602 in-

1920 5639 2112 5692 stituit.
2153 5636 2256 5692 Sed
2287 5653 2384 5691 cur
2413 5637 2668 5693 tandem?
2717 5638 2930 5693 Duabus
2969 5640 3036 5694 de
3063 5641 3241 5694 causis
3268 5657 3281 5692 :
3311 5639 3505 5707 primo.

1923 5739 1979 5783 ut
2007 5730 2178 5797 major
2205 5728 2469 5782 dictorum
2512 5729 2783 5799 emphasis
2808 5739 2971 5792 esset,
2993 5739 3046 5785 et
3067 5746 3128 5787 ea
3148 5733 3198 5784 in
3215 5739 3506 5798 conspectu

1922 5829 2265 5889 ponerentur.
2311 5819 2460 5875 Mens
2502 5823 2644 5874 enim
2693 5820 2974 5889 imaginem
3015 5822 3173 5874 rebus
3211 5833 3505 5873 consonam

1923 5923 2228 5983 assequuta,
2263 5914 2432 5982 magis
2459 5911 2741 5978 excitatur,
2773 5926 2836 5966 ac
2867 5927 2953 5969 res
2977 5914 3127 5982 quasi
3163 5913 3405 5983 depictas
3429 5910 3508 5964 vi-
