4102 6522
634 412 732 468 195

618 541 769 605 deus,
803 539 869 593 ab
897 538 999 604 illis
1041 537 1204 606 magis
1231 533 1504 604 abripitur.
1538 532 1659 588 llaec
1688 532 1837 602 prior
1861 542 1946 587 est
1971 547 2172 591 causa:

616 628 870 693 secundo,
912 634 968 678 ut
992 622 1221 677 narratio
1248 621 1316 676 sit
1343 621 1576 688 suavior,
1605 632 1660 677 et
1687 621 1947 676 dictorum
1978 636 2177 676 meme.

617 722 690 769 ria
720 715 883 783 magis
909 720 1229 781 perseveret.
1260 709 1441 780 Neque
1470 710 1610 764 enim
1642 710 1710 762 ita
1750 710 2010 765 sententia
2031 711 2175 766 acci-

617 805 773 872 pitur,
807 815 977 871 neque
1006 802 1078 855 ita
1103 799 1292 854 suadet
1315 798 1871 872 auditoribugnultis,
1899 808 1958 853 ut
1987 814 2174 854 narra-

615 862 684 946 iio
732 862 824 961 per
862 862 948 947 res
987 892 1151 960 ipsas,
1196 904 1417 960 quarum
1452 862 1872 958 esperiinentum
1901 889 2172 945 habemus.

532 974 534 976 ’
612 980 761 1048 Quod
791 981 845 1034 in
875 980 1124 1048 parabola
1150 977 1538 1048 sapientissime
1562 984 1844 1033 tractatum
1868 978 2050 1033 videre
2071 988 2171 1033 est.

609 1070 698 1126 56.
729 1070 794 1124 Et
822 1070 909 1138 qui
935 1069 1086 1133 metit,
1135 1066 1403 1120 mercedem
1438 1066 1637 1135 accipit,
1670 1073 1716 1119 et
1743 1067 1960 1135 fructum
1985 1067 2175 1136 colligit

609 1165 659 1218 in
688 1164 837 1217 vitam
863 1171 1119 1215 uernam.
1146 1158 1277 1214 Nam
1307 1166 1531 1212 terrena:
1561 1156 1715 1226 hujus
1736 1157 1927 1212 messis
1950 1156 2170 1222 fruetus,

611 1267 715 1305 non
739 1250 806 1305 ad
827 1260 1101 1314 aeternam,
1131 1247 1223 1303 sed
1249 1247 1318 1302 ad
1358 1256 1754 1316 tctnporaneam
1799 1247 1958 1300 vitam
1980 1246 2128 1314 juvat
2154 1263 2170 1312 ;

609 1339 892 1408 spiritualis
917 1351 1044 1394 vero
1070 1337 1259 1392 messis
1280 1335 1501 1400 fructus,
1524 1334 1590 1390 ad
1613 1336 1962 1389 immortalem
1986 1335 2167 1389 vitam.

607 1426 792 1482 Viden‘
810 1425 1076 1494 quomodo
1104 1425 1261 1481 verba
1287 1409 1498 1492 quidem
1527 1423 1801 1478 sensibilia
1832 1424 1958 1487 sint,
1985 1436 2172 1478 sensus

606 1531 733 1572 vero
761 1516 1081 1585 spirituales,
1126 1523 1284 1583 atque
1322 1515 1439 1583 ipsa
1465 1515 1624 1569 verba
1665 1530 1694 1568 a
1734 1513 2032 1569 caelestibus
2061 1523 2170 1568 ter-

606 1623 731 1661 rena
759 1606 1121 1674 distinguant?
1147 1605 1298 1672 Quod
1321 1605 1462 1659 enim
1484 1605 1552 1660 de
1571 1619 1706 1674 aqua
1724 1604 1874 1668 dixit,
1895 1614 2168 1673 postquam

604 1698 719 1765 ejus
747 1695 1118 1764 proprietatem
1152 1694 1494 1759 indicaverat,
1542 1694 1640 1759 Qui
1673 1695 1791 1747 bibit
1814 1710 1877 1748 ea:
1900 1695 1994 1746 liae
2017 1709 2164 1763 aqua,

605 1805 703 1841 non
729 1788 889 1850 sitiet;
932 1786 984 1840 id
1025 1786 1192 1856 ipsum
1226 1785 1311 1841 hic
1341 1785 1482 1851 facit,
1514 1800 1631 1840 cum
1658 1787 1731 1840 ait
1769 1786 1910 1839 hunc
1940 1784 2167 1839 fructum

603 1875 776 1945 colligi
803 1877 861 1929 in
901 1878 1058 1929 vitam
1087 1885 1336 1930 aeternam
1369 1894 1382 1930 :
1427 1885 1482 1930 nt
1522 1884 1576 1930 et
1616 1876 1703 1944 qui
1743 1874 1969 1929 seminat
1996 1883 2050 1929 et
2077 1876 2167 1944 qui

603 1967 754 2020 metit
782 1966 936 2020 simul
965 1966 1245 2035 gaudeant.
1273 1966 1401 2034 Quis
1437 1975 1518 2020 est
1552 1967 1640 2035 qui
1669 1967 1914 2030 seminat,
1937 1967 2057 2034 quis
2087 1975 2167 2020 est

600 2055 688 2110 nui
712 2056 898 2109 metit?
924 2055 1200 2122 Propheta:
1219 2069 1398 2109 semen
1416 2055 1614 2124 jecere,
1639 2069 1734 2108 nec
1753 2055 1848 2122 ipsi
1872 2069 2162 2122 messuere,

600 2143 692 2197 sed
721 2144 969 2210 apostoli.
1023 2143 1202 2214 Neque
1250 2152 1423 2198 tamen
1464 2143 1586 2198 ideo
1626 2143 1698 2196 illi
1742 2159 1771 2198 a
1811 2144 2079 2213 voluptate
2112 2153 2166 2199 et

599 2233 842 2287 mercede
867 2232 1108 2287 laborum
1140 2233 1323 2299 privati
1356 2243 1514 2297 sunt;
1546 2233 1638 2288 sed
1667 2234 1943 2289 nobiscum
1973 2236 2159 2290 lzetan-

599 2334 683 2375 tnr
708 2332 760 2377 et
783 2325 1033 2392 gaudent,
1063 2325 1266 2378 etiamsi
1296 2340 1399 2378 non
1427 2326 1697 2380 nobiscum
1725 2334 1926 2380 metant
1952 2345 1965 2380 :
1991 2344 2161 2397 neque

597 2415 738 2468 enim
787 2417 972 2469 messis
1008 2430 1141 2484 opus
1168 2415 1305 2470 idem
1340 2425 1423 2471 est
1447 2431 1510 2471 ac
1547 2419 1816 2472 sementis.
1859 2417 1956 2474 Ubi
2005 2419 2163 2490 igitur

599 2505 770 2558 minor
795 2516 875 2559 est
900 2507 1067 2571 labor,
1099 2516 1154 2561 et
1195 2508 1363 2575 major
1402 2508 1660 2576 voluptas,
1694 2509 1758 2562 ad
1790 2509 1891 2562 hoc
1920 2526 2013 2564 vos
2043 2527 2160 2567 ser-

596 2595 733 2655 vavi.
762 2609 865 2647 non
906 2595 970 2647 ad
1017 2605 1328 2659 sementem,
1376 2595 1464 2650 ubi
1504 2597 1724 2649 multum
1771 2597 2058 2651 laboratur.
2105 2601 2159 2653 ln

598 2697 769 2738 inesse
796 2697 1020 2751 namque
1041 2685 1247 2752 amplus
1275 2693 1356 2738 est
1395 2694 1702 2752 proventus,
1731 2684 1882 2739 labor
1905 2701 2031 2742 vero
2056 2703 2158 2742 nou

597 2781 792 2835 tantus.
820 2772 912 2826 sed
945 2771 1101 2826 multa
1129 2773 1370 2828 facilitas.
1396 2772 1490 2829 Hie
1510 2783 1686 2829 autem
1715 2776 2154 2846 vnltsignilicare,

597 2863 969 2932 prophetarum
1019 2862 1340 2917 voluntatem
1374 2878 1489 2917 eam
1529 2877 1666 2924 esse.
1715 2874 1774 2918 ut
1815 2865 2053 2920 homines
2091 2868 2155 2922 ad

595 2969 677 3005 me
703 2952 986 3014 accedant;
1020 2951 1119 3005 hoc
1149 2960 1199 3004 et
1220 2952 1302 3005 lex
1329 2952 1623 3020 apparavit.
1657 2951 1780 3007 Ideo
1804 2953 2151 3019 seminaruiit,

593 3051 650 3094 ut
679 3039 816 3094 hunc
855 3040 1081 3093 fructum
1123 3049 1388 3107 parerent.
1435 3039 1679 3095 Ostendit
1718 3057 1927 3110 quoque
1969 3057 2026 3095 se
2059 3043 2155 3095 mi-

591 3131 723 3184 sisse
752 3130 890 3193 illos,
923 3144 986 3184 ac
1009 3130 1224 3183 multam
1258 3131 1394 3184 inter
1421 3139 1651 3184 veterem
1681 3140 1735 3184 et
1765 3145 1952 3185 novam
1983 3131 2153 3202 legem

591 3233 711 3273 esse
727 3218 1053 3283 afﬁnitatem,
1083 3220 1345 3288 simulque
1369 3221 1544 3273 omnia
1575 3234 1672 3288 per
1693 3219 1825 3273 hanc
1849 3221 2153 3289 parabolam

590 3310 770 3366 efficit.
811 3310 1041 3365 Meminit
1083 3321 1256 3365 autem
1307 3310 1565 3378 proverbii
1598 3311 1894 3378 cujusdam,
1927 3312 2068 3380 quod
2099 3313 2150 3367 in

589 3404 873 3456 multorum
931 3415 1025 3456 ore
1069 3401 1354 3456 ferebatur.
1393 3401 1478 3455 57.
1515 3399 1579 3454 In
1618 3402 1712 3454 hoc
1761 3402 1913 3468 enim,
1959 3401 2145 3472 inquit,

587 3507 662 3549 est
691 3493 886 3548 verbum
915 3510 1085 3547 verum
1115 3509 1134 3548 :
1161 3493 1276 3563 quia
1309 3491 1439 3546 alius
1467 3502 1537 3546 est
1560 3493 1644 3562 qui
1668 3494 1900 3559 seminat,
1922 3494 2053 3548 alius
2079 3504 2149 3549 est

583 3586 674 3653 qui
697 3585 852 3638 metit.
883 3583 1006 3637 llzec
1035 3592 1213 3637 autem
1238 3581 1484 3637 dicebant
1511 3583 1681 3648 multi,
1711 3583 1844 3637 Num
1884 3583 1975 3637 alii
2005 3583 2150 3637 labo.

588 3691 671 3730 res
695 3676 910 3741 ferrent,
943 3675 1029 3729 alii
1074 3673 1276 3729 fructus
1318 3673 1706 3742 decerperent?
1749 3674 1977 3743 dicitque
2011 3695 2023 3728 :
2055 3674 2148 3730 Hic

583 3775 759 3821 sermo
777 3767 884 3833 jam
916 3778 1070 3819 verus
1093 3773 1176 3818 est
1208 3782 1220 3816 :
1269 3765 1538 3831 prophetm
1566 3763 1778 3832 quidem
1811 3763 2138 3830 laborarunt,

583 3869 678 3906 vos
697 3863 871 3907 autem
905 3853 1141 3907 laborum
1180 3853 1413 3920 ipsorum
1446 3851 1669 3906 fructum
1696 3853 2000 3921 decerpitis.
2030 3853 2142 3908 Non

581 3945 733 4007 dixit,
763 3945 1059 3998 mercedem
1095 3961 1108 3996 :
1144 3957 1313 4011 neque
1335 3942 1476 3996 enim
1519 3943 1587 3996 illi
1614 3944 1730 3998 sine
1759 3945 2002 3998 mercede
2026 3956 2141 3999 tan-

587 4045 696 4085 tum
722 4047 1002 4100 suscepere
1034 4033 1266 4086 laborem
1294 4048 1308 4096 ;
1332 4033 1444 4094 sed,
1480 4031 1722 4084 fructum.
1752 4031 1862 4085 lloc
1887 4043 1940 4086 et
1963 4033 2142 4091 Daniel

583 4124 705 4177 fecit
733 4121 833 4193 (a);
863 4121 975 4188 ipse
1003 4137 1226 4189 namque
1248 4119 1578 4190 proverbium
1604 4120 1702 4175 hoc
1721 4133 2099 4177 commemorat
2123 4142 2136 4178 :

586 4213 718 4266 Exiit
746 4213 808 4266 ab
831 4213 1011 4281 iniquis
1036 4213 1192 4267 scelus
1220 4212 1291 4283 (l.
1327 4212 1452 4282 Reg.
1476 4210 1564 4266 ει.
1610 4210 1717 4282 Η).
1747 4212 1907 4266 David
1933 4228 2139 4282 quoque

640 4385 713 4447 (a)
748 4386 803 4434 ln
841 4387 1096 4450 sequentia
1137 4397 1295 4450 usque
1316 4384 1373 4432 ad
1395 4383 1504 4450 ideo
1519 4381 1629 4441 jam
1659 4380 2013 4450 priussavilius
2036 4381 2142 4450 inec

580 4440 714 4494 notat
730 4461 740 4493 ε
758 4455 867 4496 mea
890 4440 1046 4506 verba,
1061 4440 1233 4506 lnqull',
1250 4443 1373 4506 olent
1387 4440 1618 4504 glossema
1636 4440 1802 4504 {quod
1824 4440 1868 4490 si
1889 4441 2141 4506 retinenda

578 4513 704 4561 sunt,
726 4515 776 4555 ut
796 4519 851 4554 ea
869 4500 1248 4566 retinet'uterque
1270 4500 1433 4566 Codex
1469 4511 1641 4566 noster,
1659 4500 1755 4566 pro
1791 4501 1954 4566 barriel
1980 4501 2141 4566 _legen-_

579 4554 704 4635 an»;
722 4554 796 4635 est
818 4567 978 4635 David,
1002 4574 1045 4613 et
1079 4554 1330 4635 pro'pavid
1352 4565 1472 4635 forte
1500 4554 1752 4635 legendum
1775 4561 1845 4635 rel
1869 4554 2052 4611 Daniel
2065 4563 2139 4613 vel

577 4629 835 4683 Jeremias;
860 4627 944 4674 sed
966 4623 1138 4675 nescio.
1164 4623 1403 4674 Hactenus
1423 4623 1637 4672 satilius.
1663 4623 1752 4673 sed
1779 4624 1882 4672 haec
1904 4636 1999 4671 non
2024 4636 2137 4674 esse

576 4688 814 4748 glossema
839 4688 1038 4748 probant
1057 4699 1224 4734 omnes
1248 4693 1349 4734 Mss.
1381 4692 1549 4742 IlOSll‘l,
1576 4693 1677 4734 tum
1704 4686 1848 4748 etiam
1871 4684 2093 4748 Saviliani
2120 4719 2134 4742 ,

577 4744 660 4808 qui
704 4746 805 4794 haec
829 4744 1046 4812 Similiter
1062 4748 1274 4812 habent,
1305 4755 1356 4794 et
1379 4748 1578 4812 omnino
1600 4746 1833 4812 quadram
1857 4744 2133 4812 ad-seriem.

579 4804 826 4868 tiostquam
875 4807 1003 4854 enim
1046 4807 1259 4862 dixerat,
1311 4804 1768 4868 laborarunt'enim
1792 4804 2051 4865 prophetia,
2076 4807 2134 4854 ad

579 4865 804 4937 exempla
827 4880 934 4937 mox
961 4869 1109 4925 venit,
1133 4875 1182 4937 et
1206 4869 1355 4937 primo
1379 4865 1623 4937 panielem
1648 4873 2016 4937 commemorat;
2041 4870 2136 4937 i_mo

578 4925 742 4990 potius
767 4928 1018 4990 Davideni:
1041 4941 1147 4990 nam
1173 4925 1248 4975 hic
1277 4925 1520 4990 Danielcm
1544 4934 1659 4988 puto
1683 4926 1912 4990 mendose
1937 4939 2022 4990 pro
2047 4934 2134 4990 Das

578 4985 684 5038 i'ide
709 4991 923 5051 positum
947 5003 972 5036 a
990 4988 1213 5038 librariis.
1239 4989 1476 5051 siquidem
1509 4985 1814 5051 proverbium
1850 4985 1981 5051 illud,
2017 4988 2137 5036 exiit

574 5047 818 5116 ρρἱπᾷίυέδ
840 5051 1007 5116 scelus,
1031 5052 1094 5116 ab
1126 5062 1220 5116 uno
1251 5047 1427 5097 Davide
1459 5047 1689 5116 prolatum
1723 5047 1933 5116 reperio,
1957 5048 1981 5095 1
2020 5055 2132 5111 Reg.

574 5111 665 5168 ει,
699 5108 786 5166 lS,
825 5111 907 5158 ubi
940 5110 1127 5159 Saulem
1159 5108 1438 5169 alloquens.
1461 5108 1523 5156 ’et
1565 5109 1628 5157 de
1660 5108 2044 5169 insidiiscontra
2078 5108 2134 5157 se

574 5174 766 5237 structis
784 5167 1311 5237 conquerens._oeique
1325 5170 1556 5237 justitiam
1578 5168 1823 5237 appellans
1843 5167 1980 5237 dicit1
2011 5177 2067 5217 Ut
2087 5170 2136 5218 in

576 5233 719 5280 ueteri
739 5226 1169 5292 ferturfproeerbio,
1184 5226 1452 5292 Eiiniquis
1472 5226 1743 5292 egredietur
1766 5226 1936 5277 scelus.
1964 5228 2135 5292 itaque

577 5294 665 5341 hoc
701 5289 986 5340 nonnisi'de
1025 5294 1198 5340 Davide
1229 5290 1321 5338 diei
1353 5289 1522 5350 potuit.
1550 5290 1711 5350 Pergit
1734 5296 1894 5336 autem
1927 5303 1941 5350 ς
1980 5289 2133 5337 Dnrid

571 5364 757 5413 quoque
781 5350 938 5410 ﬂendo
973 5350 1114 5410 hujus
1157 5348 1391 5413 proverbii
1427 5348 1670 5413 _ntentinitl_
1691 5355 1746 5397 Et
1777 5349 2024 5413 Danieletn
2048 5363 2135 5412 pro

571 5409 748 5460 invide
782 5409 922 5472 Supra
948 5409 1305 5473 positum'puto,
1339 5413 1401 5459 ita
1426 5410 1500 5458 hic
1532 5410 1792 5473 Daridpro
1825 5409 2024 5473 paniele
2049 5409 2132 5471 po-

569 5476 696 5520 situs
713 5469 890 5530 fuerit;
925 5469 1035 5519 nam
1066 5469 1315 5533 postquam
1340 5485 1427 5532 per
1450 5480 1550 5533 tres
1575 5469 1912 5533 hebdomadas
1930 5469 2136 5533 fleverat

574 5541 623 5581 et
653 5528 960 5595 jejunaverat
982 5528 1163 5595 pan'iel,
1187 5528 1303 5595 luce
1325 5528 1448 5595 post
1464 5531 1553 5579 alia
1585 5528 1741 5595 multa
1760 5530 1955 5595 audivit,
1977 5537 2020 5579 et
2046 5530 2135 5595 iui-

571 5589 820 5653 que'a'gent
843 5590 1010 5659 iniqui.
1037 5604 1139 5659 cap.
1159 5591 1254 5659 di,
1290 5589 1344 5640 lt)
1362 5606 1378 5659 ,ε
1406 5593 1453 5659 id
1473 5591 1598 5659 quod
1623 5593 1671 5639 in
1683 5589 1809 5659 illud
1846 5603 1992 5659 supra
2015 5591 2131 5659 alla-

575 5663 674 5702 tum
712 5650 1016 5714 proverbium
1040 5650 1226 5706 recidit.
1264 5659 1332 5700 Ea:
1354 5650 1525 5712 iniquis
1547 5650 1818 5711 egredietur
1842 5650 2015 5699 scelus.
2039 5652 2132 5714 Ve:

574 5727 676 5761 rum
715 5712 892 5761 'contra
942 5715 1356 5773 Manuscriptornm
1399 5715 1605 5762 omnium
1650 5716 1980 5762 auctoritatem
2017 5712 2130 5761 nihil

575 5785 757 5823 unitate
780 5777 880 5822 ausi
913 5785 1088 5822 sumus.

1336 405 1394 459 S.
1427 397 1699 457 JOANNIS
1733 397 2199 458 CHRYSOSTOMI
2236 401 2550 461 ARCHIEP.
2591 405 3112 464 (IONSTANTINOP.
3753 414 3850 477 196

2289 514 2465 573 ﬂendo
2494 520 2648 590 hujus
2692 524 2948 591 proverbii
2996 525 3252 578 meminit.
3306 524 3427 578 Ideo
3461 527 3567 595 jam
3610 530 3756 597 prius
3780 531 3848 589 dl-

2285 619 2432 662 serat
2465 628 2478 664 :
2505 609 2571 665 Ut
2600 623 2644 664 et
2665 613 2749 680 qui
2772 614 2981 666 seminat
3007 613 3159 666 simul
3199 616 3439 684 gaudeat,
3486 626 3532 668 et
3577 619 3663 686 qui
3692 621 3846 675 metit.

2283 695 2416 762 Quia
2441 701 2581 754 enim
2619 700 2855 755 dicturus
2899 711 3012 756 erat
3053 702 3212 756 alium
3250 704 3660 771 seminaturum,
3689 708 3848 762 alium

2287 800 2585 843 messorum
2616 804 2756 854 esse,
2800 806 2868 845 ne
2902 791 3042 861 quis,
3085 801 3142 846 ut
3169 791 3298 856 disi,
3331 804 3536 862 putaret
3565 794 3850 866 prophetas

2283 877 2528 932 mercede
2556 880 2746 948 privari
2777 895 2892 946 sua,
2922 898 3114 937 novum
3136 884 3403 954 quidpiam
3435 895 3490 941 et
3521 887 3850 956 inexspecta-

2283 973 2392 1020 tum
2417 967 2577 1034 dicit;
2627 970 2765 1040 quod
2815 973 2865 1025 in
2921 974 3081 1029 rebus
3132 974 3418 1030 sensilibus
3468 992 3572 1032 non
3622 979 3846 1045 accidat,

2280 1054 2377 1108 sed
2429 1056 2482 1109 in
2548 1059 2908 1127 spiritualibus
2980 1062 3231 1116 eximium
3294 1065 3381 1118 sit.
3449 1065 3504 1119 In
3570 1067 3852 1121 sensilibus

2279 1145 2429 1199 enim
2481 1151 2527 1202 si
2601 1150 2866 1220 contingat
2937 1151 3096 1206 alium
3163 1168 3390 1220 serere,
3458 1154 3617 1210 alium
3686 1166 3849 1211 mete-

2279 1246 2381 1298 re,
2435 1250 2542 1290 non
2594 1252 2696 1291 una
2753 1239 3003 1309 gaudent.
3046 1241 3138 1295 sed
3183 1241 3326 1296 dolet
3377 1245 3424 1297 is
3471 1245 3562 1312 qui
3613 1246 3849 1299 semina-

2277 1323 2388 1391 vit,
2435 1336 2616 1394 utpote
2656 1330 2744 1399 qui
2789 1331 2940 1385 alteri
2989 1330 3345 1396 laboraverit;
3399 1334 3631 1404 gaudent
3655 1350 3781 1390 vero
3812 1335 3849 1389 ii

2278 1419 2476 1469 tantum
2531 1420 2619 1486 qui
2664 1429 2888 1475 metunt.
2937 1421 3033 1477 Hic
3091 1433 3267 1476 autem
3314 1436 3418 1476 non
3470 1425 3571 1488 ita;
3621 1425 3712 1479 sed
3756 1425 3844 1492 qni

2277 1519 2380 1559 non
2413 1517 2613 1562 metunt
2643 1525 2703 1563 ea
2730 1525 2847 1580 qua!
2873 1513 3220 1576 seminarunt,
3253 1528 3355 1566 una
3378 1529 3496 1567 cum
3525 1517 3846 1570 metentibus

2274 1595 2540 1663 gaudent;
2571 1599 2708 1653 unde
2737 1600 2906 1668 palam
2945 1610 3027 1655 est
3050 1616 3144 1655 eos
3187 1603 3447 1657 mercedis
3469 1619 3589 1672 esse
3614 1619 3841 1659 consor-

2275 1693 2373 1740 tes.
2408 1688 2494 1741 58.
2533 1689 2638 1759 lt‘go
2665 1693 2776 1745 misi
2809 1708 2892 1746 vos
2920 1705 3100 1747 metere
3127 1695 3261 1762 quod
3286 1711 3370 1749 vos
3406 1712 3505 1748 non
3531 1696 3794 1750 laborastis
3824 1714 3843 1751 :

2275 1775 2362 1828 alii
2390 1777 2698 1845 laborarunt,
2725 1792 2769 1834 et
2797 1799 2881 1836 vos
2915 1784 2969 1836 in
3012 1785 3228 1840 laborem
3258 1802 3426 1839 eorum
3453 1787 3696 1842 intrastis.
3730 1788 3843 1843 Hoc

2273 1876 2425 1935 pacto
2469 1869 2587 1922 illos
2625 1871 2816 1924 melius
2859 1873 3119 1927 hortatur.
3157 1875 3286 1941 Quia
3337 1875 3477 1929 enim
3517 1875 3842 1933 laboriosum

2273 1958 2544 2013 videbatur
2572 1977 2690 2015 esse
2722 1972 2886 2017 totum
2926 1967 3109 2019 orbem
3142 1981 3418 2036 peragrare
3448 1977 3502 2021 et
3530 1969 3840 2036 prurdicar-u

2272 2061 2385 2101 rem
2409 2063 2524 2102 esse
2553 2049 2760 2104 facilem
2790 2054 3038 2107 ostendit.
3081 2053 3210 2108 Nam
3241 2057 3338 2109 hoc
3368 2056 3711 2118 laboriosum.
3738 2057 3843 2115 hoc

2270 2136 2420 2190 multi
2469 2139 2680 2193 sudoris
2720 2151 2853 2203 crat,
2892 2143 3090 2196 semina
3131 2143 3330 2212 jacere,
3380 2155 3435 2199 et
3473 2147 3702 2200 animam
3731 2162 3839 2202 llOtI

2269 2225 2525 2280 initiatam
2552 2228 2616 2281 ad
2661 2229 2754 2282 Dei
2794 2233 3144 2300 cognitionem
3185 2234 3468 2288 deducere.
3517 2234 3622 2288 Cur
3661 2248 3841 2293 autem

2269 2317 2380 2372 lucc
2407 2319 2668 2388 loquitur?
2691 2321 2758 2376 Ut
2786 2339 2904 2376 cum
2949 2325 3177 2378 mitteret
3202 2339 3295 2378 eos
3323 2326 3387 2379 ad
3417 2327 3837 2394 prmdicanduin,

2267 2424 2370 2462 non
2418 2413 2792 2479 turbarentur,
2843 2416 2990 2483 quasi
3038 2415 3101 2467 ad
3151 2430 3260 2469 rem
3310 2417 3626 2474 laboriosam
3666 2419 3836 2476 missi.

2265 2499 2648 2569 Prophetarum
2676 2504 2868 2573 quippe
2899 2520 3090 2558 munus
3131 2506 3284 2575 longe
3313 2508 3478 2574 magis
3507 2508 3837 2564 laboriosum

2276 2598 2410 2655 erat,
2444 2601 2496 2644 ut
2524 2607 2608 2645 res
2636 2592 2745 2660 ipsa
2774 2594 3121 2655 testificatur;
3151 2609 3243 2648 vos
3283 2596 3347 2649 ad
3392 2597 3560 2650 facilia
3589 2601 3836 2655 venistis.

2265 2677 2412 2733 Sicut
2434 2680 2572 2732 enim
2603 2680 2654 2733 in
2685 2696 2855 2736 messe
2887 2683 3036 2737 facile
3069 2683 3267 2739 fructus
3295 2686 3579 2756 colligitur,
3607 2699 3661 2743 et
3689 2691 3838 2747 brevi

2266 2776 2502 2834 tempore
2530 2783 2654 2824 area
2682 2773 2968 2839 manipulis
3009 2775 3280 2843 impletur,
3333 2790 3429 2830 nec
3471 2787 3708 2847 tempora
3735 2796 3835 2835 es-

2261 2864 2580 2925 spcetantur,
2616 2873 2719 2913 non
2764 2861 2952 2922 hiems,
2987 2879 3090 2916 non
3137 2878 3247 2930 ver,
3283 2881 3386 2919 non
3421 2865 3626 2922 imber:
3674 2870 3742 2922 ita
3779 2879 3836 2926 et

2260 2962 2398 3002 nunc
2429 2949 2521 3012 fit;
2554 2959 2610 3004 ut
2639 2952 2748 3019 ipsa
2776 2967 2933 3020 epcra
2958 2953 3208 3008 clamant.
3243 2954 3372 3008 Dum
3418 2957 3531 3010 lucc
3561 2957 3648 3015 ille
3683 2959 3834 3014 dice-

2261 3047 2358 3101 ret,
2385 3040 2626 3095 exierunt
2669 3041 3005 3110 Samaritani,
3042 3055 3093 3099 et
3125 3045 3412 3101 confertim
3456 3049 3709 3105 collectus
3750 3061 3834 3108 est

2261 3125 2493 3192 intctns;
2523 3129 2641 3184 ideo
2668 3131 2876 3186 dicebat
2904 3150 2915 3184 :
2956 3131 3138 3186 Leuate
3165 3135 3336 3189 oculos
3365 3148 3573 3205 vestros,
3608 3151 3651 3192 et
3671 3141 3833 3212 oidgte

2259 3219 2497 3287 regiones,
2533 3220 2649 3288 quia
2692 3221 2819 3274 alba:
2844 3232 2975 3275 sunt.
3012 3222 3135 3277 lizrc
3163 3223 3311 3287 dixit,
3347 3238 3398 3280 et
3442 3243 3527 3279 res
3565 3229 3674 3297 ipsa
3715 3231 3830 3284 vim

2256 3315 2357 3370 est,
2380 3322 2678 3364 sermonem
2704 3326 2864 3379 opera
2895 3321 3115 3381 sequuta
3146 3325 3293 3369 sunt.
3320 3315 3452 3370 Nam
3478 3318 3546 3373 59
3597 3318 3676 3372 Ea:
3701 3322 3828 3372 ciri-

2256 3406 2354 3451 tate
2377 3399 2466 3452 illa
2502 3401 2646 3455 multi
2671 3403 2988 3457 crediderunt
3024 3405 3074 3457 in
3106 3422 3218 3459 eum
3249 3407 3684 3464 Samaritanorum
3707 3429 3830 3480 pro-

2256 3501 2364 3559 pter
2385 3492 2580 3548 verbum
2615 3497 2834 3549 mulieris
2860 3498 3194 3552 testimonium
3228 3501 3550 3568 perhibentis,
3585 3502 3715 3570 Quia
3745 3507 3826 3558 di-

2251 3583 2326 3636 sit
2349 3583 2469 3635 mihi
2499 3585 2665 3638 omnia
2701 3601 3022 3656 quiscumque
3059 3587 3175 3655 feci.
3226 3588 3485 3644 Videbam
3520 3596 3659 3646 enim
3704 3609 3826 3649 eant

2254 3687 2360 3726 non
2386 3673 2452 3726 ad
2474 3675 2692 3743 gratiam
2723 3676 2963 3732 laudasse
2987 3677 3155 3742 illum,
3187 3680 3273 3748 qui
3313 3689 3524 3748 peccata
3552 3697 3645 3736 sua
3671 3697 3826 3738 coar-

2251 3765 2449 3832 guisset
2479 3781 2494 3830 ;
2526 3781 2695 3834 neque
2718 3777 2772 3820 ut
2799 3769 3019 3837 gratiam
3042 3771 3334 3841 cujuspiam
3364 3773 3463 3828 sibi
3486 3775 3819 3842 conciliaret,

2252 3858 2374 3911 vitia
2402 3873 2493 3912 sua
2523 3861 2769 3913 omnibus
2797 3860 3118 3928 patefacere.

2320 3950 2370 4003 5.
2402 3948 2546 4003 Hanc
2576 3965 2701 4019 ergo
2732 3951 3004 4006 mulierem
3031 3963 3083 4007 et
3110 3968 3205 4008 nos
3230 3955 3518 4022 imitemur,
3541 3965 3594 4012 et
3620 3957 3670 4011 in
3696 3973 3823 4028 pec-

2246 4040 2379 4094 catis
2426 4043 2621 4094 nostris
2660 4038 2934 4108 vulgandis
2981 4055 3049 4095 ne
3090 4057 3370 4098 vereamur
3409 4046 3688 4118 homines;
3722 4049 3819 4103 sed

2249 4131 2411 4185 Deum
2441 4141 2497 4184 ut
2526 4146 2620 4200 par
2648 4140 2730 4186 est
2757 4132 3052 4197 timeamus,
3087 4134 3174 4202 qui
3201 4146 3254 4189 et
3290 4151 3430 4191 nunc
3455 4137 3684 4193 facinora
3719 4156 3817 4193 no-

2245 4230 2353 4274 stra
2380 4220 2539 4284 videt,
2574 4229 2628 4276 et
2650 4231 2772 4275 tunc
2798 4221 3080 4289 puniturus
3117 4232 3200 4277 est
3229 4239 3324 4282 eos
3346 4227 3432 4296 qui
3475 4244 3614 4284 nunc
3647 4232 3820 4297 poeni-

2249 4309 2463 4363 tentiam
2495 4323 2599 4362 non
2641 4320 2819 4380 agunt.
2853 4312 2921 4364 At
2962 4325 3058 4365 nos
3092 4322 3272 4366 contra
3303 4329 3445 4379 eum,
3475 4317 3563 4386 qui
3601 4333 3697 4373 nos
3727 4322 3816 4388 λι.-

2247 4398 2513 4454 dicaturns
2555 4411 2656 4466 est,
2706 4419 2806 4456 non
2863 4403 3135 4466 timemus;
3185 4419 3278 4460 eos
3315 4416 3510 4473 aute,
3544 4410 3632 4478 qui
3661 4413 3815 4466 nobis

2244 4504 2438 4544 nocere
2464 4501 2750 4560 nequeunt,
2784 4490 3146 4557 formidamus,
3180 4496 3559 4565 tremimusqne
3585 4514 3650 4554 ne
3671 4502 3814 4569 apud

2245 4580 2365 4635 illos
2397 4581 2606 4635 infamia
2638 4583 2957 4637 laboremus.
2991 4584 3193 4639 idcirco
3223 4586 3274 4638 in
3305 4601 3411 4654 quo
3455 4589 3720 4654 timemus,
3761 4593 3814 4643 in

2242 4687 2308 4726 eo
2353 4689 2536 4741 pennas
2578 4673 2840 4726 dabimus.
2887 4674 3017 4728 Nam
3059 4677 3145 4745 qui
3195 4677 3366 4730 solum
3399 4694 3465 4733 ne
3509 4679 3814 4734 hominibus

2245 4763 2411 4830 turpis
2441 4762 2676 4815 videatur
2715 4773 2882 4825 cavet,
2932 4780 3102 4834 neque
3138 4766 3406 4822 erubescit
3456 4769 3563 4823 Deo
3599 4771 3819 4826 vidente

2245 4852 2498 4904 nefarium
2527 4851 2791 4922 quidpiam
2820 4863 3049 4923 patrare,
3074 4856 3118 4909 si
3146 4870 3249 4909 non
3279 4858 3644 4925 paenitentiam
3668 4871 3807 4929 agat,

2245 4944 2295 4996 in
2339 4944 2422 4996 illa
2452 4944 2537 4999 die
2582 4960 2686 4998 non
2733 4955 2856 5000 ante
2895 4963 3055 5001 unum
3098 4957 3189 5013 aut
3228 4949 3382 5016 duos,
3423 4950 3516 5006 sed
3541 4953 3672 5008 orbe
3700 4962 3814 5008 toto

2243 5035 2451 5090 vidente
2473 5035 2792 5090 traducatur.
2822 5036 2951 5090 Nam
2977 5036 3115 5107 quod
3145 5038 3208 5092 ad
3238 5038 3371 5093 bona
3399 5051 3452 5096 et
3479 5043 3615 5095 mala
3643 5057 3808 5110 opera

2243 5141 2342 5193 spe
2375 5127 2524 5180 'anda
2565 5141 2786 5196 magnus
2815 5127 2883 5181 ibi
2924 5142 3207 5183 consessus
3232 5131 3320 5195 sit,
3357 5131 3608 5198 parabola
3633 5132 3810 5186 ovium

2241 5226 2294 5271 et
2323 5215 2595 5270 houloru‘m
2625 5226 2676 5270 te
2697 5215 2902 5281 doceat,
2929 5232 3135 5272 necnon
3161 5217 3346 5274 beatus
3375 5220 3591 5286 Paulus,
3615 5222 3702 5291 qui
3730 5223 3811 5275 di-

2241 5311 2312 5366 cit
2339 5329 2351 5363 :
2383 5309 2566 5364 Omnes
2590 5312 2720 5364 enim
2746 5327 2834 5365 nos
2874 5313 3184 5380 manifestari
3223 5323 3415 5382 oportet
3443 5323 3558 5367 ante
3585 5314 3805 5368 tribunal

2241 5400 2444 5463 Christi,
2475 5410 2526 5451 ut
2555 5403 2737 5470 referat
2783 5400 3118 5469 unusquisque
3151 5403 3355 5470 propria
3394 5405 3620 5469 corporis
3664 5412 3810 5469 prout

2239 5490 2462 5560 gesserit,
2509 5490 2609 5541 sire
2647 5490 2849 5555 bonum,
2885 5491 2987 5544 sive
3022 5491 3209 5542 malum
3253 5493 3324 5560 (l.
3369 5491 3486 5546 Cor.
3520 5493 3573 5546 5.
3607 5492 3724 5558 {0);
3755 5503 3808 5549 et

2240 5595 2440 5642 rursus,
2475 5579 2571 5643 Qui
2601 5579 2930 5645 manifestabit
2957 5581 3251 5633 abscondita
3287 5580 3599 5634 tenebrarum
3626 5583 3643 5650 (
3669 5580 3808 5637 Ibid.

2239 5671 2288 5725 ιι.
2321 5671 2398 5738 5).
2435 5666 2753 5722 Cmnmisisli
2785 5669 2996 5739 aliquod
3028 5681 3324 5739 peccatum,
3355 5680 3446 5724 aut
3470 5673 3712 5741 cogitasti
3743 5675 3807 5726 il-

2241 5760 2347 5823 lud,
2379 5769 2430 5814 ct
2463 5759 2760 5813 hominibus
2788 5761 3055 5814 occultas?
3102 5763 3168 5815 At
3198 5760 3302 5815 Deo
3334 5775 3437 5818 non
3466 5761 3722 5818 occultas.
3751 5764 3812 5818 Et
