4084 6468
195 439 291 493 197
1159 421 1220 476 IN
1263 416 1576 475 JOANNEM
1619 413 1793 470 llOllll

1905 409 2115 467 XXXV.
2157 409 2229 464 al.
2273 404 2517 464 XXXIV.

191 561 359 605 tamen
389 547 523 601 nihil
563 557 756 605 curas;
786 539 969 597 oculos
999 548 1174 592 autem
1205 535 1484 588 hominum
1515 527 1791 584 formidas.

192 639 363 708 Cogita
412 651 546 705 ergo
599 645 652 689 te
685 648 794 687 non
829 629 1072 684 homines
1107 628 1274 682 latere
1300 637 1458 694 posse
1484 621 1539 677 in
1563 618 1789 674 dieillo.

193 729 372 784 Omnia
397 728 546 782 enim
580 726 733 796 quasi
764 726 814 778 in
861 721 1088 790 imagine
1121 729 1246 772 tunc
1273 714 1492 770 stabunt
1514 722 1640 766 ante
1666 723 1795 764 oen-

195 825 266 877 los
295 832 535 884 nostros,
583 830 643 872 ut
679 817 1044 884 unusquisque
1081 821 1266 867 contra
1313 823 1373 862 se
1403 805 1540 861 ferat
1575 810 1795 857 senten-

195 913 350 976 tiam;
381 911 528 981 quod
568 926 635 966 ex
663 908 827 963 divite
871 906 1045 976 palam
1093 913 1194 959 est.
1241 899 1450 956 Etenim
1499 907 1791 966 pauperem

195 1005 332 1058 illum
385 1019 551 1075 quem
606 1003 947 1068 despexerat,
1001 997 1259 1051 Lazarum
1305 994 1448 1056 dico,
1494 989 1564 1044 ob
1611 985 1794 1041 oculos

193 1105 413 1150 stantem
443 1095 601 1148 dives
626 1092 778 1154 vidit,
811 1101 866 1146 et
911 1104 1068 1156 quem
1101 1101 1221 1142 cum
1252 1078 1792 1154 horroredepnlerat

195 1186 412 1256 digitum
435 1187 550 1255 jam
585 1195 736 1253 rogat
763 1182 862 1236 sibi
899 1180 1092 1234 solatio
1130 1192 1272 1234 esse.
1300 1174 1452 1244 Rogo
1484 1172 1663 1242 igitur,
1691 1165 1791 1221 etsi

197 1294 344 1333 nemo
390 1290 582 1331 nostra
634 1273 831 1336 videat,
874 1271 1069 1342 singuli
1121 1270 1173 1324 in
1216 1282 1367 1323 suam
1408 1260 1791 1319 conscientiam

197 1369 584 1440 ingrediantur,
627 1375 682 1420 et
719 1365 956 1434 judich
995 1361 1097 1415 sibi
1139 1359 1400 1414 ratimtem
1441 1353 1791 1412 constituant,

197 1469 400 1530 peccata
434 1458 490 1512 in
520 1457 754 1512 medium
782 1464 960 1524 agant.
996 1452 1057 1507 Et
1087 1451 1186 1506 nisi
1225 1450 1391 1504 velint
1423 1462 1485 1502 ea
1517 1447 1568 1499 iu
1590 1443 1678 1498 die
1703 1441 1794 1495 illa

195 1549 406 1603 terribili
456 1546 808 1618 promulgari,
857 1542 1187 1614 paenitentiae
1231 1539 1468 1595 remedia
1498 1541 1791 1606 apponant,

194 1657 250 1696 ac
275 1641 506 1696 vulnera
555 1649 766 1694 sanent.
797 1638 981 1692 P0test
1013 1637 1181 1703 enim,
1213 1643 1391 1704 potest
1417 1631 1662 1700 quisque,
1690 1626 1793 1682 etsi

195 1731 332 1786 mille
373 1731 546 1800 plagis
566 1738 814 1793 onustus,
840 1743 1003 1783 sanus
1033 1728 1203 1781 abire.
1228 1726 1359 1780 Nam
1388 1724 1447 1779 Si
1477 1720 1790 1785 dimiseritis,

195 1823 372 1892 inquit.
399 1832 612 1892 peccata
633 1821 951 1874 dimittentur
970 1819 1139 1882 vobis;
1164 1817 1207 1872 si
1232 1833 1332 1870 non
1353 1813 1666 1874 dimiseritis,
1692 1826 1794 1863 non

194 1913 504 1966 dimittantur
532 1911 747 1980 (Matth.
777 1911 830 1964 6.
860 1910 946 1964 N.
973 1908 1091 1978 15).

263 2002 576 2057 Penitcntia
603 2019 721 2057 vera
746 2018 878 2072 quis.
907 1998 1371 2068 Quemadmodum
1397 1998 1448 2051 in
1473 1996 1794 2066 baptismate

192 2094 359 2150 abluta
386 2105 611 2164 peccata
635 2109 742 2148 non
767 2092 1000 2161 amplius
1027 2099 1289 2160 apparent
1319 2107 1331 2144 :
1372 2089 1442 2142 ita
1469 2099 1521 2144 et
1551 2085 1666 2140 haec
1692 2083 1791 2139 de-

196 2187 455 2250 iebuntur,
488 2189 533 2241 si
563 2185 932 2257 ptenitentiam
969 2198 1213 2253 agamus.
1259 2181 1315 2236 lu
1345 2180 1449 2235 hoc
1481 2187 1658 2232 autem
1683 2189 1795 2246 pm-

196 2281 408 2335 nitcntia
451 2280 556 2333 sita
584 2288 686 2343 est,
721 2292 789 2333 ne
816 2276 1006 2332 eadem
1046 2276 1158 2347 ipsa
1193 2282 1508 2343 patrentur:
1540 2268 1678 2324 Nam
1707 2268 1793 2340 qui

196 2371 257 2423 ad
276 2380 482 2440 peccata
510 2370 797 2432 revertitur,
825 2368 1009 2421 similis
1034 2375 1106 2420 est
1133 2366 1249 2420 cani
1277 2366 1345 2417 ad
1381 2363 1620 2417 vomitum
1647 2377 1795 2414 suum

196 2462 416 2514 redeunti
443 2460 526 2530 (2.
552 2458 668 2517 Pet.
689 2460 744 2515 2.
762 2459 855 2514 2|.
877 2457 1008 2529 22);
1037 2457 1115 2530 (a)
1143 2456 1376 2531 [necnon
1404 2457 1452 2510 ei
1477 2454 1571 2525 qui
1598 2469 1794 2509 secun-

197 2551 311 2606 dtnn
342 2552 692 2620 proverbium
724 2552 899 2621 ignem
934 2552 1202 2616 verberat,
1237 2558 1290 2605 et
1319 2549 1372 2603 in
1402 2557 1624 2618 pertuso
1650 2547 1796 2602 dolio

201 2641 413 2716 haurit.]
443 2643 672 2714 Oportet
700 2657 828 2712 ergo
855 2651 909 2696 et
936 2657 994 2697 re
1024 2656 1078 2697 et
1102 2641 1284 2696 animo
1300 2655 1328 2693 a
1351 2637 1646 2695 sceleribus
1667 2639 1796 2693 abs-

200 2737 379 2800 tinere,
415 2747 585 2806 atque
613 2735 879 2790 contraria
911 2735 1146 2803 peccatis
1179 2734 1406 2803 singulis
1431 2731 1668 2787 remedia
1697 2746 1797 2801 ap-

200 2840 410 2895 ponere.
448 2826 695 2896 Exempli
742 2840 924 2890 eausa,
959 2825 1203 2895 rapuisti,
1233 2834 1287 2880 et
1319 2833 1512 2879 avarus
1537 2823 1722 2877 inisti?
1752 2823 1796 2876 A

201 2916 374 2985 rapina
403 2917 639 2978 abstine,
667 2925 722 2971 et
749 2916 1107 2986 eleemosyuze
1139 2914 1433 2970 remedium
1465 2913 1676 2968 vulneri
1700 2911 1800 2966 ad-

202 3021 368 3061 move.
403 3005 724 3061 Fornicatus
757 3007 850 3061 es?
881 3008 921 3060 Î‘
957 3004 1314 3060 fornicatione
1342 3004 1560 3067 absiste,
1593 3013 1648 3059 et
1683 3003 1800 3057 vul-

203 3099 306 3151 neri
335 3101 643 3153 castitatem
674 3113 883 3167 appone
934 3097 1137 3152 Fratris
1179 3098 1252 3152 tui
1283 3096 1476 3152 famam
1503 3097 1668 3152 verbo
1702 3096 1798 3151 lte-

203 3190 330 3251 sisti,
363 3190 581 3260 ipsique
608 3190 878 3244 nocuisti?
905 3190 945 3244 A
979 3189 1277 3244 maledictis
1307 3190 1538 3255 abstine,
1571 3198 1623 3244 et
1656 3190 1799 3244 cari-

205 3281 318 3335 tatis
361 3282 660 3336 remedium
713 3296 944 3352 appone.
1004 3280 1075 3333 ita
1126 3295 1220 3350 per
1265 3280 1471 3352 singula
1516 3279 1800 3352 faciamus,

205 3389 365 3445 neque
420 3386 638 3444 peccata
682 3384 1129 3429 transenrramus.
1175 3374 1303 3428 Nam
1355 3375 1517 3430 inStat
1557 3375 1794 3442 demum,

204 3467 353 3522 instat
379 3482 530 3525 certe
573 3467 795 3522 rationis
842 3467 1128 3522 reddenda:
1173 3477 1406 3534 tempus.
1445 3467 1570 3522 ldeo
1602 3467 1799 3522 Paulus

203 3560 404 3614 diccbat
452 3577 466 3615 :
525 3558 779 3613 Dominus
828 3575 988 3628 prape
1034 3568 1105 3612 est
1147 3574 1166 3621 ,'
1230 3558 1359 3612 nihil
1421 3556 1627 3611 solliciti
1687 3559 1800 3612 sitis

170 3695 178 3704 .
205 3651 450 3721 (Philipp.
485 3653 539 3707 4.
571 3651 625 3706 5.
651 3650 730 3721 6).
762 3649 868 3706 Sed
914 3650 1069 3704 nobis
1115 3649 1254 3705 forte
1293 3659 1478 3703 contra
1509 3649 1798 3705 dicendum

205 3752 297 3807 est,
331 3743 590 3797 Dominus
621 3756 790 3812 prope
817 3751 921 3805 est,
956 3740 1168 3795 solliciti
1205 3750 1398 3796 estote.
1447 3741 1526 3796 Illi
1565 3757 1798 3812 namque

206 3847 320 3892 tune
361 3838 590 3909 pulchre
611 3837 922 3906 audiebant,
975 3837 1126 3892 Nihil
1162 3840 1367 3894 solliciti
1418 3841 1553 3907 sitis,
1605 3841 1694 3911 qui
1744 3843 1796 3896 in

206 3933 474 3998 aerumnis,
508 3931 805 3996 laboribus,
833 3931 1219 3986 certaminibus
1249 3932 1534 4002 degebant.
1577 3933 1678 4000 Qui
1700 3949 1796 3988 au-

207 4031 300 4077 tem
333 4026 382 4079 in
433 4025 636 4094 rapinis
679 4033 984 4089 versantur,
1032 4022 1084 4078 in
1128 4025 1424 4094 voluptate,
1473 4028 1562 4094 qui
1606 4039 1797 4095 graves

207 4115 450 4170 reddituri
497 4124 620 4169 sunt
676 4116 932 4181 rationes,
980 4130 1085 4168 non
1131 4113 1256 4179 hoc,
1307 4115 1400 4169 sed
1444 4115 1571 4171 illud
1602 4117 1796 4170 merito

205 4205 478 4274 audierint,
515 4207 771 4260 Dominus
810 4220 979 4275 prope
1008 4213 1127 4260 est:
1171 4205 1392 4261 solliciti
1429 4216 1625 4262 estote.
1676 4205 1793 4261 Non

205 4421 458 4533 â€œgemiti?
473 4421 669 4472 uncinis
683 4418 991 4483 clauduntur,
1003 4421 1185 4473 desunt
1207 4423 1258 4473 in
1278 4423 1423 4474 Savil.
1436 4431 1490 4474 et
1504 4425 1795 4490 quibusdam

3408 404 3510 461 198

1905 525 2049 578 enim
2076 525 2234 590 longe
2263 533 2291 572 a
2323 511 2790 573 consummatione
2829 513 3086 570 absumus
3117 515 3216 584 (a).
3245 516 3337 570 sed
3362 521 3427 573 ad
3459 522 3518 574 ti-

1903 628 2026 669 nem
2058 611 2169 680 jam
2217 610 2454 664 mundus
2504 607 2697 678 vergit.
2757 606 2871 662 iloe
2920 608 3277 677 praenuntiant
3330 608 3513 676 bella,

1903 717 2179 764 att-rumine,
2229 710 2386 754 terra:
2414 710 2612 760 motus.
2656 699 2756 753 hoc
2795 698 3061 753 exstincta
3103 699 3321 754 caritas.
3365 698 3518 755 Sicut

1903 795 2047 848 enim
2076 806 2274 861 corpus
2314 791 2597 859 exspirans
2626 800 2682 844 et
2708 789 2868 844 morti
2901 789 3206 858 proximum
3239 790 3384 845 mille
3414 791 3517 845 do-

1901 886 2108 942 loribus
2151 883 2404 949 afficitur,
2455 893 2508 936 et
2553 882 2757 937 ruitura
2799 881 2993 937 domus
3028 886 3193 938 multa
3237 886 3518 954 praemittit

1901 994 2021 1048 quae
2053 992 2116 1030 ex
2143 985 2283 1030 tecto
2308 983 2365 1030 et
2392 991 2458 1030 ex
2501 975 2798 1044 parietibus
2823 975 3080 1031 decidunt
3109 998 3121 1028 :
3151 978 3229 1030 sic
3256 992 3513 1032 consum-

1901 1071 2071 1125 matio
2097 1070 2244 1124 orbis
2265 1070 2374 1139 jam
2407 1084 2572 1139 prope
2597 1081 2644 1124 et
2685 1085 2781 1138 pro
2820 1069 3025 1124 foribus
3055 1078 3139 1124 est
3168 1088 3181 1122 :
3223 1071 3344 1125 ideo
3376 1073 3514 1126 mala

1902 1163 2138 1230 undique
2164 1162 2337 1230 ipsum
2365 1161 2642 1215 invadunt.
2676 1161 2808 1216 Nam
2832 1163 2875 1215 si
2911 1175 3037 1218 tunc
3061 1163 3320 1217 Dominus
3349 1178 3516 1234 prope

1900 1264 2038 1316 erat,
2073 1256 2242 1309 multo
2269 1257 2438 1324 magis
2485 1270 2627 1309 nunc
2656 1270 2822 1323 prope
2855 1265 2958 1309 est.
2997 1255 3051 1311 Si
3101 1265 3226 1311 ante
3257 1257 3518 1327 quadrin-

1901 1357 2093 1418 gentos
2123 1349 2139 1379 Â¹
2181 1363 2354 1417 annos
2408 1363 2528 1402 cum
2573 1347 2689 1402 haec
2735 1348 3080 1413 dicerentur,
3131 1360 3341 1418 tempus
3385 1350 3514 1404 illud

1899 1440 2287 1511 plenitudinem
2335 1450 2638 1509 temporum
2675 1441 2872 1494 Paulus
2913 1431 3165 1505 vocabat,
3202 1441 3371 1496 multo
3400 1459 3520 1496 tua-

1901 1533 1984 1602 gis
2010 1545 2250 1600 prmsens
2283 1540 2493 1599 tempus
2537 1533 2607 1586 ita
2645 1532 2968 1585 vocantium.
3010 1535 3078 1586 At
3111 1532 3354 1587 fortassis
3397 1534 3518 1589 ideo

1902 1626 2116 1694 quidam
2148 1641 2251 1679 non
2295 1625 2542 1679 credunt.
2584 1626 2745 1696 Atqui
2794 1624 2914 1679 ideo
2954 1623 3125 1696 magis
3151 1623 3509 1680 ert-dentium.

1901 1715 2056 1773 Unde
2084 1717 2243 1780 nosti,
2275 1718 2344 1770 mi
2372 1719 2554 1780 homo,
2583 1715 2744 1770 linem
2774 1725 2828 1770 et
2858 1732 3016 1785 supra
3046 1717 3186 1770 dicta
3217 1731 3322 1771 non
3347 1731 3518 1786 prope

1901 1810 2064 1865 esse?
2091 1809 2250 1865 Certe
2282 1819 2340 1864 ut
2367 1811 2491 1863 anni
2524 1810 2684 1864 linem
2718 1825 2822 1863 non
2847 1809 2987 1865 diem
3015 1811 3260 1881 ultimum
3288 1812 3518 1866 dicimus

1902 1917 2044 1965 esse,
2073 1901 2169 1956 sed
2200 1902 2360 1956 etiam
2391 1901 2638 1955 ultimum
2687 1915 2952 1961 mensem.
2995 1913 3049 1956 et
3079 1901 3123 1956 si
3158 1901 3369 1970 triginta
3402 1902 3519 1957 die-

1902 2008 2021 2047 rtun
2054 1994 2124 2046 sit
2154 2012 2167 2048 :
2201 1992 2272 2047 ita
2302 1993 2345 2047 si
2381 2002 2456 2047 tot
2482 2008 2746 2047 annorum
2779 1993 3366 2062 quadringentesimum
3393 2009 3517 2052 esse

1901 2083 2063 2138 linem
2093 2083 2411 2149 dixerimus,
2442 2099 2552 2139 non
2582 2084 2978 2139 aberrabimus.
3026 2082 3209 2153 itaque
3243 2085 3354 2154 jam
3388 2094 3517 2140 tunc

1899 2176 1992 2231 ille
2015 2175 2173 2232 linem
2201 2175 2604 2246 prsenuntiavit.
2631 2176 2996 2232 Coerceamus
3019 2178 3180 2248 igitur
3204 2193 3302 2233 nos
3328 2178 3473 2248 ipsos
3499 2197 3512 2231 :

1901 2266 2226 2329 laetemurin
2271 2267 2462 2322 timore
2511 2267 2624 2322 Dei.
2679 2268 2888 2323 Etenim
2937 2267 3094 2323 nobis
3133 2284 3254 2323 cum
3299 2269 3516 2324 licentia

1901 2358 2264 2426 versantibus,
2295 2375 2400 2414 non
2431 2359 2590 2415 valde
2627 2359 2964 2425 curantibus,
2999 2375 3105 2414 non
3147 2370 3513 2430 exspectanti-

1901 2449 2024 2515 bus,
2060 2465 2282 2520 repente
2324 2451 2498 2506 aderit
2538 2452 2632 2507 Dei
2680 2452 2986 2507 adventus:
3018 2452 3161 2523 quod
3205 2452 3517 2522 signitieuns

1902 2543 2152 2600 Christus
2195 2544 2410 2600 dicebat
2446 2563 2461 2599 :
2509 2545 2657 2600 Sicut
2697 2547 2832 2600 enim
2878 2549 3070 2618 factum
3127 2557 3199 2602 est
3239 2548 3292 2600 in
3340 2548 3517 2601 diebus

1905 2633 2042 2698 Noe,
2072 2646 2117 2689 et
2143 2635 2196 2688 in
2225 2635 2400 2690 diebus
2427 2635 2543 2699 Lat,
2563 2637 2637 2691 sic
2662 2639 2761 2692 erit
2797 2639 2848 2691 in
2879 2640 3313 2694 consummatione
3342 2641 3518 2693 Î´á½·ÎµÎ¹-Î·Î¹Î¾

1905 2725 2058 2796 hujus
2086 2727 2294 2796 (Matth.
2322 2728 2420 2783 24.
2454 2730 2569 2802 57).
2623 2730 2738 2786 lloc
2786 2742 2841 2786 et
2884 2731 3082 2786 Paulus
3128 2734 3205 2787 sic
3232 2733 3468 2788 declarat
3501 2751 3516 2790 :

1905 2816 2032 2873 Cum
2063 2819 2302 2886 dixerint,
2335 2820 2452 2874 Pax
2478 2832 2523 2876 et
2547 2824 2813 2886 securitas,
2847 2833 2966 2876 tunc
2996 2826 3291 2896 repentinus
3327 2828 3398 2878 eis
3423 2843 3517 2878 su-

1905 2911 2158 2979 perveniet
2205 2911 2475 2976 interitus,
2523 2913 2654 2967 sicut
2688 2915 2838 2968 dolor
2885 2915 2938 2968 in
2987 2926 3130 2970 utero
3162 2916 3390 2970 habentis
3437 2917 3514 2987 (l.

1909 2999 2084 3057 Thess.
2116 3004 2170 3059 5.
2206 3003 2284 3077 5).
2317 3005 2453 3074 Quid
2496 3016 2578 3060 est
2605 3006 2774 3062 Dolor
2800 3009 2852 3062 in
2883 3020 3027 3063 utero
3054 3011 3284 3064 habentis
3309 3010 3334 3064 Î¡
3359 3009 3516 3080 Smpe

1907 3106 2249 3164 praegnantes
2287 3096 2563 3161 mulieres,
2593 3099 2719 3153 dum
2753 3099 2963 3166 ludunt,
3006 3101 3295 3170 prandent,
3321 3103 3372 3156 in
3403 3102 3519 3158 hal-

1905 3202 2031 3254 neo,
2068 3189 2118 3241 in
2149 3187 2266 3243 foro
2286 3199 2432 3254 sunt,
2467 3191 2535 3245 de
2576 3191 2757 3247 futuro
2799 3195 2931 3250 nihil
2962 3197 3282 3265 cogitantes.
3317 3214 3517 3268 repen-

1907 3277 2033 3332 tinis
2059 3278 2383 3334 invaduntur
2413 3281 2714 3337 doloribus.
2747 3282 2884 3338 Cum
2911 3300 3041 3355 ergo
3064 3286 3304 3354 ejusdem
3337 3289 3519 3344 condi-

1906 3369 2068 3424 tionis
2095 3385 2181 3424 res
2208 3381 2405 3426 nostra:
2432 3373 2561 3439 sint,
2586 3373 2756 3429 simus
2772 3391 2990 3444 semper
3019 3379 3208 3446 parati.
3233 3378 3349 3433 Non
3371 3381 3514 3438 enim

1905 3475 2122 3529 semper
2149 3460 2265 3515 hinc
2291 3462 2598 3526 audiemus,
2631 3480 2740 3520 non
2771 3481 2986 3536 semper
3025 3467 3164 3524 hanc
3192 3479 3516 3536 potestatem

1907 3553 2242 3607 habebimus.
2291 3551 2361 3607 In
2404 3556 2637 3626 inferno,
2687 3557 2880 3627 inquit,
2922 3561 3036 3628 quis
3078 3562 3402 3628 conï¬tebitur
3427 3565 3519 3618 tibi

1907 3642 2078 3715 (Psal.
2112 3643 2166 3699 6.
2214 3643 2317 3716 8)?
2367 3646 2465 3700 Hic
2508 3648 2687 3717 itaque
2738 3650 3113 3718 penitentiam
3164 3667 3409 3723 agamus.
3460 3667 3520 3713 ut

1904 3736 1985 3790 sic
2039 3735 2204 3790 Deum
2250 3739 2538 3807 propitium
2588 3740 2905 3808 habeamus,
2937 3757 3002 3798 ac
3046 3743 3258 3812 plenam
3287 3746 3518 3803 delicto-

1905 3842 2024 3880 rum
2077 3828 2287 3883 veniam
2341 3844 2738 3901 consequamur
2792 3850 2806 3885 :
2859 3849 3019 3904 quam
3075 3837 3278 3891 utinam
3327 3853 3516 3898 onues

1905 3919 2274 3989 impetremus,
2303 3923 2475 3992 gratia
2509 3933 2563 3979 ct
2591 3923 2923 3995 benignitate
2953 3927 3165 3983 Domini
3191 3932 3359 3986 nostri
3387 3932 3518 3987 Jesu

1903 4009 2129 4079 Christi,
2168 4013 2256 4070 cui
2280 4013 2450 4085 gloria
2481 4025 2537 4071 et
2563 4016 2846 4088 imperium
2877 4019 2929 4074 in
2947 4022 3143 4076 saecula
3167 4025 3514 4080 saeculorum.

1905 4104 2104 4161 Amen.

1967 4330 1982 4361 Â¹
2005 4326 2163 4403 Î¼ÎµÏ‰ÎµÎ¹.
2187 4329 2387 4403 habet,
2417 4339 2680 4391 trecentos.
2708 4341 2760 4386 et
2791 4337 2861 4387 sic
2883 4337 2981 4387 duo
3000 4345 3109 4390 Mss.
3138 4344 3194 4390 At
3226 4339 3397 4403 plures
3423 4342 3510 4392 ba-

1899 4389 2041 4454 bent,
2065 4391 2461 4454 quadringentos.

1963 4446 2038 4516 (a)
2074 4446 2666 4520 rotabat'Cbrysostomus
2697 4472 2794 4510 non
2818 4459 2969 4524 longe
2995 4475 3110 4513 esse
3134 4463 3284 4514 tinem
3319 4468 3512 4517 mundi.

205 4637 3504 4694 ._______________________________

1479 4734 1825 4802 HOMILIA
1881 4742 2154 4803 XXXV.

206 4872 285 4928 l0.
317 4873 438 4929 Cum
476 4876 732 4932 antissent
769 4893 888 4948 ergo
914 4878 982 4931 ad
1011 4879 1158 4933 illum
1197 4879 1516 4936 Samaritani
1539 4923 1553 4947 ,
1585 4900 1794 4956 rogave-

270 4979 381 5020 runt
405 4986 520 5022 enm
544 4980 596 5021 ut
624 4970 693 5024 ibi
714 4982 958 5024 maneret.
985 4971 1051 5026 Et
1078 4975 1262 5027 ntansit
1289 4974 1357 5027 ibi
1383 4975 1512 5030 duos
1537 4977 1665 5031 dies.
1700 4980 1788 5035 41.

271 5057 333 5112 Et
362 5064 522 5116 multo
552 5063 723 5131 plures
751 5064 1071 5118 crediderunt
1098 5064 1151 5118 in
1190 5083 1304 5119 eum
1351 5079 1555 5137 propter
1599 5087 1794 5124 sermo-

269 5170 376 5206 nem
403 5156 555 5223 ejus;
586 5156 678 5211 42.
710 5167 757 5210 et
798 5158 1000 5212 mulieri
1035 5159 1266 5212 dicebant
1313 5177 1334 5214 .'
1365 5161 1505 5228 Quia
1537 5163 1652 5232 jam
1695 5181 1796 5218 non

270 5258 469 5315 prapter
485 5257 624 5300 tuam
654 5248 905 5316 loquelam
925 5251 1178 5305 credimus
1203 5267 1221 5305 :
1240 5253 1340 5319 ipsi
1354 5255 1486 5307 enim
1509 5255 1796 5310 audivimus

270 5345 314 5387 et
337 5338 543 5403 scimus,
567 5341 686 5405 quia
713 5341 794 5394 hic
824 5353 894 5394 est
925 5357 1044 5395 vere
1070 5341 1312 5397 Salvator
1341 5347 1513 5398 mundi
1539 5347 1792 5404 Christus.

266 5427 352 5481 43.
385 5427 454 5482 Et
476 5441 588 5500 post
609 5432 717 5486 dies
738 5433 867 5488 duos
888 5434 1097 5488 excessit
1130 5434 1247 5489 inde
1269 5478 1284 5497 ,
1316 5446 1362 5491 et
1391 5438 1511 5492 abiit
1555 5441 1608 5493 in
1649 5439 1792 5494 Gali-

267 5520 428 5576 leam.

274 5613 318 5664 l.
341 5613 780 5670 Samaritanorum
801 5617 1202 5691 Judazorumque
1221 5638 1340 5695 erga
1356 5623 1447 5680 Chi
1461 5627 1616 5680 istum
1635 5645 1792 5697 agm-

207 5701 256 5754 di
275 5706 488 5760 rationes
511 5722 874 5776 comparantur
903 5727 922 5764 :
945 5712 1219 5768 laudantur
1244 5719 1460 5784 priores,
1480 5719 1793 5789 redarguun-

208 5802 285 5842 tttr
310 5791 501 5849 Judtei.
529 5795 672 5855 Nihil
703 5800 899 5856 invidia
927 5811 982 5856 et
1013 5804 1180 5861 livore
1228 5807 1410 5876 pejus,
1462 5809 1594 5863 nihil
1646 5809 1788 5864 inani

211 5881 358 5952 gloria
388 5886 621 5948 deterius
651 5909 663 5947 :
695 5891 810 5949 lucc
841 5893 1120 5952 innumera
1149 5912 1498 5974 corrumpere
1525 5901 1661 5957 solet
1692 5902 1758 5957 bu

1908 4905 1998 4940 na.
2026 4887 2197 4945 .ludzei
2231 4907 2360 4962 ergo
2388 4909 2508 4948 cum
2544 4898 2805 4966 majorem
2837 4916 2996 4970 quam
3043 4903 3369 4963 Samaritani
3415 4924 3512 4964 cu-

1903 4981 2196 5050 gnitionem
2244 4985 2537 5055 haberent,
2589 5002 2641 5046 et
2690 5009 2812 5048 cum
2861 4997 3142 5067 prophetis
3183 5001 3397 5056 educati
3429 5020 3513 5059 es-

1903 5084 2025 5128 sent
2047 5116 2061 5139 ,
2095 5074 2203 5130 illis
2236 5086 2413 5133 tamen
2447 5081 2574 5136 hinc
2601 5082 2884 5140 inferiores
2911 5087 3147 5144 fuerunt.
3180 5091 3510 5151 Samaritani

1904 5168 2213 5225 testimonio
2255 5171 2496 5227 mulieris
2554 5173 2712 5230 iidem
2767 5177 3041 5248 habuere,
3093 5183 3349 5255 nulloque
3393 5189 3513 5241 viso

1903 5258 2058 5327 signo
2087 5269 2289 5315 exeunt
2313 5265 2547 5331 rogaturi
2588 5266 2862 5323 Christum
2895 5280 2953 5326 ttt
2999 5288 3182 5329 secum
3225 5292 3465 5333 maneret
3495 5295 3510 5342 ;

1901 5346 2073 5404 Judaei
2104 5365 2272 5419 vero,
2312 5353 2475 5408 etiam
2505 5356 2635 5411 visis
2684 5359 3000 5427 miraculis,
3049 5379 3156 5418 non
3200 5367 3360 5423 modo
3403 5385 3510 5425 non

1902 5437 2051 5494 illum
2075 5441 2213 5509 apud
2243 5458 2302 5496 se
2325 5445 2701 5515 retinuerunt,
2732 5450 2826 5505 sed
2854 5453 3016 5508 etiam
3064 5455 3236 5525 ipsum
3283 5462 3505 5529 expule-

1903 5545 2060 5596 Iâ€˜Itut,
2092 5533 2329 5606 nihilque
2363 5553 2466 5591 non
2500 5551 2727 5608 egerunt
2758 5553 2816 5597 ut
2860 5545 3038 5614 ipsum
3070 5564 3102 5602 e
3147 5551 3368 5620 regione
3410 5567 3506 5605 sua

1908 5625 2267 5682 eiiutinarent.
2301 5630 2520 5687 Etiamsi
2554 5634 2767 5690 illorum
2819 5640 2990 5708 gratia
3037 5645 3305 5711 venisset,
3357 5647 3504 5701 illum

1899 5718 2251 5774 nihilominus
2283 5723 2602 5793 ejecerunt;
2633 5728 2686 5784 hi
2717 5742 2904 5788 contra
2937 5743 2992 5788 ut
3021 5736 3160 5804 apud
3181 5752 3238 5793 se
3265 5751 3503 5797 manere)

1899 5821 2175 5880 rogarunt.
2209 5811 2346 5868 Num
2379 5831 2508 5887 ergo
2537 5820 2605 5873 ad
2654 5820 2752 5876 hos
2798 5834 3049 5896 rogantes
3093 5845 3198 5883 nun
3240 5832 3508 5888 acceden-

1900 5899 2023 5957 tium
2055 5901 2185 5974 fuit,
2217 5905 2310 5962 sed
2344 5907 2485 5974 illis,
2516 5913 2606 5981 qui
2635 5913 2735 5972 sibi
2766 5915 2904 5974 bene
2949 5917 3133 5977 affecti
3177 5935 3364 5990 erant,
3412 5943 3501 5984 re-
