4102 6486
603 414 702 470 199

599 533 739 586 lictis
757 571 773 593 ,
802 525 939 600 apud
968 520 1306 578 insidiatores
1331 528 1386 573 et
1413 511 1752 590 adversarios
1777 523 1996 600 manere
2019 518 2169 576 opor~

600 620 735 676 tuitt
764 597 960 673 Athon
991 611 1180 668 fuisset
1209 605 1339 663 illud
1385 605 1504 675 ejus
1548 599 1883 672 providentia
1928 597 2164 668 dignum.

599 712 721 765 ldco
745 721 944 762 morem
966 702 1131 776 gessit
1154 710 1208 756 et
1233 697 1430 755 mansit
1455 693 1704 766 apudeos
1729 689 1936 745 duobus
1959 687 2168 744 diebus.

596 799 697 870 Ipsi
727 797 939 869 quidem
967 795 1264 849 voluissent
1289 790 1438 846 illum
1466 793 1723 857 perpetuo
1751 777 2170 870 retinerezillud

595 867 962 946 enim—indicat
988 884 1314 954 evangelista
1341 879 1424 934 his
1451 877 1626 932 verbis
1654 889 1670 928 :
1704 867 2026 946 negauerunt
2056 885 2169 924 eum

594 993 649 1036 ut
680 981 748 1036 ibi
774 987 1028 1043 maneret;
1057 978 1169 1048 ipse
1193 989 1318 1029 vero
1343 968 1531 1034 noluit,
1554 966 1648 1023 sed
1669 965 1804 1022 duos
1831 974 2033 1018 tantum
2056 960 2172 1016 dies

589 1088 711 1128 cum
739 1073 843 1125 illis
869 1070 1081 1130 mansit,
1112 1076 1166 1122 et
1196 1065 1288 1119 illo
1322 1059 1578 1132 temporis
1606 1056 1781 1127 spatio
1809 1055 1963 1125 longe
1986 1051 2169 1123 plures

591 1158 935 1219 crediderunt
960 1159 1011 1212 in
1039 1173 1182 1212 eum.
1217 1153 1376 1225 Atqui
1405 1166 1510 1206 non
1539 1147 1832 1205 verisimile
1855 1153 1970 1202 erat
1989 1184 2005 1210 ,
2047 1142 2170 1198 illos

593 1269 712 1311 esse
731 1253 1028 1308 credituros
1049 1290 1062 1311 ,
1094 1255 1203 1302 tum
1232 1243 1374 1317 quod
1415 1241 1617 1297 nullum
1647 1239 1860 1310 signum
1887 1235 2166 1301 vidissent,

581 1347 704 1401 'tum
734 1344 873 1413 quod
903 1341 1118 1396 Judteos
1141 1336 1266 1393 odio
1307 1334 1589 1390 haberent.
1633 1332 1885 1386 Attamen
1927 1327 2048 1396 quia
2090 1325 2172 1380 di-

596 1448 800 1491 etorum
843 1433 982 1487 illius
1012 1431 1293 1485 veritatem
1329 1426 1472 1497 juste
1510 1422 1874 1485 aestimarunt,
1917 1417 2001 1473 his
2039 1414 2171 1470 nihil

592 1525 986 1588 ollicientibus,
1015 1520 1325 1577 sublimiora
1373 1518 1442 1572 de
1489 1517 1580 1572 illo
1626 1513 1964 1585 cogitarunt,
2010 1521 2170 1578 quam

592 1633 710 1689 qua:
741 1624 959 1687 possent
984 1609 1289 1681 hujusmodi
1313 1608 1555 1665 obicibus
1587 1602 1870 1675 impediri,
1900 1615 1961 1655 ac
1983 1607 2163 1656 certa-

595 1711 688 1764 tim
716 1709 859 1763 illum
883 1706 1050 1776 magis
1076 1718 1138 1758 ac
1168 1701 1339 1773 magis
1365 1699 1788 1754 admirabantur.
1808 1693 1941 1750 Nam
1963 1691 2172 1747 Mulieri

594 1801 819 1855 dicebant
840 1815 860 1851 :
884 1795 1002 1850 Non
1011 1797 1122 1866 jam
1150 1802 1355 1865 propter
1381 1800 1520 1844 tuam
1552 1787 1798 1859 loquelam
1823 1788 1870 1841 ei
1891 1785 2170 1840 credimus:

591 1892 690 1960 ipsi
733 1889 864 1944 enim
898 1886 1179 1940 audiuimus
1217 1893 1264 1937 et
1305 1882 1490 1937 scimus
1510 1921 1524 1946 ,
1553 1879 1671 1949 quia
1696 1878 1776 1933 hic
1802 1885 1877 1932 est
1905 1892 2015 1930 uere
2045 1874 2170 1930 Sal-

594 1992 735 2037 vator
759 1979 931 2033 ntundi
958 1978 1203 2032 Christus.
1243 1973 1494 2044 Discipuli
1545 1971 1622 2042 (a)
1675 1970 1979 2040 magistram
2025 1966 2170 2020 illam

594 2082 934 2142 superarunt.
971 2068 1031 2123 lli
1071 2081 1299 2136 namque
1327 2064 1541 2120 Judteos
1584 2063 1705 2132 jure
1745 2073 1998 2116 accusare
2045 2072 2168 2128 pos.

593 2173 748 2227 sunt,
783 2160 996 2232 etquod
1027 2158 1352 2215 crediderint
1379 2166 1434 2211 et
1478 2153 1621 2226 quod
1672 2167 1794 2209 eum
1840 2151 2166 2220 acceperint.

595 2254 670 2310 Illi
692 2268 916 2323 quorum
938 2250 1108 2321 gratia
1132 2258 1304 2304 totum
1327 2246 1427 2302 hoc
1447 2257 1582 2314 opus
1626 2250 1936 2312 susceperat
1961 2280 1977 2307 ,
2023 2255 2169 2310 saepe

594 2347 763 2416 ipsum
797 2344 1202 2414 lapidaverunt;
1233 2339 1285 2394 bi
1314 2353 1443 2394 vero
1475 2352 1581 2392 non
1607 2334 1946 2391 accedentem
1995 2334 2062 2387 ad
2110 2347 2168 2386 se

593 2447 870 2518 traxerunt
899 2454 910 2490 :
943 2436 1017 2490 illi
1043 2436 1170 2490 visis
1197 2433 1360 2503 signis
1387 2431 1688 2501 pertinaces
1715 2435 1952 2492 manent,
1971 2424 2026 2479 hi
2052 2425 2169 2480 sine

588 2533 754 2600 signis
779 2545 1021 2600 magnam
1045 2544 1168 2598 erga
1193 2527 1338 2582 illum
1370 2525 1527 2580 fidem
1551 2521 1846 2584 exhibent,
1894 2527 1950 2574 et
1995 2533 2056 2573 ea
2102 2517 2170 2572 de

589 2639 748 2680 causa
787 2623 1105 2695 gloriantur,
1136 2621 1277 2690 quod
1306 2619 1424 2674 sine
1467 2618 1632 2686 signis
1680 2614 2040 2678 crediderint;
2093 2612 2167 2668 illi

591 2732 716 2771 vero
745 2718 902 2770 tinem
931 2729 1036 2769 non
1068 2713 1267 2767 faciunt
1292 2709 1530 2765 tentandi
1572 2716 1628 2762 et
1665 2707 1816 2775 signa
1868 2701 2168 2774 quaerendi.

591 2810 664 2865 Ita
695 2823 908 2878 semper
937 2806 1100 2876 probe
1127 2803 1316 2858 affecta
1349 2803 1526 2856 anima
1575 2813 1712 2870 opus
1757 2808 1839 2854 est
1873 2814 1886 2850 :
1919 2810 2077 2862 quam
2120 2793 2165 2847 si

590 2903 784 2955 veritas
808 2897 996 2960 adeat,
1028 2895 1182 2950 facile
1203 2891 1519 2962 occupabit;
1552 2891 1596 2945 si
1642 2905 1746 2944 non
1794 2893 2061 2954 occupet,
2111 2881 2164 2937 id

590 3008 694 3046 non
720 3005 786 3046 ex
815 2989 1054 3044 veritatis
1100 2985 1444 3049 inﬁrmitate,
1482 2979 1576 3036 sed
1615 2997 1680 3037 ex
1714 2979 1831 3050 ejus
1869 2976 2166 3050 pervicacia

586 3087 777 3140 oritur.
805 3082 938 3137 Nam
965 3090 1020 3136 et
1043 3080 1120 3134 sol
1155 3092 1315 3148 puros
1345 3074 1531 3131 oculos
1559 3073 1717 3128 facile
1746 3071 2041 3133 illuminat;
2082 3068 2166 3124 sin

589 3180 804 3240 minus,
832 3175 1109 3231 oculorum
1133 3171 1316 3240 culpa,
1367 3182 1472 3222 non
1508 3165 1636 3220 solis
1685 3163 2016 3218 imbecillitas
2059 3168 2162 3215 est.

591 3269 724 3324 Audi
752 3269 907 3337 igitur
933 3265 1058 3335 quid
1087 3264 1138 3316 hi
1170 3262 1352 3316 dicunt
1374 3301 1389 3325 ,
1423 3258 1624 3313 Scimus
1645 3256 1764 3324 quia
1809 3253 1889 3306 hic
1935 3259 2006 3305 est
2055 3265 2167 3304 vere

587 3359 828 3415 Salvator
856 3355 1031 3410 mundi
1061 3353 1311 3409 Christus.
1335 3349 1525 3404 Viden‘
1550 3361 1706 3416 quam
1737 3346 1845 3399 cito
1875 3349 2160 3412 noverunt,

589 3451 758 3521 ipsum
785 3447 968 3503 orbem
1002 3455 1263 3500 terrarum
1294 3449 1643 3496 attracturum
1671 3451 1790 3492 esse
1815 3444 1869 3491 et
1906 3433 1973 3488 ad
2012 3447 2165 3488 cont-

589 3557 804 3598 munem
830 3539 1155 3611 operandam
1191 3537 1416 3591 salutent
1467 3532 1712 3595 venisse;
1757 3527 2006 3599 quodque
2054 3541 2164 3581 non

591 3638 641 3690 in
670 3635 800 3690 Solis
822 3631 1019 3686 Iudaeis
1045 3630 1163 3700 ejus
1191 3625 1521 3696 providentia
1548 3618 2044 3681 circumcludeuda,
2071 3614 2166 3672 sed

591 3726 807 3780 verbum
828 3722 944 3792 ejus
965 3721 1158 3790 ubique
1183 3712 1636 3772 disseminaudum
1666 3710 1839 3765 foret?
1881 3709 1952 3762 At
1991 3705 2164 3762 Judaei

591 3832 694 3872 nntt
723 3816 880 3878 item;
908 3813 1014 3865 imo
1041 3811 1166 3863 dunt
1208 3814 1512 3876 quaererent
1555 3792 1812 3871 justitiam
1855 3813 2003 3855 suam
2054 3808 2167 3853 sla-

594 3920 743 3964 tuere
763 3947 779 3971 ,
805 3904 1022 3976 justitiae
1053 3900 1143 3954 Dei
1173 3905 1280 3952 non
1309 3895 1534 3964 subjecti
1565 3893 1795 3948 fuerunt.
1828 3891 1892 3945 lli
1922 3904 2052 3944 vero
2094 3889 2170 3942 fa-

592 4009 768 4054 tentur
789 4011 974 4050 omnes
998 3994 1048 4047 in
1076 3991 1228 4060 culpa
1260 4003 1380 4044 esse
1401 4029 1415 4051 ,
1449 3985 1574 4040 illud
1602 3983 1948 4054 apostolicum
1979 3996 2088 4051 pra:
2108 3995 2168 4034 se

593 4094 825 4146 terentes
855 4105 866 4138 :
899 4085 1086 4138 Omnes
1141 4087 1502 4152 peccaverunt,
1554 4085 1597 4130 et
1643 4083 1786 4146 egent
1830 4074 1992 4144 gloria
2034 4071 2164 4135 Dei,

583 4177 851 4250 justi/ictui
871 4176 1026 4247 gratis
1045 4190 1132 4242 per
1155 4172 1369 4243 gratiam
1394 4169 1553 4237 ipsius
1583 4165 1766 4237 (llam.
1799 4165 1884 4220 i0.
1911 4165 1964 4220 5.
1987 4162 2166 4234 ).Cutn

591 4273 771 4327 dicunt
796 4271 936 4324 enim
969 4269 1138 4337 ipsum
1185 4279 1303 4319 esse
1337 4263 1663 4318 Salvatorem
1712 4257 1932 4324 mundi,
1981 4266 2165 4312 osten-

593 4366 724 4418 dunt
772 4361 1026 4415 mundum
1075 4357 1340 4427 periisse;
1397 4361 1451 4407 et
1501 4369 1606 4406 non
1652 4350 1811 4404 modo
1840 4349 2169 4404 Salvatorem

593 4471 735 4520 esse,
763 4452 855 4508 sed
882 4464 934 4507 et
960 4452 1012 4505 in
1035 4450 1193 4504 rebus
1223 4444 1494 4500 maximis.
1525 4443 1797 4497 Venerunt
1836 4441 1976 4494 enim
2020 4438 2170 4492 multi

596 4556 654 4600 ut
681 4545 924 4600 homines
952 4541 1129 4594 salvos
1155 4537 1422 4600 facerent,
1464 4533 1736 4604 prephetu:
1761 4573 1774 4595 ,
1817 4531 2019 4600 angeli;
2073 4528 2170 4583 sed

593 4653 753 4696 verus
777 4635 1020 4692 Salvator
1043 4632 1129 4686 hic
1157 4639 1238 4685 est
1257 4669 1272 4694 ,
1307 4628 1509 4698 inquit,
1542 4626 1628 4695 qui
1657 4638 1834 4678 veram
1861 4621 2061 4691 praebet
2085 4635 2171 4674 sa-

597 4735 758 4789 lutem
783 4773 798 4797 ,
832 4745 935 4784 non
967 4728 1138 4782 solum
1167 4734 1340 4778 autem
1372 4731 1787 4790 temporaneam.
1813 4715 1923 4769 Hoc
1949 4714 2172 4768 sincera:

599 4822 720 4879 fidei
751 4825 1116 4890 argumentum
1145 4823 1246 4870 est.
1282 4812 1535 4880 U_trinqne
1559 4809 1700 4889 enim
1729 4806 2000 4861 mirabiles
2025 4814 2168 4871 sunt,

595 4924 650 4969 et
675 4885 1161 4981 quod'crediderint
1181 4947 1194 4968 ,
1223 4914 1276 4960 et
1297 4902 1435 4974 quod
1464 4901 1579 4955 sine
1605 4885 1770 4969 signis
1812 4898 2167 4962 crediderint;

595 5016 730 5072 quos
771 5008 825 5056 et
861 4998 1103 5054 Christus
1148 4995 1334 5051 beatos
1370 4990 1623 5064 prsedicat
1666 4988 1750 5044 bis
1778 4989 1994 5043 verbis:
2026 4987 2174 5042 Beati

597 5095 684 5162 qui
725 5109 825 5147 non
863 5089 1124 5154 viderunt,
1167 5095 1211 5141 et
1237 5085 1553 5139 crediderunt
1577 5083 1594 5153 (
1619 5081 1765 5137 Rom.
1799 5081 1852 5136 5.
1889 5079 1979 5136 25.
2025 5079 2168 5149 M);

600 5184 814 5256 etquod
846 5184 1005 5240 etiam
1031 5182 1239 5236 sincere
1266 5176 1612 5232 crediderint.
1644 5174 1778 5229 Cum
1823 5173 1965 5227 enim
2017 5173 2171 5226 audi-

605 5285 724 5333 rent
751 5274 1023 5328 mulierem
1055 5271 1215 5326 dubie
1249 5270 1590 5339 loquentem,
1641 5264 1902 5328 Numquid
1951 5265 2060 5335 ipse
2099 5275 2173 5319 est

599 5363 870 5421 Christus?
901 5379 1004 5416 non
1026 5363 1272 5416 dixerunt
1295 5401 1310 5426 ,
1338 5358 1444 5416 Nos
1468 5371 1679 5429 quoque
1709 5355 2010 5410 dubitamus
2033 5396 2049 5421 ,
2079 5369 2174 5410 ne-

601 5472 705 5524 que
730 5457 798 5509 ita
830 5452 1226 5518 existimamus,
1259 5451 1387 5516 sed,
1423 5450 1660 5513 Scimus,-
1693 5463 1864 5517 neque
1909 5448 2012 5502 hoc
2053 5457 2172 5502 tan-

601 5557 710 5602 tum
737 5587 751 5609 ,
779 5544 872 5600 sed
904 5545 1063 5599 etiam
1084 5583 1097 5607 ,
1127 5541 1225 5596 Hic
1253 5551 1325 5596 est
1352 5558 1461 5596 vere
1481 5539 1722 5596 Salvator
1747 5538 1942 5592 mundi.
1988 5537 2175 5608 Neque

601 5638 742 5694 enim
768 5635 1036 5691 Christum
1068 5645 1125 5689 ut
1153 5647 1313 5688 unum
1344 5649 1373 5688 e
1416 5632 1571 5703 vulgo
1614 5630 2003 5687 conﬁtebantur
2026 5671 2040 5699 ,
2081 5630 2174 5687 sed

665 5818 738 5879 (η)
771 5815 905 5868 lianc
928 5826 1093 5870 vocent
1117 5813 1180 5868 de
1201 5813 1504 5866 Santaritanis
1536 5812 1775 5875 intellige.

1270 406 1328 462 8.
1363 397 1640 460 ιολκκιε
1665 389 2134 453 ΟΙΙΒΥΞΟΒΤΟΜΙ
2174 387 2490 445 ABCUIEP.
2531 385 3064 447 CONSTANTINOP.

3757 393 3863 451 ωο

2281 517 2408 559 vero
2434 499 2768 559 Salvatorem
2797 500 3069 558 dicebant.
3099 500 3257 572 Atqui
3285 515 3445 572 quem
3470 502 3540 558 ab
3566 501 3660 559 illo
3682 517 3861 560 serva-

2277 601 2389 648 tum
2420 593 2706 649 viderant?
2745 592 2918 649 Verba
2969 603 3175 648 tantum
3221 592 3547 662 audierant,
3580 604 3636 650 et
3684 606 3860 650 tamen

2277 691 2339 732 ea
2370 677 2483 749 ipsa
2515 676 2795 748 proferunt
2817 692 2935 747 qua:
2959 675 3257 743 dixissent,
3305 679 3350 732 si
3388 677 3650 734 vidissem
3695 681 3862 735 multa

2276 783 2575 838 magnaque
2615 769 2887 824 miracula.
2910 768 2978 823 Et
3005 784 3103 824 cur
3125 769 3462 840 evangelista:
3489 785 3596 825 non
3625 769 3864 825 referunt

2277 873 2338 915 ea
2380 875 2501 931 quas
2539 860 2712 928 dixit,
2745 873 2970 930 quasque
3013 859 3276 914 mirabilia
3319 860 3514 915 erant?
3567 859 3639 916 Ut
3683 858 3864 916 discas

2277 949 2422 1020 ipsos
2449 952 2613 1007 multa
2647 966 2713 1006 ex
2742 951 2951 1023 magnis
2979 951 3138 1005 rebus
3168 951 3612 1021 praetermittere;
3658 949 3753 1006 sed
3795 967 3861 1006 ex

2277 1050 2474 1097 eventu
2523 1050 2693 1097 totum
2741 1041 3269 1097 demonstraverunt.
3331 1040 3519 1097 Verbis
3561 1042 3705 1097 enim
3749 1042 3865 1097 suis

2279 1139 2448 1187 totum
2480 1131 2733 1204 populum
2756 1173 2772 1199 ,
2806 1133 3216 1202 universamque
3261 1131 3530 1186 civitatem
3574 1133 3862 1186 convertit.

2277 1221 2376 1277 Ubi
2401 1231 2579 1278 autem
2624 1223 2896 1279 auditores
2940 1238 3046 1278 non
3101 1222 3516 1293 obtemperant,
3569 1230 3695 1277 tunc
3739 1235 3862 1291 quas

2275 1313 2523 1371 Christus
2574 1315 2771 1371 dixerit
2818 1315 3022 1372 referre
3063 1324 3362 1385 coguntur,
3434 1329 3503 1370 ne
3551 1312 3859 1370 auditorum

2276 1404 2540 1476 ignaviam
2569 1406 2621 1462 in
2641 1407 3053 1462 concionantem
3107 1406 3226 1476 quis
3279 1405 3497 1460 referat.
3555 1403 3684 1460 Post
3734 1404 3865 1460 duos

2275 1507 2441 1551 autem
2459 1497 2566 1552 dies
2587 1499 2710 1552 exiit
2735 1498 2890 1566 inde,
2917 1507 2964 1552 et
2998 1497 3121 1552 abiit
3159 1497 3217 1550 in
3258 1495 3549 1552 Cottianis.
3594 1495 3686 1551 54.
3742 1493 3866 1567 Ipsa

2275 1591 2408 1644 enim
2431 1589 2666 1646 Christus
2694 1591 3031 1645 testimonium
3054 1589 3340 1658 perhibuit,
3369 1588 3489 1658 quia
3517 1571 3771 1658 propheta
3806 1589 3865 1642 its

2277 1683 2441 1752 patria
2468 1699 2562 1738 sua
2607 1683 2846 1738 honorent
2895 1699 2996 1737 non
3040 1682 3208 1736 habet.
3263 1666 3374 1736 Cur
3421 1683 3522 1737 hoc
3571 1681 3868 1752 adjicitur!

2275 1773 2406 1840 Quia
2438 1775 2490 1828 in
2518 1773 2855 1844 Capernaum
2881 1789 2986 1829 non
3015 1774 3181 1837 abiit,
3211 1772 3304 1828 sed
3345 1772 3397 1826 in
3449 1770 3756 1838 Galilaeam,
3807 1780 3866 1828 et

2275 1865 2399 1922 inde
2426 1867 2478 1921 in
2510 1864 2678 1922 Caua.
2707 1865 2784 1922 Ne
2812 1880 3022 1936 quatras
3048 1865 3191 1920 enim
3215 1905 3232 1930 ,
3265 1879 3362 1919 cur
3394 1878 3499 1918 non
3532 1863 3672 1933 apud
3696 1879 3826 1919 suos
3845 1905 3867 1930 ,

2275 1959 2368 2014 sed
2397 1959 2534 2030 apud
2561 1957 2925 2014 Samaritanos
2950 1967 3162 2014 maneat
3186 1996 3202 2019 .
3236 1971 3452 2011 causam
3495 1957 3682 2023 affert,
3719 1957 3868 2028 quod

2277 2065 2469 2118 nempe
2499 2050 2673 2118 ipsum
2720 2064 2826 2103 non
2871 2047 3140 2102 audirent.
3179 2046 3306 2101 ldeo
3338 2048 3495 2116 igitur
3540 2062 3648 2103 non
3686 2063 3754 2103 eo
3807 2061 3867 2103 se

2274 2139 2518 2205 contulit,
2549 2154 2616 2194 ne
2644 2140 2861 2209 gravius
2880 2138 3142 2207 judicium
3167 2137 3431 2193 subirent.

2341 2230 2396 2285 2.
2429 2231 2563 2286 Puto
2584 2231 2728 2284 enim
2777 2230 2864 2285 hic
2909 2229 3135 2300 patriam
3179 2242 3330 2282 suam
3381 2227 3606 2300 intelligi
3660 2228 3865 2298 Caper-

2274 2336 2431 2376 naum
2463 2337 2476 2373 :
2506 2320 2653 2391 quod
2678 2329 2856 2375 autem
2890 2320 2960 2374 ibi
3006 2320 3156 2374 nullo
3181 2333 3304 2373 eum
3351 2319 3557 2373 honore
3605 2326 3865 2390 exceptus

2273 2415 2379 2478 sit,
2412 2412 2534 2468 audi
2559 2414 2730 2482 ipsum
2760 2411 3026 2466 dicentem
3059 2428 3072 2464 :
3109 2409 3172 2463 Et
3202 2419 3254 2463 ttt
3277 2451 3290 2473 ,
3338 2407 3660 2478 Capernaum
3683 2451 3697 2476 ,
3751 2425 3868 2479 quur

2273 2521 2430 2561 usque
2455 2504 2522 2557 ad
2550 2503 2731 2557 caelum
2759 2500 2983 2557 exaltala
3026 2517 3077 2555 es
3100 2542 3115 2567 ,
3164 2516 3320 2570 usque
3359 2500 3428 2553 ad
3471 2501 3727 2570 infernum
3770 2501 3866 2554 de-

2274 2595 2478 2649 εεειιάα
2508 2593 2676 2665 (Luc.
2712 2594 2799 2649 l0.
2829 2593 2896 2648 15
2918 2591 2960 2664 ).
2993 2591 3224 2646 Patriam
3257 2604 3386 2646 vero
3412 2606 3562 2646 suam
3587 2601 3743 2647 vocat
3772 2607 3865 2648 se-

2276 2687 2508 2743 cundum
2554 2687 2870 2742 oeconomia:
2895 2685 3176 2750 rationem,
3205 2684 3324 2754 quia
3356 2683 3553 2739 diutius
3583 2685 3652 2740 ibi
3679 2699 3866 2740 versa-

2273 2784 2360 2832 tus
2391 2777 2583 2831 fuerat.
2607 2775 2744 2844 Quid
2771 2775 2936 2845 ergo?
2963 2775 3202 2844 inquies,
3243 2789 3422 2829 annon
3471 2774 3669 2828 multos
3713 2773 3866 2830 vide-

2272 2881 2406 2932 mus,
2427 2868 2515 2938 qni
2545 2866 2681 2936 apud
2708 2866 2991 2938 populares
3016 2880 3145 2920 suos
3175 2865 3523 2920 admirationi
3563 2862 3824 2921 habentur
3841 2867 3868 2921 τ’

2273 2957 2527 3014 Videmus
2552 2959 2774 3028 utique;
2804 2956 2900 3013 sed
2943 2973 3041 3027 per
3093 2971 3156 3012 ea
3208 2971 3329 3026 quas
3373 2971 3498 3010 raro
3546 2958 3866 3026 contingunt

2273 3067 2378 3106 non
2409 3061 2493 3104 est
2517 3050 2780 3104 sententia
2809 3049 3053 3104 ferenda.
3085 3048 3237 3115 Quod
3263 3049 3308 3102 si
3333 3047 3550 3116 quidam
3599 3047 3651 3102 in
3694 3049 3864 3116 patria

2272 3157 2366 3198 sua
2397 3142 2654 3196 honorem
2681 3148 2805 3195 sunt
2825 3139 3161 3209 consequuti,
3182 3140 3350 3193 multo
3371 3138 3540 3209 magis
3571 3139 3622 3194 in
3652 3139 3822 3194 aliena
3847 3157 3860 3192 :

2270 3232 2601 3288 consuetudo
2645 3247 2877 3301 namque
2917 3239 3279 3300 contemptum
3332 3244 3519 3301 parere
3562 3231 3720 3287 solet.
3765 3231 3861 3286 45.

2269 3323 2399 3380 Cum
2420 3340 2537 3395 ergo
2561 3324 2772 3378 venisset
2793 3323 2846 3376 in
2870 3321 3140 3376 Gulilteam
3161 3363 3175 3387 ,
3203 3331 3510 3391 exceperunt
3553 3337 3669 3375 eunt
3717 3319 3865 3375 Cali-

2270 3415 2386 3482 lwi,
2431 3430 2544 3468 cunt
2588 3412 2827 3468 uidissent
2869 3413 3040 3466 omnia
3083 3427 3199 3482 qua
3233 3416 3422 3484 fecerat
3443 3409 3779 3482 Jerosolyntis
3807 3415 3861 3466 in

2273 3505 2356 3560 die
2379 3504 2505 3575 festo
2535 3524 2552 3558 :
2578 3505 2678 3575 ipsi
2706 3504 2840 3558 enim
2866 3513 3105 3558 venerant
3131 3502 3200 3555 ad
3237 3502 3371 3556 diem
3410 3504 3620 3574 festum.
3673 3501 3865 3557 Viden'

2273 3596 2543 3665 quomodo
2569 3596 2602 3648 ii
2630 3595 2718 3663 qui
2749 3596 2890 3649 male
2919 3593 3206 3648 audiebant
3231 3633 3248 3659 ,
3276 3592 3375 3661 ipsi
3426 3593 3660 3647 maxime
3700 3591 3862 3648 Chri-

2273 3697 2413 3741 stum
2445 3687 2676 3742 adeant?
2704 3686 2834 3740 Nam
2867 3685 2951 3738 hic
2974 3683 3188 3753 quidem
3217 3681 3542 3753 evangelista
3573 3681 3702 3737 dicit
3729 3702 3742 3736 :
3779 3683 3862 3738 Ex

2277 3777 2501 3833 Nazaret
2523 3788 2683 3848 potest
2707 3777 2900 3847 aliquid
2927 3775 3046 3830 boni
3074 3791 3183 3829 esse
3209 3773 3402 3843 (Joau.
3431 3775 3484 3829 t.
3523 3775 3590 3829 47
3618 3775 3683 3844 )ῗ
3725 3776 3865 3831 alius

2274 3879 2484 3934 autem,
2518 3871 2760 3924 Scrutare
2784 3879 2829 3923 et
2850 3867 2994 3932 vide,
3025 3867 3145 3938 quia
3175 3867 3422 3937 pr0pheta
3442 3883 3475 3920 tt
3496 3865 3713 3922 Galila'a
3753 3883 3864 3921 non

2272 3962 2431 4032 surgit
2478 3959 2673 4030 (Joan.
2715 3961 2766 4014 7.
2797 3960 2906 4029 52)
2941 3959 3122 4028 :qnod
3171 3958 3225 4012 itt
3270 3957 3651 4012 contumeliam
3695 3957 3866 4027 ipsius

2272 4053 2538 4108 dicebant.
2584 4051 2728 4105 Multi
2762 4063 2991 4119 namque
3022 4048 3276 4119 putabant
3304 4049 3478 4118 ipsum
3520 4063 3589 4103 ex
3633 4047 3865 4104 Natarct

2273 4160 2393 4201 esse
2423 4162 2435 4198 :
2468 4155 2625 4213 atque
2669 4143 2718 4197 ei
2764 4151 3032 4209 tamquam
3063 4140 3400 4195 Samaritano
3440 4139 3862 4208 exprobrabant.

2279 4238 2636 4291 Samaritanus
2688 4251 2774 4300 es,
2826 4233 3072 4294 aiebant,
3125 4240 3171 4284 et
3223 4228 3527 4282 dtetnoniunt
3554 4229 3726 4283 habes.
3757 4227 3868 4286 Sed

2277 4341 2404 4381 ecce
2435 4367 2449 4390 ,
2501 4325 2705 4393 inquit,
2767 4321 3087 4377 Samaritani
3140 4328 3194 4374 et
3241 4317 3446 4374 Galilcei
3503 4318 3732 4375 credunt
3797 4321 3865 4376 ad

2278 4417 2619 4488 ignominiam
2663 4416 3008 4478 .ludceorum;
3076 4413 3185 4468 imo
3245 4412 3562 4467 Samaritani
3629 4413 3869 4468 Galilzis

2277 4511 2524 4566 meliores
2569 4507 3079 4578 deprehenduntur:
3111 4505 3185 4559 illi
3206 4504 3352 4558 enim
3378 4519 3444 4558 ex
3490 4504 3731 4561 mulieris
3775 4521 3870 4560 so-

2223 4639 2233 4647 .
2277 4602 2384 4656 lum
2428 4600 2728 4655 testimonio
2769 4599 2944 4668 ipsum
2984 4603 3340 4665 acceperunt;
3400 4593 3454 4649 hi
3503 4610 3662 4662 vero,
3717 4607 3866 4664 post-

2275 4707 2436 4762 quam
2476 4692 2628 4761 signa
2673 4691 2741 4744 ab
2777 4689 2867 4743 illo
2913 4688 3048 4742 facta
3090 4686 3350 4742 viderant.
3407 4685 3496 4742 46.
3558 4683 3703 4740 Venit
3745 4704 3869 4759 ergo

2275 4783 2426 4839 Iesus
2447 4785 2629 4837 iterum
2653 4784 2706 4837 in
2731 4782 2872 4836 Cana
2893 4780 3122 4835 Calilteat
3144 4821 3158 4844 ,
3190 4781 3272 4833 ubi
3296 4780 3413 4850 fecit
3441 4796 3627 4853 aquam
3670 4782 3872 4839 uinum.

2279 4877 2587 4932 liliracnlum
2626 4877 2678 4931 in
2728 4875 3038 4930 memoriam
3085 4881 3323 4939 revocat,
3355 4872 3422 4926 ad
3468 4872 3727 4942 majorem
3767 4874 3870 4930 Sa-

2279 4967 2658 5023 maritanorum
2717 4967 2950 5020 laudem.
3004 4962 3066 5017 Hi
3122 4977 3354 5033 namque
3407 4972 3529 5034 post
3595 4964 3743 5036 signa
3812 4977 3871 5021 et

2277 5057 2619 5129 Jerosolymis
2649 5067 2703 5113 et
2741 5055 2880 5127 apud
2922 5070 2982 5110 se
3023 5055 3200 5122 edita,
3251 5055 3423 5126 ipsum
3468 5067 3818 5132 susceperunt
3853 5077 3867 5114 :

2277 5153 2598 5208 Samaritani
2629 5167 2755 5208 vero
2780 5163 2845 5205 ex
2887 5148 3128 5204 doctrina
3173 5155 3402 5202 tantum.
3460 5145 3603 5202 Istuc
3655 5150 3870 5206 venisse

2278 5254 2496 5311 narrat;
2526 5261 2628 5316 qua
2657 5244 2725 5300 de
2769 5257 2930 5296 causa
2976 5239 3188 5296 venerit
3241 5255 3347 5296 non
3396 5239 3596 5311 adjicit.
3652 5241 3708 5294 In
3754 5239 3867 5296 ϐας

2280 5338 2470 5392 lilmam
2532 5336 2674 5391 enim
2736 5343 2952 5405 propter
3007 5332 3317 5388 Iudaeorum
3368 5332 3620 5387 invidiam
3681 5333 3867 5396 venit;

2278 5431 2371 5487 sed
2401 5446 2497 5486 cur
2537 5430 2588 5484 iu
2631 5427 2824 5482 Caua?
2871 5426 3110 5482 Primum
3157 5435 3381 5480 vocatus
3419 5424 3484 5478 ad
3525 5426 3739 5494 nuptias
3765 5424 3865 5480 illo

2277 5529 2617 5576 concesserat
2655 5535 2669 5584 ;
2718 5517 2813 5573 sed
2840 5533 2980 5573 nunc
3006 5531 3172 5587 quare
3200 5517 3224 5570 τ
3254 5516 3380 5571 Mihi
3410 5517 3623 5586 quidem
3655 5516 3871 5572 venisse

2280 5615 2488 5670 videtur
2526 5623 2583 5669 ut
2623 5613 2781 5667 [idem
2819 5613 3011 5681 patrati
3055 5610 3298 5664 miraculi
3337 5611 3618 5680 praesentia
3648 5625 3740 5664 sua
3769 5611 3868 5663 lir-

2281 5718 2451 5765 maret
2473 5749 2487 5772 ,
2519 5717 2681 5777 utque
2722 5721 2826 5759 non
2860 5713 3080 5759 vocatus
3109 5706 3394 5770 accedens,
3441 5704 3609 5774 magis
3639 5703 3758 5758 illos
3783 5706 3869 5757 al-

2286 5803 2496 5866 liceret,
2526 5814 2647 5854 cunt
2675 5796 2858 5852 relicta
2890 5795 3055 5865 patria
3079 5837 3093 5863 ,
3125 5795 3243 5850 illos
3269 5797 3378 5851 suis
3407 5799 3711 5852 anteferret.
3740 5794 3872 5852 Erat
