4084 6484
178 466 272 525 SM

180 588 343 633 autem
368 576 586 648 quidam
616 573 843 645 regulus,
865 569 1012 640 cujus
1036 567 1172 632 [ilius
1197 562 1553 634 iit/imitabatur
1589 558 1783 628 Caper-

180 688 353 724 naunt.
397 667 495 723 £7.
544 665 649 720 llic
692 680 809 717 cum
846 662 1067 715 audisset
1114 659 1232 729 quin
1270 656 1424 710 Jesus
1466 651 1722 707 adveniret
1751 664 1783 700 a

181 760 365 814 Indica
396 759 453 811 in
496 756 768 812 Golilcam
793 797 807 817 ,
838 753 969 806 venit
1008 751 1076 804 ad
1100 766 1211 803 eum
1231 789 1246 813 ,
1275 757 1325 801 et
1350 744 1561 816 rogabat
1586 758 1698 795 eum
1728 748 1780 792 ut

180 854 541 915 descenderet,
587 858 635 902 et
675 854 880 901 sanaret
924 843 1089 911 ﬁlium
1138 842 1250 911 ejus
1281 856 1296 907 ;
1324 838 1438 891 sive
1488 851 1553 890 ex
1584 846 1783 904 genere

180 946 325 1015 regio
354 958 485 998 cum
535 950 723 1005 esset,
760 937 840 993 vel
889 952 955 991 ex
987 933 1215 1005 quadam
1263 930 1519 999 dignitate
1567 924 1785 995 regulus

181 1036 569 1106 appellaretur.
602 1031 827 1100 Quidam
878 1037 1067 1096 putant
1113 1024 1254 1078 hunc
1305 1024 1479 1090 ipsum
1524 1032 1646 1073 esse
1692 1015 1782 1087 qui

182 1137 517 1181 mcmoratur
562 1140 590 1176 a
624 1121 873 1177 Matthaeo
902 1137 917 1183 ;
950 1117 1042 1171 sed
1089 1116 1228 1170 alius
1252 1127 1373 1168 esse
1398 1110 1653 1181 probatur
1675 1123 1783 1161 nott

181 1233 242 1273 ex
290 1216 558 1286 dignitate
599 1214 759 1272 modo
783 1253 796 1275 ,
830 1210 924 1265 sed
954 1210 1115 1264 etiam
1156 1222 1218 1262 ex
1252 1205 1373 1260 fide.
1416 1202 1513 1258 llle
1553 1214 1785 1271 namque

183 1310 457 1363 Christum
502 1309 585 1364 ire
626 1306 931 1367 volentem,
964 1318 1029 1355 ne
1072 1309 1159 1353 eat
1188 1307 1377 1368 rogat;
1408 1296 1495 1350 hic
1538 1309 1638 1349 nec
1664 1306 1786 1347 sese

181 1400 527 1460 offerentem.
559 1400 775 1454 domum
802 1394 984 1450 trahit.
1007 1393 1101 1448 Ille
1129 1391 1281 1455 dicit,
1315 1387 1435 1442 Non
1467 1404 1577 1441 sum
1601 1387 1786 1456 dignus

185 1501 234 1543 ut
260 1492 420 1545 intres
448 1490 543 1542 sub
573 1497 751 1541 tectum
778 1500 983 1548 meum;
1008 1483 1093 1536 hic
1116 1490 1266 1550 urget
1289 1479 1497 1541 dicens,
1529 1476 1786 1531 Descende

186 1587 487 1655 priusquam
535 1583 778 1635 moriatur
825 1580 964 1647 [ilius
1006 1592 1146 1630 meus
1190 1572 1419 1645 (Matth.
1452 1572 1505 1625 8.
1540 1570 1639 1639 8).
1696 1568 1788 1623 Ille

186 1694 250 1733 ne
299 1684 494 1731 monte
546 1671 879 1728 desecndens
917 1667 1252 1734 Capernaum
1299 1664 1481 1728 venit;
1530 1662 1615 1716 hic
1661 1675 1789 1715 vero

185 1791 210 1823 ει
240 1769 512 1830 Samaria,
548 1782 652 1820 non
700 1764 752 1817 itt
783 1762 1144 1831 Capernaum,
1177 1757 1272 1813 sed
1308 1758 1357 1810 in
1389 1756 1533 1810 Cana
1567 1753 1787 1807 venien-

187 1872 287 1913 tem
316 1859 453 1911 adit.
493 1857 641 1910 Illius
682 1869 816 1923 prter
858 1852 1087 1924 paralysi
1122 1849 1428 1912 laborabat,
1462 1844 1619 1914 hujus
1648 1845 1789 1898 ﬁlius

186 1950 335 2004 febri.
382 1949 457 2002 Et
489 1948 690 2001 veniens
720 1946 930 2015 royabat
961 1958 1073 1996 eum
1118 1952 1171 1993 ut
1208 1948 1410 1992 sanaret
1436 1937 1599 2005 ﬁliuni
1627 1937 1737 2004 cjus
1771 1952 1789 1989 :

185 2041 459 2109 incipiebat
508 2040 641 2093 enim
680 2037 831 2090 mori.
877 2036 1013 2102 Quid
1063 2049 1192 2103 ergo
1218 2030 1505 2086 Christus?
1534 2030 1621 2084 48.
1671 2027 1790 2082 Nisi

185 2136 325 2205 signa
372 2140 420 2185 et
470 2130 709 2200 prodigia
755 2127 977 2182 videritis
1003 2168 1016 2189 ,
1050 2142 1152 2178 non
1192 2124 1419 2178 creditis.
1455 2122 1614 2191 Atqui
1645 2120 1788 2191 quod

186 2224 391 2278 veniret
436 2231 493 2277 et
538 2229 791 2290 rogaret,
828 2218 878 2272 id
913 2218 1046 2271 fides
1082 2227 1191 2271 erat
1222 2233 1237 2281 ;
1271 2224 1326 2269 et
1357 2226 1539 2284 postea
1573 2215 1672 2267 hoc
1707 2216 1787 2283 ip.

187 2334 299 2371 sunt
338 2314 664 2372 testiﬁcatur
707 2313 1033 2383 evangelista
1079 2312 1265 2366 dicens
1300 2328 1312 2363 :
1357 2308 1490 2365 Cum
1518 2309 1677 2363 .lcsus
1707 2307 1789 2361 di-

192 2412 377 2474 xisset,
415 2407 578 2471 Vade,
609 2407 747 2475 ﬁlius
792 2416 908 2459 tuus
945 2407 1098 2470 vivit,
1128 2405 1338 2458 credidit
1383 2406 1600 2457 sermoni
1641 2404 1785 2473 ejus,

189 2512 228 2553 rt
272 2504 397 2555 ibat.
431 2501 572 2569 Quid
614 2516 742 2571 ergo
777 2500 877 2554 sibi
920 2502 1030 2553 vult
1064 2498 1148 2552 hic
1176 2502 1200 2552 Υ
1236 2498 1327 2553 Vel
1360 2501 1461 2551 hoc
1488 2496 1790 2551 Samarita-

191 2610 305 2656 nos,
337 2594 433 2663 qui
476 2593 592 2647 sine
623 2592 787 2661 signis
814 2591 1179 2656 crediderunt,
1214 2589 1487 2643 admirans
1517 2588 1671 2650 dixit,
1707 2587 1790 2640 vel

190 2702 325 2742 eain.
356 2700 484 2753 qua:
508 2699 602 2737 sua
637 2682 917 2738 videbatur
943 2698 1084 2749 esse,
1116 2682 1415 2747 civitatem,
1446 2682 1788 2750 Capernattm

192 2791 403 2845 nenqic.
434 2777 764 2845 perstringit.
790 2776 1067 2845 Siquidem
1101 2792 1224 2831 cum
1266 2776 1401 2829 alius
1425 2774 1564 2843 apud
1590 2774 1788 2831 Lucam

192 2872 266 2941 (ιι)
306 2871 554 2935 diceret,
605 2868 795 2931 Credo,
846 2868 1094 2932 Domine,
1136 2868 1325 2940 adjuva
1385 2866 1791 2922 incredulitatem

192 2979 351 3016 ineant
384 2960 598 3033 (Marc.
629 2960 681 3014 9.
726 2961 857 3031 25),
892 2961 1080 3016 iisdem
1111 2976 1237 3015 usus
1263 2972 1345 3014 est
1375 2960 1575 3013 verbis.
1608 2958 1792 3029 itaque

193 3055 311 3109 licet
353 3054 445 3109 hic
494 3052 824 3121 crediderit,
875 3068 980 3108 non
1028 3060 1205 3107 tamen
1254 3052 1410 3122 plene
1439 3063 1489 3107 et
1537 3052 1789 3122 integre:

192 3147 329 3216 quod
357 3147 602 3202 declarat
628 3135 749 3202 cum
779 3146 1102 3209 sciscitatur,
1133 3160 1238 3210 qua
1264 3145 1394 3199 hora
1432 3145 1647 3213 reliquit
1668 3159 1791 3199 eum

196 3239 377 3294 febris.
419 3237 646 3293 Volebat
674 3238 818 3292 enim
864 3238 1066 3301 dicere,
1109 3254 1235 3291 nunt
1281 3247 1474 3306 Sponte
1519 3252 1634 3301 sua,
1666 3250 1793 3289 num

194 3348 251 3384 i-x
281 3332 483 3387 Chris=i
515 3340 783 3401 prmeepto
810 3329 972 3385 febris
994 3330 1360 3385 abscessisset.
1388 3327 1458 3383 Ut
1481 3344 1595 3381 vero
1617 3344 1798 3399 cogno-

195 3425 257 3473 rit
285 3422 407 3492 quia
439 3424 548 3475 lteri
594 3422 721 3474 liora
761 3421 997 3492 septima,
1025 3420 1239 3474 credidit
1268 3420 1377 3490 ipse
1404 3432 1448 3474 et
1477 3419 1656 3475 domus
1686 3421 1796 3490 ejus

198 3522 317 3566 tota.
376 3512 566 3568 Vidcn'
616 3513 765 3567 illum
813 3512 1129 3577 credidisse,
1185 3514 1355 3567 servis
1401 3512 1794 3575 nuntiantibus,

198 3621 298 3659 non
330 3604 551 3659 Christo
591 3603 887 3674 loquente?
912 3603 1140 3659 Mentem
1171 3619 1303 3675 ergo
1332 3604 1469 3674 ejus,
1499 3619 1603 3673 qua
1633 3619 1797 3658 vene-

199 3709 295 3762 tat,
329 3700 513 3769 arguit
543 3718 554 3751 :
601 3698 671 3753 ita
717 3697 858 3753 enim
890 3697 1060 3769 magis
1095 3697 1245 3752 illum
1276 3697 1343 3752 ad
1373 3697 1531 3753 ﬁdem
1576 3698 1797 3751 induce-

198 3790 283 3845 bat
325 3810 339 3844 :
387 3788 517 3845 ante
570 3791 781 3860 signum
837 3790 981 3845 enim
1031 3804 1137 3845 non
1184 3788 1472 3844 admodum
1518 3790 1793 3845 credebat.

198 3872 345 3949 Qttod
374 3884 422 3937 si
461 3892 515 3938 et
544 3884 754 3938 venerit
782 3893 836 3938 et
865 3885 1157 3954 rogaverit,
1193 3884 1326 3937 nihil
1357 3884 1577 3937 mirum.
1609 3882 1799 3938 Solent

198 3975 337 4027 enim
386 3982 569 4044 patres
609 3973 817 4028 ardenti
861 3989 1047 4028 amore
1092 3973 1235 4028 ducti
1263 4014 1277 4035 ,
1326 3989 1431 4027 non
1460 3975 1632 4026 solum
1664 3988 1796 4039 eos,

199 4064 391 4130 quibus
422 4065 611 4129 fidunt,
645 4063 881 4119 medicos
921 4064 1091 4127 adire,
1124 4079 1309 4118 verum
1352 4065 1515 4119 etiam
1561 4080 1655 4119 eos
1684 4065 1801 4135 qui-

203 4156 299 4210 bus
342 4169 453 4210 non
486 4156 558 4209 ita
596 4154 802 4218 ﬁdunt,
832 4170 900 4209 ne
923 4154 1197 4226 quidpiam
1225 4155 1553 4226 prteteriisse
1582 4155 1801 4209 videan-

203 4258 304 4300 tur.
328 4246 608 4315 Siquidcm
633 4246 811 4301 oblata
833 4248 1005 4300 solum
1030 4248 1313 4303 occasione
1335 4248 1563 4303 accessit
1586 4246 1801 4316 quando

204 4341 351 4392 venit
384 4338 474 4392 ille
523 4338 573 4392 itt
616 4336 893 4392 Caliltnam
931 4356 943 4391 :
979 4346 1068 4408 qui
1111 4338 1156 4392 si
1186 4338 1476 4393 admodum
1517 4338 1590 4393 illi
1624 4337 1802 4391 credi-

203 4428 370 4485 disset
396 4470 413 4492 ,
446 4428 555 4483 tilio
597 4430 647 4482 in
691 4429 950 4485 extremis
978 4430 1259 4485 laborante
1283 4472 1297 4496 ,
1342 4446 1447 4485 non
1477 4430 1804 4501 neglexisset

204 4521 258 4575 in
283 4521 530 4577 Iudaeam
573 4523 777 4576 venire.
806 4521 957 4588 Quod
988 4523 1029 4575 si
1058 4522 1299 4590 timebat,
1333 4538 1507 4592 neque
1549 4522 1679 4577 illud
1704 4538 1805 4576 ex-

203 4612 505 4668 cusandum
555 4620 692 4667 erat.
742 4610 1068 4667 Consideres
1121 4613 1305 4678 velim,
1356 4615 1441 4669 vel
1481 4614 1591 4682 ipsa
1642 4615 1801 4669 verba

205 4720 461 4775 quantam
502 4706 876 4761 demonstrent
924 4706 1023 4759 viri
1055 4704 1442 4760 inﬁrmitatem.
1475 4706 1605 4760 Cum
1638 4722 1803 4774 opor-

205 4798 396 4852 tuisset
420 4797 563 4852 enim
584 4838 599 4859 ,
631 4796 675 4851 si
708 4810 811 4849 non
840 4796 985 4864 prius
1005 4834 1027 4855 .
1053 4796 1242 4851 saltem
1273 4806 1393 4864 post
1420 4796 1804 4867 reprehensam

207 4890 369 4944 animi
414 4891 495 4943 sui
523 4889 873 4954 sententiam,
902 4904 1153 4959 magnum
1183 4888 1456 4959 quidpiam
1484 4888 1551 4943 de
1587 4889 1805 4943 Christo

207 4986 445 5055 cogitare
466 5025 482 5050 ,
508 4982 633 5037 audi
661 4982 930 5051 quomodo
958 4982 1134 5037 adhuc
1166 4982 1313 5035 httmi
1344 4992 1545 5051 serpat.
1574 4980 1663 5036 49.
1700 4981 1805 5033 De-

211 5078 410 5141 scende,
454 5077 648 5145 inquit,
675 5077 970 5145 priusquam
1001 5076 1252 5130 moriatur
1288 5074 1429 5144 ﬁlius
1467 5092 1627 5140 meus,
1656 5076 1808 5145 quasi

212 5184 319 5222 non
368 5176 555 5238 posset
578 5177 851 5223 mortuum
884 5169 1149 5223 suscitare
1171 5211 1185 5232 .
1217 5176 1271 5223 et
1299 5168 1451 5238 quasi
1486 5184 1591 5221 non
1626 5174 1807 5221 nosset

212 5275 317 5330 quo
361 5268 503 5314 statu
549 5273 687 5330 puer
722 5269 885 5315 esset.
935 5260 1061 5316 ldeo
1093 5261 1242 5315 illum
1270 5260 1544 5330 coarguit,
1578 5267 1635 5315 et
1675 5275 1809 5315 con-

213 5354 495 5409 scientiam
540 5356 851 5426 perstringit
875 5398 889 5419 .
922 5356 1218 5412 ostendens
1246 5357 1395 5428 signa
1423 5358 1619 5411 anima:
1646 5371 1811 5412 causa

218 5450 453 5505 maxime
477 5448 587 5505 edi.
623 5448 721 5504 llic
758 5450 900 5505 enim
931 5465 1035 5505 non
1064 5451 1241 5505 minus
1274 5461 1478 5520 patrem
1521 5450 1703 5503 animo
1730 5450 1810 5503 la-

219 5540 498 5597 borantem
520 5550 696 5604 curat,
728 5557 887 5611 quam
921 5541 1087 5596 filium
1114 5560 1128 5607 ;
1160 5552 1216 5595 ttt
1244 5542 1399 5597 nobis
1430 5541 1673 5607 suadeat,
1704 5557 1811 5595 non

220 5643 327 5689 tam
374 5634 543 5704 signis
565 5674 582 5699 ,
622 5650 783 5705 quam
814 5634 1070 5690 doctrina:
1099 5637 1215 5706 ejus
1241 5636 1626 5692 attendendum
1668 5649 1811 5690 esse.

294 5788 372 5849 (a)
405 5787 481 5836 sic
510 5789 673 5837 omnia
704 5787 1009 5852 exemplaria
1032 5790 1231 5841 habent.
1248 5790 1339 5841 Sed
1372 5792 1608 5841 memoria
1638 5788 1818 5841 labitur

320 5858 618 5919 gestamus:
646 5862 757 5899 nam
792 5851 895 5901 hac
919 5865 1015 5902 non
1038 5854 1165 5917 apud
1200 5862 1399 5917 Lucam,
1432 5856 1521 5905 sed
1543 5857 1669 5919 apud
1694 5862 1813 5905 διπ-

224 5922 329 5957 (‘ttltt
351 5916 593 5974 leguntur,

1148 451 1213 507 IN
1250 447 1562 508 JOANNEM
1603 440 1834 501 ιιοιιιι.
1875 437 2092 495 XXXV.
2136 442 2205 498 al.
2250 440 2494 497 XXXIV.

3396 436 3501 494 20!

1898 554 2059 623 Signa
2088 554 2289 624 quippe
2340 569 2445 609 non
2479 552 2729 609 ﬁdelibus
2756 593 2771 616 ,
2800 551 2895 607 sed
2927 550 3236 607 infidelibus
3264 560 3320 607 ct
3354 565 3505 607 cras-

1892 645 2126 700 sioribus
2155 658 2339 717 parata
2361 659 2507 703 sunt.

1972 740 2025 793 5.
2069 739 2220 795 Tunc
2262 740 2352 794 ille
2379 746 2607 795 mmsttts
2635 752 2740 792 non
2772 738 3001 792 multum
3045 734 3205 791 dictis
3245 734 3496 791 attende,

1894 835 2007 903 bat,
2035 835 2138 888 nisi
2171 832 2235 888 iis
2280 847 2401 902 qua:
2448 831 2513 886 ad
2548 831 2715 884 lilium
2747 830 3087 899 Spectahant.
3133 828 3325 883 Postea
3372 843 3503 883 vero

1893 928 1981 983 illa
2034 927 2087 980 in
2131 934 2366 978 mentem
2412 933 2769 978 revocaturus
2810 930 2960 987 erat,
3002 930 3164 991 atque
3214 920 3337 975 ltinc
3387 938 3503 974 ma-

1894 1033 2057 1089 gnum
2104 1026 2539 1086 consequuturos
2590 1015 2836 1069 lucrum:
2870 1015 3014 1083 quod
3055 1023 3109 1068 et
3147 1014 3348 1067 evenit.
3397 1012 3506 1067 Cur

1893 1120 2074 1165 autem
2116 1109 2366 1164 Christus
2396 1107 2697 1163 centurioni
2743 1121 2802 1161 se
2831 1106 2973 1159 ultro
3014 1104 3211 1160 obtulit
3258 1106 3454 1160 iturum
3489 1122 3504 1160 :

1894 1202 1982 1257 hic
2008 1212 2188 1256 autem
2220 1218 2288 1257 ne
2318 1210 2534 1272 rogatus
2566 1200 2782 1271 quidem
2816 1200 2841 1252 ‘l
2883 1199 3017 1265 Quia
3048 1199 3119 1255 ibi
3151 1199 3285 1255 fides
3318 1201 3493 1269 perfeo

1894 1306 1980 1350 cta
2008 1304 2145 1350 erat.
2179 1293 2305 1349 ldeo
2335 1309 2395 1349 se
2426 1296 2622 1348 iturum
2648 1294 2881 1358 obtulit,
2928 1304 2986 1349 ut
3026 1295 3125 1348 viri
3176 1294 3503 1363 probitatem

1894 1386 2262 1442 edisceremus
2312 1404 2324 1440 :
2370 1395 2426 1441 at
2476 1386 2694 1457 regulus
2737 1386 2915 1440 adhuc
2964 1386 3315 1456 imperfectus
3364 1397 3504 1441 erat.

1894 1480 2027 1545 Quia
2056 1494 2185 1549 ergo
2213 1478 2500 1533 admodum
2546 1477 2782 1531 instabat
2811 1477 3025 1541 dicens,
3064 1476 3353 1546 Descende,
3379 1494 3507 1535 ncc—

1894 1570 2023 1625 dum
2076 1572 2279 1626 sciebat
2328 1572 2503 1641 ipsum
2549 1571 2633 1624 vel
2667 1571 2946 1625 absentem
2980 1585 3139 1639 posse
3187 1586 3419 1636 sanare;
3452 1571 3502 1625 id

1894 1676 1955 1717 se
1986 1678 2146 1732 posse
2178 1664 2450 1728 ostendit;
2488 1673 2543 1717 ut
2582 1678 2741 1732 quam
2776 1678 2870 1732 per
2899 1677 2957 1715 se
2984 1664 3228 1716 Ct'llilll‘lO
3261 1664 3502 1717 notitiam

1896 1754 2147 1821 habebat,
2178 1771 2295 1809 eam
2326 1756 2540 1825 regulus
2568 1770 2673 1808 non
2703 1754 2995 1808 accedente
3020 1754 3151 1807 Jesu
3174 1756 3501 1824 acqttircret.

1894 1844 2028 1899 Cum
2059 1846 2236 1913 itaque
2264 1847 2413 1910 dicit,
2445 1845 2568 1898 Nisi
2593 1845 2741 1915 signa
2772 1854 2816 1897 et
2856 1845 3092 1915 prodigia
3120 1847 3367 1926 videritis,
3394 1864 3497 1901 non

1894 1940 2099 1994 creditis
2124 1981 2137 2006 ,
2173 1939 2277 1993 hoc
2319 1939 2619 2008 significat,
2653 1941 2969 2007 congruenti
3018 1939 3122 1993 fide
3151 1940 3388 1994 nondunt
3420 1942 3505 1994 itt-

1904 2032 2094 2086 structi
2134 2033 2266 2086 estis
2300 2048 2313 2098 ;
2348 2031 2444 2086 sed
2476 2032 2653 2086 adhuc
2697 2047 2784 2085 me
2816 2040 2875 2086 ut
2906 2032 3221 2101 prophetam
3273 2032 3503 2089 habetis.

1901 2123 2033 2191 Quis
2062 2137 2193 2192 ergo
2220 2123 2336 2191 ipse
2360 2124 2430 2177 sit
2459 2122 2744 2188 t'cvelans,
2774 2131 2830 2178 et
2869 2124 3163 2178 ostendens
3195 2126 3357 2178 etiam
3389 2125 3508 2181 sine

1898 2214 2174 2269 miraculis
2197 2214 2298 2269 sibi
2328 2213 2662 2269 credendum
2690 2228 2833 2281 esse,
2866 2214 3056 2269 eadem
3089 2215 3199 2284 ipsa
3232 2230 3350 2284 qum
3380 2215 3506 2269 Phi-

1899 2308 2047 2377 lippo
2075 2307 2211 2361 dixit
2248 2328 2259 2360 :
2293 2305 2418 2361 Non
2464 2307 2631 2361 credis
2676 2307 2794 2378 quia
2839 2324 2929 2378 ego
2967 2310 3020 2361 in
3050 2307 3243 2374 Putre,
3272 2319 3321 2362 et
3352 2308 3509 2363 I’atrr

1896 2402 1950 2453 in
1981 2416 2060 2453 me
2089 2410 2162 2453 cst
2194 2400 2219 2451 ?
2264 2398 2378 2453 Etsi
2408 2399 2532 2452 milii
2561 2416 2665 2452 non
2693 2398 2843 2453 vultis
2874 2400 3096 2463 credere,
3128 2401 3365 2469 operibus
3393 2416 3507 2454 crc-

1898 2494 2001 2546 tlite
2031 2491 2229 2565 (Joan.
2261 2492 2347 2547 M.
2384 2491 2509 2561 10).
2545 2492 2668 2545 Jam
2696 2504 2866 2546 autem
2892 2509 2951 2546 eo
2997 2492 3349 2555 descendente,
3380 2495 3509 2547 servi

1898 2595 2227 2639 occurrerunt
2275 2585 2322 2637 ei
2366 2585 2629 2649 dicentes,
2677 2586 2797 2653 quia
2839 2584 2982 2652 ﬁlius
3013 2586 3122 2654 ejus
3160 2586 3367 2641 viveret.
3414 2586 3505 2644 52.

1898 2678 2258 2749 Inlerrognbut
2284 2695 2407 2747 ergo
2437 2678 2616 2733 horam
2644 2679 2709 2731 ab
2730 2678 2820 2738 eis,
2846 2679 2896 2732 iu
2922 2694 3022 2749 qua
3050 2679 3229 2732 melius
3251 2678 3507 2732 habuerit.

1899 2770 1969 2825 Et
2017 2773 2255 2827 dixerunt
2294 2771 2363 2836 ei,
2412 2770 2549 2838 Quia
2577 2771 2687 2824 lteri
2730 2770 2859 2823 liora
2888 2774 3107 2838 septima
3146 2770 3348 2837 reliquit
3394 2787 3510 2824 eum

1901 2864 2076 2935 febris.
2113 2865 2201 2920 5'5.
2234 2863 2481 2935 Cognovit
2520 2880 2643 2934 ergo
2684 2874 2848 2934 pater,
2889 2864 3008 2934 quia
3030 2864 3122 2917 illa
3146 2864 3272 2917 Itora
3300 2873 3427 2926 erat,
3456 2865 3510 2919 in

1899 2975 2000 3029 qua
2018 2958 2144 3025 dixit
2166 2958 2209 3010 ei
2229 2956 2406 3023 Iesus,
2426 2956 2562 3026 quod
2578 2956 2717 3025 [ilius
2733 2957 2843 3026 ejus
2856 2957 3056 3011 viveret.
3069 2954 3131 3008 Et
3148 2956 3359 3009 credidit
3380 2956 3511 3025 ipse,

1900 3060 1949 3103 et
1978 3050 2159 3102 domus
2186 3050 2297 3119 ejus
2324 3058 2447 3102 tota.
2480 3048 2672 3103 γυιων
2694 3064 2802 3118 quo
2831 3058 2986 3116 pacto
3012 3047 3327 3102 miraculum
3359 3048 3513 3102 evttl-

1899 3154 2083 3215 gatnm
2111 3144 2228 3196 sit?
2256 3142 2438 3213 Neque
2470 3142 2681 3212 vulgari
2718 3141 2879 3196 modo
2917 3156 2946 3195 a
2979 3140 3222 3211 periculo
3253 3141 3511 3196 liberatus

1901 3247 2017 3302 est,
2068 3236 2161 3291 sed
2202 3234 2525 3302 confestim,
2562 3236 2629 3288 ita
2664 3243 2722 3288 ut
2750 3235 2951 3305 liqueat
2983 3249 3096 3289 rem
3127 3248 3232 3289 neu
3265 3250 3331 3289 ex
3366 3246 3513 3287 natu.

1902 3329 2000 3383 rali
2050 3329 2211 3392 serie,
2259 3329 2355 3383 sed
2407 3344 2471 3381 ex
2519 3328 2714 3381 Christi
2748 3327 3063 3396 operatione
3115 3325 3312 3381 factam
3364 3343 3508 3383 esse.

1901 3421 2033 3475 Nam
2064 3438 2185 3477 cum
2218 3421 2283 3475 ad
2314 3423 2425 3489 ipsa
2474 3421 2663 3474 mortis
2700 3419 2883 3473 limina
2916 3420 3275 3489 pervenisset,
3322 3429 3377 3473 ut
3418 3418 3515 3474 de-

1902 3514 2127 3571 claravit
2157 3523 2310 3583 pater
2336 3513 2419 3567 his
2446 3512 2646 3577 verbis,
2684 3511 2967 3577 Descende,
2996 3512 3293 3583 priusquam
3321 3514 3511 3567 moria-

1905 3616 1989 3659 tur
2031 3606 2170 3673 [ilius
2217 3621 2391 3670 meus,
2424 3605 2604 3658 subito
2634 3619 2699 3657 ex
2747 3602 2941 3658 morbo
2967 3613 3187 3673 ereptus
3229 3612 3315 3658 est
3346 3621 3359 3659 :
3390 3620 3513 3675 qua:

1904 3704 1993 3752 res
2036 3702 2196 3751 etiam
2243 3711 2430 3752 servos
2460 3697 2733 3751 excitavit.
2769 3696 2925 3751 Servi
2953 3697 3098 3751 enim
3146 3696 3375 3751 fortasse
3404 3714 3511 3754 non

1906 3799 1964 3842 ut
1995 3789 2289 3843 nuntiaturi
2339 3799 2569 3855 tantum,
2603 3789 2696 3843 sed
2739 3799 2796 3843 ιιι
2822 3788 3154 3859 superﬂuum
3184 3790 3382 3845 Christi
3413 3792 3513 3845 ad-

1906 3892 2123 3936 ventum
2173 3894 2444 3951 putantes,
2478 3883 2689 3937 obviam
2735 3892 3019 3938 venerunt.
3068 3884 3323 3940 Sciebant
3367 3886 3513 3940 enim

1907 3974 2080 4043 ipsum
2104 3974 2213 4043 jam
2242 3974 2371 4026 illuc
2391 3973 2687 4033 adventare
2713 3997 2727 4032 :
2749 3974 2890 4031 unde
2920 3976 3110 4030 eodem
3142 3978 3332 4032 itinere
3359 3978 3512 4033 illum

1906 4074 2298 4119 convenerunt.
2347 4065 2584 4134 Regulus
2614 4076 2828 4130 autem,
2866 4069 3040 4136 posito
3074 4069 3269 4124 timore
3295 4113 3310 4136 ,
3344 4069 3411 4124 ad
3445 4069 3513 4124 fl-

1907 4156 2029 4210 dem
2061 4158 2309 4221 accedit,
2348 4167 2403 4210 ιιι
2441 4157 2691 4211 ostendat
2723 4173 2789 4211 ex
2844 4158 3013 4225 ipsius
3042 4158 3377 4228 profectione
3404 4160 3509 4217 hoc

1907 4264 2044 4317 Opus
2085 4260 2366 4317 sequutum
2414 4264 2556 4313 esse,
2604 4265 2668 4302 ac
2717 4252 2937 4306 demum
2982 4252 3031 4305 id
3060 4252 3350 4323 diligenter
3378 4257 3507 4323 agit,

1908 4352 1968 4396 ut
2007 4358 2075 4396 ne
2107 4341 2348 4396 videatur
2376 4341 2549 4411 ipsum
2591 4340 2786 4396 frustra
2834 4343 3132 4411 profectum
3161 4360 3282 4401 esse
3306 4362 3321 4413 ;
3348 4362 3519 4417 quare

1910 4441 2160 4488 accurate
2201 4432 2379 4487 omnia
2412 4434 2732 4487 sciscitatur.
2769 4432 2839 4487 Et
2871 4435 3086 4489 credidit
3132 4439 3273 4505 ipse,
3321 4448 3370 4492 ct
3418 4442 3516 4493 do—

1910 4542 2023 4580 mus
2068 4527 2181 4594 ejus
2226 4534 2348 4579 tota.
2405 4525 2539 4580 Nam
2586 4526 2713 4580 nulli
2769 4543 2993 4596 prorsus
3023 4529 3188 4584 dubio
3219 4530 3513 4587 obnoxium

1911 4627 2028 4672 erat
2074 4618 2460 4672 [lelIIIOIllum.
2492 4618 2591 4688 Qui
2624 4619 2766 4673 enim
2801 4635 2975 4689 neque
3006 4621 3310 4689 adfuerant,
3341 4639 3520 4695 neque

1911 4709 2184 4764 Christum
2214 4710 2516 4777 audierant,
2548 4726 2719 4781 neque
2752 4722 2961 4782 tempus
2994 4725 3277 4780 noverant,
3316 4717 3402 4770 ubi
3448 4720 3519 4773 ab

1917 4802 2048 4855 hero
2078 4818 2178 4857 suo
2204 4803 2529 4863 didicerunt.
2558 4803 2699 4857 idem
2747 4805 2919 4873 ipsum
2961 4820 3085 4860 esse
3131 4818 3364 4876 tempus,
3398 4825 3515 4864 cer-

1918 4894 2175 4947 tissimam
2196 4894 2433 4948 habuere
2459 4894 2656 4948 Christi
2683 4896 2935 4965 potentia:
2956 4895 3476 4954 demonstrationem
3501 4915 3521 4966 ;

1917 4985 2039 5040 ideo
2064 4995 2118 5042 et
2153 4986 2251 5054 ipsi
2280 4986 2644 5042 crediderunt.

1992 5076 2130 5133 Deus
2149 5095 2263 5133 cum
2284 5080 2336 5132 in
2364 5083 2621 5151 prosperis
2646 5092 2753 5133 tum
2774 5083 2827 5135 in
2844 5082 3073 5137 adversis
3093 5084 3383 5156 diligendus
3404 5098 3478 5141 cst
3502 5103 3523 5142 .'

1920 5172 2049 5225 nihil
2083 5189 2175 5225 nos
2214 5173 2277 5225 ab
2308 5173 2406 5227 ista
2442 5176 2709 5229 dilectione
2734 5166 3356 5245 averteridebet.-Qnid
3391 5195 3527 5251 ergo

1923 5280 2018 5335 per
2059 5266 2175 5320 lucc
2212 5266 2520 5321 docemur?
2546 5267 2621 5321 Ne
2652 5268 2907 5323 miracula
2952 5280 3351 5339 exspectemus,
3383 5288 3525 5326 neve

1921 5358 2118 5412 divina:
2178 5359 2432 5426 potentiae
2484 5360 2704 5429 pignora
2762 5376 3091 5430 qumramns.
3147 5361 3244 5415 llic
3292 5378 3526 5433 namque

1924 5450 2121 5505 mulzos
2149 5449 2308 5504 video
2328 5489 2341 5512 ,
2366 5450 2455 5520 qui
2482 5466 2603 5505 cum
2633 5451 2718 5505 vel
2751 5451 2864 5506 tilio
2895 5452 2980 5507 vel
3014 5469 3182 5509 uxore
3207 5466 3528 5525 a-grotante.

1896 5618 1897 5625 γ
1924 5542 2123 5612 aliquid
2170 5541 2347 5597 solatii
2376 5558 2634 5613 accepere
2655 5586 2669 5609 ,
2702 5543 2961 5613 majorem
2990 5560 3115 5616 erga
3150 5547 3316 5601 Deum
3350 5546 3526 5620 picta:

1929 5642 2033 5687 tem
2061 5632 2450 5689 exbibuerunt.
2492 5633 2714 5689 Etiamsi
2748 5650 2877 5690 vero
2914 5650 3021 5691 non
3068 5638 3441 5701 exaudiamur,
3471 5640 3529 5692 in

1927 5724 2212 5794 gratiarum
2258 5724 2471 5781 actione
2497 5736 2547 5780 ct
2574 5725 2731 5781 laude
2765 5742 3112 5797 perseverare
3142 5746 3238 5798 par
3265 5740 3368 5786 est.
3414 5729 3531 5786 Hoc

1928 5815 2122 5885 quippe
2172 5815 2409 5869 fideliora
2457 5832 2740 5872 servorum
2791 5829 2912 5883 cst,
2959 5820 3060 5875 ltoc
3099 5822 3433 5891 diligentinm
3475 5836 3532 5879 et

1934 5908 2211 5963 Dominum
2244 5917 2302 5962 ut
2334 5921 2429 5979 par
2465 5917 2547 5965 cst
2571 5912 2883 5977 amantium,
2915 5925 2968 5968 ιιι
3000 5930 3103 5971 non
3128 5914 3285 5971 modo
3306 5916 3357 5969 in
3387 5925 3530 5971 trau-
