4102 6484
625 456 729 514 ’1οὸ

626 568 886 638 quillitate
905 606 919 632 ,
949 561 1041 619 sed
1072 558 1229 627 etiam
1260 554 1313 610 in
1355 550 1607 607 aerumnis
1635 547 1700 601 ad
1728 544 1873 600 illum
1902 548 2202 595 accurrunt.

628 630 753 717 i'lzrc
790 630 988 729 quippe
1012 659 1137 708 sunt
1164 648 1257 704 Dei
1287 642 1635 715 providentia:
1659 651 1821 708 opera
1846 653 1858 690 :
1894 632 2053 698 Quem
2078 630 2208 683 enim

627 720 1112 823 diligit-Dominus,
1159 739 1414 808 castigat:
1446 732 1672 804 ﬂagellat
1710 739 1875 781 autent
1920 736 2116 823 omnem
2145 720 2210 787 ft-

627 810 786 904 limit,
826 852 972 906 quem
1001 831 1211 902 suscipit
1237 826 1433 902 (Hebr.
1460 823 1548 879 12.
1580 819 1671 891 6).
1710 818 1809 885 Qui
1849 825 2024 906 autem
2056 810 2206 906 illum

625 935 675 987 in
713 901 1091 997 tranquillitate
1134 921 1304 978 solum
1346 917 1501 979 colit,
1538 928 1642 966 non
1672 908 1799 962 tanti
1828 903 2024 957 amoris
2060 901 2209 969 signa

624 992 864 1082 exhibet,
887 1029 1066 1085 neque
1098 1028 1226 1083 pure
1252 1009 1521 1065 Christum
1554 1009 1714 1055 amat.
1749 994 1950 1065 Ecquid
1999 992 2066 1046 de
2111 1007 2208 1045 va-

626 1112 881 1176 letudine,
925 1108 993 1162 de
1030 1105 1219 1176 opibus
1260 1102 1465 1168 loquor,
1527 1095 1651 1165 quid
1700 1092 1765 1145 de
1806 1093 2117 1176 paupertate
2158 1088 2214 1136 et

628 1204 813 1260 moer
836 1175 1034 1254 iLicet
1060 1175 1205 1251 enim
1236 1191 1557 1262 gehennam,
1588 1187 1713 1241 licet
1753 1181 1897 1235 aliud
1936 1175 2208 1249 quidpiam

1322 443 1379 499 S.
1418 433 1694 497 JOANNIS
1716 426 2192 489 ειιῐιγεοδτοιιι
2223 421 2545 482 Αιιριιιερ.
2574 419 3109 480 CONS'I‘ANTINOP.

2302 534 2675 604 gravissimum
2701 531 2933 588 audieris
2960 548 2977 596 ;
3016 543 3189 602 neque
3222 532 3301 585 sic
3324 543 3352 584 a
3385 530 3494 585 Deo
3525 527 3769 585 laudibus
3796 543 3903 586 ee-

2301 626 2560 682 lehraudo
2580 624 2942 681 absistendum
2966 642 2979 689 ;
3002 622 3098 679 sed
3128 622 3306 678 omnia
3337 636 3435 691 pro
3462 622 3580 693 ejus
3606 621 3905 678 dilectione

2306 716 2549 774 ferenda.
2581 717 2691 772 iluc
2730 715 2902 770 ﬁdelis
2931 717 3102 780 servi,
3146 715 3249 770 hoc
3273 713 3570 768 constantis
3591 713 3755 768 animi
3782 721 3901 770 est.

2302 812 2404 880 Qui
2436 811 2537 865 hoc
2570 808 2791 864 ali'eetus
2825 808 2985 863 modo
3013 818 3117 869 est.
3159 815 3215 862 et
3242 806 3524 877 prtesentia
3554 803 3711 860 facile
3736 803 3901 860 susti-

2305 901 2488 965 nebit,
2537 910 2591 955 et
2639 901 2807 954 futura
2852 906 3210 968 eottsequetnr
3254 898 3427 960 bona,
3459 905 3513 952 et
3557 896 3720 950 multa
3760 894 3905 967 apud

2304 992 2468 1047 Deum
2500 991 2687 1046 liducia
2728 990 2954 1051 fruetur,
2988 1003 3147 1059 quam
3174 1002 3271 1041 nos
3301 1000 3492 1042 omnes
3524 986 3735 1056 assequi
3765 999 3908 1039 con-

2283 1081 2496 1149 tingat,
2521 1081 2687 1149 gratia
2715 1089 2770 1134 et
2791 1080 3117 1149 benignitate
3148 1077 3358 1133 Domini
3394 1077 3557 1131 nostri
3584 1076 3711 1131 Jesu
3740 1074 3903 1130 Chri-

2308 1172 2399 1239 sti,
2428 1172 2512 1227 cui
2542 1172 2708 1243 gloria
2741 1172 2793 1226 in
2820 1172 3017 1226 saecula
3044 1170 3381 1226 saeculorum.
3416 1171 3608 1225 Amen.

1926 1356 2273 1420 HOMILIA
2317 1355 2618 1419 XXXVI.

610 1504 716 1591 ἐμ.
759 1530 869 1586 Hoc
891 1530 1071 1584 iterum
1095 1524 1373 1581 secundum
1399 1522 1605 1591 signum
1638 1512 1943 1587 {ecitJesus,
1972 1522 2084 1561 cum
2114 1519 2201 1559 re—

700 1624 852 1677 nisset
883 1639 912 1674 a
948 1618 1138 1673 Juda'a
1171 1619 1223 1670 in
1251 1613 1537 1669 Galilaeam.
1581 1606 1730 1681 (Cap.
1762 1605 1817 1672 5)
1847 1603 1899 1658 1.
1930 1597 2057 1653 Post
2097 1596 2204 1649 hac

699 1726 804 1770 erat
834 1713 938 1767 dies
966 1713 1121 1782 {estus
1146 1706 1469 1770 luderet-um,
1512 1711 1561 1756 et
1606 1697 1827 1754 ascendit
1861 1693 2011 1746 Jesus
2054 1688 2205 1742 lera-

698 1809 965 1858 solantem.

698 1822 772 1858 sat
812 1822 965 1856 mam.

696 1896 751 1949 l.
775 1822 942 1945 yNihil
980 1891 1033 1943 in
1069 1886 1229 1943 sacris
1259 1881 1542 1952 Scripturis
1570 1879 1739 1934 leviter
1777 1870 2200 1946 pratereuudum.

633 1988 838 2042 Piscina
866 1982 1121 2053 probatica
1163 1984 1488 2047 comparatur
1529 1988 1643 2027 cum
1669 1970 1931 2039 Buptismo
1962 1963 2105 2035 cujus
2142 1960 2207 2030 ﬁ-

626 2098 753 2153 gura
797 2087 921 2132 erat.
956 2075 1152 2129 Mouita
1179 2070 1394 2125 moralia
1433 2063 1776 2121 dissertationi
1817 2062 2205 2114 iuterseruutur.

626 2148 1167 2237 v———Quemadmodum
1210 2163 1261 2215 in
1293 2159 1410 2213 auri
1450 2154 1677 2211 metallis
1716 2152 1891 2222 quivis
1920 2148 2101 2202 hacin
2146 2160 2206 2200 re

630 2262 830 2331 peritus
875 2272 941 2310 ne
971 2254 1242 2307 minimam
1284 2247 1498 2320 quidem
1529 2258 1716 2299 venam
1761 2240 2078 2310 neglexerit,
2120 2245 2205 2289 ut-

628 2330 751 2421 pote
776 2362 895 2403 cum
916 2346 1039 2400 hinc
1065 2358 1270 2414 magna:
1303 2340 1509 2410 possint
1536 2336 1731 2391 hauriri
1762 2331 1960 2387 divitia:
1998 2346 2010 2381 :
2049 2330 2126 2383 sic
2152 2336 2207 2380 et

630 2446 682 2498 in
718 2440 910 2496 divinis
933 2436 1222 2506 Scripturis
1261 2449 1329 2489 ne
1354 2431 1567 2502 quidem
1600 2428 1707 2484 iota
1740 2440 1901 2481 unum
1932 2424 2013 2478 vel
2041 2436 2203 2475 unum

628 2535 833 2606 apicem
869 2533 985 2587 sine
1024 2530 1219 2585 damno
1264 2534 1683 2597 prmtereurras;
1728 2517 1822 2573 sed
1863 2515 2039 2571 omnia
2084 2521 2205 2568 sunt

627 2625 970 2699 exploranda.
1000 2623 1130 2680 Nam
1167 2638 1195 2676 a
1224 2620 1422 2691 Spiritu
1447 2626 1634 2673 saneto
1663 2616 1776 2669 hzee
1800 2612 1975 2668 omnia
2002 2609 2204 2680 prolata

626 2698 789 2783 sunt,
824 2716 1059 2785 nihilque
1100 2712 1171 2767 ibi
1218 2721 1692 2782 supervacaneum.
1736 2702 1835 2758 llic
1863 2715 1992 2756 vero
2030 2698 2207 2753 consi-

627 2812 756 2866 dera
805 2808 930 2879 quid
965 2808 1109 2861 dicat
1154 2803 1477 2873 evangelista
1509 2819 1522 2855 :
1562 2798 1675 2852 Hoc
1712 2797 1895 2851 iterum
1926 2792 2201 2847 secundum

626 2904 821 2971 signum
842 2898 961 2969 fecit
989 2896 1159 2959 Jesus,
1193 2910 1306 2948 cum
1332 2891 1541 2946 venisset
1569 2904 1601 2943 a
1625 2887 1811 2941 Judwa
1842 2886 1891 2937 in
1917 2881 2203 2935 Galilteam.

627 2989 809 3058 Neque
840 2988 981 3041 enim
1008 2984 1299 3041 Secundum
1325 2983 1439 3035 sine
1465 2994 1623 3034 causa
1653 2976 1891 3038 addidit;
1920 2971 2012 3027 sed
2035 2970 2207 3025 adhuc

628 3078 1082 3136 Samaritanorum
1106 3072 1417 3128 miraculum
1436 3069 1693 3135 celebrat,
1712 3064 1999 3121 ostendens
2024 3062 2121 3115 hos
2139 3077 2206 3117 ne

627 3180 745 3241 post
788 3170 1011 3223 alterum
1043 3165 1252 3235 quidem
1301 3162 1509 3233 signum
1551 3159 1619 3215 ad
1665 3173 1782 3213 eam
1827 3154 2205 3210 sublimitatem

626 3262 922 3326 devenisse,
955 3258 1020 3312 ad
1045 3271 1202 3328 quam
1237 3255 1565 3309 devenerant
1592 3251 1623 3304 ii
1663 3249 1754 3321 qui
1786 3248 1912 3302 nihil
1944 3246 2204 3300 viderant.

626 3352 752 3407 Post
791 3352 895 3405 lucc
926 3357 1031 3403 erat
1056 3350 1236 3419 festum
1266 3343 1587 3398 Judeorum.
1617 3339 1770 3410 Quod
1801 3339 1992 3393 lestum
2016 3337 2038 3389 ’ἶ
2066 3336 2206 3390 Pen-

628 3453 873 3504 tecostes,
905 3452 962 3496 ut
990 3441 1117 3495 mihi
1148 3439 1373 3493 videtur.
1408 3436 1473 3489 Et
1498 3434 1723 3489 ascendit
1753 3430 1904 3485 Iesus
1940 3429 2204 3499 Jerosoly-

626 3556 781 3593 mam.
828 3536 1157 3605 Frequenter
1210 3533 1261 3587 in
1306 3528 1733 3586 solemnitatibus
1777 3523 2093 3579 versabatur
2148 3522 2199 3575 in

624 3632 873 3696 civitate,
918 3638 1026 3682 tum
1055 3634 1111 3680 ut
1155 3624 1427 3678 videretur
1454 3636 1573 3677 cum
1623 3619 1724 3673 illis
1766 3617 1957 3673 festum
2008 3630 2197 3686 agerc,

625 3734 736 3777 tum
766 3729 824 3773 ut
866 3717 1161 3787 simplicem
1212 3712 1600 3768 multitudinem
1646 3708 1956 3763 attraheret.
2003 3706 2057 3761 lu
2100 3706 2203 3761 illis

624 3814 765 3867 enim
797 3812 1025 3877 maxime
1053 3808 1240 3862 diebus
1270 3808 1285 3837 ⁸
1315 3805 1348 3860 ii
1376 3804 1467 3874 qui
1495 3801 1818 3872 simpliciore
1848 3808 2000 3853 erant
2025 3798 2204 3851 animo

623 3902 1031 3958 concurrebant.
1073 3900 1125 3953 2.
1178 3895 1268 3952 Est
1326 3905 1491 3949 autem
1542 3892 1873 3962 Jerosolymis
1932 3889 2205 3943 Probatica

626 3996 837 4066 piscina,
880 4007 995 4061 qua
1032 3989 1415 4059 cognominatur
1456 3984 1704 4038 Hebraice
1731 3980 2026 4046 Bethsaida,
2058 3980 2205 4049 quin-

624 4104 721 4153 que
759 4086 977 4155 porticus
1006 4082 1210 4135 habens.
1242 4077 1309 4132 In
1350 4078 1427 4131 In's
1459 4076 1666 4145 jacebat
1704 4072 1977 4126 multitudo
2019 4087 2204 4141 magna

626 4166 1003 4247 languentium,
1038 4188 1303 4234 talearum,
1345 4167 1666 4232 dandorum,
1711 4166 1991 4229 aridorum,
2023 4179 2203 4232 exspe-

623 4267 863 4324 ctantium
905 4280 1049 4335 aqua:
1086 4272 1294 4317 uiarum.
1340 4260 1471 4327 Quis
1513 4259 1598 4313 hic
1638 4256 1929 4312 curationis
1963 4254 2203 4309 modus?

624 4359 782 4429 quale
828 4356 1135 4427 mysterium
1180 4350 1547 4407 subindicatur
1586 4349 1609 4402 ?
1654 4347 1836 4417 Neque
1892 4347 2033 4400 enim
2086 4345 2205 4400 sine

624 4464 784 4505 causa
833 4448 947 4501 haec
967 4446 1160 4512 scripta
1201 4450 1367 4507 sunt;
1405 4439 1499 4496 sed
1542 4439 1715 4494 futura
1758 4438 1912 4492 nobis
1954 4437 2102 4506 quasi
2149 4438 2203 4491 in

628 4545 793 4613 ﬁgura
819 4549 873 4594 et
902 4536 1126 4607 imagine
1146 4532 1435 4596 describit;
1461 4544 1527 4587 ne
1555 4531 1599 4585 si
1632 4547 1715 4586 res
1737 4529 2015 4599 stupenda.
2049 4530 2202 4585 inex-

626 4640 859 4703 spectata
904 4627 1189 4691 accideret,
1217 4624 1517 4678 auditorum
1564 4622 1849 4676 multormn
1895 4619 2051 4675 ﬁdem
2101 4620 2201 4674 ali-

625 4732 889 4793 quatenus
936 4718 1296 4772 labefactaret.
1337 4714 1590 4781 Qumnam
1638 4713 1794 4782 igitur
1839 4711 1952 4766 bare
1994 4711 2201 4767 descri-

628 4814 788 4885 ptio?
846 4810 1104 4866 Futurum
1162 4806 1421 4876 baptisma
1486 4804 1716 4860 dandum
1773 4814 1927 4869 erat,
1982 4802 2199 4873 plenum

628 4910 820 4962 virtute
844 4913 899 4958 et
917 4904 1083 4973 gratia
1117 4901 1364 4962 maxima,
1394 4900 1652 4967 baptisma
1674 4898 1814 4969 quod
1844 4908 2053 4967 peccata
2084 4913 2197 4951 om-

627 5000 714 5053 nia
760 4994 1032 5055 ablueret,
1064 4991 1203 5061 quod
1240 5007 1304 5047 ex
1350 4989 1577 5045 mortuis
1608 4990 1753 5043 vivos
1783 4989 2048 5043 redderet.
2077 4988 2202 5042 Haec

623 5105 753 5159 ergo
785 5097 843 5141 ut
880 5086 932 5139 in
963 5084 1191 5153 imagine
1220 5082 1575 5151 depinguutur
1602 5080 1651 5134 in
1690 5081 1887 5149 piscina
1925 5091 1978 5135 et
2004 5080 2053 5133 in
2085 5080 2202 5134 aliis

625 5180 822 5236 multis.
857 5177 923 5231 Et
961 5177 1131 5245 primo
1170 5173 1381 5243 quidem
1422 5188 1611 5241 aquam
1638 5171 1815 5236 dedit,
1848 5186 1967 5241 quae
2007 5184 2202 5239 corpo-

623 5290 741 5329 rum
765 5268 996 5325 maculas
1022 5266 1278 5329 ablueret,
1309 5263 1598 5332 sordesque
1626 5279 1729 5315 non
1752 5277 1925 5326 veras,
1951 5260 2042 5315 sed
2069 5260 2202 5315 tales

629 5364 962 5420 existimatas
989 5376 1004 5424 ;
1032 5375 1096 5413 ex
1127 5358 1311 5412 funere
1344 5371 1555 5426 nempe,
1585 5369 1651 5411 ex
1675 5356 1843 5424 lepra,
1870 5365 1921 5407 et
1951 5353 2153 5407 similes
2184 5372 2197 5409 :

626 5455 899 5523 multaque
934 5452 1111 5505 videre
1153 5459 1234 5503 est
1267 5450 1453 5503 eadem
1497 5451 1563 5502 de
1604 5462 1761 5502 causa
1810 5449 1861 5501 in
1895 5447 2056 5499 veteri
2088 5446 2201 5515 lege

630 5542 726 5617 per
753 5557 941 5611 aquam
980 5539 1247 5595 mundata.
1274 5540 1380 5595 Sed
1422 5539 1485 5592 ad
1520 5540 1845 5607 propositum
1875 5538 1982 5606 jam
2014 5536 2201 5591 redea-

637 5650 777 5691 mus.
812 5633 991 5689 Primo
1025 5633 1223 5702 itaque,
1257 5640 1308 5684 ut
1349 5630 1599 5693 diximus,
1628 5644 1911 5699 corporum
1942 5630 2197 5693 maculas,

631 5726 821 5784 deinde
846 5720 1371 5777 \‘at'iasinﬁrmitates
1410 5738 1503 5793 per
1528 5738 1716 5792 aquam
1759 5722 1890 5775 solvi
1926 5731 2093 5776 curat.
2132 5720 2199 5777 Ut

688 5861 708 5896 ι
738 5856 904 5909 Morel.
929 5856 1052 5920 legit
1079 5896 1092 5917 ,
1129 5854 1332 5907 statim
1358 5855 1479 5907 enim
1503 5848 1550 5900 in
1570 5860 1914 5920 romanum.

2308 1503 2454 1557 enim
2481 1520 2580 1559 nos
2607 1504 2747 1560 Deus
2774 1504 2839 1559 ad
2887 1502 3138 1574 baptismi
3165 1502 3387 1573 gratiam
3418 1501 3437 1534 ¹
3468 1499 3687 1570 prepius
3735 1499 3903 1555 redu-

2311 1604 2480 1661 ceret,
2512 1610 2618 1649 non
2641 1595 2752 1664 jam
2783 1593 3248 1659 maculassolmn,
3278 1591 3373 1648 sed
3399 1600 3454 1647 et
3484 1591 3699 1645 morbos
3723 1600 3900 1646 sanat.

2312 1685 2572 1755 Imagines
2601 1685 2742 1739 enim
2781 1700 2899 1755 qum
2945 1683 3164 1753 prepius
3210 1681 3276 1737 ad
3314 1682 3589 1737 veritatem
3615 1680 3899 1744 accedunt,

2310 1784 2367 1830 et
2395 1775 2445 1829 iu
2473 1775 2793 1844 baptismate
2817 1785 2871 1831 et
2896 1776 2948 1829 in
2979 1776 3229 1845 passione
3259 1780 3314 1828 et
3335 1772 3389 1826 in
3418 1772 3539 1826 aliis
3570 1773 3737 1842 magis
3764 1786 3900 1825 eon-

2310 1866 2505 1934 spicua:
2532 1876 2677 1932 sunt,
2710 1880 2868 1935 quam
2900 1864 3239 1919 vetustiores.
3262 1860 3721 1933 Quemadmodum
3749 1862 3897 1916 enim

2313 1956 2402 2025 qui
2436 1970 2603 2026 prope
2648 1970 2828 2025 regem
2858 1964 2979 2010 sunt
3010 1955 3271 2009 satellites
3294 1993 3310 2019 ,
3360 1952 3737 2008 remotioribus
3774 1963 3902 2010 sunt

2314 2043 2686 2101 honoratiores
2718 2062 2730 2097 :
2756 2045 2824 2098 ita
2852 2055 2900 2099 et
2933 2045 2984 2099 in
3014 2044 3195 2114 ﬁguris
3221 2042 3415 2098 factum
3446 2052 3546 2098 cst.
3582 2043 3648 2099 Et
3676 2044 3904 2115 angelus

2310 2135 2639 2192 descendens
2666 2136 2908 2191 turbabat
2935 2150 3126 2205 aquam
3147 2177 3161 2201 ,
3187 2142 3241 2188 et
3277 2134 3500 2191 sanandi
3532 2135 3643 2189 vim
3677 2134 3906 2191 iudebat

2311 2226 2432 2295 ipsi,
2457 2236 2513 2279 ut
2542 2226 2810 2280 discerent
2853 2224 3044 2288 Judaei,
3085 2224 3393 2295 angelorum
3432 2224 3711 2279 Dominum
3729 2225 3904 2282 multo

2310 2318 2479 2388 magis
2506 2333 2663 2387 posse
2685 2317 2877 2373 anima:
2902 2319 3116 2373 morbos
3136 2333 3325 2374 omnes
3349 2332 3556 2373 curare.
3585 2317 3691 2373 Sed
3712 2333 3905 2389 quem-

2309 2408 2591 2463 admodum
2617 2410 2700 2464 hic
2714 2425 2973 2481 aquarum
2999 2420 3187 2465 natura
3210 2423 3314 2464 non
3330 2409 3643 2479 simpliciter
3655 2410 3901 2477 curabat;

2307 2500 2539 2570 alioquin
2572 2500 2716 2556 enim
2760 2518 2973 2571 semper
3014 2500 3064 2556 id
3094 2500 3295 2556 faceret
3323 2515 3340 2566 ;
3368 2501 3461 2556 sed
3492 2501 3670 2571 angeli
3709 2516 3906 2570 opera-

2312 2591 2455 2648 tione
2484 2594 2504 2625 '
2546 2592 2598 2647 id
2645 2593 2841 2648 ﬁebat:
2884 2593 3040 2648 sicin
3082 2593 3238 2648 nobis
3266 2608 3375 2648 non
3418 2607 3555 2663 aqua
3583 2592 3907 2664 simplicittr

2312 2692 2585 2753 operatur,
2626 2684 2719 2739 scd
2763 2693 3040 2754 postquam
3069 2683 3300 2755 Spiritus
3325 2685 3553 2755 gratiam
3585 2692 3851 2756 acceperit
3880 2726 3898 2751 ,

2316 2783 2443 2830 tunc
2478 2776 2655 2829 omnia
2702 2776 2860 2830 solvit
2887 2785 3125 2844 peccata.
3152 2774 3306 2832 Circa
3337 2775 3476 2832 hanc
3504 2777 3762 2846 piscinam
3799 2776 3902 2832 Ja-

2308 2865 2447 2918 cebat
2493 2867 2765 2920 multitudo
2812 2882 2997 2936 magna
3043 2866 3391 2935 inﬁrmorum,
3433 2881 3701 2935 decorum,
3748 2869 3899 2922 clau-

2310 2957 2526 3022 dorum,
2574 2959 2870 3025 aridorum,
2919 2974 3069 3039 aquae
3106 2967 3298 3013 motum
3327 2961 3743 3031 exspectantium.
3789 2960 3901 3018 Sed

2312 3060 2437 3106 tunc
2477 3050 2758 3107 inﬁrmitas
2804 3052 3187 3121 impedimento
3217 3061 3369 3121 erat,
3408 3055 3691 3124 quominus
3736 3056 3778 3110 is
3806 3057 3902 3127 qui

2310 3144 2471 3197 vellet
2490 3153 2804 3198 sanaretur:
2830 3159 2969 3200 nunc
2984 3153 3161 3199 autem
3188 3146 3552 3216 unusquisque
3574 3156 3899 3216 potestatem

2310 3235 2597 3291 accedendi
2647 3234 2826 3291 babct.
2864 3236 2980 3292 Non
3028 3239 3174 3293 enim
3203 3239 3425 3309 angelus
3455 3250 3536 3294 est
3566 3242 3656 3309 qui
3702 3255 3899 3311 aquam

2312 3338 2521 3393 movet,
2554 3327 2649 3382 sed
2678 3328 2989 3399 angelorum
3033 3328 3287 3384 Dominus
3332 3332 3511 3385 omnia
3553 3331 3737 3387 efﬁcit.
3783 3332 3902 3390 Nec

2308 3416 2487 3473 dicere
2515 3432 2819 3489 possumus,
2870 3419 3000 3473 Dum
3032 3433 3131 3490 ego
3173 3420 3374 3475 accedo
3398 3463 3413 3487 ,
3466 3421 3602 3476 alius
3640 3433 3763 3477 ante
3809 3438 3902 3481 nte

2308 3508 2603 3563 descendit.
2656 3506 2763 3563 Sed
2806 3508 2851 3562 si
2898 3515 3039 3564 totus
3080 3508 3227 3563 orbis
3273 3512 3520 3578 venerit,
3562 3514 3730 3581 gratia
3788 3528 3899 3569 non

2307 3600 2657 3664 consumitur,
2693 3617 2867 3672 neque
2895 3603 2977 3657 vis
3003 3602 3087 3657 vel
3119 3604 3363 3673 Operatio
3390 3603 3588 3671 deﬁcit,
3630 3605 3724 3660 sed
3764 3622 3903 3661 scm-

2310 3707 2405 3759 pcr
2448 3692 2634 3747 eadem
2677 3702 2875 3748 manet.
2915 3696 2992 3747 Ac
3032 3693 3480 3763 quemadmodum
3525 3697 3729 3752 salares
3760 3700 3899 3754 radii

2309 3783 2547 3852 quotidie
2593 3783 2925 3848 illuminant,
2975 3799 3074 3838 nec
3105 3784 3492 3852 absumuntur,
3539 3803 3711 3857 neque
3750 3790 3900 3856 quod

2312 3875 2490 3929 multis
2516 3874 3005 3941 sulnuiuistrentur,
3038 3877 3167 3931 lucis
3194 3877 3462 3947 quidpiam
3484 3879 3736 3934 amittunt
3760 3898 3771 3931 :
3797 3884 3899 3947 sic,

2310 3967 2417 4022 imo
2448 3956 2615 4022 multo
2641 3970 2817 4022 minus
2856 3966 3086 4037 Spiritus
3108 3969 3353 4038 operatio
3394 3970 3652 4025 minuitur
3686 3985 3714 4023 a
3754 3973 3905 4026 mul-

2312 4058 2537 4113 titudine
2564 4060 2957 4127 accipientium.
2991 4059 3104 4115 lloc
3134 4070 3310 4115 autem
3339 4062 3537 4116 factum
3560 4074 3662 4127 est,
3711 4073 3767 4117 ut
3806 4066 3902 4134 qui

2308 4150 2578 4206 discerent
2610 4151 2660 4205 in
2702 4167 2839 4221 aqua
2866 4152 3133 4207 curandos
3153 4168 3273 4208 esse
3306 4155 3550 4223 corporis
3579 4156 3817 4221 morbos,
3844 4167 3905 4211 et

2312 4242 2411 4297 hac
2460 4244 2512 4298 in
2554 4258 2611 4298 re
2650 4244 2743 4297 diu
2792 4245 3073 4299 exercitati
3112 4256 3319 4309 essent,
3368 4245 3574 4300 facilius
3613 4245 3906 4303 crederent

2311 4337 2470 4390 etiam
2519 4336 2738 4389 morbos
2770 4336 2932 4389 animi
2977 4350 3134 4406 posse
3161 4336 3356 4390 curari.
3394 4336 3501 4391 Cur
3526 4350 3690 4405 porro
3715 4338 3904 4394 missis

2310 4430 2519 4484 caeteris
2546 4428 2795 4498 omnibus
2820 4428 2974 4484 Jesus
3014 4428 3081 4482 ad
3111 4444 3255 4493 eum,
3283 4427 3373 4497 qui
3408 4428 3622 4497 triginta
3655 4440 3780 4485 octo
3802 4446 3907 4485 an-

2313 4536 2409 4575 nos
2432 4520 2743 4589 :rgrotabat,
2766 4519 2955 4574 venit?
2978 4533 3074 4573 cur
3102 4520 3412 4589 interrogat,
3458 4519 3541 4574 Vis
3559 4537 3717 4576 sanus
3740 4523 3859 4590 ﬁeri
3878 4525 3907 4580 .’

2309 4611 2423 4666 Non
2452 4623 2506 4667 ut
2548 4612 2598 4667 id
2634 4613 2864 4668 disceret
2894 4628 2909 4677 ;
2942 4610 3070 4665 illud
3095 4610 3238 4665 enim
3268 4626 3725 4681 supervacaneum
3762 4612 3907 4671 fuis-

2307 4712 2389 4758 set
2418 4721 2431 4769 ;
2473 4702 2567 4758 sed
2601 4712 2657 4757 ut
2697 4702 2855 4771 hujus
2885 4706 3333 4771 perseverantiam
3367 4701 3675 4759 ostenderet
3703 4746 3721 4774 ,
3753 4715 3811 4762 et
3846 4718 3909 4763 ut

2308 4794 2568 4848 sciremus
2609 4794 2729 4847 ideo
2756 4795 2952 4862 ipsum,
2979 4793 3191 4848 caeteris
3216 4792 3428 4849 omissis
3449 4836 3463 4861 ,
3491 4793 3632 4849 hunc
3673 4794 3903 4853 adiisse.

2309 4886 2443 4952 Quid
2491 4900 2621 4956 ergo
2663 4885 2955 4953 inﬁrmus?
2986 4886 3265 4953 Respondit
3306 4903 3349 4939 et
3396 4926 3410 4939 .
3458 4884 3694 4955 Domine,
3726 4889 3904 4943 Itami-

2310 4995 2422 5032 nem
2458 4995 2556 5032 non
2586 4979 2744 5033 habeo
2776 4977 2840 5045 ',_
2872 4987 2924 5030 ut
2949 4993 3063 5031 cum
3096 4978 3299 5031 turbata
3344 4979 3495 5049 [iterit
3534 4996 3687 5051 aqua,
3730 4980 3905 5037 mittat

2308 5087 2389 5125 me
2411 5070 2461 5124 in
2501 5072 2746 5141 piscinam
2781 5086 2799 5126 :
2839 5071 2960 5125 dum
2988 5072 3131 5125 venio
3172 5071 3304 5124 enim
3329 5088 3419 5140 ego
3444 5112 3457 5134 ,
3502 5072 3632 5125 alius
3671 5082 3793 5127 ante
3820 5091 3907 5129 me

2309 5164 2583 5219 descendit.
2633 5163 2756 5219 Ideo
2783 5164 3144 5233 interrogavit,
3187 5162 3274 5216 l’is
3314 5180 3470 5217 sanus
3504 5164 3661 5231 ﬁeri?
3699 5174 3754 5219 ut
3782 5165 3904 5222 luce

2314 5259 2635 5312 ediscamus.
2663 5258 2846 5327 Neque
2875 5256 3041 5323 dixit,
3074 5254 3169 5310 Vis
3208 5264 3263 5309 ut
3311 5266 3362 5310 te
3390 5270 3571 5310 sanem
3601 5257 3625 5309 ?
3654 5257 3901 5313 nondum

2309 5350 2451 5403 enim
2483 5356 2625 5403 tanta
2657 5348 2723 5403 de
2754 5350 2869 5418 ipso
2899 5347 3194 5402 habebatur
3222 5346 3403 5416 opinio
3432 5363 3448 5411 ;
3474 5346 3589 5413 sed,
3628 5345 3716 5402 Vis
3732 5363 3899 5407 sanus

2310 5442 2420 5509 ﬁeri
2446 5440 2472 5494 ἵ
2496 5439 2765 5510 Stupenda
2791 5455 3008 5510 prorsus
3039 5449 3120 5493 est
3146 5439 3419 5511 paralytici
3453 5442 3854 5508 perseverantia
3881 5461 3897 5499 :

2312 5546 2405 5601 per
2434 5532 2645 5602 triginta
2676 5543 2728 5587 et
2754 5542 2874 5587 octo
2899 5547 3091 5598 annos,
3120 5531 3245 5586 dum
3274 5540 3515 5600 speraret
3540 5532 3768 5603 singulis
3801 5551 3898 5592 an-

2374 5676 2387 5741 ξ
2425 5670 2565 5741 savil.
2593 5669 2757 5741 habet,
2780 5666 2950 5741 fidem,
2973 5680 3079 5741 pro,
3101 5665 3329 5741 gratiam.

2372 5737 2391 5765 ²
2429 5734 2478 5782 1η
2505 5732 2666 5781 Morel.
2692 5728 2891 5789 legitur,
2916 5730 2999 5779 sed
3033 5728 3190 5786 uuaeti
3214 5730 3462 5789 descensu.

2375 5798 2392 5827 ³
2428 5794 2567 5844 Savil.
2595 5796 2667 5843 sic
2690 5788 2837 5840 habet
2864 5788 3019 5850 :Quz‘d
3045 5804 3160 5853 ergo
3181 5788 3302 5840 ille?
3331 5791 3501 5849 Etiam,
3528 5789 3700 5853 inquit,
3744 5797 3911 5847 Donti-

2314 5870 2399 5916 tu;
2425 5859 2509 5907 sed
2534 5857 2768 5907 Itotrtint’nt
2793 5865 2884 5903 non
2909 5854 3075 5904 habeo.
3866 5888 3889 5919 η,
