4102 6514
199 540 300 595 905

195 650 279 706 nis
331 651 405 705 ab
451 647 775 720 aegritudine
822 645 1063 713 liberari,
1109 645 1339 710 mansit,
1387 656 1487 698 nec
1528 640 1798 698 discessit.

200 742 424 796 Etiamsi
456 742 605 797 enim
633 755 739 796 non
787 737 1061 809 prteterita
1082 779 1098 805 ,
1129 750 1306 790 annon
1335 734 1511 790 futura
1556 743 1806 805 poterant

198 835 343 889 illum
375 849 405 887 a
454 834 576 889 loco
613 831 878 887 abducere
898 872 912 894 ,
940 829 1042 884 nisi
1073 828 1493 900 patientissimus
1521 826 1748 882 fuisset'
1779 826 1804 882 ?

197 925 380 996 Cogita
414 926 562 980 enim
591 939 712 979 cum
735 932 930 994 quanta
950 937 1077 977 cura
1116 919 1297 976 caeteri
1333 919 1462 990 aegri
1496 918 1803 990 vigilarent.

198 1017 380 1088 Neque
427 1032 573 1072 enim
607 1024 818 1085 tempus
843 1029 950 1084 quo
985 1011 1234 1084 agitanda
1264 1019 1384 1068 erat
1407 1027 1543 1082 aqua
1569 1052 1584 1076 ,
1617 1020 1802 1066 notum

197 1120 362 1170 erat;
423 1107 522 1163 sed
575 1108 792 1173 claudi,
847 1117 901 1162 et
947 1107 1114 1159 mutili
1160 1106 1449 1160 observare
1509 1113 1799 1175 poterant;

197 1200 320 1253 ωσι
355 1213 491 1253 vero
519 1198 790 1270 quomodo
820 1197 1103 1264 vidissent,
1131 1197 1232 1252 nisi
1273 1196 1505 1252 fortasse
1545 1213 1615 1252 ex
1653 1205 1801 1251 metu

199 1291 542 1345 didicissent.
1206 1286 1208 1288 ’

263 1381 316 1435 2.
367 1382 762 1436 Erubescamus
810 1395 980 1450 ergo,
1028 1379 1442 1444 erubescamus,
1488 1379 1710 1448 dilecti,’
1749 1391 1804 1436 et

200 1476 478 1542 lugeamus
513 1473 582 1528 de
622 1481 799 1527 nostra
838 1483 978 1526 tanta
1011 1473 1259 1543 segnitie.
1304 1473 1394 1528 llle
1435 1474 1648 1543 triginta
1679 1482 1804 1528 octo

198 1568 350 1618 anuis
373 1566 762 1636 perseveravit,
789 1581 888 1621 nec
907 1564 1050 1635 quod
1075 1565 1285 1620 volebat
1304 1578 1606 1638 acceperat,
1631 1582 1806 1639 neque

199 1668 370 1711 tamen
400 1657 688 1713 discessit:
713 1669 888 1727 neque
912 1672 983 1713 ex
1008 1657 1332 1728 negligentia
1359 1674 1453 1714 sua
1483 1673 1588 1714 non
1614 1673 1804 1715 conse-

199 1759 391 1818 quutus
431 1760 552 1813 est;
594 1750 688 1805 sed
729 1751 847 1805 aliis
877 1750 1290 1820 impedientibus
1318 1751 1533 1822 vimque
1573 1766 1801 1824 passus;

201 1855 370 1908 neque
403 1851 586 1894 tamen
619 1849 900 1910 propterea
929 1840 1165 1895 animum
1195 1827 1484 1911 despondit
1511 1861 1524 1896 :
1551 1858 1651 1898 nos
1675 1858 1804 1898 vero

202 1933 241 1984 si
271 1933 458 1987 decem
491 1932 681 1987 diebus
718 1948 1123 2004 perseveremus
1154 1949 1250 2004 pro
1277 1933 1334 1989 re
1363 1935 1537 2005 aliqua
1574 1951 1804 2005 precan-

204 2034 308 2088 tes,
344 2040 445 2080 nec
481 2025 864 2095 impetremus,
893 2025 1088 2081 deinde
1117 2035 1392 2096 torpcmus
1417 2028 1468 2081 in
1493 2027 1683 2083 eodem
1713 2028 1808 2084 ad-

205 2119 430 2174 hibendo
458 2119 662 2176 studio.
707 2120 773 2175 Et
800 2121 890 2190 qui
921 2119 1229 2183 hominibus
1257 2131 1365 2175 tam
1397 2123 1648 2176 diuturno
1673 2133 1809 2177 tem-

207 2226 329 2280 pore
370 2211 678 2275 lateremus,
723 2211 1056 2280 militantes,
1099 2212 1152 2266 in
1195 2214 1450 2267 terumuis
1488 2225 1803 2280 versantes,

206 2303 410 2357 servilia
441 2303 738 2359 ministeria
767 2314 1114 2371 exercentes,
1147 2315 1200 2361 et
1228 2306 1278 2360 iu
1310 2306 1416 2361 line
1442 2323 1586 2377 saepe
1614 2309 1683 2362 ab
1720 2308 1806 2363 illa

207 2409 295 2464 spe
322 2395 692 2461 concidimus;
726 2397 863 2466 apud
895 2397 1178 2452 Dominum
1202 2409 1444 2454 nostrum
1467 2403 1511 2467 ',
1537 2402 1624 2455 ubi
1649 2402 1807 2472 Iunge

211 2490 370 2557 major
397 2504 613 2544 merces
643 2491 916 2561 sequitur,
945 2507 1104 2560 quam
1135 2491 1244 2548 sint
1270 2493 1368 2563 ipsi
1401 2495 1611 2549 labores
1641 2514 1652 2548 :
1683 2512 1805 2551 nam

211 2581 351 2650 Spes,
381 2584 552 2653 inquit
571 2624 586 2646 ,
616 2600 716 2637 non
741 2583 1012 2654 confundit
1034 2583 1210 2654 (Rom.
1237 2586 1284 2642 5.
1319 2587 1413 2655 5);
1443 2603 1564 2640 tium
1592 2603 1675 2649 eo,
1701 2603 1809 2657 quo

212 2689 296 2740 par
317 2685 460 2729 esset
482 2675 663 2728 studio
687 2690 1032 2745 perseverare
1057 2694 1160 2732 nou
1184 2678 1532 2734 sustinemus.
1560 2679 1623 2734 Et
1646 2696 1809 2750 quan-

213 2775 262 2818 to
287 2782 388 2822 non
414 2768 684 2838 supplicio
711 2769 824 2823 luec
843 2770 875 2823 d
898 2784 1001 2839 gna
1033 2767 1269 2824 fuerint?
1289 2769 1421 2825 Nam
1444 2771 1652 2826 etiamsi
1678 2773 1808 2828 nihil

210 2862 471 2929 accepturi
508 2875 792 2925 essemus,
825 2861 909 2916 vel
952 2860 1053 2915 hoc
1099 2861 1274 2932 ipsum
1317 2863 1460 2932 quod
1500 2863 1810 2935 frequenter

214 2950 602 3020 alloqueremur
637 2967 758 3006 eum
785 2993 798 3017 ,
830 2967 1009 3007 annon
1050 2952 1202 3009 bonis
1242 2954 1538 3009 innumeris
1574 2957 1812 3027 arquipo-

217 3043 426 3098 randum
453 3043 768 3100 esset?Sed
801 3046 1038 3116 precatio
1067 3046 1334 3101 laboriosa
1363 3054 1416 3101 et
1442 3046 1658 3103 assidua
1689 3063 1811 3104 esse

215 3135 400 3190 debet?
448 3137 652 3207 Ecquid
701 3138 752 3192 in
785 3139 980 3194 virtute
1023 3153 1128 3193 non
1176 3139 1502 3195 laboriosum
1548 3143 1670 3195 est?
1716 3141 1809 3196 Vel

218 3225 306 3281 hoc
335 3227 534 3298 ipsum,
562 3229 790 3299 inquies,
815 3229 970 3284 valde
995 3230 1212 3285 anxium
1235 3231 1432 3296 reddit,
1453 3233 1596 3302 quod
1624 3233 1813 3303 nequi-

219 3320 330 3373 tiam
356 3321 606 3390 voluptas
633 3362 645 3384 ,
677 3320 923 3376 virtutem
962 3321 1114 3375 labor
1148 3323 1436 3377 comitetur
1462 3340 1476 3382 :
1506 3325 1813 3394 multOsque

219 3411 432 3466 arbitror
469 3412 701 3478 idipsum
734 3429 997 3482 qua-rere.
1031 3413 1287 3482 Qumnam
1333 3416 1495 3486 igitur
1523 3414 1697 3486 'hujus
1733 3417 1810 3470 rei

220 3518 362 3558 causa
390 3514 472 3559 est
495 3504 554 3559 ’?
584 3503 740 3559 Initio
770 3507 917 3561 dedit
947 3507 1100 3562 nobis
1131 3507 1271 3561 Deus
1300 3509 1462 3562 vitam
1493 3510 1812 3564 sollicitudi-

222 3609 278 3649 uc
316 3594 695 3666 laboribusque
737 3611 956 3651 vacuam
985 3615 1007 3653 ι
1028 3596 1170 3651 (ιοιιο
1198 3598 1349 3652 abusi
1393 3614 1614 3664 sumus;
1648 3609 1810 3670 atque

221 3701 278 3738 ex
319 3687 504 3741 inertia
551 3697 698 3744 tanto
736 3689 910 3744 eversi
952 3689 1092 3742 bono
1117 3732 1129 3754 ,
1161 3691 1469 3763 paradisum
1509 3693 1810 3748 amisimus.

226 3773 333 3828 ideo
375 3778 700 3833 laboriosam
744 3778 1048 3833 hominibus
1081 3782 1239 3836 vitam
1271 3781 1542 3846 reddidit,
1573 3792 1629 3838 et
1669 3783 1809 3853 apud
1843 3825 1848 3830 .

225 3868 493 3922 luunauum
522 3885 694 3940 genus
720 3869 821 3924 hoc
850 3869 963 3925 fere
990 3871 1151 3927 modo
1177 3887 1299 3928 sese
1328 3881 1519 3943 purgat
1543 3892 1556 3928 :
1584 3875 1813 3931 Delicias

224 3972 247 4008 a
273 3958 525 4029 principio
551 3960 674 4014 dedi
698 3962 882 4026 vobis;
909 3962 1004 4017 sed
1032 3979 1096 4017 ex
1125 3963 1344 4018 lenitate
1366 3980 1482 4019 mea
1511 3963 1813 4022 deteriores

187 4067 189 4070 ‘
225 4050 447 4106 evasistis
476 4070 491 4106 :
523 4051 646 4106 ideo
691 4052 963 4107 laboribus
1001 4069 1096 4106 vos
1135 4054 1528 4125 sudoribusque
1556 4057 1735 4111 addixi
1766 4057 1810 4112 ⁸.

226 4138 340 4193 Cum
363 4151 543 4197 autem
573 4156 642 4198 ue
669 4143 757 4198 ille
778 4142 993 4212 quidem
1020 4143 1171 4198 labor
1193 4160 1290 4200 vos
1309 4145 1610 4211 cohiberet,
1639 4147 1813 4222 legem

228 4246 392 4287 rursus
414 4234 564 4290 dedit
589 4245 854 4305 praecepta
879 4237 1045 4290 multa
1069 4237 1556 4307 complectentem;
1579 4254 1677 4294 ceu
1699 4241 1815 4294 cui-

226 4321 331 4376 dam
359 4325 622 4380 indomito
645 4341 784 4396 equo
809 4326 1017 4382 frenum
1047 4337 1102 4383 et
1130 4330 1440 4398 compedes,
1474 4339 1529 4383 ut
1557 4330 1674 4400 ejus
1707 4332 1811 4386 im-

228 4428 386 4479 [N'Intu
413 4403 698 4479 coerceat;
725 4418 802 4473 sic
828 4417 1026 4472 iaciunt
1051 4433 1312 4487 equorum
1340 4421 1654 4477 domitores.
1689 4421 1817 4478 Ideo

230 4516 317 4556 tua
341 4507 604 4563 laboriosa
629 4509 864 4563 instituta
885 4518 989 4572 est.
1008 4511 1132 4581 quia
1152 4512 1321 4566 Otium
1343 4529 1442 4568 nos
1463 4529 1813 4586 corrumpere

229 4601 365 4653 solet.
409 4601 608 4656 Natura
638 4602 835 4672 quippe
865 4611 1050 4658 nostra
1092 4603 1355 4660 desidiam
1401 4621 1506 4661 non
1546 4606 1684 4674 fert,
1717 4608 1812 4664 sed

232 4690 365 4748 laeilc
395 4695 458 4749 ad
495 4696 623 4749 vitia
661 4694 920 4751 deﬂectit.
963 4696 1230 4750 Ponamus
1259 4699 1402 4751 enim
1451 4701 1811 4768 temperanti,

233 4795 279 4836 ut
306 4804 396 4843 nec
421 4792 554 4844 alias
583 4791 810 4844 virtutes
832 4791 1128 4852 exercenti.
1161 4791 1364 4846 nullum
1391 4807 1513 4848 esse
1537 4795 1810 4854 laborem;

233 4878 311 4930 sed
351 4880 744 4937 dormientibus
786 4882 964 4936 omnia
995 4881 1198 4952 optime
1237 4884 1432 4938 cedere
1468 4902 1479 4936 :
1520 4901 1628 4955 quo
1657 4898 1814 4955 pacto

237 4968 319 5022 hac
359 4984 569 5028 utemur
614 4973 982 5044 indulgentia?
1023 4990 1202 5031 nonne
1241 4976 1306 5029 ad
1353 4981 1712 5048 arrogantiam
1760 4991 1814 5034 et

237 5065 513 5130 superbiam
537 5067 562 5121 ἲ

301 5157 458 5220 Quare
485 5159 762 5228 nequitia»:
792 5159 1044 5227 uoluptas,
1073 5159 1305 5212 uirtutem
1335 5159 1479 5213 labor
1507 5163 1772 5215 comitetur
1795 5180 1813 5227 ;

243 5246 364 5300 labor
388 5261 454 5304 est
479 5251 778 5304 attributam
803 5251 998 5304 virtutis
1024 5252 1422 5304 constitutieum.
1460 5249 1684 5306 Desidia:
1705 5271 1812 5307 um-

245 5338 347 5391 lum.
382 5341 634 5413 Nequitia!
663 5344 896 5413 voluptas
927 5343 1114 5405 brevis;
1147 5343 1343 5395 virtutis
1371 5343 1659 5397 immortale
1688 5361 1814 5414 gau-

298 5457 312 5484 ‘
345 5463 441 5505 rost
464 5458 569 5504 inec
593 5456 762 5516 verba,
775 5453 870 5506 nisi
892 5453 1264 5515 patientissimus
1279 5453 1462 5516 risisset,
1478 5455 1528 5504 in
1549 5468 1637 5506 sua
1663 5458 1815 5508 inter-

249 5520 492 5578 pretatione
514 5517 684 5578 adjicit
706 5515 784 5564 Fr.
810 5516 1044 5566 Aretinus
1067 5531 1078 5564 :
1115 5515 1361 5578 Quoniam
1385 5516 1670 5578 incredibile
1707 5535 1751 5570 (ο
1769 5531 1812 5571 at

251 5575 428 5644 religatos
449 5575 655 5644 egrotis
684 5580 898 5644 priorem
919 5577 1059 5644 illum
1092 5575 1284 5644 ingredi
1309 5577 1612 5630 dimissuros.
1644 5585 1736 5631 sed
1763 5597 1808 5632 ιιι

253 5640 378 5702 nullis
397 5640 580 5692 Graecis
612 5640 984 5702 exemplaribus
1006 5641 1112 5690 haec
1136 5640 1497 5702 exprimuntur.

304 5700 498 5765 ﬂueret.
525 5705 694 5757 habet.
719 5700 1100 5758 misericordem.
1127 5700 1230 5765 pro,
1255 5710 1488 5751 nostrum.
1517 5763 1524 5765 Α
1561 5710 1563 5712 ’

307 5763 324 5792 ³
353 5766 498 5814 \turel.
537 5767 667 5814 Imm;
691 5765 848 5814 locum
871 5766 941 5812 sic
964 5763 1187 5813 eiferti...
1213 5771 1436 5814 rtrtutem
1455 5763 1592 5814 labor
1617 5768 1810 5815 comite-

258 5827 334 5892 μιν.
365 5836 526 5892 rerum
549 5827 833 5892 solutionem
867 5827 1070 5887 accipe:
1099 5826 1237 5892 illam
1267 5827 1414 5884 enim,
1440 5829 1806 5892 retinenti-ita-

262 5887 478 5942 tixgmtia.
503 5903 627 5938 mmr
651 5887 889 5940 dubious.
917 5900 1142 5947 (mttvtam
1167 5887 1486 5948 igitnrrausa
1507 5899 1578 5938 est
1603 5889 1626 5937 ?

293 5956 326 6008 ,⁸
357 5952 502 5998 ιιιτυι.
531 5953 778 6001 Italict.....
808 5953 1038 6001 et'asistts.
1079 5959 1242 6011 Itaque
1263 5953 1391 6011 quod
1427 5952 1635 6000 restabat
1670 5953 1761 6009 feri
1791 5965 1809 6000 .°

265 6012 523 6063 manudzdi
549 6027 624 6063 ro.-
650 6013 806 6063 (ι.ὺοΓὶ
827 6028 893 6060 ius
917 6021 960 6060 et
978 6012 1254 6062 sudoribus.

542 6111 817 6173 Ρηιιοι.
853 6110 972 6170 (in.
1022 6110 1179 6196 LIX.

1199 527 1266 584 ΙΝ
1303 526 1620 586 JOANNEM
1661 524 1893 582 llOMlL.
1937 523 2178 581 XXXVI.
2220 525 2294 581 al.
2329 522 2550 582 XXXV.

3409 528 3517 585 200

1912 640 2077 696 dium.
2104 671 2175 682 —
2199 640 2303 697 sed
2329 655 2447 708 eur,
2481 640 2714 712 inquies,
2740 648 2889 696 tanta
2916 639 3160 712 voluptas
3191 641 3482 712 nequitiam
3499 683 3521 705 .

1914 743 2094 789 tantus
2139 733 2294 788 labor
2339 742 2394 789 et
2437 733 2603 789 sudor
2645 733 2898 790 virtutem
2950 733 3281 790 comitatur?
3336 732 3519 805 Ecqua

1914 825 2006 880 tibi
2033 825 2202 896 gratia
2233 823 2478 880 habenda
2507 833 2652 880 esset
2676 866 2692 890 ,
2723 832 2778 880 et
2803 824 2960 896 cujus
2987 825 3066 881 rei
3092 823 3398 881 mercedem
3427 839 3520 879 ac-

1911 917 2157 988 ciperes,
2208 919 2308 973 nisi
2360 919 2626 974 laboriosa
2675 919 2850 974 virtus
2901 919 3086 975 esset?
3129 917 3326 973 Multos
3373 917 3518 974 enim

1914 1010 2149 1066 indicare
2192 1011 2424 1080 possim,
2465 1011 2554 1081 qui
2597 1019 2786 1065 natura
2827 1025 2923 1066 sua
2966 1010 3255 1065 mulierum
3297 996 3523 1065 horrent

1911 1103 2354 1158 consuetudinem
2377 1146 2389 1166 ,
2425 1104 2770 1174 ipsarumque
2792 1103 3058 1175 colloquia
3085 1118 3187 1158 ceu
3218 1117 3332 1159 rem
3360 1117 3520 1158 exse-

1912 1194 2168 1249 erandam
2207 1195 2486 1250 devitant:
2513 1180 2718 1261 h't'i'sne,
2755 1210 2974 1267 qmeso,
3012 1205 3193 1250 castos
3229 1192 3525 1264 appellabi-

1884 1300 2072 1352 .mus,
2119 1293 2215 1341 aut
2254 1286 2636 1342 coronabimus
2686 1285 3228 1358 celebrabimusque?
3278 1285 3522 1341 Minime.

1911 1377 2142 1432 Castiuts
2168 1377 2311 1433 enim
2344 1387 2428 1434 est
2457 1379 2810 1449 temperantia
2840 1389 2893 1434 ct
2925 1395 3097 1451 pugna
3123 1378 3192 1434 ad
3217 1377 3524 1448 voluptates

1910 1470 2263 1541 superandas.
2307 1473 2364 1528 lu
2411 1472 2565 1528 bellis
2603 1489 2766 1542 porro
2789 1513 2806 1540 ,
2839 1473 2928 1526 ubi
2962 1472 3366 1528 vehementiora
3398 1481 3526 1526 sunt

1912 1565 2208 1620 certamina
2236 1607 2250 1633 ,
2299 1566 2370 1620 ibi
2421 1574 2620 1636 troptea
2666 1566 3031 1637 splendidiora
3087 1585 3100 1621 :
3144 1582 3300 1622 secus
3347 1582 3520 1632 vero,

1912 1655 2129 1726 quando
2163 1672 2326 1712 nemo
2363 1659 2583 1714 resistit.
2617 1658 2756 1714 Sunt
2794 1659 2948 1714 multi
2990 1668 3178 1714 natura
3217 1659 3475 1716 socordes
3505 1679 3519 1715 :

1912 1745 2085 1802 hosne
2115 1758 2426 1805 mansuetos
2449 1749 2736 1805 dicemus?
2764 1749 3003 1806 Minime.
3035 1748 3241 1806 Idcirco
3269 1750 3522 1806 Christus

1915 1838 2084 1893 tribus
2115 1839 2405 1910 propositis
2443 1840 2812 1896 cunuchorum
2856 1841 3183 1912 generibus,
3211 1840 3350 1896 duos
3378 1842 3524 1897 ἰιιαι-

1913 1941 2134 1985 rouatos
2173 1931 2464 2002 relinquit,
2496 1935 2660 1987 unum
2702 1932 2754 1987 in
2799 1947 3024 2004 regnum
3069 1932 3275 1988 inducit
3300 1931 3519 2004 (Matth.

1914 2025 2002 2080 19.
2034 2013 2146 2092 19).
2179 2024 2317 2091 Sed,
2347 2024 2592 2095 inquies,
2621 2024 2749 2094 quid
2776 2039 2912 2095 opus
2941 2035 3020 2081 est
3051 2015 3293 2080 malitia?
3325 2025 3436 2081 lloc
3466 2036 3513 2078 et

1912 2133 2014 2187 ego
2052 2117 2196 2172 dico.
2238 2117 2435 2188 Ecquis
2473 2132 2605 2188 ergo
2646 2119 2899 2189 nequitiae
2938 2118 3159 2189 opifex?
3196 2118 3336 2188 Quid
3376 2118 3503 2174 aliut

1914 2225 2074 2278 quam
2106 2209 2313 2280 ignavia
2341 2225 2461 2280 qua:
2484 2225 2550 2264 ex
2581 2211 2858 2264 voluntate
2884 2208 3281 2280 proﬁciscitur?
3307 2211 3376 2264 At
3396 2251 3411 2276 ,
3444 2211 3497 2264 iu

1913 2304 2107 2372 quies,
2154 2302 2326 2358 bonos
2373 2312 2580 2357 tantum
2623 2318 2744 2358 esse
2788 2313 3085 2374 oporteret.
3132 2303 3337 2374 Ecquid
3384 2304 3497 2358 boni

1917 2395 2191 2465 proprimn
2217 2437 2232 2461 ,
2263 2413 2330 2450 an
2362 2397 2730 2452 continentem
2762 2412 2884 2453 esse
2909 2409 2963 2454 et
2994 2397 3215 2468 vigilare
3237 2440 3251 2464 ,
3283 2414 3351 2453 an
3393 2398 3494 2453 dor

1917 2489 2052 2542 mire
2082 2497 2136 2542 et
2175 2489 2444 2543 stertere?
2477 2489 2538 2543 Et
2569 2505 2668 2545 cur
2690 2526 2706 2557 ,
2743 2491 2953 2560 inquies
2977 2532 2992 2554 ,
3025 2505 3134 2545 non
3166 2491 3236 2545 ita
3267 2499 3502 2545 statutun

1914 2591 1998 2634 eSt
2022 2622 2036 2644 ,
2067 2590 2124 2634 ut
2165 2581 2283 2636 sine
2329 2581 2515 2636 labore
2556 2591 2703 2636 recte
2742 2582 3137 2651 operaremur?
3165 2582 3331 2651 Digna
3362 2585 3503 2637 verb.-

1919 2673 2201 2744 peeoribus
2247 2684 2407 2745 atque
2451 2677 2515 2730 iis
2557 2675 2646 2744 qui
2689 2687 2844 2731 venir
2884 2692 2934 2730 m
2979 2675 3140 2732 deum
3171 2675 3501 2732 arbitrantur

1920 2767 1986 2822 Ut
2026 2769 2206 2824 discas
2235 2770 2391 2822 enim
2442 2769 2556 2823 luec
2585 2769 2746 2823 verba
2780 2768 3032 2824 inertium
3061 2783 3185 2825 esse
3209 2811 3225 2836 ,
3259 2772 3503 2839 respondi

1920 2864 2070 2918 mihi.
2107 2864 2375 2919 Ponamus
2405 2878 2527 2919 esse
2557 2879 2736 2934 regem
2768 2873 2820 2918 et
2846 2864 3060 2928 ducem,
3089 2879 3217 2933 rege
3246 2879 3376 2918 vero
3402 2862 3514 2916 dor-

1921 2958 2119 3015 miente
2157 2967 2211 3013 et
2239 2958 2486 3012 ebrietati
2521 2972 2744 3028 operam
2775 2958 2971 3024 dante,
3003 2957 3196 3012 ducem
3224 2972 3419 3027 magno
3452 2958 3530 3011 la-

1922 3050 2052 3106 bore
2082 3061 2280 3121 tropzea
2312 3051 2553 3107 erexisse
2585 3070 2599 3105 :
2629 3049 2714 3105 cui
2743 3051 3022 3105 victoriam
3051 3049 3383 3120 imputares?
3411 3061 3531 3104 uter

1921 3158 2021 3212 pro
2047 3159 2104 3196 re
2128 3154 2279 3213 gesta
2307 3142 2594 3212 voluptatis
2621 3141 2857 3199 fructum
2876 3140 3174 3213 decerpat?
3203 3140 3388 3196 Viden‘
3411 3127 3532 3195 ani-

1921 3251 2066 3290 mum
2096 3236 2239 3289 circa
2275 3235 2359 3288 illa
2392 3235 2561 3305 magis
2589 3233 2842 3289 affectum
2871 3248 3016 3299 esse,
3043 3248 3165 3304 qua:
3193 3247 3317 3286 cum
3347 3233 3533 3286 labore

1921 3326 2168 3397 peperit?
2210 3326 2334 3381 Ideo
2372 3327 2462 3381 ille
2493 3325 2673 3380 virtuti
2715 3325 2930 3380 labores
2960 3323 3246 3390 admiscuit
3273 3367 3290 3386 ,
3322 3333 3377 3377 ut
3408 3323 3529 3377 ani-

1921 3437 2062 3474 mam
2093 3420 2273 3474 virtuti
2301 3419 2684 3474 assuefaceret.
2716 3419 2921 3472 Idcirco
2949 3419 3202 3472 virtutem
3231 3418 3494 3472 miramur
3512 3457 3527 3477 ,

1921 3513 2046 3567 licet
2071 3513 2213 3566 illaut
2239 3527 2344 3566 non
2368 3521 2666 3580 sectemur;
2699 3511 2990 3580 nequitiam
3016 3526 3166 3574 vero,
3190 3511 3289 3563 etsi
3318 3510 3522 3563 suavis-

1920 3604 2148 3670 simam,
2178 3603 2518 3656 damnamus.
2546 3601 2699 3668 Quod
2729 3601 2772 3655 si
2804 3599 3006 3655 dixeris
3035 3618 3048 3652 :
3077 3598 3186 3654 Cur
3215 3613 3322 3654 non
3357 3600 3534 3669 potius

1919 3712 2013 3752 eos
2044 3698 2304 3752 miramur
2330 3697 2418 3767 qui
2452 3706 2644 3749 natura
2677 3695 2800 3750 boui
2831 3705 2974 3766 sunt,
3004 3711 3165 3766 quam
3193 3709 3289 3750 eos
3317 3695 3406 3763 qui
3437 3710 3534 3743 vu-

1922 3789 2166 3843 lnntatc?
2193 3788 2318 3858 quia
2358 3788 2564 3857 justum
2604 3797 2686 3841 est
2734 3786 3068 3842 laborantem
3116 3802 3223 3842 non
3268 3786 3533 3841 laboranti

1918 3879 2210 3936 anteferre.
2258 3878 2325 3932 Et
2353 3893 2521 3949 quare
2545 3920 2560 3942 ,
2590 3878 2768 3948 inquis
2791 3919 2811 3944 ,
2841 3894 2986 3933 nunc
3017 3878 3360 3933 laboramus?
3396 3876 3532 3945 Quia

1921 3989 2026 4028 non
2069 3972 2415 4037 laborantes,
2453 3969 2733 4027 moderate
2773 3986 2878 4024 non
2918 3971 3145 4040 egimus.
3191 3968 3304 4024 imo
3332 3984 3462 4023 vero
3488 3969 3533 4022 si

1919 4065 2040 4134 quis
2079 4079 2192 4119 rem
2221 4064 2526 4119 accuratius
2554 4063 2800 4133 exploret
2826 4104 2840 4126 ,
2873 4063 2984 4116 alio
3009 4061 3171 4116 modo
3200 4077 3298 4116 nos
3327 4060 3534 4116 desidia

1922 4158 2146 4228 perdere
2166 4158 2326 4221 solet,
2348 4158 2690 4226 multumque
2712 4156 2912 4210 laboris
2933 4155 3152 4212 inferre.
3177 4156 3243 4211 Et
3261 4155 3308 4210 si
3330 4155 3528 4226 placet.

1922 4249 2260 4305 includamus
2288 4248 2561 4305 hominem
2583 4291 2598 4316 ,
2626 4250 2799 4304 solum
2827 4250 3035 4304 alamus
3056 4291 3070 4310 .
3098 4249 3412 4320 ventrisque
3436 4264 3529 4302 vo-

1921 4343 2126 4412 luptate
2163 4342 2457 4396 obruamus
2481 4382 2497 4407 ,
2526 4357 2624 4396 nec
2654 4341 2930 4396 ambulare
2954 4383 2968 4405 ,
3003 4355 3103 4396 nec
3139 4341 3358 4412 aliquod
3397 4357 3534 4412 opus

1920 4449 2175 4489 exercere
2201 4435 2478 4497 sinamus;
2512 4433 2606 4487 sed
2640 4449 2824 4487 mensa
2857 4432 3098 4496 fruatur,
3128 4434 3268 4486 lecto
3289 4475 3302 4495 ,
3336 4449 3531 4503 perpe-

1923 4527 2132 4596 tuisque
2171 4525 2380 4580 deliciis
2412 4545 2425 4579 :
2458 4525 2584 4596 quid
2628 4523 2728 4578 hac
2767 4524 2872 4578 vita
2920 4523 3282 4580 miserabilius
3328 4524 3535 4578 fuerit?

1923 4621 1993 4672 At
2020 4616 2166 4674 aliud
2192 4627 2276 4673 est
2301 4620 2514 4688 operari
2541 4659 2558 4683 ,
2591 4618 2799 4686 inquies
2821 4659 2835 4680 ,
2869 4615 3018 4671 aliud
3046 4615 3298 4670 laborare
3331 4635 3343 4670 :
3375 4625 3532 4684 pote-

1925 4723 2114 4782 ratque
2149 4713 2302 4766 initio
2334 4711 2497 4765 homo
2522 4713 2731 4779 operari
2762 4711 2878 4764 sine
2907 4711 3110 4765 labore.
3151 4710 3344 4764 Annon
3377 4719 3531 4780 pote-

1923 4805 2040 4858 tat?
2085 4805 2196 4857 lmo
2226 4813 2469 4872 poterat;
2513 4814 2564 4856 et
2613 4804 2681 4855 ita
2722 4801 2862 4856 Deus
2904 4801 3157 4865 volebat,
3191 4800 3285 4880 sed
3327 4810 3384 4855 tu
3426 4816 3531 4855 non

1924 4910 2114 4965 passus
2140 4911 2217 4950 es.
2247 4895 2448 4950 Statuit
2474 4896 2616 4948 enim
2648 4905 2699 4948 te
2727 4904 2777 4947 ut
2808 4893 3114 4963 paradisum
3140 4892 3369 4958 celeres,
3395 4907 3533 4961 Opus

1923 4989 2014 5042 tibi
2048 4989 2297 5058 iujnnxit,
2321 4987 2414 5042 sed
2445 4987 2683 5040 laborem
2711 5001 2815 5040 non
2844 4985 3151 5040 admiscuit.
3177 4984 3362 5054 Neque
3383 4987 3528 5039 enim

1923 5082 1965 5134 si
2006 5081 2156 5133 initio
2190 5079 2486 5132 laborasset
2530 5079 2693 5132 homo
2716 5119 2732 5138 ,
2763 5077 2867 5133 hoc
2905 5077 2980 5132 illi
3013 5078 3066 5132 in
3097 5092 3312 5151 pinnam
3343 5089 3531 5146 postea

1921 5175 2218 5227 statuisset.
2265 5173 2450 5228 Potest
2489 5174 2633 5227 enim
2664 5173 2783 5242 quis
2813 5172 2971 5227 simul
3002 5182 3058 5230 et
3092 5171 3307 5240 operari
3337 5179 3392 5224 et
3424 5186 3532 5225 nou

1925 5269 2190 5329 laborare,
2225 5265 2679 5335 quemadmodmn
2711 5265 2908 5334 angeli.
2935 5262 3091 5332 Quod
3117 5262 3263 5318 enim
3293 5276 3532 5333 operen-

1926 5372 2007 5412 ιιιι·
2025 5362 2146 5412 audi
2170 5378 2180 5410 ε
2211 5359 2444 5412 Potentes
2466 5359 2665 5422 virtute,
2691 5358 2930 5428 facientes
2957 5355 3162 5408 verbum
3187 5355 3327 5408 illius
3349 5353 3367 5422 (
3383 5353 3528 5408 Psal.

1928 5453 2047 5506 109..
2077 5454 2147 5506 20
2171 5452 2211 5520 ).
2242 5452 2393 5504 Nunc
2420 5462 2568 5505 certe
2598 5450 2837 5504 minores
2868 5449 3009 5502 vires
3039 5461 3260 5517 gravem
3290 5446 3532 5502 efﬁciunt

1927 5550 2197 5606 laborem;
2232 5556 2357 5600 tunc
2398 5560 2526 5598 vero
2555 5559 2714 5599 secus
2752 5559 2842 5598 res
2881 5557 2941 5598 se
2982 5541 3236 5596 habebat.
3277 5539 3410 5596 Nam
3442 5541 3530 5610 qui

1925 5641 2198 5705 ingressus
2228 5649 2311 5690 est
2346 5637 2396 5690 in
2431 5635 2672 5704 requiem
2704 5652 2880 5699 suam,
2915 5633 3196 5702 Requiecit,
3229 5631 3400 5702 inquit
3421 5673 3434 5694 ,
3467 5633 3531 5684 ab

1921 5732 2154 5799 Operibtts
2185 5732 2287 5784 suis
2319 5730 2336 5800 (
2368 5729 2525 5780 Hebr.
2557 5729 2609 5781 4.
2639 5727 2673 5780 4
2694 5724 2738 5797 ),
2769 5727 2905 5780 sicut
2932 5736 2987 5781 et
3015 5740 3043 5778 a
3074 5727 3186 5779 suis
3214 5725 3377 5778 Deus.
3411 5721 3528 5774 Non

1922 5823 2181 5876 desidiam
2213 5821 2298 5872 Ιιιιε
2327 5821 2613 5889 signiﬁcat,
2643 5817 2736 5872 sed
2768 5818 3005 5872 laborem
3037 5831 3144 5871 non
3179 5815 3364 5869 fuisse.
3393 5810 3526 5866 Nam

1926 5914 2065 5967 Deus
2091 5912 2249 5966 etiam
2293 5926 2436 5963 nunc
2464 5920 2716 5978 operatur
2737 5953 2750 5975 ,
2797 5919 2853 5962 ut
2889 5908 3139 5961 Christus
3165 5906 3295 5960 dicit
3324 5923 3337 5958 :
3369 5903 3530 5957 Pater

1927 6022 2063 6058 "tqu
2091 6019 2244 6070 usque
2272 6001 2421 6055 modo
2449 6013 2707 6071 operatur,
2730 6013 2777 6054 et
2801 6019 2898 6073 ego
2918 6017 3098 6068 operor
3120 5999 3301 6061 (Imm.
3327 5998 3376 6050 ες.
3409 5995 3518 6061 l7).

3122 6096 3196 6153 13
