4102 6574
569 535 673 588 ἒ(ὲῖ

566 658 899 718 Quapropter
927 663 1074 718 rogo,
1106 646 1319 720 depulsa
1349 644 1490 698 omni
1522 641 1748 703 desidia,
1779 644 2023 692 virtutem
2057 653 2140 693 sc-

567 759 793 801 etemur.
841 743 1097 812 Nequitia:
1138 741 1280 795 enim
1329 739 1573 807 voluptas
1619 736 1794 790 brevis
1837 744 1918 788 est
1944 775 1957 796 ,
1988 733 2144 786 dolor

568 852 696 891 vero
727 843 1010 904 perpetuus
1042 850 1054 882 :
1084 830 1294 884 virtutis
1322 841 1504 884 contra
1532 824 1826 881 immortale
1856 822 2103 893 gaudium
2128 861 2141 881 ,

569 937 942 993 temporaneus
992 921 1158 976 labor.
1211 920 1335 974 llmc
1383 927 1507 973 ante
1549 930 1775 971 coronas
1824 920 2142 968 sectatorem

567 1030 718 1068 suum
749 1014 936 1083 erigit,
965 1026 1166 1080 speque
1195 1011 1322 1074 alit;
1357 1010 1441 1062 illa
1467 1015 1648 1061 contra
1676 1015 1800 1059 ante
1826 1003 2142 1072 supplicium

566 1105 789 1170 cruciat,
819 1103 1196 1160 conscientiam
1223 1109 1429 1168 torquet
1455 1114 1518 1152 ex
1545 1105 1816 1167 gestorum
1847 1103 2098 1148 memoria
2127 1134 2142 1157 ,

565 1201 850 1265 omniaque
877 1205 1118 1263 suspecta
1147 1192 1338 1247 reddit.
1369 1190 1525 1260 Atqui
1556 1189 1669 1243 lure
1696 1198 1824 1258 quot
1851 1186 2141 1246 laboribus,

567 1298 697 1356 quot
741 1286 1017 1340 sudoribus
1054 1284 1318 1338 deteriora
1357 1280 1517 1337 sunt?
1548 1279 1698 1347 Quod
1730 1280 1772 1334 si
1806 1280 1885 1332 his
1912 1277 2145 1346 depulsis

569 1379 809 1445 Voluptas
841 1385 1040 1433 tantum
1083 1374 1292 1428 adesset
1318 1414 1331 1436 ,
1361 1372 1487 1441 quid
1517 1372 1603 1427 illa
1632 1371 1824 1424 vilius?
1851 1368 2038 1424 Statim
2069 1375 2146 1418 at-

569 1483 672 1536 que
700 1475 936 1535 apparet.
963 1465 1158 1527 avolat,
1192 1463 1498 1528 marcescit,
1535 1462 1663 1531 fugit
1691 1474 1970 1527 antequam
2001 1472 2144 1512 com-

1391 527 1664 584 JU.\N.\’IS
1703 504 2170 582 ωικγςοςὴηιι
2214 510 2524 574 .ii'ttlliliil’.
2555 518 3081 574 (IUNSTAVTINHP.

3737 519 3847 572 eis

2255 636 2614 707 prehendatur
2643 654 2654 687 :
2683 635 2783 689 etsi
2815 635 3054 703 corporis
3073 672 3089 700 ,
3115 633 3214 689 etsi
3246 646 3474 694 meum,
3502 633 3600 686 etsi
3630 631 3849 685 divitia-

2254 746 2371 784 rum
2424 727 2747 798 voluptatem
2797 728 3036 790 dixeris,
3088 741 3192 779 non
3241 734 3415 779 cessat
3469 724 3554 778 illa
3604 725 3849 792 quotidie.

2253 833 2552 873 senescere.
2584 817 2715 872 Cum
2759 828 2934 870 autem
2969 817 3050 870 his
3079 816 3238 871 etiam
3271 815 3495 869 addatur
3519 814 3844 883 supplicium

2252 922 2306 964 et
2355 911 2651 972 cruciatus,
2681 907 2807 978 quid
2868 907 2972 961 illis
3031 907 3385 962 miserabilius
3425 905 3515 976 qui
3555 906 3718 975 ipsam
3749 922 3842 959 5e-

2253 1003 2500 1057 etantnr?
2531 1002 2655 1055 "me
2687 1015 2805 1054 cum
2838 1001 3088 1064 sciamus,
3120 999 3296 1052 omnia
3327 1015 3426 1069 pro
3454 1000 3648 1052 virtute
3678 996 3851 1050 susti-

2255 1108 2506 1152 neantus;
2537 1093 2612 1146 sic
2643 1093 2783 1145 enim
2825 1105 2948 1144 vera
2980 1091 3251 1158 voluptate
3281 1088 3520 1144 fruemur
3543 1130 3558 1152 ,
3589 1089 3753 1157 gratia
3783 1099 3849 1140 et

2256 1184 2578 1254 benignitate
2605 1184 2811 1238 Domini
2845 1183 3009 1235 nostri
3041 1182 3165 1236 Jesu
3189 1181 3387 1235 Christi
3410 1224 3421 1246 ,
3450 1181 3661 1250 quicum
3695 1179 3849 1233 Patri

2255 1276 2442 1344 gloria,
2473 1289 2681 1345 unaque
2711 1282 2896 1328 sancto
2916 1273 3163 1340 Spiritui,
3194 1273 3244 1327 in
3274 1275 3468 1328 s;ceula
3493 1273 3843 1327 seculorum.

2259 1372 2448 1424 Amen.

2675 1580 3143 1590 -—Mr-
3177 1579 3260 1588 -υ

2399 1580 2669 1590 —_—.——.———

1726 1721 1731 1726 .
1807 1665 2145 1729 HOMILIA
2187 1661 2524 1724 XXXVII.

569 1817 620 1867 6.
669 1815 800 1868 Dicit
831 1819 872 1870 ei
897 1816 1044 1869 Jcsns
1067 1833 1084 1867 :
1119 1814 1200 1868 Vis
1227 1830 1378 1868 sanus
1407 1814 1516 1881 fieri
1537 1813 1561 1866 Σ)
1583 1813 1632 1865 7.
1660 1810 1937 1879 Respondit
1962 1809 2006 1861 ci
2032 1809 2143 1859 lan-

637 1907 820 1974 gnidns
845 1921 862 1959 :
888 1905 1088 1969 Etiam,
1119 1904 1371 1970 Domine;
1403 1903 1490 1958 sed
1530 1903 1780 1956 hominem
1820 1917 1917 1952 non
1950 1899 2138 1963 habeo,

640 2009 690 2049 nt
718 2013 828 2049 cum
859 1998 1053 2049 turbata
1078 1997 1225 2065 fuerit
1252 2011 1404 2066 aqua,
1436 1994 1599 2047 mittat
1625 2009 1702 2046 me
1727 1993 1780 2045 in
1807 1992 2067 2060 piscinam.

642 2175 689 2225 1.
721 2175 986 2243 Scriptura
1018 2191 1162 2228 sacra
1197 2174 1420 2226 omnium
1458 2171 1820 2223 medicinarum
1857 2169 2140 2223 thesaurus.

574 2265 849 2336 l'uralytici
878 2266 944 2318 ad
973 2266 1214 2333 piscinam
1239 2264 1450 2326 iacentis
1478 2263 1736 2331 patientia,
1764 2260 2023 2323 modestia,
2058 2276 2142 2313 sa-

568 2357 704 2408 natio
735 2355 995 2408 mirabilis.
1034 2355 1176 2408 Alius
1205 2354 1512 2425 paralyticus
1546 2352 1625 2404 hic
1644 2391 1660 2416 ,
1686 2353 1819 2405 alius
1846 2350 1934 2404 ille
1956 2352 2019 2404 de
2045 2366 2144 2420 quo

567 2447 735 2515 agitur
762 2447 900 2515 apud
931 2444 1245 2497 Matt/neum.
1271 2442 1496 2497 Christus
1523 2452 1760 2511 quantum
1788 2451 2018 2495 accurate
2044 2442 2114 2494 mi
2123 2472 2141 2482 -

568 2538 854 2591 raculorum
880 2553 1089 2590 sitorum
1121 2536 1271 2605 ﬁdem
1303 2537 1600 2589 adstraeret.
1629 2565 1698 2575 —-
1728 2535 1968 2604 Magnum
2001 2533 2144 2588 Seri-

573 2638 841 2696 pturarum
872 2643 1140 2684 sacrarum
1172 2629 1398 2693 lucrum,
1429 2629 1625 2682 utilitas
1656 2628 1932 2689 immensa,
1961 2635 2015 2681 ut
2047 2627 2142 2681 de-

567 2719 733 2771 clarat
758 2718 952 2772 Paulus
978 2719 1061 2773 liis
1085 2719 1260 2773 verbis
1286 2737 1299 2772 :
1331 2717 1664 2788 Quaecumque
1696 2719 1881 2787 scripta
1911 2729 2046 2782 sunt,
2078 2720 2144 2770 ad

568 2819 788 2860 nostram
817 2807 1095 2862 doctrinam
1130 2809 1315 2876 scripta
1343 2819 1459 2861 sunt
1479 2847 1492 2872 ,
1522 2809 1588 2860 ad
1627 2823 1748 2875 quos
1778 2807 1903 2875 lines
1930 2807 2144 2861 saculo-

569 2914 682 2950 rum
719 2899 1020 2952 devenerant
1054 2915 1072 2952 :
1099 2911 1151 2952 ut
1197 2917 1285 2967 per
1328 2900 1619 2969 patientiam
1663 2911 1707 2954 et
1751 2901 2146 2956 consolationem

571 2989 954 3059 Scripturarum
989 3007 1128 3058 spem
1167 2989 1434 3044 habeamus
1466 2989 1636 3061 (Rom.
1673 2992 1756 3046 15.
1788 2992 1865 3062 4).
1897 2991 2144 3047 Omnium

567 3079 708 3134 enim
736 3080 1115 3134 medicinarum
1148 3082 1427 3136 thesaurus
1455 3082 1647 3136 divinae
1674 3082 1961 3151 Scriptura:
1988 3093 2139 3148 sunt;

568 3171 636 3222 ita
666 3179 721 3223 ut
745 3169 789 3224 si
815 3172 1168 3240 arrogantiam
1198 3173 1534 3242 exstinguere
1555 3188 1688 3242 opus
1703 3175 1790 3237 sit,
1820 3173 1865 3227 si
1891 3174 2144 3244 concupi-

567 3261 822 3316 scentiam
854 3263 1040 3318 sedare
1062 3303 1076 3328 ,
1110 3265 1152 3317 si
1182 3265 1522 3332 pecuniarum
1561 3280 1796 3320 amorem
1826 3265 2030 3321 calcare
2052 3308 2065 3330 ,
2098 3267 2142 3321 si

569 3349 808 3405 dolorem
840 3351 1135 3420 deSpic;re,
1166 3353 1210 3407 si
1246 3355 1479 3408 animum
1511 3364 1785 3409 strenuum
1815 3364 2067 3421 statuere,
2098 3359 2141 3411 si

567 3443 869 3510 patientiam
909 3442 1122 3499 ﬁrmare
1150 3461 1164 3498 :
1196 3446 1316 3499 hinc
1357 3461 1542 3501 ansam
1585 3463 1824 3517 tnagnam
1855 3449 1974 3518 quis
2009 3463 2140 3503 nano

565 3534 814 3591 uiscatur.
845 3534 973 3600 Quis
994 3536 1138 3589 enim
1173 3537 1250 3590 vel
1282 3552 1345 3591 ex
1378 3537 1439 3591 iis
1460 3538 1547 3607 qui
1573 3553 1691 3591 cum
1721 3549 2029 3607 paupertate
2051 3540 2139 3594 diu

563 3631 955 3692 concertarent,
986 3627 1064 3680 vel
1096 3626 1239 3696 gravi
1270 3627 1469 3680 morbo-
1486 3628 1681 3682 detenti
1709 3640 1852 3694 sunt,
1884 3629 1981 3684 hac
2005 3630 2137 3688 lecta

561 3712 794 3767 clausula
822 3729 924 3768 nou
951 3731 1134 3787 magna
1156 3717 1415 3773 afﬁciatur
1438 3721 1840 3777 consolatione?
1867 3722 1962 3778 [lic
1985 3724 2138 3794 quip-

564 3819 629 3870 pe
659 3805 868 3873 triginta
895 3817 1015 3861 octo
1058 3811 1211 3862 anuis
1248 3811 1571 3881 paralyticos
1591 3852 1603 3875 ,
1633 3812 1957 3882 singulisque
1986 3816 2139 3867 annis

562 3893 694 3946 alios
735 3893 919 3949 videns
959 3897 1313 3952 valetudinem
1355 3901 1608 3968 adeptos,
1643 3916 1700 3955 se
1739 3913 1913 3956 autem
1937 3903 2139 3956 ,morbo

562 3983 834 4038 detentum
861 4027 875 4051 ,
906 4002 1008 4040 non
1038 3990 1302 4053 concidit,
1336 4006 1504 4061 neque
1545 3994 1776 4047 animum
1806 3994 2086 4063 despondit
2122 4015 2134 4048 :

561 4075 658 4127 etsi
700 4077 1084 4143 νηειοιὶιοῑιιιη
1127 4094 1354 4147 mceror,
1387 4093 1440 4137 et
1473 4082 1769 4138 futurorum
1812 4087 2135 4154 exspectatio

560 4168 702 4220 omni
725 4166 967 4234 adempta
994 4185 1107 4238 spe,
1139 4183 1354 4240 possent
1381 4173 1526 4226 illum
1557 4183 1822 4243 toqucro.
1852 4176 1987 4230 Audi
2007 4192 2134 4244 ergo

560 4261 683 4328 quid
716 4263 877 4328 dicat,
906 4275 957 4318 et
985 4281 1096 4318 rem
1126 4266 1374 4334 tragicam
1412 4268 1605 4321 ediscc.
1639 4268 1770 4320 Cum
1800 4270 1938 4322 enim
1966 4269 2132 4322 dixis-

559 4361 640 4401 set
672 4350 914 4405 Christus
946 4370 959 4404 :
996 4352 1079 4406 Vis
1107 4371 1259 4407 sanus
1285 4356 1433 4422 fieri?
1459 4356 1727 4424 respondit
1758 4375 1769 4410 :
1805 4358 1991 4425 Etiam,
2023 4357 2133 4412 Do-

557 4438 725 4502 mine;
765 4440 852 4493 sed
882 4442 1132 4494 hominem
1176 4460 1271 4496 non
1303 4444 1458 4498 habeo
1479 4487 1492 4510 ,
1521 4455 1573 4498 nt
1599 4462 1712 4498 cum
1751 4447 1948 4499 turbata
1983 4451 2130 4515 fuerit

555 4546 706 4599 aqua,
736 4532 896 4583 mittat
925 4548 1002 4584 me
1027 4534 1076 4584 in
1105 4534 1368 4599 piscinam.
1392 4536 1525 4598 Quid
1552 4535 1631 4587 his
1652 4536 1829 4589 verbis
1851 4537 2132 4590 miserius?

555 4621 679 4688 quid
722 4622 850 4684 ipsis
887 4623 1042 4676 rebus
1072 4623 1468 4679 ealamitosius?
1502 4624 1684 4679 Videu'
1708 4626 1943 4681 animum
1975 4627 2131 4697 lotth

557 4722 795 4779 tempore
837 4713 1174 4766 Coniectum?
1207 4714 1377 4768 videu’
1403 4730 1762 4783 compressam
1803 4728 1856 4771 et
1891 4718 2124 4772 sedatam

553 4802 914 4855 iramnnliam?
955 4803 1132 4872 Neque
1169 4806 1306 4858 enim
1350 4805 1716 4874 blasphemum
1747 4808 2014 4878 quidpiam
2045 4811 2125 4863 lo-

549 4904 746 4962 quutus
774 4904 873 4953 est,
906 4894 1078 4962 qualia
1113 4895 1162 4948 in
1189 4897 1439 4949 azrumnis
1460 4911 1487 4948 a
1519 4897 1698 4950 multis
1723 4898 1822 4951 dici
1847 4899 2122 4964 audimus;

552 5003 659 5040 non
689 4986 957 5040 maledixit
983 4986 1085 5040 diei
1115 5002 1222 5039 suae
1249 5005 1262 5050 ;
1295 5004 1395 5040 non
1429 4988 1641 5057 indigne
1674 4991 1791 5043 tulit
1831 4993 2124 5061 interroga-

547 5077 782 5142 tionem,
823 5094 992 5149 neque
1021 5080 1153 5133 dixit
1181 5097 1192 5128 :
1225 5080 1292 5135 Ut
1329 5096 1426 5135 nos
1454 5083 1757 5136 traduceres
1791 5093 1844 5136 et
1874 5084 2125 5138 irrideres

549 5169 771 5232 venisti,
805 5169 926 5223 dttm
961 5170 1256 5241 interrogas
1277 5213 1289 5236 ,
1323 5189 1446 5225 num
1474 5173 1626 5226 velim
1654 5188 1815 5228 sanus
1847 5173 1955 5228 ﬁeri
1982 5188 1995 5238 ;
2029 5175 2121 5227 sed

546 5269 820 5315 mansuete
843 5275 890 5316 et
917 5264 1151 5317 modeste
1175 5264 1456 5319 admodum
1483 5267 1772 5334 respondit,
1801 5266 1988 5331 Etiam,
2022 5265 2123 5320 Do-

543 5369 694 5405 mme.
739 5353 954 5406 Etiamsi
1001 5370 1104 5408 non
1144 5364 1324 5409 nosset
1363 5357 1482 5425 quis
1524 5358 1610 5410 ille
1648 5368 1787 5412 esset
1825 5359 1911 5426 qui
1951 5359 2118 5427 ipsum

546 5444 920 5512 interrogabat,
951 5447 1323 5518 ignoraretque
1349 5462 1407 5502 se
1434 5449 1499 5502 ab
1531 5450 1618 5502 illo
1649 5452 1940 5504 sanandum
1974 5450 2115 5517 fore;

542 5544 775 5587 attamen
805 5533 990 5589 leniter
1011 5538 1187 5591 omnia
1215 5547 1412 5601 narrat,
1444 5555 1542 5593 uec
1566 5540 1832 5608 quidpiam
1868 5541 2114 5609 postulat,

539 5633 596 5676 nt
623 5623 654 5678 ii
686 5624 773 5693 qui
806 5625 1067 5680 medicum
1099 5629 1454 5697 alloquuntur,
1487 5631 1578 5684 sed
1609 5631 1776 5685 morbi
1807 5633 1885 5685 sui
1918 5642 2114 5687 tantum

545 5715 800 5768 rationem
841 5717 1086 5784 explicat.
1141 5718 1490 5787 Exspcctabat
1537 5722 1760 5776 fortasse
1806 5722 1855 5775 id
1898 5723 2112 5778 subsidii

541 5807 818 5860 allaturum
851 5808 945 5874 ipsi
976 5809 1242 5864 Christum
1267 5829 1400 5874 esse,
1429 5826 1481 5866 ut
1515 5815 1562 5866 iu
1595 5829 1782 5883 aquam
1807 5815 2108 5882 coujiceret,

541 5905 589 5949 t‘t
624 5896 766 5952 hisce
803 5899 974 5952 verbis
1005 5902 1210 5956 volebat
1254 5905 1417 5972 ipsum
1461 5905 1523 5958 ad
1565 5920 1679 5959 eam
1723 5924 1832 5961 rem
1879 5908 2103 5961 allici-rc.

2253 1804 2387 1872 Quid
2435 1820 2562 1873 ergo
2606 1803 2893 1858 Christus?
2934 1803 2987 1876 [ι
3023 1803 3323 1859 Ostendens
3361 1818 3419 1858 se
3459 1802 3616 1858 verbo
3655 1802 3845 1855 Omnia

2254 1893 2453 1968 posse,]
2485 1897 2536 1951 8.
2571 1895 2753 1967 Surge,
2787 1896 2971 1966 inquit,
3003 1899 3122 1951 tolle
3147 1897 3441 1966 grabbatum
3471 1906 3632 1962 tuum,
3657 1905 3702 1949 et
3726 1913 3848 1948 am-

2251 1987 2390 2040 bula.
2424 1987 2649 2052 Quidam
2696 1996 2881 2056 putant
2927 1987 3068 2042 hunc
3105 1987 3350 2042 eumdem
3393 1988 3562 2054 ipsum
3601 2001 3719 2042 esse
3748 1989 3851 2055 qui

2253 2078 2388 2148 apud
2418 2079 2720 2133 Matthmum
2749 2080 2912 2148 jacet.
2947 2081 3014 2133 At
3041 2095 3145 2134 non
3176 2087 3290 2146 est,
3327 2089 3382 2133 ut
3410 2079 3645 2149 pluribus
3675 2095 3847 2149 argu-

2253 2173 2446 2224 mentis
2475 2170 2889 2224 demonstratur.
2922 2170 3100 2225 Primo
3134 2170 3273 2241 quod
3317 2170 3401 2226 hic
3444 2171 3709 2225 neminem
3738 2171 3847 2223 ha-

2253 2260 2405 2314 beret
2430 2275 2490 2314 se
2518 2271 2792 2314 curantem
2820 2304 2833 2322 ,
2875 2261 2964 2314 ille
2999 2276 3125 2316 vero
3166 2263 3360 2316 multos
3389 2263 3476 2331 qui
3505 2277 3564 2317 se
3588 2272 3848 2316 curarent

2251 2360 2408 2418 atque
2444 2361 2714 2418 gestarent
2745 2369 2758 2403 :
2793 2352 3017 2421 ideoque
3051 2352 3134 2405 hic
3163 2351 3372 2406 dicebat
3393 2393 3408 2417 ,
3440 2351 3703 2405 Hominem
3735 2368 3848 2404 non

2249 2441 2426 2495 habeo.
2462 2442 2662 2496 Deinde
2688 2458 2752 2496 es
2789 2443 3139 2511 reSpousione
3167 2443 3346 2512 liquet.
3377 2443 3470 2498 llle
3503 2457 3730 2512 namque
3756 2443 3847 2495 ui.

2251 2532 2323 2587 hil
2374 2533 2636 2603 loquitur,
2668 2533 2761 2587 hic
2809 2534 2984 2589 omnia
3031 2535 3095 2588 ad
3139 2548 3198 2589 se
3237 2534 3528 2605 spectantia
3570 2545 3842 2588 recenset.

2250 2623 2431 2678 Tertio
2455 2641 2517 2679 ex
2553 2634 2810 2694 tempore.
2845 2623 2941 2679 Hie
2971 2626 3110 2680 enim
3157 2625 3206 2679 in
3247 2625 3382 2681 festo
3412 2636 3465 2681 et
3493 2627 3711 2685 sabbato
3745 2639 3846 2679 sa-

2254 2725 2405 2768 natus
2431 2724 2533 2779 est,
2559 2715 2648 2771 ille
2679 2717 2730 2770 in
2758 2715 2844 2770 die
2873 2717 2995 2770 alia.
3027 2715 3197 2772 Locus
3223 2731 3432 2786 quoque
3460 2715 3704 2771 diversus
3730 2727 3842 2770 est.

2253 2806 2381 2859 Nam
2411 2807 2501 2860 ille
2530 2806 2694 2870 domi,
2730 2807 2816 2861 hic
2843 2807 2908 2861 ad
2942 2808 3197 2877 piscinam
3225 2818 3462 2862 curatur.
3490 2807 3674 2861 Modus
3702 2825 3849 2876 quo-

2249 2913 2353 2966 que
2382 2898 2672 2952 curationis
2702 2898 2943 2953 diversus
2971 2910 3071 2953 est.
3111 2897 3220 2954 lllic
3249 2901 3390 2954 enim
3419 2899 3567 2963 dicit,
3601 2899 3726 2967 Fili,
3757 2919 3846 2956 re-

2249 2988 2514 3041 mittantur
2543 2989 2632 3042 tibi
2670 2998 2874 3056 peccata
2903 2988 3116 3060 (Jlatth.
3147 2990 3198 3045 9.
3229 2990 3284 3059 2)
3309 3007 3322 3054 ς
3355 2989 3441 3044 hic
3479 3007 3606 3045 vero
3637 3007 3848 3060 corpus

2249 3080 2421 3147 primo
2450 3090 2622 3145 sanat,
2653 3090 2941 3151 posteaque
2965 3081 3196 3135 animam
3227 3093 3394 3137 curat.
3419 3081 3528 3137 illic
3554 3084 3800 3138 remissio
3827 3103 3842 3149 ;

2249 3185 2369 3223 nam
2413 3170 2520 3236 ait,
2570 3169 2914 3224 Remittnntur
2961 3172 3049 3225 tibi
3092 3183 3338 3241 peccata;
3377 3173 3463 3227 hic
3497 3175 3752 3228 monitum
3785 3186 3843 3230 ct

2248 3262 2609 3325 comminatio,
2637 3272 2693 3316 ut
2722 3263 2821 3317 sibi
2851 3264 2899 3316 in
2929 3276 3200 3334 posterum
3229 3276 3434 3321 caveat.
3469 3265 3594 3320 Noli
3614 3267 3844 3336 amplius

2249 3368 2488 3420 peccare,
2521 3352 2724 3423 inquit,
2755 3369 2817 3405 ne
2845 3353 2932 3406 tibi
2956 3353 3151 3423 aliquid
3181 3355 3399 3409 deterius
3428 3358 3704 3428 contingat.
3735 3357 3842 3412 Ju-

2247 3440 2483 3495 d;eornm
2519 3459 2730 3512 quoque
2769 3446 3134 3501 accusationes
3164 3445 3392 3502 diversa:
3421 3458 3566 3505 sunt.
3599 3449 3692 3502 llic
3719 3466 3841 3502 rem

2249 3530 2298 3584 in
2326 3533 2548 3586 sabbato
2580 3534 2764 3586 iactam
2795 3544 3056 3601 arguunt,
3088 3535 3192 3590 illic
3219 3552 3340 3591 eum
3371 3536 3712 3606 blasphemia:
3737 3552 3842 3594 ac-

2246 3633 2451 3678 cusant.
2477 3622 2554 3676 Tu
2579 3639 2706 3678 vero
2730 3623 2858 3677 mihi
2879 3625 3186 3681 consideres
3210 3627 3477 3695 ingentem
3502 3628 3594 3682 Dci
3622 3630 3844 3698 sapien-

2247 3714 2393 3768 tiam.
2417 3714 2531 3769 Nou
2565 3715 2704 3769 enim
2736 3717 2914 3772 statim
2947 3718 3116 3787 ipsum
3143 3717 3453 3784 suscitavit;
3479 3719 3573 3775 sed
3604 3721 3839 3789 primum

2245 3805 2566 3860 sciscitando
2587 3805 2686 3858 sibi
2711 3806 3021 3863 fatniliarem
3045 3807 3234 3873 reddit,
3261 3817 3315 3863 ut
3337 3809 3457 3864 lidei
3485 3811 3622 3864 viam
3647 3821 3800 3880 paret
3823 3832 3838 3867 :

2246 3908 2419 3963 neque
2447 3895 2604 3949 modo
2634 3896 2856 3950 suscitat
2880 3908 2932 3951 et
2960 3885 3146 3962 sanat;
3180 3899 3271 3952 sed
3301 3900 3460 3953 etiam
3488 3901 3638 3969 jubet
3663 3901 3838 3956 lectu-

2245 3983 2350 4036 lum
2395 3984 2611 4050 tollere,
2647 3999 2704 4040 ut
2737 3986 2997 4042 miraculo
3027 3986 3184 4043 ﬁdem
3220 3989 3476 4055 adderet,
3513 4008 3610 4046 nec
3652 4006 3839 4062 posset

2241 4074 2503 4142 qniSpiam
2543 4075 2656 4131 inec
2699 4079 2930 4147 speciem
2958 4089 3011 4133 et
3038 4078 3300 4134 fallaciam
3342 4091 3547 4138 tantum
3584 4099 3703 4140 esse
3731 4101 3834 4140 su-

2242 4166 2457 4233 Spicari.
2486 4164 2601 4221 Nisi
2644 4169 2787 4220 enim
2829 4169 3066 4223 membra
3103 4171 3252 4224 lirma
3297 4172 3620 4241 robustaque
3648 4188 3834 4231 essent

2241 4252 2377 4310 facta
2404 4298 2418 4322 ,
2454 4272 2559 4312 non
2588 4268 2795 4327 poterat
2825 4259 3022 4316 lectum
3050 4261 3256 4316 tollere.
3291 4262 3401 4318 Hoc
3429 4281 3557 4320 vero
3584 4265 3835 4322 0111·1.ςιυς

2239 4363 2380 4416 sa‘pe
2403 4348 2544 4414 facit,
2575 4360 2631 4404 ut
2656 4351 2823 4420 magis
2851 4351 3234 4422 impudentimu
3261 4355 3703 4412 calumniatorum
3729 4374 3831 4415 ora

2238 4440 2497 4494 obstruat.
2528 4440 2658 4493 Nam
2692 4441 2742 4494 in
2777 4455 2971 4509 panum
3002 4443 3271 4498 miraculis
3292 4486 3306 4511 ,
3337 4461 3405 4501 ne
3429 4461 3549 4516 quis
3583 4447 3830 4515 diceret,

2241 4529 2447 4583 turbam
2495 4540 2692 4585 tantam
2739 4534 2981 4587 satiatam
3025 4533 3188 4590 fuisse
3213 4576 3226 4599 ,
3261 4553 3481 4605 remque
3517 4538 3660 4594 illaut
3702 4555 3832 4598 esse

2238 4619 2592 4688 phantasiam,
2624 4624 2825 4677 curavit
2855 4624 2943 4680 ille
2973 4633 3027 4679 ut
3060 4626 3238 4680 multa:
3278 4626 3695 4698 l'ragmentornm
3725 4648 3824 4687 re-

2237 4710 2410 4778 liquia:
2449 4723 2793 4780 superessent
2827 4733 2840 4767 :
2872 4714 3087 4785 leproso
3125 4727 3300 4772 autem
3347 4720 3602 4775 mundata
3637 4721 3770 4777 dicit
3810 4744 3825 4779 :

2243 4801 2400 4868 l'ade,
2427 4805 2631 4858 ostende
2659 4816 2708 4859 te
2731 4809 2981 4862 sacerdoti
3009 4807 3218 4879 (Matth.
3244 4811 3295 4865 8.
3328 4813 3423 4880 4);
3460 4825 3515 4867 ut
3546 4813 3701 4868 simul
3724 4830 3828 4871 cu-

2235 4895 2455 4947 ratiOais
2499 4895 2701 4949 tirmam
2749 4897 2905 4952 [idem
2949 4897 3185 4965 laceret,
3225 4910 3279 4954 et
3319 4917 3504 4957 eorum
3544 4905 3630 4973 qui
3666 4903 3826 4961 dice-

2234 4983 2390 5048 bant,
2425 4983 2594 5052 ipsum
2638 4986 2727 5040 Dei
2773 4989 3052 5057 praeceptis
3090 4989 3360 5046 adversari
3385 5034 3401 5057 ,
3435 4993 3824 5063 impudentiam

2230 5078 2622 5144 comprimeret.
2660 5079 2886 5148 ldipsttm
2931 5081 3051 5135 fecit
3080 5083 3292 5150 quando
3323 5085 3503 5140 vinum
3537 5088 3586 5141 iu
3619 5103 3823 5158 aquam

2229 5169 2507 5222 convertit.
2539 5169 2654 5224 Non
2687 5171 2845 5236 modo
2875 5172 3015 5227 enim
3043 5175 3219 5228 vinum
3248 5177 3496 5241 ostendit,
3527 5178 3618 5233 sed
3645 5180 3829 5235 archi—

2231 5259 2436 5312 tricliuo
2462 5260 2598 5315 mitti
2621 5264 2845 5328 curavit,
2870 5275 2926 5317 ut
2948 5265 2991 5318 is
3011 5264 3099 5333 qui
3124 5263 3250 5318 nihil
3277 5277 3549 5335 gestorum
3572 5284 3630 5325 se
3652 5286 3831 5327 nosm

2226 5349 2602 5415 confiteretur,
2658 5354 2873 5407 minime
2921 5366 3224 5424 suspectum
3270 5358 3519 5415 redderet
3564 5363 3828 5417 testim"-

2227 5439 2392 5493 nium.
2429 5440 2550 5496 Ideo
2582 5442 2720 5496 dixit
2759 5447 3082 5516 evangelista
3119 5464 3131 5498 :
3164 5447 3445 5505 Nesthbat
3490 5453 3828 5512 architrieli-

2225 5548 2324 5586 nus
2366 5534 2503 5588 unde
2534 5523 2675 5589 esset
2697 5576 2712 5602 ,
2747 5538 2932 5607 sicque
2961 5541 3180 5596 omnino
3209 5551 3410 5597 certum
3445 5547 3822 5606 testimonium

2225 5623 2532 5678 declaravit.
2563 5625 2629 5680 Et
2661 5636 2939 5698 postquam
2969 5641 3236 5684 mortuum
3277 5635 3644 5700 suseitavemt,
3679 5639 3820 5698 alibi

2222 5715 2348 5768 dicit
2380 5733 2392 5766 :
2422 5716 2548 5770 Date
2589 5717 2658 5770 illi
2693 5720 3012 5774 manducare
3040 5719 3190 5790 (Luc.
3225 5723 3275 5776 8.
3306 5724 3416 5793 53,),
3449 5736 3503 5779 ttt
3534 5727 3817 5785 indubita-

2224 5815 2329 5860 ttnu
2380 5811 2783 5865 resurrectionis
2834 5823 3199 5880 argumentum
3257 5814 3550 5872 exhiberet.
3605 5819 3816 5888 Quibus

2289 5923 2300 5950 ¹
2343 5920 2390 5969 lu
2419 5920 2554 5970 savii.
2580 5922 2754 5971 desunt
2782 5938 2887 5985 qua-
2913 5925 3100 5973 uncinis
3124 5925 3423 5977 clauduntur.
