4084 6498
220 421 315 476 209
1173 407 1235 462 ΙΝ
1273 405 1585 462 ,ιυλΝΝΕΜ
1629 404 1859 459 ΙΙΟΜΙΙ..
1904 402 2170 460 XXXVII.
2214 403 2287 458 al.
2330 400 2571 457 XXXVI.

217 529 452 585 tinnitibus
481 525 566 580 vel
603 522 1064 594 insipientioribus
1091 519 1310 582 suadet,
1341 533 1400 573 se
1427 534 1532 571 non
1565 515 1804 571 fallacem

219 624 294 679 vel
319 619 766 692 prastigiatorem
791 631 932 679 esse,
957 611 1051 668 sed
1070 611 1139 667 ad
1161 625 1505 667 communem
1533 607 1807 662 hominum

215 718 435 771 salutem
466 714 708 768 venisse.

280 809 334 861 2.
358 803 594 862 Christus
631 820 734 858 non
771 802 924 869 [idem
962 799 1240 870 requith
1265 796 1329 848 ab
1359 795 1421 849 iis
1445 796 1537 866 qui
1560 791 1810 847 miracula

212 901 319 970 eius
346 913 450 953 non
477 896 726 950 videram.
755 891 1037 962 Paralytici
1067 888 1194 957 ﬁdes
1217 897 1263 942 et
1291 887 1436 958 {ortis
1461 887 1678 939 artiums.
1709 881 1810 934 Ju-

210 993 434 1046 daeum
449 988 765 1060 improbitas.
786 983 893 1039 Cur
913 984 1163 1050 Christus,
1182 989 1361 1035 sanato
1383 978 1685 1048 paralytico,
1703 984 1811 1028 sta-

213 1088 298 1138 tius
335 1082 615 1138 recesserit.
643 1108 718 1122 σ-
739 1077 844 1134 Sed
869 1093 968 1133 cur
995 1076 1064 1130 ab
1091 1090 1158 1129 eo
1200 1074 1358 1127 ﬁdem
1404 1086 1509 1125 non
1542 1068 1806 1139 requirit,

209 1192 266 1231 ut
300 1191 329 1230 ι
365 1175 528 1232 eaeis
552 1175 570 1206 ⁸
609 1171 802 1243 quibus
837 1168 978 1225 dixit
1007 1186 1021 1222 :
1050 1165 1271 1224 Creditis
1310 1166 1449 1235 quod
1485 1162 1582 1215 hoc
1620 1160 1807 1230 possim

215 1271 374 1334 facere
403 1264 620 1337 (Uouit.
651 1262 704 1319 9.
733 1262 869 1334 ‘28)?
893 1261 1027 1328 Quia
1059 1259 1148 1314 ille
1178 1257 1417 1314 nondum
1453 1255 1660 1310 sciebat
1686 1252 1808 1323 quis

214 1363 319 1430 ipse
342 1368 514 1417 esset.
542 1357 726 1428 Neque
754 1356 896 1411 enim
923 1363 1050 1408 ante
1071 1393 1087 1418 ,
1120 1353 1215 1408 sed
1261 1360 1379 1422 post
1419 1347 1671 1403 miracula
1705 1345 1808 1399 hoc

213 1456 381 1507 facere
424 1451 584 1506 solet.
629 1448 759 1504 Nam
799 1448 832 1502 ii
863 1447 952 1517 qui
995 1446 1047 1500 in
1088 1442 1301 1500 cretei-is
1341 1449 1658 1510 potestatem
1689 1441 1808 1506 ejus

213 1545 476 1606 viderant,
503 1543 625 1612 jure
654 1542 754 1595 Itoc
779 1538 1103 1603 audiebant;
1131 1536 1218 1605 qui
1252 1548 1381 1588 vero
1410 1530 1644 1586 nondum
1671 1528 1808 1583 didi-

211 1645 387 1691 mrant
413 1637 538 1706 quis
563 1643 741 1699 esset,
774 1631 868 1688 sed
908 1649 975 1689 ex
1013 1627 1180 1701 signis
1207 1626 1436 1683 docendi
1466 1634 1621 1682 erant
1641 1665 1656 1690 ,
1689 1632 1808 1694 post

213 1730 292 1781 illa
321 1727 468 1783 edita
495 1726 560 1796 ad
596 1726 755 1780 iidem
791 1733 1066 1779 vocantur.
1098 1721 1224 1776 ldco
1254 1719 1536 1775 Matthaaus
1568 1733 1672 1771 non
1705 1715 1809 1768 itii-

212 1826 280 1875 lio
318 1821 598 1890 signorum
648 1819 852 1874 inducit
892 1817 1165 1872 Christum
1215 1815 1314 1868 hoc
1355 1813 1664 1874 dicentem;
1710 1807 1806 1863 sed

213 1922 489 1984 pstquam
537 1895 1096 1974 ninltos'curaverat,
1137 1906 1188 1962 id
1234 1905 1366 1962 solis
1403 1903 1613 1960 duobus
1647 1901 1807 1957 cacis

210 2008 349 2060 dicit.
377 2006 423 2062 Τ
429 2023 464 2060 ιι
494 2021 624 2061 Vero
653 2004 737 2060 hic
764 2002 1040 2075 paralytici
1071 2001 1228 2056 [idem
1257 1998 1644 2054 animadverte.
1671 1995 1804 2050 Cum

210 2099 433 2163 audiret,
469 2097 613 2152 Tolle
632 2099 652 2129 ’
679 2095 974 2166 grabbatum
1001 2105 1165 2157 tuum,
1196 2101 1242 2145 et
1269 2090 1471 2144 ambula
1495 2104 1514 2153 ;
1545 2104 1650 2141 non
1681 2086 1805 2141 irri-

209 2201 292 2251 st,
316 2203 416 2244 nec
451 2187 605 2253 dixit,
631 2187 766 2254 Quid
799 2186 901 2242 hoc
925 2196 1002 2241 est
1024 2185 1048 2237 7
1072 2183 1295 2254 angelus
1318 2180 1596 2237 descendit
1617 2189 1671 2234 et
1695 2190 1806 2232 tur-

211 2286 292 2336 bat
317 2297 516 2353 aquam
537 2322 553 2347 ,
584 2296 855 2350 unumque
884 2289 1090 2336 tantum
1127 2286 1283 2332 sanat
1319 2293 1331 2330 :
1365 2285 1418 2330 tu
1451 2289 1611 2338 vero,
1643 2273 1807 2326 homo

209 2389 319 2426 cum
351 2373 430 2428 sis
456 2414 470 2436 ,
503 2387 612 2426 uno
644 2380 914 2441 pra-cepto
939 2372 1058 2441 plus
1085 2386 1243 2438 quam
1284 2366 1532 2438 angi-lum
1566 2377 1616 2419 tc
1648 2380 1806 2433 posse

208 2465 419 2532 ερεξηεῖ
447 2463 549 2518 hoc
574 2464 850 2533 superbia,
874 2462 975 2518 hoc
1001 2461 1167 2516 fastus
1189 2470 1291 2527 est,
1318 2460 1536 2529 risuque
1560 2458 1801 2527 dignum.

215 2557 396 2612 Verum
428 2557 564 2611 nihil
603 2556 798 2610 borum
829 2556 964 2610 dixit
1003 2555 1084 2609 vel
1121 2552 1411 2624 cogitavit;
1447 2551 1539 2605 sed
1571 2551 1658 2604 ubi
1694 2549 1804 2618 pri-

211 2664 344 2702 nium
364 2648 594 2714 audivit,
619 2649 874 2713 surrexit,
898 2658 952 2703 et
978 2662 1139 2701 sanus
1168 2645 1356 2711 ﬂictus,
1383 2643 1607 2712 impigre
1634 2641 1809 2712 paruit

206 2741 401 2809 lubenti
428 2758 441 2795 :
473 2740 665 2811 Surge,
696 2740 817 2795 tolle
841 2739 1139 2811 grubbatum
1165 2749 1326 2801 tuum,
1350 2747 1398 2791 et
1420 2733 1646 2789 artibula.
1673 2733 1806 2788 lllud

207 2843 344 2889 certe
368 2833 676 2888 mirandum
703 2843 785 2887 est
810 2849 824 2897 ;
854 2832 948 2887 sed
980 2848 1100 2902 quae
1127 2841 1425 2900 sequuntur
1458 2831 1613 2899 longe
1642 2828 1804 2882 mira-

210 2925 419 2989 biliora;
448 2924 562 2979 imo
589 2939 720 2979 vero
741 2925 881 2994 quod
907 2922 1062 2980 initio
1087 2926 1301 2977 nemine
1324 2921 1669 2987 obstrepente
1689 2933 1803 2973 cre-

207 3017 412 3081 diderit,
435 3032 549 3072 non
577 3017 647 3071 ita
672 3015 918 3074 miialiile
937 3026 1040 3080 est,
1066 3027 1124 3070 ut
1145 3032 1265 3070 cum
1293 3024 1475 3084 postea
1505 3013 1806 3068 furentibus

207 3110 418 3178 ludzis,
451 3109 693 3180 undique
731 3111 1068 3170 instantibus,
1108 3108 1508 3169 accusantibus,
1541 3105 1800 3160 obsiden-

209 3204 340 3259 tibus
367 3218 433 3258 ae
457 3201 801 3267 dicentibus,
838 3200 960 3256 Non
1003 3201 1119 3255 licet
1158 3200 1244 3254 tibi
1286 3199 1465 3254 tollere
1504 3197 1803 3270 grabbatum

209 3306 360 3362 tum,
387 3312 501 3352 non
538 3294 702 3349 modo
727 3294 938 3349 illorum
967 3292 1228 3347 insaniam
1258 3291 1523 3360 despexit,
1556 3288 1650 3344 sed
1681 3303 1802 3342 cum

209 3405 384 3458 magna
409 3389 607 3444 liducia
635 3390 688 3442 in
712 3385 888 3441 medio
911 3384 1121 3440 theatro
1147 3384 1445 3438 bene-licam
1471 3381 1801 3450 prmdicavit,

209 3484 526 3553 illorumque
571 3479 958 3552 impudentiam
1007 3479 1302 3546 repressit;
1356 3477 1405 3530 id
1453 3484 1600 3529 certe
1651 3472 1804 3528 fortis

207 3575 357 3630 animi
391 3589 521 3631 esse
557 3573 700 3629 dico.
744 3571 1068 3627 lnstantibus
1111 3571 1252 3625 enim
1297 3566 1533 3630 Judmis,
1577 3582 1640 3622 ac
1677 3582 1800 3620 cum

207 3668 436 3722 convicio
463 3675 523 3722 et
550 3665 854 3735 arrogantia
885 3663 1186 3718 dicentibus
1213 3679 1225 3714 :
1260 3663 1542 3717 Sabbatum
1571 3669 1673 3721 est;
1700 3675 1802 3712 non

208 3759 310 3811 licet
330 3758 418 3812 tibi
440 3757 623 3812 tollere
642 3757 938 3826 grabbatnm
962 3766 1100 3808 tuum
1121 3770 1142 3819 ;
1160 3753 1284 3808 audi
1303 3752 1426 3822 quid
1448 3751 1798 3820 respondeat:

210 3853 285 3906 ll.
314 3852 413 3919 Qui
437 3868 519 3906 me
539 3867 721 3905 sanum
744 3851 880 3920 fecit,
907 3849 994 3902 ille
1019 3847 1144 3901 mihi
1163 3849 1310 3911 dixit,
1337 3846 1485 3901 Tolle
1504 3845 1802 3917 grabbatum

208 3953 354 4003 tuum.
383 3955 432 3998 et
460 3943 710 4004 auibula;
740 3951 946 3996 tantum
975 3955 1081 3994 non
1112 3940 1319 4002 d'cens,
1353 3938 1515 3992 Deliri
1546 3947 1599 3992 et
1629 3935 1799 3990 insani

206 4035 343 4095 ralis,
374 4035 502 4087 dmn
528 4033 734 4102 jubetis
763 4049 848 4088 tne
883 4033 1030 4087 illum
1062 4033 1150 4100 qui
1183 4048 1270 4088 me
1297 4047 1324 4084 a
1357 4040 1462 4086 tam
1495 4031 1663 4102 gravi,
1693 4040 1799 4084 tam

205 4123 447 4177 diuturno
486 4122 682 4177 morbo
722 4122 1003 4184 liberavit,
1037 4138 1141 4175 non
1176 4134 1426 4190 reputare
1453 4122 1798 4192 magistrum,

207 4231 295 4270 nec
315 4217 462 4286 jussu
496 4217 618 4284 ejus
643 4215 819 4269 omnia
845 4215 1090 4283 exsequi.
1119 4217 1276 4284 Atqui
1307 4216 1350 4267 si
1383 4214 1612 4284 maligne
1642 4228 1800 4282 agere

205 4307 467 4372 voluisset,
507 4315 717 4376 poterat
754 4305 859 4361 alio
887 4305 1049 4360 modo
1073 4306 1257 4360 dicere
1289 4323 1302 4359 :
1329 4306 1447 4360 Non
1479 4305 1668 4360 lubens
1699 4304 1800 4359 hoc

204 4399 363 4464 iacio,
393 4399 489 4454 scd
522 4398 634 4453 alio
671 4397 895 4467 jubente
937 4414 950 4452 :
989 4397 1033 4452 si
1070 4407 1348 4469 peccatum
1378 4408 1491 4464 est,
1519 4397 1797 4466 jubentem

204 4501 461 4554 accusate,
491 4498 551 4544 et
579 4488 774 4543 lectum
805 4488 1072 4557 deponam
1101 4505 1115 4553 ;
1144 4489 1229 4542 vel
1259 4487 1398 4544 forte
1433 4488 1677 4543 sanitatis
1703 4488 1798 4543 be-

205 4581 441 4635 nelieium
470 4579 822 4635 occultasset.
845 4579 978 4634 Nam
1009 4580 1176 4650 probe
1204 4579 1409 4636 sciebat
1433 4582 1577 4651 ipsos
1600 4596 1705 4634 non
1731 4582 1797 4634 ita

201 4671 264 4726 de
291 4673 487 4727 violato
515 4672 746 4727 sabbato
784 4672 1016 4727 morderi
1045 4715 1059 4738 ,
1090 4681 1146 4727 ut
1173 4671 1241 4728 de
1270 4687 1416 4741 aegro
1453 4682 1662 4727 curato.
1691 4671 1798 4727 Sed

205 4781 368 4832 neque
409 4766 517 4820 hoc
563 4763 891 4829 occultavit,
924 4779 1022 4818 nec
1063 4763 1188 4817 illud
1235 4764 1402 4823 dixit.
1445 4779 1543 4818 nec
1590 4765 1798 4819 veniam

205 4858 380 4924 petiit;
403 4857 499 4912 sed
529 4855 812 4923 splendida
840 4871 970 4910 voce
997 4855 1313 4909 beneﬁcium
1341 4855 1623 4910 confessus
1645 4863 1802 4910 estet

206 4950 523 5017 pm'dicavil.
557 4947 634 5003 Ita
666 4949 1008 5019 paralyticus.
1041 4950 1113 5002 llli
1142 4964 1268 5003 vero
1294 4965 1451 5019 quam
1481 4949 1722 5017 improbe
1744 4965 1800 5003 se

203 5049 478 5112 gesserint,
504 5043 822 5100 consideres
847 5043 1029 5098 vclitn.
1059 5041 1174 5097 Non
1206 5044 1347 5097 enim
1376 5043 1646 5103 dixerunt,
1671 5042 1802 5108 Quis

206 5146 253 5190 te
278 5152 461 5190 sanum
496 5135 665 5190 fecit?
693 5134 784 5188 sed
815 5137 916 5188 hoc
941 5132 1160 5196 omisso,
1197 5149 1318 5186 eum
1351 5134 1580 5199 strepitu
1609 5148 1802 5201 magno

208 5227 683 5296 transgressionem
731 5223 872 5278 illam
925 5225 975 5277 in
1023 5223 1255 5277 medium
1302 5223 1658 5278 adducebant.
1711 5223 1796 5276 l2.

211 5319 326 5382 Quis
352 5329 424 5370 est
465 5318 554 5370 ille
583 5317 673 5370 aui
703 5317 829 5369 dixit
859 5316 983 5380 tibi,
1028 5315 1170 5368 Tolle
1206 5316 1503 5385 grabbatum
1544 5327 1682 5368 tuum
1704 5357 1718 5377 ,
1756 5326 1800 5367 et

210 5409 398 5461 cumulo
418 5408 442 5460 3’
465 5408 554 5464 l5.
593 5405 646 5460 Is
676 5417 842 5460 autem
867 5409 953 5477 qui
979 5423 1134 5460 sanus
1158 5412 1322 5476 fuerat
1353 5407 1580 5472 effectus.
1615 5408 1802 5459 nescie-

208 5499 281 5549 bat
307 5500 415 5567 quis
445 5507 600 5553 esset.
628 5495 782 5552 Jesus
810 5510 978 5553 autem
1007 5498 1273 5551 declinavit
1299 5515 1330 5550 α
1361 5499 1504 5552 turba
1532 5501 1802 5553 consfitutu

269 5632 281 5662 '
317 5632 459 5680 Savil.
484 5641 538 5682 et
552 5629 764 5695 quidam
788 5639 912 5687 Mss,
937 5636 986 5695 ut
1006 5630 1066 5680 ab
1088 5629 1216 5680 aliis.
1243 5633 1407 5680 Lectio
1431 5631 1631 5695 Morem,
1655 5645 1799 5695 quam

210 5700 493 5750 retinemus,
518 5693 713 5755 aliquot
735 5694 1162 5755 Manusa'iitorum
1187 5695 1474 5742 auctoritate
1500 5693 1732 5742 firmatur.

268 5757 286 5785 θ
321 5754 481 5806 uorel.
508 5756 584 5804 sic
609 5754 758 5803 βασι-ι
778 5754 905 5804 hunc
926 5754 1084 5804 loeum
1110 5767 1121 5802 :
1159 5763 1278 5802 cum
1326 5755 1520 5803 mutirrt
1560 5756 1802 5805 tamtum

211 5814 290 5863 sibi
310 5830 417 5865 rum
440 5823 672 5879 ineunte
694 5822 740 5866 et
765 5814 813 5864 in
835 5829 924 5865 mo'
939 5831 1015 5867 cm
1040 5815 1320 5878 imperantis
1345 5818 1597 5874 dicentrm,
1624 5838 1643 5862 ι
1659 5817 1799 5873 tolle,

211 5888 233 5920 (ι
245 5889 297 5927 πρ,

3417 402 3522 458 2W

1921 514 1974 568 in
2003 516 2134 568 loco.
2164 514 2230 570 Et
2256 530 2353 569 cur
2377 513 2659 571 abscondit
2690 529 2750 571 se
2776 513 3067 570 Christus!
3095 514 3278 571 Primo
3314 526 3370 570 ut
3411 517 3524 586 ipse

1913 606 2138 662 absente
2182 607 2548 661 testimonium
2595 606 2904 676 suspicione
2943 621 3172 662 vacuum
3213 616 3393 672 esset;
3433 610 3523 678 qui

1913 702 2063 756 enim
2087 715 2306 755 sensum
2332 701 2594 756 restitutae
2614 702 2859 756 sanitatis
2887 701 3141 768 habebat,
3171 700 3416 756 bcuelicii
3446 711 3526 756 tc-

1913 793 2012 848 stis
2037 803 2152 848 erat
2173 792 2277 848 llde
2300 793 2514 865 dignus.
2547 795 2628 849 Ad
2660 795 2794 861 luce,
2825 810 2892 850 ne
2917 795 3179 864 majorem
3207 794 3260 850 in
3285 795 3523 864 ipsorum

1914 883 2109 939 animis
2134 886 2169 941 ll
2189 903 2404 940 ttntnattt
2429 886 2753 942 accenderet
2777 904 2791 951 ;
2821 896 3046 942 noverat
3070 887 3214 942 enim
3243 888 3324 943 vel
3352 887 3524 942 solam

1914 979 2032 1049 ejus
2062 980 2146 1034 cui
2192 980 2460 1034 invidetur
2498 980 2879 1050 przesentiam,
2912 997 3021 1036 non
3067 995 3284 1050 parvam
3331 980 3526 1035 invidis

1915 1070 2202 1126 scintillam
2232 1071 2489 1127 excitare.
2523 1071 2646 1128 Ideo
2690 1071 2969 1139 secedens,
3007 1073 3219 1143 reliquit
3253 1070 3382 1142 ipsis
3409 1087 3522 1126 rem

1913 1163 2055 1232 apud
2098 1179 2159 1218 se
2201 1163 2570 1229 tractandam;
2602 1165 2672 1218 ita
2703 1173 2762 1219 ut
2789 1163 2920 1219 nihil
2961 1164 3077 1234 ipse
3103 1163 3172 1219 de
3201 1178 3261 1218 se
3285 1161 3524 1228 diceret,

1913 1253 2010 1310 sed
2040 1255 2075 1309 ii
2106 1265 2308 1310 tantum
2338 1254 2429 1326 qui
2453 1257 2626 1311 curati
2654 1256 2866 1312 fuerant
2892 1271 3016 1311 cum
3044 1255 3426 1310 accusantibus
3449 1256 3525 1309 ln-

1912 1356 2230 1418 querentur.
2256 1347 2389 1402 Nam
2417 1356 2469 1403 ct
2502 1346 2553 1401 bl
2583 1363 2797 1419 quoque
2824 1347 3084 1402 tniraeulo
3107 1347 3347 1419 praebent
3376 1348 3526 1403 testi-

1914 1440 2174 1493 monium.
2205 1438 2323 1494 Non
2364 1440 2510 1494 enim
2539 1440 2753 1507 dicunt,
2782 1438 2893 1497 Cur
2932 1441 3049 1496 lure
3085 1441 3292 1510 jnssisti
3323 1441 3438 1496 ﬁeri
3472 1443 3522 1495 in

1913 1531 2138 1586 sabbato
2159 1531 2185 1584 ?
2208 1532 2301 1586 sed
2329 1576 2342 1596 ,
2374 1533 2482 1587 Cur
2511 1533 2624 1588 hare
2655 1534 2787 1589 iacis
2815 1535 2866 1588 in
2897 1533 3166 1590 sabbato?
3205 1551 3312 1589 non
3344 1543 3522 1590 trans—

1913 1626 2246 1696 gressionem
2269 1625 2486 1697 indigne
2514 1629 2770 1695 terentes,
2798 1629 2892 1684 sed
2919 1629 3200 1701 paralytici
3228 1629 3523 1684 valetudini

1916 1719 2238 1775 invidentes.
2269 1721 2428 1790 Atqui
2455 1721 2500 1774 si
2531 1721 2822 1776 humanqu
2854 1736 2990 1792 Opus
3018 1731 3251 1792 spectes,
3283 1721 3408 1775 illud
3439 1737 3526 1789 pn-

1915 1812 2041 1877 tius,
2068 1812 2212 1883 quod
2245 1813 2568 1885 paralyticos
2595 1814 2743 1877 fecit,
2773 1823 2891 1869 erat
2916 1829 3044 1869 vere
3069 1829 3247 1883 opus;
3276 1814 3526 1869 Citrisltts

1911 1902 2056 1959 enim
2086 1905 2311 1960 verbum
2341 1912 2548 1959 tantum
2579 1905 2858 1960 emiserat.
2891 1904 2988 1960 llic
3015 1905 3175 1960 alitt-r
3204 1905 3356 1974 jubet
3389 1905 3522 1959 solvi

1913 1996 2234 2061 sabbatum;
2262 1997 2390 2053 alibi
2423 2014 2554 2052 vero
2596 2014 2692 2068 per
2718 1998 2954 2068 seipsum
2999 1998 3160 2053 solvit
3200 1998 3328 2053 illud
3352 2039 3366 2062 ,
3399 2014 3525 2051 cum

1915 2089 2084 2144 lutum
2117 2090 2326 2156 miscet,
2359 2098 2413 2146 et
2443 2091 2630 2145 oculos
2656 2091 2832 2147 illinit.
2867 2090 2999 2147 Illud
3028 2104 3206 2146 au'etn
3236 2089 3382 2151 facit,
3414 2106 3522 2144 ttutt

1913 2181 2348 2253 transgrediens,
2375 2183 2468 2236 sed
2502 2182 2918 2253 supergrediens
2951 2183 3144 2253 legem.
3178 2182 3252 2236 De
3283 2182 3365 2236 his
3398 2197 3525 2236 vero

1915 2284 2123 2344 postea.
2168 2273 2354 2344 Neque
2391 2275 2536 2328 enim
2587 2275 2782 2344 ubique
2825 2274 2986 2329 simili
3029 2273 3191 2329 modo
3232 2273 3301 2328 de
3345 2274 3526 2329 solum

1912 2368 2140 2424 sabbato
2166 2379 2450 2425 accusatus
2483 2387 2602 2425 sese
2633 2379 2824 2441 purgat
2855 2388 2867 2424 :
2903 2371 2952 2424 id
2983 2368 3125 2440 quod
3155 2382 3406 2424 accurate
3435 2369 3524 2421 oh-

1912 2462 2235 2518 servandum
2263 2472 2366 2520 est.

1985 2555 2040 2609 3.
2094 2552 2300 2608 Invidia
2344 2565 2588 2625 quantum
2632 2557 2844 2608 malum.
2880 2555 3081 2610 Caritas
3111 2557 3517 2610 commendatur.

1911 2674 1983 2684 —
2006 2645 2226 2701 Interim
2249 2655 2429 2700 autem
2462 2647 2739 2701 videamus
2765 2657 3027 2717 quantum
3055 2649 3256 2702 malum
3285 2649 3356 2702 sit
3387 2649 3524 2700 invi-

1913 2735 1998 2790 dia
2026 2755 2040 2792 :
2073 2750 2181 2808 quo
2211 2747 2368 2808 pacto
2397 2739 2596 2795 mentis
2615 2739 2805 2795 oculos
2825 2739 2890 2795 ad
2916 2741 3212 2810 perniciem
3234 2740 3399 2796 invidi
3423 2756 3522 2794 ex-

1912 2840 2098 2887 rmeet.
2131 2831 2596 2899 Quemadmodum
2645 2835 2788 2888 enim
2830 2834 3014 2889 furiosi
3069 2835 3308 2904 gladium
3347 2836 3398 2890 in
3429 2850 3516 2890 sc-

1914 2926 2060 2992 ipsos
2081 2939 2226 2994 sche
2245 2934 2590 2992 convertunt,
2617 2926 2686 2980 ita
2709 2942 2924 2997 quoque
2947 2926 3140 2991 invidi,
3157 2942 3319 2981 uuam
3341 2927 3518 2980 solum

1911 3022 2219 3082 spectantes
2249 3015 2390 3069 illius
2413 3016 2496 3071 cui
2524 3016 2784 3081 invident,
2813 3017 3127 3086 perniciem,
3151 3027 3339 3072 contra
3364 3031 3517 3072 suam

1912 3103 2139 3159 salutem
2165 3104 2324 3159 bruto
2355 3105 2558 3176 impetu
2591 3106 2858 3163 feruntur.
2893 3107 2959 3163 lli
2985 3108 3069 3164 vel
3099 3107 3232 3164 feris
3265 3118 3390 3163 sunt
3423 3111 3517 3163 de-

1913 3196 2160 3253 teriores.
2186 3195 2322 3252 Nam
2347 3198 2450 3253 illa:
2470 3240 2485 3264 ,
2511 3199 2592 3254 vel
2620 3199 2761 3268 quod
2785 3199 2908 3255 cibo
2931 3207 3160 3271 egeant,
3191 3200 3274 3256 vel
3302 3216 3332 3255 a
3361 3201 3517 3256 nobis

1913 3289 2136 3344 irritata:
2158 3333 2173 3356 ,
2206 3301 2395 3346 contra
2427 3306 2528 3346 nos
2562 3303 2877 3358 armantur;
2914 3293 2966 3346 hi
2996 3304 3174 3348 autem
3205 3296 3370 3348 etiam
3398 3304 3520 3364 post

1911 3393 2129 3451 accepta
2155 3383 2436 3449 beneﬁcia,
2461 3383 2732 3439 benellcos
2748 3400 2900 3454 stupe
2925 3401 3022 3454 pro
3044 3386 3276 3441 inimicis
3295 3384 3513 3442 habent.

1914 3473 2063 3528 Feris
2083 3489 2213 3530 sane
2237 3474 2288 3528 hi
2315 3474 2614 3531 deteriores
2639 3485 2794 3541 sunt,
2820 3476 3158 3533 dwmouibus
3181 3493 3373 3548 pares;
3407 3481 3516 3534 imo

1913 3566 2051 3621 forte
2080 3568 2292 3637 pejores
2322 3568 2445 3622 illis.
2478 3567 2554 3622 llli
2599 3585 2833 3638 namque
2863 3570 3156 3624 adversum
3189 3586 3289 3625 nos
3320 3573 3513 3640 itnpla~

1909 3660 2115 3715 eahiles
2133 3669 2392 3716 exercent
2422 3661 2754 3728 inimicitias,
2784 3663 2878 3717 sed
2902 3664 2983 3717 sui
3014 3663 3284 3718 similibus
3313 3663 3516 3719 daemo—

1912 3755 2068 3808 nibus
2096 3769 2202 3808 non
2232 3755 2586 3820 insidiantur;
2623 3755 2854 3825 ideoque
2878 3759 3002 3811 hinc
3026 3756 3276 3812 Christus
3296 3757 3515 3811 Judams

1909 3844 2241 3911 confutavit,
2274 3861 2396 3900 cum
2425 3847 2669 3902 dicerent
2696 3848 2872 3917 ipsum
2909 3849 2961 3901 in
2993 3848 3292 3904 Beelzebub
3316 3849 3515 3918 ejicere

1909 3937 2193 3993 daemonia.
2224 3938 2286 3994 lli
2312 3954 2439 3993 vero
2466 3955 2532 3994 ne
2561 3951 2767 3995 natura:
2793 3941 3012 4010 quidem
3042 3957 3152 3995 sua:
3179 3943 3509 3997 consortium

1911 4041 2228 4085 reverentur
2249 4073 2262 4094 ,
2295 4047 2472 4103 neque
2498 4033 2600 4087 sibi
2632 4033 2764 4103 ipsis
2797 4043 3039 4103 parcunt.
3075 4032 3208 4089 Nam
3237 4045 3363 4090 ante
3391 4037 3509 4089 aui-

1911 4137 2052 4174 tnam
2079 4137 2228 4175 suam
2251 4163 2263 4184 ,
2289 4139 2447 4192 quam
2470 4139 2566 4178 eos
2586 4124 2781 4194 quibus
2816 4124 3085 4190 invident,
3120 4125 3352 4191 Iredunt,
3381 4126 3510 4180 dum

1911 4212 2052 4267 illam
2077 4215 2271 4269 frustra
2303 4217 2530 4272 tumultu
2557 4232 2621 4272 ac
2646 4232 2880 4273 maerore
2905 4220 3134 4290 replent.
3163 4217 3292 4283 Cur,
3314 4221 3383 4272 mi
3415 4220 3515 4273 hoc

1911 4320 2000 4359 mo
2022 4347 2036 4369 ,
2066 4305 2134 4362 de
2159 4307 2386 4375 proximi
2412 4308 2567 4362 bouis
2588 4311 2892 4364 cruciaris?
2923 4311 3116 4366 Dolei-c
3143 4322 3420 4382 Oportcrct
3445 4314 3513 4368 de

1910 4398 2067 4453 malis
2099 4400 2298 4454 nostris
2320 4447 2334 4468 ,
2365 4415 2472 4456 non
2504 4402 2572 4456 de
2603 4403 2836 4473 proximi
2871 4404 3142 4458 felicitate.
3175 4407 3511 4477 Quapmpter

1912 4489 2015 4544 hoc
2043 4502 2321 4558 peccatum
2353 4493 2509 4547 venia
2538 4509 2761 4563 prorsus
2793 4496 3056 4564 privatur.
3085 4495 3221 4552 Nam
3244 4507 3510 4552 scortator

1909 4591 2088 4653 potest
2114 4584 2608 4651 concupiscentiam
2636 4585 2933 4643 obtendere
2955 4629 2972 4652 ,
3005 4587 3090 4643 l'ur
3116 4602 3512 4660 paupertatem,

1911 4676 2175 4731 homicida
2203 4678 2335 4731 iram
2359 4695 2373 4742 ;
2404 4679 2783 4736 excusationes
2805 4681 3018 4750 quidem
3046 4682 3263 4753 frigidas
3284 4692 3336 4736 ct
3361 4685 3507 4738 insa-

1910 4783 2028 4831 nas,
2053 4767 2148 4822 sed
2173 4783 2292 4838 qua!
2314 4778 2493 4824 tamen
2517 4787 2567 4841 p.
2583 4769 2744 4826 ol'erri
2771 4783 2994 4840 queunt.
3023 4775 3102 4828 Tu
3128 4790 3277 4840 vero,
3300 4791 3508 4846 quaeso,

1909 4876 2070 4929 quam
2092 4875 2309 4914 causam
2339 4861 2638 4919 obtendes?
2668 4863 2879 4919 Nullam
2902 4868 3125 4922 omnino
3145 4909 3160 4933 ,
3191 4868 3294 4922 nisi
3328 4868 3514 4939 ingen-

1910 4961 2019 5005 tem
2052 4951 2370 5022 nequitiam.
2406 4953 2536 5010 Nam
2581 4955 2627 5009 si
2675 4956 2921 5011 inimicos
2951 4957 3177 5028 diligere
3218 4958 3470 5028 jubcmur
3497 5003 3510 5026 ,

1909 5043 1953 5095 si
1985 5044 2188 5096 amicos
2216 5041 2344 5098 odio
2373 5043 2669 5100 habeamus
2690 5087 2704 5112 ,
2735 5063 2844 5116 qito
2876 5064 2981 5102 non
3029 5049 3294 5120 supplicio
3325 5050 3515 5120 punie-

1912 5133 2069 5184 mnr't
2104 5133 2168 5186 Et
2199 5134 2242 5186 si
2279 5134 2322 5188 is
2351 5135 2440 5202 qui
2490 5139 2695 5191 amicos
2739 5153 2866 5192 suos
2908 5139 3113 5211 diligit,
3165 5156 3273 5196 non
3323 5141 3514 5196 melius

1910 5239 2072 5292 quam
2101 5233 2289 5293 gentes
2319 5223 2543 5281 allectus
2563 5237 2681 5293 est;
2705 5230 2794 5298 qui
2818 5245 2878 5286 se
2906 5232 3037 5287 nihil
3065 5231 3387 5290 lmdentibus
3411 5250 3511 5289 no-

1909 5329 1988 5369 cet
2002 5359 2015 5380 ,
2035 5333 2195 5387 quam
2215 5329 2297 5372 est
2316 5319 2595 5374 habiturus
2615 5323 2848 5386 veniam,
2866 5341 3025 5394 quam
3048 5325 3514 5383 consolationem?

1912 5408 2048 5461 Audi
2078 5409 2303 5463 Paulum
2327 5409 2595 5467 dicentem
2623 5431 2636 5466 ι
2671 5413 2732 5468 Si
2757 5417 3016 5470 tradidero
3044 5436 3232 5487 corpus
3255 5438 3419 5473 meum
3445 5421 3513 5473 ita

1912 5511 1964 5553 ut
1995 5503 2204 5556 ardeant
2229 5544 2244 5568 ,
2276 5504 2543 5559 caritatem
2581 5517 2753 5560 autem
2794 5526 2897 5563 non
2927 5511 3151 5566 habuero
3174 5555 3188 5578 ,
3219 5514 3349 5568 nihil
3390 5516 3513 5568 mihi

1913 5593 2114 5660 prodest
2141 5594 2159 5660 (
2182 5594 2232 5649 l.
2264 5592 2383 5648 Cor.
2413 5596 2504 5652 l5.
2532 5597 2566 5650 5
2587 5597 2630 5668 ).
2661 5598 2813 5666 Quod
2843 5612 3020 5656 autem
3057 5603 3144 5658 ubi
3177 5605 3314 5660 livor
3341 5615 3397 5661 et
3427 5607 3510 5659 iu—

1913 5684 2051 5739 vidia
2101 5694 2218 5751 est,
2267 5686 2467 5742 caritas
2498 5702 2720 5757 prorsus
2769 5693 2978 5748 sublata
3012 5695 3114 5764 sit,
3169 5697 3371 5752 nemini
3406 5713 3510 5753 non

1913 5789 2097 5832 notum
2129 5787 2232 5832 est.
2263 5778 2376 5834 lloc
2409 5781 2597 5836 vitium
2648 5793 2729 5838 est
2777 5784 3133 5845 fornicatione
3167 5800 3220 5846 et
3248 5792 3515 5847 adulterio

1921 5873 2089 5941 pejus.
2117 5871 2247 5928 Nam
2273 5874 2401 5929 illud
2437 5875 2488 5931 in
2513 5887 2772 5948 operante
2798 5883 3070 5939 cnn~istit.
3100 5885 3310 5942 invidia:
3337 5898 3516 5942 autent
