4102 6484
614 412 708 466 ΞΗ

611 536 654 571 Ιι
672 520 852 574 rannis
878 518 1145 576 Ecclesias
1168 519 1398 585 integras
1417 506 1712 570 subvertit,
1735 513 1789 558 ct
1811 511 1980 557 totum
2004 499 2191 561 urbem

616 613 969 666 lalmiactavit.
1001 612 1123 665 lla-c
1163 608 1324 665 caulis
1355 613 1526 659 mater
1553 608 1637 654 est
1667 616 1679 652 :
1721 595 1823 649 hac
1853 602 2028 647 motus
2056 589 2187 642 Cain

615 704 827 757 fratrem
858 700 1051 757 occidit
1080 718 1093 754 :
1142 700 1224 752 illa
1257 697 1562 754 concitante
1590 687 1852 745 Jacobum
1890 684 2030 738 Esau
2051 723 2067 745 .
2097 678 2190 736 J0.-

613 798 833 867 sephum
864 794 1058 849 fratres
1081 836 1093 853 .
1126 792 1414 847 lmmamun
1443 800 1614 858 genus
1636 780 1881 837 diabolus
1908 788 2191 867 aggressus

612 866 712 943 est.
748 890 813 943 At
845 896 898 940 ιιι
940 903 1045 941 ιιοιι
1094 883 1388 948 interficis,
1425 877 1516 932 sed
1560 874 1707 929 caede
1751 873 1907 939 longe
1950 866 2193 937 graviora

616 991 921 1048 perpetras,
948 979 1071 1031 dum
1102 976 1336 1046 precaris
1368 980 1421 1026 ut
1454 969 1618 1023 frater
1660 961 1951 1033 ignominia
1984 958 2173 1013 afﬁcia-

617 1083 732 1129 mr,
767 1069 891 1122 dum
926 1069 1142 1137 laqueos
1169 1066 1265 1134 ipsi
1300 1060 1474 1117 tendis
1510 1055 1745 1125 undique
1766 1095 1779 1117 ,
1808 1051 1935 1107 dum
1967 1063 2067 1120 pro
2088 1048 2205 1101 virs

616 1171 726 1212 tote
754 1170 1031 1227 susceptos
1061 1158 1270 1211 labores
1300 1152 1526 1208 resolvis
1547 1190 1562 1212 ,
1592 1162 1714 1201 cum
1745 1159 1886 1214 πει-θ
1917 1142 2022 1197 fers
2050 1139 2191 1209 quod

615 1251 759 1304 m-bis
784 1251 1005 1304 Domino
1037 1249 1258 1317 placeat.
1285 1243 1399 1299 Non
1430 1242 1577 1297 illum
1600 1252 1748 1308 ergo.
1772 1234 1865 1289 sed
1889 1249 2008 1288 eum
2031 1246 2189 1301 quem

618 1344 728 1408 ipse
754 1341 879 1395 colit
909 1336 1186 1409 impugnas
1216 1355 1227 1389 :
1272 1336 1418 1389 illum
1463 1328 1784 1389 contumelia
1826 1324 1997 1380 aflieis
2019 1365 2035 1388 ,
2066 1323 2193 1377 dum

619 1434 875 1487 tumorem
904 1442 1049 1486 tuum
1074 1431 1213 1484 illius
1239 1427 1426 1482 honori
1455 1421 1736 1493 anteponis
1762 1438 1775 1475 :
1804 1418 2054 1489 quodque
2073 1430 2194 1485 gra-

618 1526 888 1580 vissimum
921 1537 1032 1587 est,
1069 1525 1235 1577 levem
1280 1530 1433 1590 putas
1460 1531 1581 1572 esse
1610 1514 1819 1582 culpam
1841 1551 1858 1576 ,
1906 1509 2031 1562 licet
2073 1522 2193 1560 om-

617 1618 759 1671 nlnm
789 1611 1073 1670 deterrima
1109 1615 1193 1667 sit.
1228 1612 1359 1668 Nam
1382 1611 1425 1665 si
1457 1609 1552 1664 des
1580 1608 2005 1675 eleemosynam,
2037 1598 2080 1652 si
2110 1600 2191 1652 vi-

617 1710 779 1775 giles.
820 1711 862 1763 si
902 1708 1144 1776 jejunes,
1194 1704 1430 1758 onmium
1477 1698 1919 1757 sceleratissimus
1946 1707 2033 1755 es,
2067 1691 2192 1744 dum

622 1800 765 1853 fratri
795 1798 1017 1852 invides.
1046 1796 1098 1851 Id
1126 1796 1207 1850 vel
1241 1796 1363 1848 inde
1385 1800 1612 1847 constat.
1640 1791 1915 1844 Scortatus
1941 1792 2024 1838 est
2046 1783 2192 1852 quis-

621 1894 756 1958 piam
784 1891 918 1958 apud
962 1889 1304 1953 Corinthios;
1348 1886 1441 1943 sed
1484 1893 1766 1939 accusatus
1806 1881 1914 1945 cito
1943 1877 2192 1946 resipuit.

621 1982 766 2036 Λικιιὶ
793 1982 919 2036 Cain
948 1981 1134 2034 invidit
1165 1996 1178 2043 ;
1214 1988 1269 2034 et
1294 1992 1581 2047 numquam
1609 1973 1921 2030 emendatus
1949 1976 2067 2031 est;
2100 1965 2194 2021 sed

621 2077 740 2125 Ιιι·‹·ι
772 2072 907 2125 Dens
940 2072 1034 2138 ipsi
1070 2070 1377 2139 frequenter
1409 2068 1507 2121 hoc
1535 2067 1683 2120 ulcus
1711 2069 2063 2120 memoraret,
2100 2056 2191 2109 ille

625 2205 649 2212 —
670 2210 675 2211 γ
818 2206 889 2211 «μ...
937 2198 1504 2209 -αν-ο--σ-..η--ιος-...οο
1520 2196 1625 2204 -αο
1643 2196 1677 2202 ..κ
1694 2196 1741 2202 -.γ

629 2428 705 2475 Η.
748 2425 931 2481 I'usteu
971 2426 1153 2477 inrrnit
1187 2441 1297 2477 rum
1344 2422 1493 2475 Jews
1522 2426 1571 2473 tu
1628 2417 1843 2487 tcatplo.
1876 2425 1921 2467 rt
1953 2414 2083 2467 dixit
2110 2411 2199 2466 ei:

696 2514 825 2566 Ic'rrc
864 2531 1016 2567 sonus
1060 2517 1222 2582 [nctus
1269 2530 1353 2575 es;
1379 2514 1489 2582 jam
1522 2510 1624 2561 noli
1680 2521 1913 2575 peccare,
1963 2521 2024 2557 ne
2064 2502 2202 2555 dcte-

695 2609 798 2658 rius
830 2608 1022 2675 aliquid
1059 2608 1141 2658 tibi
1192 2605 1469 2671 rontingal.

700 2702 746 2751 l.
786 2698 915 2752 licus
947 2716 1125 2769 corpus
1156 2698 1370 2766 castigat
1400 2696 1459 2747 ob
1493 2697 1675 2747 animle
1704 2700 1925 2762 peccata.
1954 2688 2205 2741 Celtcnue‘t'

627 2793 875 2861 supplicio
921 2803 1106 2845 (eterna
1136 2802 1247 2844 sunt
1280 2802 1323 2842 et
1350 2793 1506 2860 justo.
1568 2790 1664 2854 Qui
1705 2790 1817 2856 jam
1868 2801 1959 2853 pro
1989 2781 2204 2853 peccatis

629 2887 761 2951 ;:!c.ri
782 2886 831 2937 in
856 2885 1028 2937 eadem
1054 2885 1280 2937 recidunt
1302 2926 1317 2947 ,
1345 2884 1557 2952 nmjorrs
1578 2881 1767 2933 tlubunt
1794 2894 1984 2947 pinnas.
2031 2873 2195 2927 Μαι·ὺί

632 2976 834 3041 pmrimi
870 2992 928 3027 απ
974 2984 1174 3043 peccato
1204 2975 1452 3026 orimnur.
1486 3002 1555 3010 —
1588 2971 1690 3024 lies
1721 2970 1896 3038 gravis
1928 2974 2201 3034 peccatum

630 3076 704 3116 est
734 3106 747 3128 ,
778 3080 861 3117 res
904 3072 1056 3117 certe
1093 3064 1267 3132 gravis
1298 3053 1351 3115 et
1391 3062 1583 3114 animzc
1625 3060 1918 3127 pernicies;
1954 3057 2023 3109 ita
2057 3062 2110 3105 ιιι
2139 3069 2201 3105 ex

634 3157 976 3209 l't'tllltttltltlllzt
1000 3170 1139 3224 sche
1166 3155 1323 3207 ctiant
1353 3167 1574 3222 corpora
1609 3150 1783 3203 hedat.
1812 3149 1944 3215 Quia
1978 3146 2121 3200 enim
2152 3154 2207 3198 ut

637 3248 916 3315 plurimum
961 3255 1250 3317 :vgrotante
1280 3246 1454 3297 anima
1476 3286 1491 3306 ,
1521 3243 1668 3295 nullo
1694 3241 1955 3293 aflicimur
1981 3237 2165 3291 dolore
2190 3250 2204 3297 ;

632 3346 674 3396 si
702 3359 825 3397 vero
853 3357 1047 3409 Corpus
1080 3339 1342 3394 tantillum
1375 3338 1581 3391 laboret
1609 3376 1624 3400 ,
1653 3349 1864 3387 outuem
1892 3330 2207 3384 adhibemus

632 3450 849 3502 operam
878 3443 933 3487 ut
962 3434 1133 3501 ipsum
1163 3430 1231 3485 ah
1271 3415 1578 3482 infirmitate
1623 3426 1909 3481 liberemus
1928 3462 1944 3486 ,
1970 3436 2037 3475 eo
2066 3419 2205 3490 quod

634 3529 774 3581 illam
798 3527 1086 3580 sentiamus
1108 3540 1121 3584 ;
1156 3523 1274 3577 ideo
1301 3513 1438 3575 Dens
1459 3534 1655 3588 corpus
1675 3518 1899 3587 castigat
1922 3515 1993 3571 ob
2017 3514 2207 3568 anima:

635 3626 846 3685 peccata
889 3656 904 3679 ,
937 3623 992 3667 ut
1034 3612 1303 3667 inferioris
1342 3610 1507 3678 partis
1531 3608 1919 3675 castigatione,
1945 3601 2207 3672 Superiori

637 3707 989 3761 valetudinem
1036 3704 1221 3774 pariat.
1276 3701 1364 3756 Sic
1392 3711 1442 3754 et
1473 3699 1609 3768 apud
1665 3695 1975 3751 Corinthios
2046 3691 2213 3747 forni-

634 3810 868 3852 ratorem
926 3797 1119 3850 Paulus
1174 3792 1509 3852 emendavit.
1570 3806 1662 3859 per
1711 3790 1888 3843 carnis
1938 3787 2208 3841 interitum

636 3891 830 3943 animm
859 3889 1101 3941 morbum
1126 3886 1402 3940 cohibens.
1432 3883 1563 3937 Nam
1592 3883 1797 3936 invecta
1823 3881 1875 3934 in
1902 3893 2100 3948 corpus
2123 3892 2212 3933 se-

633 3982 810 4034 ctione
829 4022 846 4044 ,
868 3980 945 4033 sic
968 3978 1162 4031 malum
1186 3976 1496 4045 compressit
1532 3993 1545 4028 :
1581 3972 1717 4027 haud
1740 3987 1897 4028 secus
1917 3986 2077 4041 quam
2101 3983 2212 4025 mc-

637 4074 788 4125 dicus
818 4071 1069 4140 optinuis,
1099 4068 1329 4138 quicum
1360 4065 1667 4137 hydropisin
1696 4072 1787 4117 aut
1808 4063 2048 4131 splenem
2079 4062 2217 4117 inte-

640 4164 869 4216 rioribus
913 4161 1210 4229 pharmaeis
1236 4174 1341 4213 non
1372 4158 1566 4212 cedere
1607 4156 1790 4221 videt,
1820 4156 2056 4211 exterius
2085 4156 2211 4208 urit.

642 4257 733 4307 Sic
761 4268 883 4321 erga
914 4250 1259 4321 paralyticum
1299 4252 1406 4318 egit
1429 4248 1690 4302 Christus.
1720 4246 1793 4301 Ac
1818 4245 1939 4299 vide
1985 4258 2215 4314 quomo-

643 4346 714 4397 do
744 4342 794 4396 id
828 4342 1111 4395 declaret:
1146 4339 1275 4393 Ecce
1296 4354 1452 4394 sanus
1481 4339 1644 4406 [actus
1662 4351 1753 4397 es;
1771 4339 1881 4403 jam
1911 4334 2014 4387 noli
2038 4349 2215 4401 pecca-

640 4452 694 4488 re
712 4477 724 4498 ,
760 4451 820 4485 ne
848 4433 1066 4485 deterius
1094 4430 1180 4483 tibi
1209 4428 1402 4497 aliquid
1431 4428 1708 4496 contingat.
1742 4423 1877 4492 Quid
1906 4425 2065 4495 igitur
2094 4422 2218 4477 inde

639 4528 914 4579 discimus.
946 4524 1219 4586 Primum,
1249 4537 1313 4575 ex
1347 4527 1565 4589 peccato
1595 4518 1691 4586 ipsi
1723 4526 1902 4570 natum
1933 4515 2213 4576 morbum;

641 4615 911 4679 secundo,
942 4629 1066 4668 vero
1119 4612 1441 4667 credendam
1480 4624 1599 4664 esse
1642 4608 1971 4678 gehennam;
2024 4607 2215 4669 tertio,

640 4708 943 4759 diuturnmn
966 4719 1125 4773 atque
1148 4712 1457 4771 perpetuum
1477 4715 1595 4754 esse
1627 4700 1964 4769 supplicium.
1985 4698 2211 4753 Ubinant

641 4812 769 4865 ergo
797 4805 918 4848 sunt
949 4795 1020 4847 illi
1052 4795 1138 4863 qui
1171 4794 1349 4847 dicunt
1370 4833 1385 4852 .
1418 4792 1573 4846 "ora:
1604 4792 1759 4844 unius
1787 4792 1961 4858 spatio
2001 4791 2173 4843 occidi
2201 4831 2215 4850 ,

645 4889 788 4942 brevi
834 4898 1073 4955 tempore
1120 4885 1439 4938 adulterium
1485 4882 1765 4945 commisi,
1795 4890 1849 4933 et
1891 4881 2220 4934 immortales

642 4981 781 5033 dabo
812 4979 1026 5048 pennas?
1058 4977 1192 5032 Ecce
1224 4979 1307 5031 hic
1339 4992 1441 5031 non
1483 4986 1559 5029 tot
1590 4976 1829 5045 peccavit
1858 4984 1986 5045 quot
2034 4975 2219 5044 plexos

642 5082 724 5125 est
752 5072 905 5124 annis
930 5112 943 5135 ,
976 5080 1023 5123 et
1061 5072 1110 5122 in
1161 5068 1509 5123 diuturnitate
1558 5082 1730 5136 ptent!)
1782 5056 1946 5120 tottitn
1979 5064 2092 5119 fere
2124 5065 2220 5119 lto-

645 5164 799 5215 minis
842 5164 1001 5214 vitam
1050 5159 1367 5226 absumpsit.
1413 5157 1526 5212 Non
1557 5157 1696 5211 enim
1730 5174 1793 5212 ex
1827 5166 2066 5226 tempore
2098 5172 2219 5225 pec-

642 5264 758 5305 rata
789 5254 1001 5305 metitur
1038 5252 1173 5304 Deus
1195 5293 1208 5316 ,
1237 5250 1328 5304 sed
1366 5264 1431 5303 ex
1469 5250 1579 5318 ipsa
1608 5250 1871 5305 scelerum
1899 5258 2107 5305 natura.
2138 5250 2216 5304 Ad

646 5346 759 5397 Iure
800 5342 925 5395 illud
967 5357 1175 5409 quoque
1221 5340 1695 5405 considerandum,
1725 5340 1823 5395 etsi
1855 5356 2045 5412 graves
2071 5341 2216 5410 prio-

647 5455 761 5490 rum
794 5436 1054 5488 scelerum
1089 5447 1271 5501 pmnas
1297 5431 1486 5486 demus
1508 5473 1523 5496 ,
1551 5431 1594 5485 si
1627 5432 1678 5485 in
1707 5432 1893 5486 eadem
1928 5441 2109 5501 postea
2142 5433 2220 5485 in-

648 5520 885 5577 cidamus
910 5565 924 5586 ,
961 5524 1117 5591 longe
1160 5522 1402 5591 graviora
1434 5538 1531 5576 nos
1557 5521 1811 5592 deinceps
1839 5537 2124 5593 passuros;
2155 5537 2219 5579 ac

642 5620 759 5683 jure
792 5618 998 5670 merito.
1035 5618 1081 5670 Is
1110 5616 1252 5670 enim
1284 5614 1373 5683 qui
1404 5629 1472 5668 ne
1497 5615 1758 5684 supplicio
1783 5616 1997 5685 quidem
2030 5616 2220 5671 melior

644 5710 907 5772 et'tieitur,
954 5708 1103 5778 quasi
1155 5705 1399 5775 stupidus
1446 5703 1658 5758 demum
1704 5715 1757 5760 et
1800 5716 2136 5777 contemptor
2166 5708 2215 5761 in

652 5800 902 5867 majorem
933 5800 1157 5855 ducetur
1179 5797 1493 5851 cruciatum.
1523 5795 1699 5853 Semel
1726 5813 1865 5853 enim
1897 5798 2101 5871 lapsum
2126 5800 2220 5853 «ινφ

1380 405 1437 458 s.
1477 394 1749 455 JO.\N.\‘IS
1786 384 2252 448 cnnvmsroatt
2293 382 2604 440 saetoso.
2646 380 3172 440 coasraa'rtme.

1894 2265 2229 2329 HOMILIA
2282 2262 2642 2324 XXXVIII.

3778 381 3882 436 2i!

2301 500 2470 570 magis
2500 499 2916 558 intumesechat.
2960 508 3015 554 et
3060 496 3125 551 ad
3172 495 3372 552 cmdetn
3419 496 3776 566 properabat:
3810 497 3880 549 ita

2300 590 2403 647 hoc
2427 591 2609 645 vitium
2634 590 2727 644 illo
2756 589 2944 644 fortius
2967 598 3051 644 est
3069 630 3085 655 ,
3115 604 3289 658 neque
3319 586 3477 643 facile
3500 597 3749 651 curatur,
3780 588 3881 655 nisi

2297 684 2651 740 attendamus.
2698 682 2971 737 Radicitus
3012 696 3140 751 ergo
3179 682 3353 751 ipsum
3391 679 3717 743 evellamus,
3752 679 3881 734 illud

2296 777 2628 847 cogitantes.
2670 788 2769 828 nos
2798 782 2857 827 ut
2886 766 3051 827 Deum
3099 771 3422 826 offendimus
3445 811 3461 833 ,
3489 770 3615 823 dum
3646 772 3875 825 aliorum

2300 866 2454 920 benis
2484 863 2819 927 invidemus,
2851 862 2924 917 ita
2968 861 3238 931 placemus
3268 862 3367 931 ipsi
3394 903 3411 927 ,
3442 876 3563 916 cum
3591 872 3878 932 congratu-

2302 961 2474 1015 lamur
2491 1000 2507 1024 ,
2534 968 2588 1013 ct
2614 960 2684 1012 ita
2714 960 2999 1011 consortes
3022 955 3288 1010 efﬁcimur
3309 956 3571 1009 bonorum
3592 971 3712 1025 qua:
3736 964 3885 1009 recte

2302 1052 2539 1120 aperanti
2569 1060 2751 1120 parata
2781 1058 2927 1104 sunt.
2960 1048 3087 1104 Ideo
3113 1048 3311 1103 l’aulns
3340 1048 3615 1111 hortatur,
3649 1047 3887 1100 limlde'e

2297 1158 2409 1195 cum
2431 1141 2780 1212 gaudentibus.
2801 1151 2846 1199 et
2867 1141 2993 1208 ﬂere
3012 1156 3127 1193 cum
3147 1140 3383 1209 ﬂentibus
3409 1139 3427 1206 (
3453 1139 3602 1193 Rom.
3630 1139 3717 1194 12.
3744 1140 3844 1207 15)
3867 1157 3882 1200 ;

2299 1241 2348 1286 nl
2386 1248 2635 1302 magnum
2672 1234 2919 1301 utrinque
2948 1231 3152 1286 lucrum
3185 1241 3540 1300 repet-tomus.
3571 1227 3884 1300 Cogitantes

2299 1325 2457 1389 igitur
2477 1366 2492 1388 ,
2524 1324 2623 1379 etsi
2662 1339 2766 1378 non
2791 1324 3124 1387 laboremus,
3156 1322 3199 1377 si
3227 1337 3351 1393 erga
3377 1322 3705 1376 laborantem
3731 1330 3880 1375 recte

2296 1415 2632 1479 affiriamur,
2666 1416 2807 1470 illius
2851 1429 2950 1469 nos
2996 1428 3319 1469 coronarum
3362 1413 3649 1484 participes
3697 1411 3878 1474 clliri,

2299 1507 2521 1561 livorem
2568 1522 2784 1561 omnem
2830 1506 3142 1575 ejiciatuus,
3185 1515 3242 1560 et
3274 1507 3550 1560 caritatem
3582 1504 3634 1558 in
3677 1503 3875 1557 animis

2298 1596 2497 1651 nostris
2542 1596 2871 1660 inseramus;
2906 1605 2963 1649 ut
2990 1595 3115 1649 dum
3149 1595 3402 1650 fratribus
3433 1596 3687 1666 pra-clare
3719 1610 3887 1664 agt-n-

2301 1688 2440 1741 til‘us
2469 1686 2791 1757 plandinms,
2823 1696 2878 1741 et
2907 1688 3193 1756 pnesentia
3215 1697 3268 1743 et
3296 1688 3889 1761 futuraconsequamur

2299 1779 2437 1833 bona
2457 1822 2473 1843 ,
2501 1781 2670 1850 gratia
2695 1790 2750 1835 et
2781 1782 3106 1851 benignitate
3137 1782 3345 1847 Domini
3379 1783 3547 1836 nostri
3575 1782 3698 1836 Jcsu
3725 1766 3883 1834 Clario

2298 1874 2400 1935 sti,
2432 1889 2525 1942 per
2553 1887 2711 1942 onem
2737 1883 2793 1926 et
2820 1887 2941 1928 eum
2984 1888 3091 1943 quo
3120 1872 3260 1928 Patri
3280 1872 3480 1945 gloria.
3510 1889 3718 1944 unaque
3746 1860 3870 1940 Spi-

2302 1964 2422 2016 ritui
2463 1971 2685 2027 sancto,
2719 1979 2861 2019 nunc
2891 1973 2944 2018 et
2974 1978 3186 2034 semper
3208 2004 3225 2031 ,
3256 1976 3310 2019 et
3341 1965 3392 2017 in
3424 1965 3617 2019 sa‘cula
3660 1965 3887 2021 sarenlo-

2304 2072 2437 2108 rntn.
2475 2058 2661 2109 .lmcn.

2504 2186 2657 2198 νρῆηδο..
2734 2194 2743 2200 .
2919 2196 2945 2202 -.
2977 2196 3038 2202 ....
3084 2196 3304 2204 ._...-.._.-

2315 2407 2467 2461 hebat
2513 2410 2834 2480 supplicium
2876 2415 3127 2471 cohibere
3165 2426 3219 2471 et
3247 2416 3313 2470 ad
3363 2416 3642 2472 meliorem
3690 2417 3896 2487 frugem

2313 2500 2600 2555 reducere:
2626 2504 2749 2572 quia
2775 2520 2903 2559 vero
2924 2518 3045 2576 post
3067 2508 3269 2562 illatum
3293 2509 3608 2578 supplicium
3632 2525 3734 2562 non
3754 2519 3891 2572 tein-

2314 2594 2584 2659 perantior
2628 2594 2895 2661 efﬁcitur,
2930 2597 3021 2651 sed
3068 2596 3254 2652 eadem
3299 2598 3411 2669 ipsa
3439 2599 3601 2655 audet
3642 2600 3895 2669 aggredi,

2307 2684 2428 2750 jure
2452 2685 2599 2739 dabit
2632 2702 2816 2755 pmnas
2843 2688 2907 2741 ad
2930 2704 3064 2758 quas
3093 2690 3395 2746 inferendas
3421 2692 3537 2760 ipse
3564 2693 3897 2761 provocavit.

2311 2773 2364 2827 Si
2422 2790 2551 2828 vero
2603 2786 2817 2846 peccata
2878 2780 2962 2834 hic
3020 2782 3245 2847 repetita
3298 2783 3513 2851 gravius
3567 2783 3895 2852 puniuntur,

2311 2867 2524 2934 quando
2553 2868 2637 2924 hic
2665 2870 2840 2923 nullas
2868 2881 3203 2940 peccatorum
3236 2888 3424 2943 poenas
3453 2874 3644 2930 damus
3665 2917 3679 2939 ,
3712 2890 3893 2928 annon

2313 2975 2636 3028 magnopere
2676 2963 2975 3017 timendum
3005 2964 3445 3034 tremondnmque
3474 2966 3630 3020 nobis
3658 2974 3739 3020 est
3758 3006 3774 3030 ,
3804 2975 3896 3018 ιιι-

2316 3060 2438 3118 pote
2460 3051 2812 3108 intolerabilia
2843 3057 3112 3124 passuris?
3137 3056 3203 3111 Et
3224 3070 3357 3123 enr,
3387 3056 3593 3124 inquies
3612 3096 3627 3121 ,
3653 3070 3755 3110 non
3780 3071 3899 3111 om-

2317 3156 2413 3196 nes
2451 3143 2529 3197 sic
2575 3145 2903 3213 puniuntur?
2945 3146 3139 3202 Multos
3180 3147 3322 3203 enim
3367 3148 3626 3203 scelestos
3656 3148 3898 3203 videmus
3977 3167 3980 3177 ν

2316 3234 2494 3302 pingui
2551 3235 2853 3292 valetudine
2912 3238 3189 3305 fruentes,
3241 3254 3604 3310 prosperaque
3660 3240 3900 3295 fruentes

2315 3324 2545 3381 fortuna.
2580 3327 2778 3383 \‘erum
2808 3345 2876 3384 ne
2904 3329 3157 3397 ﬁdamus,
3188 3331 3281 3386 sed
3315 3330 3619 3401 hujusmodi
3651 3331 3899 3386 homines

2313 3419 2553 3473 omnium
2600 3422 2830 3476 maxime
2873 3421 3237 3489 deploremus.
3266 3423 3320 3479 Si
3349 3423 3491 3478 enim
3524 3423 3611 3479 hic
3641 3424 3768 3477 nihil
3800 3442 3897 3492 pa-

2316 3510 2515 3561 liantttr
2535 3552 2549 3575 ,
2580 3510 2679 3565 hoc
2707 3510 2812 3565 illis
2840 3512 3092 3567 viaticum
3123 3522 3208 3568 est
3232 3513 3299 3568 ad
3340 3515 3514 3583 majus
3552 3514 3895 3585 supplicium.

2318 3599 2429 3653 lloc
2458 3599 2653 3655 Paulus
2680 3600 2763 3655 his
2800 3604 2979 3658 verbis
3009 3604 3330 3675 signiﬁcavit
3356 3624 3368 3659 :
3405 3606 3458 3659 Ν
3464 3623 3561 3660 unc
3588 3617 3753 3659 autem
3781 3623 3897 3660 τιιηι

2316 3693 2697 3759 iudicamur-,0
2736 3692 2959 3748 Domino
3008 3697 3343 3765 corripimur,
3397 3707 3450 3750 ut
3499 3714 3601 3752 non
3644 3713 3758 3751 cum
3808 3699 3903 3751 hoc

2319 3784 2506 3837 mundo
2543 3784 2845 3839 damnentur
2871 3786 2955 3858 (ι.
2990 3786 3109 3843 Cor.
3148 3790 3235 3843 Η.
3265 3788 3390 3861 52).
3421 3789 3518 3845 llic
3560 3789 3860 3845 admonitio
3884 3834 3898 3852 ,

2319 3873 2425 3928 illic
2445 3874 2787 3944 supplicium.
2814 3876 2951 3942 Quid
2980 3877 3182 3947 igitur?
3214 3879 3457 3949 inquies;
3491 3896 3558 3934 an
3588 3880 3757 3935 morbi
3785 3897 3905 3933 orn-

2320 3978 2413 4019 nes
2444 3979 2507 4019 ex
2554 3967 2784 4034 peccatis
2822 3966 3109 4023 oriuntur?
3134 3967 3250 4023 Non
3277 3986 3503 4033 omnes.
3532 3970 3625 4026 sed
3661 3972 3899 4042 plurimi.

2318 4054 2542 4122 Quidam
2583 4056 2725 4111 enim
2752 4073 2818 4111 ex
2853 4060 3078 4129 segnitie
3114 4070 3288 4115 ortum
3319 4062 3537 4117 habent.
3573 4062 3705 4118 Nam
3732 4064 3854 4134 gula
3882 4106 3897 4128 ,

2318 4146 2570 4211 ebrietas,
2592 4149 2870 4217 segnities.
2896 4151 3198 4220 bnjusmodi
3222 4155 3440 4208 morbos
3461 4154 3696 4223 pariunt.
3724 4154 3905 4211 Unum

2322 4252 2481 4306 porro
2509 4238 2705 4307 ubique
2748 4240 3140 4294 observandum
3171 4250 3291 4308 est,
3321 4254 3379 4297 ttt
3424 4244 3636 4314 plagam
3686 4260 3905 4300 omnem

2320 4342 2442 4382 cum
2460 4329 2745 4398 gratiarum
2766 4330 2975 4384 actione
2995 4332 3244 4386 feramus.
3267 4333 3493 4403 Propter
3505 4345 3719 4404 peccata
3738 4336 3904 4391 etiam

2324 4417 2623 4473 inferuntur
2665 4421 2882 4477 morbi:
2925 4437 3045 4475 nam
3085 4424 3136 4477 in
3180 4424 3333 4479 libris
3376 4425 3585 4495 Regum
3617 4429 3906 4496 quemdam

2321 4511 2564 4566 videmus
2596 4511 2716 4567 ideo
2746 4512 2978 4584 podagra
3008 4515 3343 4572 laborantem
3372 4518 3462 4584 (5.
3493 4517 3623 4590 Rég.
3657 4520 3743 4575 15.
3776 4521 3848 4575 9-5
3868 4527 3905 4581 l.

2327 4602 2553 4657 \‘eniunt
2591 4604 2752 4656 etiam
2784 4616 2844 4659 ut
2890 4607 3224 4675 probatiores
3266 4609 3587 4675 reddamur;
3620 4610 3740 4665 hinc
3768 4611 3911 4667 Jolm

2321 4693 2449 4747 dicit
2490 4693 2665 4747 Dens:
2704 4693 2787 4747 Ne
2812 4712 2890 4747 me.
2918 4706 3064 4765 putes
3092 4697 3244 4751 aliter
3285 4699 3545 4753 sicterum
3586 4702 3778 4771 egisse,
3812 4706 3910 4754 "is!

2323 4795 2376 4835 ut
2407 4787 2578 4854 justus
2614 4804 2865 4854 apparens
2888 4788 3046 4857 (Job.
3080 4790 3169 4845 40.
3191 4788 3302 4861 5)?
3326 4789 3431 4847 Sed
3461 4808 3559 4848 cur
3583 4809 3703 4849 cum
3728 4795 3799 4852 de
3833 4799 3913 4851 Lis

2324 4879 2626 4948 paralytieis
2673 4881 2846 4947 agitur
2869 4924 2883 4945 ,
2918 4891 3134 4950 peccata
3166 4883 3217 4937 in
3251 4884 3485 4939 medium
3533 4886 3781 4942 Christus
3809 4893 3911 4943 ad-

2322 4967 2651 5022 ducit?Nam
2682 4979 2737 5024 et
2758 4972 2829 5023 illi
2853 4972 3005 5040 cujus
3041 4973 3316 5029 Mattbmus
3343 4976 3586 5031 meminit
3610 4978 3683 5031 ait
3710 4994 3725 5033 :
3757 4980 3895 5034 Con-

2324 5059 2453 5126 ﬁde.
2485 5061 2561 5127 ﬁli
2582 5102 2596 5124 ,
2624 5064 2947 5115 remittuntur
2974 5064 3062 5116 tibi
3083 5074 3325 5136 peccata;
3354 5079 3409 5122 et
3436 5068 3560 5124 huic
3579 5109 3595 5135 ,
3638 5068 3764 5123 Vide
3783 5114 3798 5137 ,
3829 5090 3913 5125 sa.

2324 5168 2419 5204 mu
2441 5154 2605 5223 [actus
2626 5170 2675 5207 es
2692 5196 2706 5220 ,
2731 5154 2836 5208 noli
2856 5157 3077 5223 amplius
3102 5174 3308 5227 peccare
3336 5158 3562 5231 (Matth.
3586 5164 3642 5218 9.
3663 5165 3698 5216 2
3714 5164 3757 5236 )_.
3787 5164 3915 5220 Srio

2323 5246 2581 5314 quosdam
2606 5246 2747 5300 hunc
2770 5249 3122 5319 paralyticum
3145 5251 3443 5319 criminari,
3468 5255 3610 5323 qttod
3633 5254 3913 5311 Christum

2322 5338 2655 5393 accusaverit
2674 5380 2688 5401 ,
2713 5348 2767 5395 et
2791 5338 2913 5401 ideo
2938 5340 3027 5394 illa
3051 5340 3265 5396 audisse
3287 5341 3493 5398 dicunt.
3523 5345 3659 5411 Quid
3691 5364 3824 5418 ergo
3845 5350 3913 5402 de

2325 5430 2615 5500 paralytico
2639 5432 2732 5485 illo
2753 5432 3015 5495 dicemus,
3046 5431 3114 5488 de
3139 5448 3246 5503 quo
3271 5433 3568 5501 Mattha‘ns,
3597 5439 3685 5506 qui
3713 5440 3906 5495 eadem

2325 5538 2462 5592 pene
2487 5523 2725 5578 audivit?
2754 5523 2886 5579 Nam
2918 5526 2991 5578 illi
3019 5540 3233 5595 quoque
3257 5526 3427 5591 dixit,
3461 5525 3808 5583 Remitlunmr
3828 5534 3915 5585 tibi

2326 5625 2548 5687 pcrrata.
2578 5615 2732 5672 Unde
2774 5618 2947 5686 palam
2974 5627 3057 5672 est
3086 5633 3207 5672 eum
3253 5633 3358 5673 non
3388 5618 3476 5673 illa
3499 5618 3570 5674 de
3605 5635 3768 5674 causa
3803 5622 3917 5677 lure

2322 5708 2587 5762 audivisse
2611 5727 2622 5761 :
2651 5709 2791 5778 quod
2812 5724 2877 5764 ex
2906 5710 3256 5779 sequentibus
3277 5710 3475 5765 clarius
3496 5711 3737 5766 ediscere
3766 5715 3911 5769 licet.

2332 5800 2514 5853 Postea
2558 5801 2729 5863 enim,
2780 5802 2980 5870 inquit,
3028 5802 3213 5855 inrem'!
3249 5817 3362 5855 eum
3401 5802 3453 5855 in
3494 5807 3680 5871 templo
3718 5804 3913 5859 Jcsus;
