4084 6496
211 429 308 487 iis

209 545 341 617 quod
380 555 512 597 sane
546 537 767 611 pietatis
812 535 1021 605 signum
1052 541 1188 586 erat.
1216 527 1332 584 Non
1365 527 1511 581 enim
1555 525 1727 580 forum
1759 534 1813 578 ct

207 639 511 694 autlntlacra
543 632 783 705 petebat,
809 641 982 698 neque
1006 625 1128 680 cibo
1150 633 1202 679 ct
1219 623 1443 677 desidia:
1466 635 1526 674 se
1546 619 1806 682 dedi-bat,

208 732 296 787 sed
325 731 376 784 in
403 728 615 798 templo
648 724 875 796 degebat
906 739 921 776 :
951 717 1165 776 etiamsi
1197 716 1347 771 illinc
1375 729 1435 768 se
1465 714 1534 767 ab
1553 710 1810 766 omnibus

207 821 509 897 pellendum
533 822 876 889 exspectaret
896 855 910 879 ,
938 811 1074 867 nihil
1103 809 1205 881 ipsi
1232 808 1435 873 suasit,
1465 815 1517 859 ttt
1548 821 1578 858 a
1607 803 1810 872 templo

205 913 525 969 discederet.
556 908 692 966 Cum
725 921 856 977 ergo
882 902 1129 962 Christus
1157 901 1311 956 illum
1342 899 1637 953 invenisset
1667 904 1810 964 post-

204 1025 356 1078 quam
379 1021 509 1062 cum
548 1003 753 1063 Iudaeis
779 1002 1036 1074 loquutus
1075 995 1283 1057 fuerat,
1331 992 1462 1048 nihil
1497 989 1807 1060 ltujnstuodi

206 1100 590 1157 subindicavit.
641 1096 793 1166 Quod
823 1095 870 1149 si
900 1093 1002 1148 hac
1028 1091 1098 1146 de
1136 1105 1198 1144 re
1228 1088 1377 1143 illum
1419 1100 1679 1142 accusare
1721 1097 1816 1135 vo-

207 1194 387 1250 luisset
407 1235 424 1260 ,
450 1193 678 1248 dixisset
711 1190 784 1242 illi
813 1206 826 1242 :
859 1187 1067 1241 Rttrsus
1089 1185 1142 1237 ia
1174 1183 1365 1236 iisdem
1396 1179 1677 1250 persistis,
1707 1190 1810 1231 nec

206 1306 266 1341 rx
319 1292 640 1355 recuperata
688 1277 1000 1334 valetudine
1041 1274 1214 1330 factus
1252 1294 1314 1326 es
1341 1270 1580 1325 melior"
1610 1269 1807 1323 Verum

209 1377 326 1431 nihil
358 1376 493 1429 dicit
544 1370 894 1443 huptsntodi,
940 1367 1034 1423 sed
1080 1367 1132 1421 itt
1187 1376 1462 1436 posterum
1507 1363 1808 1417 cautiorem

207 1468 389 1525 reddit.

269 1561 323 1615 2.
347 1559 458 1615 Cur
482 1568 666 1612 autem
691 1571 812 1612 cum
843 1553 1065 1610 claudos
1092 1561 1148 1607 et
1177 1550 1394 1604 mutilos
1440 1556 1630 1609 curat,
1674 1545 1805 1599 nihil

207 1653 504 1724 hujusnmdi
535 1650 808 1722 loquitur?
836 1648 960 1705 Mihi
991 1647 1208 1718 quidem
1243 1644 1454 1698 videtur
1486 1642 1569 1696 his
1589 1639 1805 1710 quidem

206 1748 441 1801 morbum
472 1746 529 1801 in
559 1751 898 1814 peccatorum
924 1754 1135 1810 pinnam
1163 1737 1398 1799 venisse,
1425 1735 1549 1788 aliis
1578 1747 1710 1788 vero
1738 1745 1805 1786 ex

203 1855 454 1910 corporea
503 1837 831 1892 inﬁrmitate.
890 1831 1000 1888 Nisi
1055 1830 1158 1886 hoc
1206 1838 1372 1895 esset,
1401 1825 1536 1882 alios
1592 1839 1807 1896 quoque

203 1931 380 1989 eadem
406 1931 479 1987 de
508 1945 670 1986 eiusa
715 1928 1021 1997 alloquutus
1069 1924 1277 1980 luisset.
1329 1921 1466 1978 Cum
1515 1922 1660 1976 enim
1719 1919 1806 1972 hic

205 2025 416 2078 morbus
435 2033 760 2078 czeterorum
789 2019 1028 2073 omnium
1057 2019 1125 2071 sit
1152 2015 1522 2086 gravissimus,
1554 2028 1649 2082 per
1680 2027 1803 2068 eum

192 2118 355 2172 etiam
413 2113 722 2170 minoribus
787 2112 1080 2167 remedium
1153 2109 1375 2178 pra-bet.
1453 2105 1604 2161 Sicut
1659 2105 1804 2160 enim

202 2225 316 2264 cum
367 2208 540 2262 alium
567 2205 855 2276 quemdam
903 2203 1233 2264 curavisset,
1266 2200 1522 2270 prrccepit
1544 2198 1594 2253 ei
1628 2195 1802 2251 utda-

204 2311 278 2357 ret
327 2301 562 2372 gloriam
613 2299 759 2363 Deo;
793 2311 897 2350 non
930 2296 1000 2348 illi
1033 2295 1132 2348 soli
1187 2293 1288 2346 hoc
1328 2292 1590 2346 monitum
1629 2290 1802 2354 dans,

201 2393 288 2447 sed
321 2407 419 2462 per
451 2392 604 2446 illum
644 2389 933 2443 omnibus:
961 2389 1038 2442 sic
1083 2401 1178 2456 per
1219 2386 1317 2439 hos
1367 2386 1528 2439 etiam
1575 2393 1805 2437 cmlcros

202 2499 384 2540 ιοιιιιιεε
411 2485 663 2538 hortatur
682 2525 699 2549 ,
730 2493 780 2535 et
809 2482 926 2535 lucc
955 2482 1153 2535 ttumita
1181 2482 1274 2534 dat
1298 2479 1546 2548 singulis.
1579 2477 1658 2530 Ad
1691 2478 1806 2530 lucc

203 2573 297 2630 hoc
317 2576 483 2631 etiam
507 2574 835 2637 addendum,
860 2574 1032 2642 ipsum
1060 2585 1252 2641 nempe
1275 2586 1520 2641 magnam
1544 2569 1663 2637 ejus
1684 2583 1807 2638 per-

202 2668 560 2722 severantiam
586 2667 782 2722 vidisse
807 2684 822 2722 :
848 2664 1074 2734 ideoque
1101 2663 1247 2717 illunt
1277 2670 1459 2716 monet
1487 2671 1542 2714 ut
1562 2659 1652 2730 qui
1685 2673 1808 2728 pos-

202 2757 269 2812 sit
297 2759 610 2815 mandatum
637 2773 855 2815 servare
875 2801 890 2826 ,
921 2766 1078 2828 atque
1111 2756 1258 2811 illunt
1290 2755 1549 2811 beneﬁcio
1577 2763 1632 2809 et
1661 2753 1805 2808 l'utn-

206 2869 380 2907 rorunt
429 2855 628 2909 timore
672 2854 935 2909 malorum
969 2852 1021 2906 in
1049 2867 1178 2906 sana
1206 2859 1387 2904 mente
1429 2849 1689 2903 continet.
1739 2846 1809 2901 Et

207 2947 514 3019 videqttatn
542 2948 612 3000 sit
639 2947 848 3001 alienus
877 2961 906 2999 a
936 2945 1097 2999 l’astu.
1141 2942 1257 2998 Non
1287 2943 1433 2997 enim
1465 2941 1631 3005 dixit,
1665 2939 1808 2994 Ecce

207 3050 392 3092 saltum
420 3048 474 3092 te
502 3037 641 3101 feci;
665 3038 782 3099 sed,
813 3037 987 3092 Sanus
1009 3037 1175 3106 [actus
1198 3051 1288 3099 es;
1316 3035 1421 3087 noli
1446 3033 1668 3104 amplius
1694 3047 1810 3102 pec-

205 3145 336 3184 care.
363 3127 558 3199 Neque
579 3129 732 3194 dixit,
758 3127 836 3184 Ne
863 3141 914 3184 te
943 3129 1188 3198 puniant;
1223 3126 1338 3188 sed,
1373 3123 1456 3179 Ne
1487 3124 1574 3177 tibi
1611 3121 1809 3192 aliquid

208 3220 425 3276 delrius
477 3225 761 3292 contingat.
820 3221 875 3276 lu
928 3229 1119 3274 neutro
1171 3233 1456 3288 personam
1509 3221 1807 3280 memorat,

209 3313 550 3383 ostenditque
596 3305 955 3368 valetudinem
1001 3327 1065 3366 ex
1119 3311 1288 3381 gratia
1333 3310 1509 3378 potius
1555 3322 1712 3377 quam
1743 3320 1809 3359 ex

212 3406 398 3461 merito
423 3405 747 3460 restitutam.
775 3405 959 3476 Neque
983 3406 1126 3460 enim
1171 3404 1312 3460 dixit
1340 3404 1488 3457 illum
1519 3417 1585 3457 cx
1618 3401 1810 3455 merito

211 3500 444 3553 evasisse
492 3512 712 3568 penus,
743 3499 838 3552 sed
881 3515 946 3553 ex
991 3497 1316 3568 benignitate
1355 3504 1626 3551 servatum
1665 3508 1808 3549 esse.

213 3586 314 3644 Nisi
344 3590 492 3646 enim
526 3591 595 3645 ita
629 3605 717 3646 res
743 3600 907 3657 esset,
933 3591 1175 3656 dixisset,
1198 3590 1335 3645 Ecce
1374 3588 1581 3643 debitas
1625 3601 1814 3656 pecca-

216 3689 382 3737 torum
433 3699 625 3753 plastas
673 3684 901 3750 dedisti;
934 3699 1066 3740 cave
1113 3684 1205 3738 tibi
1231 3683 1506 3754 deinceps.
1534 3681 1651 3736 Jatn
1684 3697 1812 3735 vero

216 3791 315 3832 uou
347 3777 418 3832 ita
447 3777 614 3846 dicit,
645 3777 738 3834 sed
784 3777 1094 3848 quomodo?
1139 3775 1272 3831 Ecce
1319 3793 1474 3834 sanus
1530 3780 1694 3846 factus
1723 3791 1813 3838 es;

211 3868 314 3938 iatn
336 3870 445 3924 noli
466 3885 698 3940 peccare.
724 3869 848 3924 llzec
873 3868 1027 3924 nobis
1054 3869 1184 3938 ipsis
1211 3868 1523 3938 frequenter
1546 3867 1811 3931 dicamus,

216 3969 268 4016 et
285 3963 328 4016 si
349 3963 597 4034 castigati
627 3962 940 4022 evadamus,
968 3961 1083 4016 ha-c
1109 3961 1244 4015 intra
1275 3974 1374 4016 nos
1400 3961 1684 4029 loquamur
1704 3958 1817 4012 sin-

216 4052 317 4122 guli
347 4071 362 4109 :
395 4052 534 4108 Ecce
550 4069 707 4108 sanus
730 4057 897 4127 [actus
927 4070 1012 4119 es;
1031 4054 1145 4122 jam
1186 4054 1290 4106 noli
1319 4069 1549 4122 peccare.
1583 4050 1737 4118 Quod
1769 4051 1813 4107 si

219 4143 270 4200 in
315 4145 508 4201 iisdem
558 4155 1001 4216 perseverantes,
1038 4159 1224 4214 planas
1269 4161 1374 4198 non
1419 4143 1647 4208 demus,
1687 4140 1815 4197 illud

215 4235 573 4304 apostolicum
624 4235 914 4292 recitemus
960 4253 972 4290 :
1021 4234 1317 4307 Benignitas
1347 4233 1442 4288 Dei
1469 4233 1537 4286 ad
1567 4234 1816 4303 paeniten-

216 4328 335 4380 tiam
356 4343 450 4381 nos
469 4326 681 4379 adducit
704 4341 723 4380 ε
747 4328 1019 4381 secundum
1048 4327 1287 4380 duritiam
1311 4337 1481 4379 autem
1511 4337 1557 4380 et
1585 4327 1821 4395 ἱηιρωηὶ-

216 4426 322 4471 tau
347 4433 439 4471 cor
463 4426 696 4471 nostrum
717 4419 1116 4472 tltesaurizamus
1137 4419 1279 4472 nobis
1303 4420 1434 4472 iram
1464 4417 1657 4492 (Rom.
1680 4419 1734 4472 2.
1761 4425 1814 4474 4.

218 4511 300 4581 5).
335 4509 527 4582 Neque
575 4509 842 4566 ﬁrmando
886 4527 1082 4581 corpus
1108 4512 1422 4578 dumtaxat,
1456 4512 1548 4567 sed
1603 4511 1820 4567 aliunde

217 4603 378 4656 etiam
433 4617 686 4672 maguum
728 4600 1021 4658 divinitatis
1048 4617 1160 4656 sua:
1189 4603 1399 4674 signum
1437 4604 1533 4672 ipsi
1569 4603 1816 4673 prtebuit.

218 4690 349 4748 Cum
376 4693 522 4749 enim
548 4693 714 4762 dixit,
742 4693 865 4747 lam
904 4694 1009 4747 noli
1040 4710 1247 4763 peccare
1267 4738 1281 4761 ,
1310 4696 1576 4766 signiﬁcat
1601 4709 1660 4750 se
1693 4710 1818 4764 νεε-

217 4795 334 4841 cata
363 4785 455 4840 illa
481 4786 661 4840 omnia
691 4800 878 4852 nosse,
909 4801 1028 4856 qua:
1059 4786 1149 4841 ille
1176 4797 1301 4841 ante
1335 4789 1566 4852 iecerat;
1599 4787 1740 4841 unde
1769 4789 1818 4840 itt

223 4888 496 4947 posterum
519 4877 624 4934 ﬁde
641 4877 833 4949 dignus
853 4878 1039 4934 haberi
1061 4879 1311 4936 debebat.
1338 4881 1424 4935 l5.
1447 4881 1578 4934 Abiit
1596 4897 1716 4951 ergo
1735 4879 1846 4955 ille

223 4973 395 5038 homo,
419 4983 468 5028 et
488 4973 738 5028 nuntiauit
755 4971 977 5040 Iudicis,
1000 4974 1119 5043 quia
1141 4971 1292 5027 Iesus
1312 4983 1438 5028 esset
1460 4974 1543 5043 qui
1565 4975 1683 5044 fecit
1710 4991 1823 5028 eum

222 5081 422 5120 sanum.
457 5063 592 5121 Vide
612 5065 806 5120 iterum
837 5067 1009 5136 ipsum
1035 5077 1190 5136 grato
1220 5067 1402 5121 animo
1423 5083 1544 5122 esse
1571 5083 1824 5136 perseve-

225 5169 451 5216 rantem.
491 5157 607 5214 Non
628 5157 773 5214 enim
803 5159 937 5214 dixit
961 5177 974 5214 :
998 5157 1092 5215 llle
1119 5169 1202 5215 est
1225 5160 1314 5230 qui
1340 5161 1475 5215 dixit
1497 5161 1647 5224 mihi,
1682 5159 1828 5214 Tolle

225 5253 522 5322 grubbatstm
566 5261 728 5306 tuum.
773 5251 907 5320 Quia
953 5252 1094 5307 enim
1140 5253 1212 5306 illi
1245 5253 1294 5306 id
1319 5253 1458 5322 qttod
1500 5252 1823 5322 culpandum

228 5346 511 5401 videbatur
565 5360 781 5416 semper
836 5347 1197 5415 objiciebant,
1245 5347 1358 5416 ipse
1419 5350 1824 5416 responsionem

227 5455 439 5510 semper
467 5439 622 5494 aﬁ'ert
641 5480 656 5499 .
688 5448 745 5493 ut
772 5439 1040 5494 medicum
1082 5441 1315 5496 celebret
1340 5482 1353 5505 ,
1382 5450 1437 5496 et
1466 5442 1601 5495 alios
1629 5441 1826 5494 alliciat

226 5542 277 5586 et
309 5532 503 5585 trahat.
536 5531 652 5587 Non
682 5532 824 5586 enim
859 5541 966 5586 tam
995 5533 1242 5602 stupidus
1267 5543 1321 5586 et
1345 5533 1582 5602 ingratus
1605 5543 1742 5595 erat,
1769 5542 1828 5586 ut

231 5636 347 5694 post
365 5635 568 5680 tantum
589 5624 905 5682 lieneliciunt
927 5641 1049 5682 cum
1071 5623 1436 5681 admonitione
1458 5626 1827 5694 conjunctuut,

233 5718 530 5774 beneﬁcum
579 5720 856 5792 proderet,
886 5729 940 5776 et
988 5720 1224 5790 maligno
1268 5720 1448 5775 animo
1473 5719 1549 5774 sic
1577 5719 1828 5791 loquere-

239 5821 342 5866 tur.
375 5811 504 5867 Nam
550 5815 649 5869 etsi
689 5812 802 5869 fera
823 5813 945 5876 ,ειεί
974 5811 1302 5867 inhumanus
1333 5821 1389 5868 et
1409 5811 1650 5882 lapideus
1695 5811 1830 5866 luis-

236 5916 339 5973 set,
367 5917 421 5963 et
447 5909 761 5966 beneﬁcium
792 5917 851 5966 et
875 5915 1049 5965 metus
1076 5907 1250 5978 ipsum
1283 5917 1529 5978 poterant
1551 5907 1824 5963 cohibere.

1128 416 1191 471 ΙΝ
1229 411 1546 470 δΟΑδΝΕΜ
1589 409 1804 466 HOilll.

1925 406 2159 464 XXVIII.
2203 411 2276 463 al.
2323 407 2584 464 XXXVII.
3424 404 3535 463 ΞΗ

1931 524 2005 578 bis
2045 523 2466 578 comminatione
2513 523 2710 594 quippe
2759 521 2978 576 timebat
3007 536 3072 576 uc
3098 519 3228 592 quid
3256 520 3357 576 sibi
3383 523 3533 579 dete-

1926 619 2040 670 rius
2058 616 2416 686 contingeret.
2441 629 2564 669 cum
2589 615 2819 668 maxima
2845 614 3068 668 haberet
3091 614 3379 684 potestatis
3405 617 3540 672 tanti

1927 708 2122 763 medici
2153 718 2491 778 argumenta.
2545 707 2798 777 Alioquin
2829 707 2874 760 si
2902 705 3221 761 calumniari
3252 706 3535 772 voluisse,

1925 817 2031 855 non
2060 814 2353 855 memorata
2385 801 2634 863 sanitate,
2685 801 3174 869 transgressionem
3215 809 3421 856 tantum
3451 802 3539 854 in-

1921 906 2189 950 cusassct.
2248 899 2312 949 At
2339 905 2528 949 contra
2561 895 2648 948 ille
2679 909 2869 964 magna
2913 910 3036 946 cunt
3096 892 3288 949 ﬁducia
3315 903 3370 949 ct
3397 873 3537 964 grati

1921 990 2084 1043 animi
2119 987 2510 1058 signiﬁcatione
2555 987 2876 1040 beneﬁcium
2925 986 3187 1048 celebrat,
3219 1002 3326 1038 non
3359 987 3539 1041 minus

1921 1095 2079 1148 quam
2110 1095 2286 1132 ca-cns
2316 1080 2426 1144 ille,
2455 1079 2544 1149 qui
2571 1078 2805 1142 dicebat,
2840 1075 3026 1128 Lutum
3054 1079 3170 1145 fecit
3192 1076 3254 1130 de
3278 1087 3454 1147 sputo,
3486 1088 3535 1132 et

1921 1173 2066 1226 unxit
2091 1172 2263 1224 oculos
2289 1186 2424 1224 meos
2450 1170 2621 1240 (Joau
2676 1169 2727 1225 9.
2765 1170 2837 1238 6)
2868 1184 2884 1233 ;
2916 1171 2984 1222 ita
3014 1180 3069 1223 et
3097 1170 3184 1223 hic
3211 1188 3225 1224 :
3253 1168 3414 1226 Jesus
3452 1179 3538 1226 est

1919 1266 2009 1334 qui
2034 1265 2157 1318 fecit
2177 1279 2261 1317 me
2287 1279 2498 1318 sanum.
2538 1263 2623 1318 16.
2661 1261 2943 1331 Pr0pterea
2971 1265 3405 1333 persequebantur
3429 1263 3533 1317 Ju-

1919 1356 2017 1408 dari
2039 1354 2220 1409 Issum
2245 1366 2289 1408 et
2321 1355 2550 1408 colebant
2597 1356 2741 1408 illuni
2786 1355 3072 1420 interﬁcere
3095 1395 3111 1420 ,
3157 1355 3279 1424 quia
3310 1355 3419 1410 lucc
3443 1356 3532 1425 [a-

1918 1446 2075 1500 cicbat
2097 1448 2149 1500 in
2169 1446 2396 1500 sabbato.
2429 1445 2566 1513 Quid
2597 1463 2725 1516 ergo
2755 1446 3051 1501 Christus?
3087 1447 3170 1501 l7.
3200 1445 3358 1500 Pater
3385 1463 3533 1501 meus

1919 1555 2077 1608 usque
2105 1541 2254 1592 modo
2279 1552 2540 1608 operatur.
2566 1550 2611 1592 et
2643 1556 2734 1609 ego
2755 1555 2955 1609 operor.
2990 1541 3215 1606 Quando
3236 1540 3534 1609 discipulos

1916 1630 2210 1686 defendere
2259 1631 2574 1700 oportebat,
2621 1632 2874 1686 Davidetn
2933 1631 3144 1686 illorum
3199 1647 3528 1688 censervum

1917 1721 1968 1775 in
1998 1723 2232 1776 medium
2262 1721 2520 1777 aﬂ‘erebat
2544 1741 2557 1775 :
2585 1721 2706 1775 Non
2734 1723 2947 1794 legistis,
2979 1723 3170 1793 inquit,
3203 1723 3327 1795 quid
3355 1725 3534 1796 fecerit

1917 1812 2103 1879 David,
2127 1815 2333 1884 quando
2352 1815 2599 1868 esuriebttt
2618 1818 2635 1885 (
2653 1815 2843 1869 Matth.
2868 1815 2958 1870 12.
2978 1816 3012 1872 5
3027 1817 3079 1887 )?
3098 1816 3328 1884 Quando
3347 1828 3530 1873 autem

1917 1924 2014 1979 pro
2042 1910 2222 1979 Seipsu
2250 1911 2507 1982 loquitur,
2536 1910 2603 1964 ad
2637 1912 2851 1967 Patrem
2882 1911 3160 1983 confugit,
3189 1914 3440 1983 utrinque
3467 1927 3529 1968 so

1913 2000 2058 2054 Patri
2099 2001 2360 2071 a-qualcm
2393 2001 2703 2071 signiﬁcans
2728 2045 2743 2069 ,
2775 2011 2832 2055 et
2855 2018 2977 2057 cum
3012 2002 3260 2072 privatim
3315 2004 3528 2059 Patrem

1915 2095 2175 2158 nominat,
2199 2105 2256 2149 et
2277 2110 2398 2148 cum
2429 2109 2489 2147 se
2514 2094 2704 2149 eadem
2745 2111 2867 2166 quae
2913 2095 3071 2152 Pater
3099 2098 3313 2167 operari
3341 2108 3530 2152 osten-

1910 2186 2008 2240 dit.
2046 2185 2111 2240 Et
2137 2201 2235 2240 cur
2264 2201 2372 2241 non
2422 2199 2686 2241 memorat
2730 2203 2793 2243 ea
2842 2192 2966 2260 qua:
3010 2189 3062 2242 itt
3113 2187 3332 2246 Jericho
3387 2188 3526 2244 facta

1912 2279 2075 2334 sunt?
2107 2280 2326 2336 Volebat
2355 2281 2477 2336 illos
2497 2297 2526 2336 a
2555 2293 2696 2337 terra
2740 2283 3029 2350 abducere,
3065 2294 3123 2338 ut
3151 2300 3257 2338 non
3287 2286 3525 2356 amplius

1912 2375 1978 2429 ad
2021 2376 2168 2431 illum
2211 2385 2485 2446 tamquam
2531 2377 2804 2432 hominem
2842 2377 3211 2445 respicerent,
3253 2377 3348 2432 sed
3389 2389 3526 2436 ram-

1911 2485 2070 2538 quant
2092 2468 2158 2523 ad
2185 2469 2349 2524 Deum
2369 2478 2422 2524 et
2440 2469 2823 2539 legislatorcm.
2844 2469 2954 2526 Nisi
2973 2481 3151 2523 autem
3174 2469 3263 2526 Dei
3292 2469 3456 2525 Filius
3474 2481 3529 2525 et

1913 2578 1976 2617 ex
2005 2563 2193 2617 eadem
2217 2563 2516 2618 substantia
2543 2573 2708 2629 esset,
2741 2562 2985 2620 defensio
3010 2564 3149 2617 l’orct
3179 2565 3526 2618 accusatione

1912 2654 2171 2710 deterior.
2221 2655 2275 2710 Si
2306 2657 2430 2725 quis
2455 2656 2598 2711 enim
2642 2655 2926 2726 praloctus
2946 2697 2961 2721 ,
2990 2656 3079 2727 qui
3111 2655 3309 2722 regiam
3355 2657 3526 2725 legem

1916 2748 2406 2819 transgrederetur,
2440 2759 2722 2804 accusatus
2753 2749 3105 2819 respOnderet
3137 2749 3312 2818 ipsum
3346 2764 3526 2820 regem

1914 2842 2058 2895 illam
2090 2851 2485 2911 trausgressunt
2532 2855 2671 2906 esse,
2722 2857 2829 2895 non
2881 2842 3064 2912 utique
3112 2842 3525 2904 absolveretur;

1916 2934 2024 2988 into
2057 2934 2246 3003 majori
2276 2943 2421 2989 esset
2451 2934 2662 2988 crimini
2694 2934 2984 2988 olmoxius.
3019 2933 3220 2988 Verum
3264 2933 3350 2988 ltic
3390 2949 3528 3003 quo-

1918 3027 2059 3080 niam
2088 3042 2187 3097 par
2211 3035 2297 3083 est
2328 3026 2566 3097 dignitas
2592 3068 2608 3091 ,
2637 3025 2882 3081 defensio
2911 3027 3146 3096 b-gitima
3174 3025 3395 3080 omnino
3424 3036 3526 3079 cst.

1917 3117 2120 3174 Eadem
2153 3120 2363 3174 ratione
2401 3135 2505 3191 qua
2552 3119 2718 3175 Deum
2763 3119 2992 3174 crimine
3040 3119 3301 3182 liberatis,
3343 3129 3399 3176 et
3444 3137 3531 3176 mc

1918 3211 2160 3267 liberate.
2199 3212 2323 3268 Ideo
2350 3213 2583 3283 primum
2608 3212 2758 3279 dicit,
2789 3212 2943 3266 Pater
2964 3227 3141 3277 incus;
3164 3225 3218 3267 ut
3246 3214 3326 3268 vel
3352 3214 3532 3269 invitis

1917 3305 2140 3360 Suadeat
2164 3306 2354 3360 eadem
2377 3306 2477 3359 sibi
2502 3305 2850 3360 concedenda
2877 3321 3019 3369 esse,
3050 3307 3093 3360 si
3125 3321 3310 3361 verum
3338 3307 3530 3362 Filium

1919 3406 2292 3452 rcvet'eatttur.
2340 3397 2494 3466 Quod
2528 3397 2570 3450 si
2604 3398 2725 3466 quis
2750 3397 2942 3451 dixerit
2971 3438 2988 3463 ,
3019 3408 3069 3451 et
3104 3398 3320 3452 ubinam
3373 3399 3534 3454 Pater

1917 3497 2194 3557 operatur,
2226 3488 2316 3558 qui
2346 3488 2578 3558 septimo
2610 3489 2698 3543 die
2730 3490 2995 3558 requievit
3022 3489 3090 3544 ab
3120 3489 3373 3545 omnibus
3399 3506 3534 3562 ope-

1920 3583 2069 3637 ribus
2099 3584 2256 3637 suis?
2287 3583 2332 3636 is
2360 3581 2579 3638 modunt
2612 3597 2721 3652 quo
2747 3592 3004 3652 operatur
3045 3583 3242 3642 discat.
3287 3583 3420 3651 Quis
3444 3585 3537 3639 ille

1921 3676 2112 3731 modus
2139 3675 2254 3731 est?
2275 3675 2513 3746 Opiliciis
2541 3677 2653 3730 suis
2674 3675 2942 3744 providet,
2974 3676 3171 3746 illaque
3193 3676 3358 3732 fovet.
3386 3678 3521 3732 Cum

1921 3767 2072 3823 vides
2098 3784 2226 3837 ergo
2252 3768 2422 3824 solem
2469 3769 2770 3831 orientem,
2818 3769 2956 3822 luna:
3000 3784 3261 3834 cursum,
3309 3780 3534 3841 stagna,

1923 3859 2122 3924 fontes,
2147 3857 2338 3914 ﬁuvios
2359 3900 2372 3922 ,
2399 3859 2606 3929 pluvias
2628 3869 2682 3914 ct
2716 3869 2918 3914 naturtr
2948 3875 3190 3924 cursum,
3219 3865 3335 3915 sive
3362 3862 3411 3916 in
3443 3878 3535 3917 se-

1925 3954 2180 4013 minibus.
2202 3953 2316 4008 sive
2341 3954 2392 4008 in
2418 3954 2618 4007 ιιυμιιίς
2644 3963 2696 4007 ει
2725 3953 3005 4007 brutorum
3031 3954 3371 4023 corporibus,
3402 3955 3503 4009 alia
3520 3984 3536 3995 -

1923 4060 2028 4113 que
2068 4044 2248 4098 omnia
2293 4059 2389 4114 per
2418 4060 2540 4114 qua:
2570 4045 2673 4099 hoc
2715 4044 3028 4099 universum
3065 4046 3346 4112 consistit,
3387 4046 3537 4102 disce

1927 4151 2222 4205 perennent
2271 4137 2446 4191 Patris
2493 4136 2891 4205 operationem,
2926 4135 3028 4202 Qui
3053 4138 3212 4191 solent
3247 4154 3418 4202 suum,
3449 4138 3536 4192 inv

1924 4229 2060 4298 quit,
2093 4229 2219 4283 oriri
2242 4228 2366 4298 facit
2393 4245 2545 4298 super
2590 4230 2750 4284 titulos
2801 4240 2850 4283 et
2888 4231 3067 4294 bonos,
3115 4242 3162 4285 et
3203 4231 3334 4300 pluit
3383 4249 3529 4301 sape.

1916 4323 2083 4392 justas
2109 4332 2155 4374 ct
2181 4322 2397 4391 injustas
2422 4321 2443 4390 (
2467 4320 2655 4375 Matth.
2710 4322 2764 4376 5.
2812 4322 2882 4376 45
2903 4322 2944 4392 ).
2981 4322 3048 4377 Ει
3081 4339 3313 4389 rursum,
3346 4324 3408 4380 Si
3444 4343 3539 4378 au-

1928 4427 2026 4468 tem
2050 4421 2239 4488 [mnum
2261 4416 2372 4488 agri
2393 4416 2529 4485 quod
2549 4416 2701 4470 hodie
2721 4427 2814 4482 est,
2839 4430 2884 4471 et
2905 4433 3021 4473 cras
3042 4421 3094 4472 iu
3115 4421 3278 4491 ignem
3298 4422 3500 4475 mittitur

1931 4508 2069 4563 Deus
2096 4511 2170 4563 sic
2198 4511 2347 4564 vestit
2372 4513 2389 4579 (
2414 4509 2604 4563 Matth.
2638 4509 2692 4564 6.
2722 4510 2865 4581 30);
2899 4522 2952 4567 ct
2981 4511 3050 4568 de
3076 4514 3380 4569 volatilibus
3406 4532 3531 4586 quo-

1927 4618 2064 4671 que,
2099 4601 2254 4654 Pater
2282 4611 2440 4656 vester
2461 4601 2674 4656 ccclestis
2700 4603 2862 4674 pascit
2892 4604 2983 4657 illa
3008 4605 3025 4675 (
3046 4603 3183 4659 Ibid.
3214 4623 3260 4659 υ.
3293 4605 3363 4662 26
3385 4609 3429 4679 ).

2002 4693 2054 4746 3.
2085 4692 2181 4746 llic
2209 4708 2338 4762 ergo
2366 4692 2543 4747 verbis
2571 4702 2738 4747 totum
2771 4694 2993 4764 perfecit
3025 4697 3078 4750 in
3104 4696 3542 4765 Sabhato,‘nihil-

1929 4801 2035 4853 que
2057 4786 2284 4852 amplius
2311 4783 2538 4850 addidit,
2559 4785 2657 4840 sed
2684 4801 2752 4840 ex
2777 4786 2842 4842 iis
2871 4801 2991 4857 quae
3013 4786 3064 4840 in
3091 4789 3292 4856 templo
3315 4789 3540 4858 ﬁebant,

1929 4888 2090 4946 atque
2118 4893 2180 4932 ex
2213 4877 2449 4947 ipsorum
2495 4878 2750 4948 operibus
2771 4920 2784 4941 ,
2814 4879 3023 4948 objecta
3077 4882 3300 4936 crimina
3358 4883 3540 4939 solvit.

1935 4969 2089 5042 ἰυὺί
2111 4985 2236 5024 vero
2255 4970 2464 5038 operari
2488 4969 2748 5039 pratcipit,
2764 4970 2994 5040 exempli
3008 4986 3190 5037 causa,
3218 4973 3412 5028 lectum
3437 4977 3541 5029 tol-

1933 5061 2066 5127 lere,
2083 5077 2193 5115 rem
2213 5076 2344 5115 sane
2361 5077 2467 5115 non
2487 5061 2663 5131 magni
2683 5065 2962 5128 momenti,
2977 5064 3073 5120 sed
3092 5082 3211 5135 qua:
3231 5077 3407 5121 tamen
3426 5066 3542 5121 sab.

1933 5153 2040 5209 bati
2063 5154 2384 5208 Solutionem
2408 5155 2552 5209 clare
2568 5155 2852 5225 signiticet,
2874 5166 3000 5211 tunc
3016 5159 3208 5212 altiora
3233 5159 3469 5229 loquitur
3487 5171 3541 5216 ut

1936 5247 2057 5301 illos
2079 5263 2145 5301 ex
2171 5246 2346 5301 Patris
2367 5247 2626 5316 dignitate
2651 5250 2923 5318 percellat,
2946 5259 2999 5304 et
3022 5248 3088 5303 ad
3110 5250 3422 5306 sublimiora
3445 5250 3542 5305 du~

1933 5353 2039 5399 cat.
2054 5341 2412 5415 Quapropter]
2432 5360 2553 5399 eum
2572 5344 2639 5401 de
2655 5344 2879 5400 sabbato
2898 5347 3094 5416 agitur,
3115 5362 3291 5418 neque
3309 5358 3366 5402 ut
3381 5348 3543 5402 homo

2007 5489 2023 5544 ξ
2057 5486 2206 5544 Totus
2228 5478 2365 5544 locus
2387 5480 2584 5544 uncinis
2603 5479 2799 5544 clausus
2820 5481 2892 5531 sic
2916 5482 2962 5530 itt
2989 5483 3401 5544 interpretatione
3428 5493 3543 5532 Arce

1936 5540 2037 5606 Lini
2053 5541 2258 5606 eﬁertur
2283 5555 2297 5591 :
2329 5541 2398 5606 tbi
2420 5555 2532 5592 vero
2551 5542 2749 5606 aperari
2772 5544 3014 5606 prwcinil,
3040 5540 3150 5593 (mit
3168 5583 3182 5604 ,
3209 5544 3341 5595 verbi
3361 5545 3545 5606 gratia,

1937 5602 2060 5669 dicit,
2079 5604 2170 5663 (sic
2190 5605 2347 5669 quoad
2369 5598 2591 5669 sensum,
2615 5619 2727 5667 quae
2750 5598 3024 5668 sequuntur
3051 5607 3154 5669 ipsa
3171 5598 3550 5660 'Aretini'verba

1935 5667 2093 5735 sunt),
2114 5665 2248 5735 folle
2269 5665 2525 5735 grabatum
2561 5665 2696 5716 tuum
2719 5682 2736 5717 :
2766 5665 2942 5735 utnon
2980 5665 3132 5735 gratae
3165 5669 3402 5735 quiddam
3440 5683 3544 5720 esse

1937 5728 2124 5777 sabbati
2146 5728 2593 5794 pretioricatiouem
2631 5733 2868 5790 oswridat,
2893 5728 3073 5780 altiora
3115 5728 3344 5794 mittitur,
3373 5740 3423 5781 ut
3459 5747 3546 5794 pa-

1938 5790 2378 5855 tenmauctm‘itale
2414 5791 2524 5842 illoc
2547 5800 2747 5844 terreat.
2785 5801 2831 5842 et
2853 5795 2920 5842 ad
2945 5790 3207 5855 muniant
3231 5793 3391 5843 trahat
3433 5790 3547 5844 cou-

1939 5851 2307 5926 templatt'ortem.
2358 5863 2458 5914 Qua
2483 5855 2544 5926 de
2569 5871 2713 5926 causa
2742 5892 2756 5916 ,
2795 5864 2890 5906 etc.
2918 5851 3155 5906 Aretiuus
3181 5857 3329 5921 longe
3355 5855 3545 5910 btctlo.

1940 5927 2065 5975 rem,
2091 5923 2144 5964 ut
2170 5916 2340 5966 videre
2366 5927 2441 5967 est
2462 5958 2474 5976 ,
2502 5918 2763 5970 lectionem
2789 5927 2989 5970 sumtus
3016 5930 3107 5970 cst.
