4102 6492
594 388 698 445 ντες

594 511 820 561 tantum,
845 509 1014 564 neque
1036 502 1090 546 ut
1114 491 1250 544 Deus
1279 497 1480 541 tantum
1512 499 1629 539 sese
1657 491 1839 552 purgat
1859 499 1872 540 ;
1896 481 1987 534 sed
2013 479 2170 533 modo

595 593 715 654 hac,
740 588 895 644 modo
917 587 1001 640 illa
1026 583 1252 637 ratione.
1285 579 1513 633 Volebat
1532 578 1672 632 enim
1696 586 1978 643 utrumque
2002 573 2168 636 credi,

592 693 646 737 et
676 679 1050 737 incarnationis
1079 675 1428 729 humilitatem
1450 712 1466 736 ,
1501 681 1553 725 et
1591 669 1809 724 Deitatis
1837 666 2167 736 dignitatem.

596 776 716 828 Ideo
742 788 881 828 nmic
905 779 962 826 ut
990 770 1130 824 Deus
1159 783 1280 822 sese
1307 774 1508 835 purgat.
1535 762 1662 818 Nam
1691 762 1733 816 si
1766 761 1999 814 humano
2027 773 2159 812 scm-

594 881 687 934 per
709 879 855 918 more
887 863 1029 930 ipsos
1056 860 1358 928 alloquutus
1388 856 1588 912 fuisset.
1620 853 1671 907 in
1700 853 1882 908 eadem
1909 850 2168 919 perstitis-

591 953 1046 1009 seutlmmilitate.
1077 948 1432 1016 Quamobrem
1461 961 1527 1000 ne
1569 945 1622 998 id
1661 945 1830 1007 fieret,
1871 943 2078 997 Patrem
2118 941 2168 992 iu

593 1047 824 1102 medium
847 1043 1080 1098 adducit.
1107 1041 1261 1109 Atqui
1292 1039 1417 1105 ipsa:
1439 1045 1696 1090 creatura:
1721 1035 1771 1087 in
1801 1033 2022 1086 sabbato
2043 1046 2169 1098 0pc-

594 1147 796 1192 rantur.
840 1135 930 1190 Sol
958 1148 1168 1188 cursum
1200 1128 1403 1200 perﬁcit
1427 1170 1439 1191 ,
1471 1127 1683 1180 nuituina
1713 1131 1966 1187 manant,
1999 1121 2170 1174 fontes

593 1229 879 1281 seaturiunt
900 1267 916 1291 ,
942 1224 1188 1278 mulieres
1215 1221 1444 1290 pariunt.
1485 1218 1676 1272 Verum
1703 1226 1758 1268 ut
1785 1215 1958 1268 discas
1999 1213 2168 1280 ipsum

595 1337 697 1374 nou
727 1336 788 1373 ex
817 1331 1037 1373 numero
1067 1325 1429 1369 creaturarum
1456 1325 1576 1365 esse
1596 1352 1610 1373 ,
1636 1325 1744 1362 non
1767 1307 1898 1361 dixit
1917 1347 1931 1369 .
1959 1305 2129 1361 Etiam
2151 1345 2168 1370 ,

592 1426 785 1478 operor
813 1427 825 1464 :
857 1408 975 1463 nam
1016 1417 1272 1462 creatura:
1298 1420 1511 1474 quoque
1540 1412 1855 1471 operantur;
1886 1397 1975 1453 sed
2005 1396 2170 1468 quid"

595 1502 762 1553 l-Ltiam
792 1541 806 1562 ,
838 1513 1032 1568 operor
1063 1515 1074 1550 :
1111 1511 1229 1550 nam
1263 1495 1418 1548 Pater
1445 1507 1597 1546 meus
1623 1498 1891 1559 operatur.
1921 1487 2006 1542 18.
2046 1486 2172 1538 Pro-

595 1603 763 1658 pterea
790 1605 908 1658 ergo
928 1589 1086 1657 magis
1115 1586 1402 1654 quaerebant
1430 1599 1543 1636 eum
1563 1582 1736 1634 Judwi
1763 1580 2060 1648 interﬁcere.
2087 1578 2166 1631 in-

596 1684 739 1746 quit,
766 1681 884 1750 quia
932 1695 1030 1730 non
1067 1677 1230 1730 solum
1279 1673 1499 1728 solvebat
1547 1673 1829 1734 sabbatum,
1859 1670 1944 1722 sed
1981 1667 2098 1737 quia
2124 1677 2173 1720 et

600 1777 800 1830 Patrem
843 1789 986 1827 suum
1029 1771 1221 1824 dicebat
1271 1767 1459 1831 Deum,
1489 1767 1730 1835 aqualem
1751 1781 1803 1818 se
1822 1765 2010 1835 faciens
2046 1761 2168 1814 Deo.

596 1867 773 1934 Neque
794 1865 967 1918 verbis
984 1873 1185 1917 tantum
1205 1860 1253 1914 id
1274 1858 1676 1918 demonstravit,
1701 1856 1791 1910 sed
1823 1856 1975 1925 longe
1997 1853 2174 1934 magis

594 1959 863 2027 operibus.
891 1955 996 2011 Cur
1025 1956 1137 2008 ita?
1162 1953 1293 2021 Quia
1324 1953 1375 2004 in
1404 1951 1580 2005 verbis
1610 1949 1841 2003 cavillari
1891 1930 2132 2016 poterant
2155 1987 2172 2011 ,

596 2069 656 2105 ac
685 2052 749 2104 de
777 2049 912 2104 fastu
941 2062 1220 2110 accusare;
1263 2060 1382 2100 Cum
1427 2053 1601 2096 autem
1648 2057 1824 2096 rerum
1868 2049 1918 2094 et
1953 2054 2172 2107 operum

599 2142 892 2203 veritatem,
914 2154 1031 2208 quze
1053 2138 1340 2205 potentiam
1367 2134 1699 2202 pnedicaret,
1719 2132 2026 2194 cernebant,
2052 2139 2175 2182 tunc

597 2252 663 2286 oe
695 2233 897 2286 hiscere
926 2229 1135 2300 quidem
1181 2237 1364 2282 contra
1426 2225 1710 2280 audebant.

669 2324 916 2375 Christum
951 2322 1190 2390 a'qualent
1234 2335 1339 2372 esse
1387 2317 1532 2372 Patri
1590 2316 1870 2386 probatur;
1911 2314 2177 2382 objectioni

600 2415 945 2485 respondetur.
970 2442 1032 2450 —
1069 2411 1262 2464 Verum
1295 2411 1442 2462 aiunt
1464 2409 1536 2462 illi
1559 2451 1571 2470 ,
1617 2409 1705 2478 qui
1738 2408 1922 2460 uolunt
1956 2407 2068 2460 lure
2095 2406 2174 2470 pia

601 2518 776 2558 mente
804 2506 1063 2570 accipere,
1096 2503 1206 2556 Non
1239 2501 1482 2554 Christus
1513 2515 1569 2553 se
1595 2500 1851 2568 :equalciu
1884 2499 1990 2551 Deo
2021 2497 2174 2556 fecit;

600 2601 689 2652 ml
716 2601 814 2652 hoc
834 2597 998 2651 .linlsei
1030 2595 1454 2664 suspicabantur.
1497 2592 1852 2660 Quamobrem
1887 2591 1999 2644 hate
2031 2591 2171 2644 dicta

602 2695 758 2744 altius
802 2705 1150 2743 resumamus.
1193 2687 1284 2741 Dic
1335 2686 1462 2739 mihi
1493 2727 1505 2748 ,
1538 2684 1804 2738 Christmn
1857 2683 2024 2736 Juda'i
2057 2699 2178 2750 per-

602 2782 978 2849 sequebantur,
1003 2794 1168 2831 necne
1192 2779 1214 2829 ?
1242 2775 1707 2844 Persequehautur
1740 2775 1921 2842 utique
1947 2789 1961 2837 ;
2003 2773 2050 2825 id
2085 2787 2177 2826 nc-

607 2895 634 2924 ιε
665 2874 731 2923 iui
783 2887 886 2922 uou
918 2880 1118 2920 notum.
1152 2869 1312 2920 illane
1339 2883 1404 2918 an
1439 2866 1536 2918 alia
1583 2866 1648 2917 de
1674 2880 1828 2918 causa
1863 2865 2030 2931 ipsum
2064 2878 2177 2930 per-

604 2962 1002 3032 st‘tlttt‘lialllttr?
1035 2961 1118 3015 llla
1153 2970 1297 3016 certe
1325 2959 1391 3013 de
1419 2973 1598 3022 causa,
1627 2966 1681 3010 ut
1710 2957 1942 3010 fatentur
1970 2971 2175 3008 onmes.

602 3055 888 3108 Silihatinu
916 3053 1145 3104 solvebat
1171 3094 1185 3114 ,
1221 3051 1427 3103 necne?
1454 3049 1722 3112 Solvebat,
1759 3048 1806 3099 id
1836 3061 1990 3099 nemo
2022 3061 2179 3114 nega-

609 3150 763 3200 vt-ril.
819 3146 979 3197 Deum
1028 3143 1233 3197 Patrem
1280 3156 1430 3196 suum
1480 3139 1720 3201 dicebat,
1780 3138 1986 3191 necne?
2021 3137 2170 3189 Dice-

608 3241 693 3290 bat
727 3237 920 3304 utique.
959 3236 1094 3300 I'Irgo
1120 3234 1302 3285 eadem
1350 3232 1488 3284 serie
1535 3238 1726 3282 caetera
1764 3228 2176 3295 Subsequunlur.

605 3330 750 3380 Sicut
779 3327 920 3379 enim
973 3325 1180 3380 Patrem
1222 3324 1400 3376 dicere
1425 3322 1612 3384 Dcitm,
1647 3319 1850 3372 solvere
1881 3317 2177 3383 sabbatum,

607 3439 666 3472 ae
728 3429 939 3488 propter
997 3420 1094 3472 hoc
1143 3418 1412 3486 magisque
1467 3423 1680 3482 propter
1727 3412 1854 3467 illud
1901 3427 1931 3465 a
1985 3411 2182 3464 Juda-is

607 3512 1072 3581 persequutiouem
1115 3511 1244 3578 pali,
1280 3525 1382 3560 non
1417 3506 1542 3559 falsa
1572 3505 1775 3574 opinio,
1801 3503 1891 3557 sed
1939 3502 2134 3557 veritas
2167 3523 2178 3556 :

612 3607 680 3659 ita
710 3607 942 3673 seipsnm
990 3602 1247 3669 mqualem
1277 3601 1386 3653 Deo
1414 3601 1608 3657 facere.
1659 3597 1844 3651 eadem
1888 3604 2064 3648 mente
2091 3594 2183 3646 dc-

605 3695 938 3749 elarabatur:
965 3692 1104 3760 quod
1129 3708 1190 3744 ex
1225 3689 1545 3758 supradictis
1572 3684 1908 3739 manifestius
1931 3694 2030 3738 est.
2055 3682 2183 3736 llhul

606 3788 745 3838 enim
785 3784 934 3836 l’nter
965 3800 1100 3836 meus
1128 3791 1386 3848 operatur,
1416 3788 1460 3831 et
1483 3794 1574 3847 ego
1611 3794 1812 3846 operor,
1839 3775 2066 3844 idipsum
2099 3783 2180 3827 est

608 3895 669 3932 ac
695 3880 736 3931 si
768 3894 825 3930 se
852 3877 962 3929 Deo
992 3875 1245 3941 :equalem
1275 3872 1488 3924 faceret.
1516 3869 1723 3923 Nullam
1775 3869 1915 3923 enim
1946 3867 2187 3936 perhibet

610 3971 660 4022 in
695 3969 776 4021 bis
824 3967 998 4020 verbis
1035 3964 1408 4018 dilfi-rentiam.
1442 3961 1622 4030 Neque
1670 3959 1810 4014 enim
1853 3959 2030 4012 dixit:
2088 3956 2180 4011 Ille

610 4069 882 4128 operatur,
911 4068 964 4111 et
991 4072 1089 4126 ego
1134 4055 1479 4109 subministra
1503 4071 1517 4118 ;
1550 4053 1664 4118 sed,
1693 4053 1841 4108 Sicut
1879 4052 1969 4106 ille
1996 4066 2187 4120 opera-

613 4163 730 4210 tur,
765 4151 834 4202 ita
868 4159 920 4202 et
951 4164 1081 4215 ego;
1122 4160 1471 4213 magnamque
1527 4143 1758 4197 ostendit
1808 4143 2184 4212 :equalitatem.

618 4241 767 4310 Quod
797 4241 837 4292 si
867 4238 914 4292 id
939 4254 1042 4291 nou
1069 4237 1158 4291 ille
1187 4237 1553 4304 demonstrare
1578 4235 1866 4299 voluisset,
1897 4233 1990 4287 sed
2020 4233 2068 4284 id
2099 4231 2191 4285 Ju-

614 4333 712 4387 daei
747 4331 937 4384 frustra
980 4328 1231 4397 suspicati
1263 4335 1438 4380 essent
1477 4343 1489 4377 :
1536 4340 1640 4378 non
1672 4324 1884 4377 sivisset
1928 4323 2048 4376 illos
2078 4322 2190 4376 b.ec

616 4425 750 4477 falso
776 4422 1098 4483 existimare,
1146 4417 1238 4471 sed
1274 4415 1684 4470 emcndavisset.
1706 4415 1884 4484 Neque
1907 4414 2006 4468 hoc
2027 4430 2192 4468 evan-

620 4515 806 4581 gelista
859 4510 1129 4574 siluisset,
1154 4523 1338 4561 verum
1370 4507 1544 4577 palam
1577 4506 1832 4572 dixisset,
1867 4507 1943 4560 sic
1974 4505 2190 4560 Judams

616 4604 911 4674 suspicatus
957 4599 1155 4661 fuisse,
1201 4599 1292 4653 sed
1329 4599 1498 4667 ipsmu
1541 4613 1646 4652 non
1691 4614 1749 4652 se
1797 4599 1904 4652 Deo
1934 4598 2189 4667 atqualem

620 4697 807 4752 fecisse
841 4713 852 4747 :
887 4704 942 4747 ut
975 4693 1099 4746 alibi
1129 4691 1287 4757 facit,
1316 4705 1434 4746 cum
1465 4691 1610 4745 videt
1635 4707 1747 4745 rem
1771 4691 1868 4744 alia
1904 4701 2082 4745 mente
2111 4691 2193 4742 di-

620 4798 780 4844 ctam.
813 4785 915 4837 alio
954 4798 1115 4838 sensu
1142 4782 1307 4851 accipi
1334 4800 1348 4846 ;
1382 4791 1441 4834 ut
1465 4796 1584 4834 cum
1623 4780 1868 4834 Christus
1893 4781 2040 4845 dicit,
2070 4780 2192 4834 Sol-

620 4878 718 4928 i-ite
747 4874 980 4941 templum
1004 4877 1118 4938 hoc,
1149 4881 1194 4927 et
1225 4875 1277 4927 in
1301 4873 1457 4926 tribus
1488 4873 1661 4926 diebus
1691 4873 1915 4926 excitabo
1943 4873 2093 4934 illud,
2128 4873 2195 4926 dc

619 4983 782 5022 carne
799 4983 892 5019 sua
921 4966 1160 5034 loquens.
1188 4965 1382 5022 Verum
1411 4965 1580 5021 Judmi
1603 4965 1652 5020 id
1676 4981 1779 5019 non
1811 4966 2187 5035 intelligentes,

623 5060 712 5113 sed
738 5057 1142 5128 putaulesillum
1165 5058 1232 5112 de
1251 5058 1467 5113 Judaico
1491 5059 1688 5127 templo
1719 5057 1881 5129 loqui,
1907 5059 2152 5112 dicebant
2181 5079 2191 5112 :

624 5149 973 5218 Quadraginta
992 5163 1081 5200 sex
1110 5149 1257 5202 armis
1282 5148 1585 5215 ludiﬁcatum
1613 5157 1683 5201 est
1728 5149 1968 5218 templum
1993 5149 2085 5202 hoc
2112 5191 2123 5207 .
2154 5159 2199 5202 et

628 5243 744 5293 tuin
765 5241 921 5293 tribus
939 5240 1110 5292 diebus
1135 5240 1375 5294 excitabis
1397 5239 1564 5293 illud?
1590 5239 1721 5305 Quia
1750 5240 1906 5308 igitur
1931 5239 2068 5293 aliud
2089 5247 2200 5308 ipse

627 5335 855 5392 dixerat,
888 5331 1029 5382 aliud
1050 5331 1122 5383 illi
1145 5332 1394 5400 suspicati
1429 5330 1636 5384 fuerant
1658 5372 1671 5395 ,
1704 5331 1896 5398 illeque
1936 5329 2002 5383 de
2029 5346 2191 5385 carne

629 5439 744 5483 sua,
800 5421 851 5474 hi
905 5421 972 5476 de
1016 5423 1214 5490 templo
1264 5437 1359 5475 suo
1413 5420 1811 5490 intelligebant;
1868 5421 1916 5474 id
1964 5421 2202 5476 iudicans

629 5518 976 5587 evangelista,
1010 5519 1117 5572 imo
1146 5518 1354 5570 illorum
1387 5518 1659 5587 corrigens
1704 5516 2007 5586 opinionem
2031 5558 2046 5581 ,
2080 5520 2201 5571 sub-

632 5611 804 5674 juuxit
836 5627 846 5662 :
871 5609 967 5664 ιιιε
982 5622 1147 5663 autent
1168 5610 1360 5663 diccbat
1381 5609 1445 5662 de
1461 5610 1642 5679 templo
1660 5610 1883 5678 corporis
1910 5611 2005 5662 sui.
2027 5611 2206 5678 Itaque

632 5702 675 5751 si
708 5700 806 5754 hoc
855 5702 971 5756 100)
1017 5700 1259 5756 Christus
1305 5718 1406 5755 non
1439 5719 1494 5757 se
1517 5703 1773 5772 requalem
1811 5703 1946 5756 Patri
1973 5702 2201 5766 fecisset,

637 5791 939 5847 inda-muni
979 5807 1121 5849 certe
1153 5795 1199 5848 id
1233 5796 1559 5864 epiuamium
1605 5796 1918 5850 εριιιριιῐίηιιΔ
1955 5795 2206 5849 emcnda-

1373 375 1427 428 S.
1466 370 1740 426 .ltMNNiS
1776 366 2240 422 CllliYSOSTUMl
2284 365 2598 421 ARCIIII‘LI'.
2641 362 3167 418 CUNSTANIINOP.

3758 365 3867 420 ‘2}8

2282 480 2449 533 visset
2473 521 2488 544 ,
2521 479 2846 548 dixissetque
2879 497 2892 531 :
2934 478 3100 531 Juda-i
3151 478 3406 547 putabant
3439 480 3606 548 ipsum
3641 494 3698 533 se
3755 481 3867 534 Deo

2278 572 2536 642 :equalem
2581 571 2788 633 facere,
2831 571 2942 640 ipse
2987 587 3112 624 vero
3164 585 3266 622 non
3313 570 3380 625 de
3422 572 3726 638 mqtialitate
3775 573 3864 624 illa

2280 663 2614 730 lnqucbatur.
2650 662 2830 732 Neque
2859 663 2998 716 enim
3032 661 3117 716 hic
3139 662 3310 715 solum
3335 662 3662 731 evangelista
3687 664 3737 716 id
3763 664 3866 716 hoc

2279 757 2396 808 loco
2427 758 2585 818 facit,
2629 755 2721 809 sed
2777 757 2936 809 etiam
2987 756 3123 808 alius
3165 757 3488 824 evangelista
3530 756 3671 808 alibi.
3729 755 3866 808 Cum

2275 850 2415 901 enim
2451 848 2790 916 prmcepissct
2825 847 3099 915 discipulis
3124 848 3279 900 Jesus
3305 865 3317 898 :
3347 847 3526 900 Cavete
3553 863 3584 898 a
3619 851 3869 917 fermarto

2284 941 2658 992 Pharisa'orum
2709 950 2755 991 et
2787 939 3188 992 Sadduca'ornm
3239 937 3470 1010 (Matth.
3506 937 3595 993 16.
3627 939 3702 1008 6)
3739 956 3753 992 :
3790 941 3865 991 illi

2276 1047 2403 1085 vero
2432 1031 2748 1092 cogitarent,
2780 1029 3153 1100 dieerenlque,
3189 1031 3357 1084 Panes
3386 1047 3490 1083 non
3513 1031 3826 1098 accepimus
3851 1049 3865 1094 ;

2275 1140 2393 1178 cum
2423 1125 2567 1178 aliud
2596 1125 2681 1178 ille
2725 1125 2950 1190 diceret,
2979 1125 3298 1179 fermentum
3323 1123 3624 1178 doctrinam
3672 1125 3865 1192 appel-

2276 1216 2413 1280 laus,
2446 1215 2586 1268 aliud
2638 1216 2714 1269 illi
2748 1217 3101 1286 intelligerent
3127 1257 3141 1281 ,
3171 1217 3235 1270 de
3274 1216 3495 1285 panibus
3521 1215 3719 1270 dictum
3767 1231 3869 1285 pll-

2279 1317 2471 1372 tautes,
2516 1307 2644 1361 illud
2669 1308 2912 1377 corrigit,
2949 1323 3052 1362 n0n
3077 1308 3187 1377 jam
3237 1308 3590 1376 evangelista,
3624 1307 3715 1361 scd
3751 1311 3868 1372 ip~e

2274 1399 2518 1454 Christus
2537 1400 2614 1454 sic
2647 1400 2868 1467 loquens
2896 1417 2907 1451 :
2937 1399 3203 1466 Quomodo
3229 1416 3326 1451 non
3357 1397 3635 1467 into'lligitis
3663 1414 3735 1450 me
3762 1415 3866 1449 non

2275 1493 2462 1546 dixisse
2490 1491 2624 1546 vobis
2652 1510 2683 1543 a
2711 1493 2924 1561 panibus
2953 1508 3127 1545 cavere
3157 1490 3316 1561 (Ibid.
3352 1507 3399 1542 υ.
3429 1491 3527 1557 Η)
3552 1491 3574 1542 ?
3605 1488 3698 1543 llic
3733 1505 3867 1543 vero

2278 1582 2406 1636 nihil
2428 1584 2623 1637 simile.
2657 1583 2812 1652 Atqui
2841 1582 2982 1638 dicet
3011 1583 3221 1652 aliquis,
3258 1582 3359 1634 hoc.
3391 1582 3562 1650 ipsum
3592 1581 3660 1635 de
3685 1582 3868 1634 medio

2283 1673 2424 1724 tollit
2461 1672 2709 1726 Christus
2736 1672 2860 1726 dum
2889 1671 3034 1725 addit
3061 1690 3073 1724 :
3110 1670 3229 1726 Non
3268 1682 3424 1740 potest
3454 1671 3621 1725 Filius
3647 1689 3677 1724 a
3702 1673 3876 1740 scipso.

2275 1763 2549 1833 quidquam
2596 1767 2778 1832 fricare.
2837 1763 2948 1816 lmo
2974 1773 3160 1816 eontra
3187 1805 3202 1828 ,
3237 1764 3304 1816 mi
3337 1763 3528 1826 homo;
3566 1778 3673 1816 non
3720 1763 3870 1817 enim

2279 1856 2412 1907 tollit
2439 1857 2817 1922 :equrditatem,
2856 1855 2949 1909 sed
2995 1856 3164 1908 firmat
3215 1872 3331 1908 eam
3392 1855 3516 1908 dum
3552 1855 3665 1909 ha‘c
3713 1855 3868 1912 dicit.

2280 1946 2475 2000 Verum
2504 1948 2788 2016 diligenter
2832 1948 3134 2002 attendite:
3189 1963 3361 2013 neque
3392 1948 3532 2001 enim
3575 1947 3767 2000 delevi
3809 1964 3870 1999 ri:

2278 2040 2502 2106 qumstio
2519 2047 2621 2091 est.
2646 2039 2773 2092 Nam
2797 2039 2946 2096 illud.
2971 2039 3012 2092 Α
3041 2041 3325 2107 semetipso,
3353 2053 3495 2107 smpc
3515 2040 3563 2090 in
3589 2038 3868 2106 Scriptura

2279 2131 2539 2196 habetur,
2571 2139 2624 2184 et
2656 2131 2722 2184 de
2753 2131 2968 2186 Christo
3002 2141 3056 2184 et
3085 2131 3153 2184 de
3183 2131 3381 2198 Spiritu
3432 2138 3620 2182 sancto
3661 2128 3868 2182 dictum

2278 2233 2394 2287 est;
2425 2225 2609 2291 visque
2637 2223 2886 2276 dictionis
2907 2234 2989 2277 est
3011 2221 3320 2284 ediscenda,
3347 2237 3415 2292 ne
3447 2222 3497 2275 in
3521 2222 3874 2291 gravissimos

2281 2331 2493 2370 errores
2541 2315 2855 2369 incidamus.
2905 2315 3032 2369 Nam
3071 2317 3112 2368 si
3148 2316 3290 2368 illam
3325 2315 3560 2383 excipias
3587 2325 3642 2368 ut
3685 2315 3870 2368 statim

2279 2408 2516 2469 offertur,
2569 2407 2689 2462 vide
2728 2418 2921 2474 quanta
2970 2407 3092 2461 hinc
3145 2407 3445 2460 absurdilas
3489 2415 3873 2474 consequatur.

2282 2500 2464 2566 Neque
2509 2502 2652 2552 enim
2699 2498 2855 2564 dixit,
2899 2514 2958 2552 se
3007 2499 3106 2551 alia
3169 2514 3322 2566 posse
3375 2513 3467 2567 per
3524 2498 3871 2566 semetipsum

2283 2592 2532 2659 operari;
2581 2590 2680 2642 alia
2726 2603 2920 2653 secus;
2964 2589 3056 2643 sed
3103 2590 3392 2657 generatim
3439 2589 3606 2642 dicit:
3635 2588 3702 2644 i9
3748 2586 3872 2640 Non

2285 2693 2441 2752 potest
2462 2724 2476 2745 ,
2508 2681 2675 2734 Filius
2719 2699 2749 2731 (ι
2779 2681 3049 2745 semetipso
3087 2680 3363 2750 quidquam
3395 2684 3581 2750 facere.

2353 2779 2404 2828 4.
2452 2775 2898 2843 Interrogabimus
2947 2789 3074 2841 ergo
3122 2773 3600 2836 eontradieeutem,
3656 2771 3874 2826 Nihilne

2283 2875 2450 2934 potest
2481 2882 2508 2918 a
2535 2866 2824 2934 semetipso
2859 2868 3030 2918 lacere
3072 2864 3275 2917 Filius?
3304 2865 3356 2917 Si
3390 2864 3741 2932 responderit,
3775 2863 3873 2916 Ni.-

2285 2956 2405 3019 hil',
2460 2971 2780 3022 reponemus
2829 2972 2841 3006 :
2887 2955 3043 3023 Atqui
3107 2955 3396 3008 maximum
3455 2955 3710 3007 b0uorutn
3777 2969 3876 3020 per

2283 3048 2628 3114 ευιιιριὶρκιηιι
2671 3045 2814 3105 fecit.
2847 3047 2895 3100 id
2925 3048 3063 3116 quod
3094 3046 3286 3100 Paulus
3313 3047 3526 3106 clamat,
3559 3045 3655 3110 Qui
3680 3062 3793 3099 cum
3820 3046 3874 3097 iu

2286 3143 2450 3207 [orum
2499 3137 2592 3190 Dei
2633 3147 2777 3202 esset,
2817 3155 2915 3190 non
2959 3140 3190 3206 rapinam
3235 3139 3507 3191 arbitratus
3551 3149 3622 3191 est
3669 3154 3775 3191 esse
3821 3155 3880 3192 se

2282 3230 2526 3294 (aqualem
2550 3227 2676 3292 Deo,
2705 3230 2792 3282 sed
2818 3231 3139 3298 semetipsum
3171 3229 3465 3292 exiuanivit,
3496 3230 3710 3299 fortunat
3745 3233 3880 3282 serui

2282 3321 2532 3390 accipiens
2555 3319 2807 3390 (Philipp.
2835 3321 2888 3377 2.
2920 3321 2996 3390 6).
3024 3321 3083 3375 Et
3111 3339 3294 3376 rursus
3317 3323 3427 3392 ipse
3444 3321 3687 3380 Christus
3708 3323 3875 3376 alibi:

2287 3410 2592 3465 Potestatem
2627 3413 2782 3465 habeo
2827 3415 3050 3480 ponendi
3080 3417 3301 3468 aninmm
3349 3432 3534 3479 meam,
3573 3426 3619 3470 et
3649 3425 3878 3485 ροειδῑη-

2286 3511 2383 3554 tem
2409 3504 2564 3556 habeo
2592 3505 2821 3556 sumendi
2847 3521 2977 3570 eain,
3021 3515 3067 3559 et
3097 3523 3238 3558 nemo
3271 3507 3400 3559 tollit
3425 3523 3542 3559 eam
3570 3523 3602 3558 a
3639 3523 3716 3560 me
3743 3523 3761 3559 :
3784 3523 3881 3575 ego

2288 3610 2419 3661 pono
2444 3611 2554 3647 eam
2584 3611 2614 3646 a
2655 3597 2843 3665 meipso
2881 3596 3058 3665 (loau.
3093 3598 3179 3651 10.
3229 3597 3337 3666 i8).
3387 3598 3568 3651 Vidcn'
3598 3607 3652 3652 et
3690 3601 3882 3651 mortis

2288 3697 2340 3739 et
2361 3687 2481 3738 vitm
2505 3696 2817 3754 potestatem
2847 3688 3154 3754 habentem,
3179 3691 3266 3760 qui
3292 3699 3489 3743 tantam
3519 3690 3881 3744 meonomiam

2288 3793 2315 3830 a
2363 3781 2654 3848 semetipso
2699 3779 2842 3834 fecit.
2893 3780 3096 3851 Ecquid
3151 3783 3323 3836 dicam
3369 3783 3436 3838 de
3478 3781 3731 3836 Christo?
3770 3783 3885 3836 Nos

2289 3870 2450 3932 enim,
2480 3872 2672 3940 quibus
2695 3871 2822 3925 nihil
2851 3872 3025 3937 vilius,
3051 3873 3212 3926 multa
3236 3889 3262 3924 a
3297 3873 3450 3926 nobis
3474 3874 3602 3941 ipsis
3629 3873 3881 3930 (animus.

2289 3975 2316 4012 a
2349 3962 2500 4015 nobis
2549 3962 2679 4030 ipsis
2715 3963 3024 4031 nequitiam,
3067 3979 3094 4016 a
3129 3964 3282 4019 nobis
3314 3963 3441 4032 ipsis
3471 3966 3717 4020 virtutem
3749 3964 3885 4018 deli-

2289 4054 2480 4121 gimus.
2511 4053 2659 4120 Quod
2699 4055 2741 4106 si
2773 4071 2876 4107 non
2915 4070 2942 4108 τι
2991 4055 3144 4108 nobis
3180 4055 3327 4124 ipsis,
3363 4070 3534 4124 neque
3567 4063 3885 4123 potestatem

2293 4145 2581 4199 habeamus
2614 4161 2627 4196 :
2665 4161 2857 4214 neque,
2911 4146 2954 4199 si
3007 4147 3424 4214 peccaverimus,
3475 4147 3525 4199 in
3577 4146 3886 4215 gehennam

2294 4236 2604 4298 incidemus,
2640 4251 2832 4303 neque,
2865 4237 2907 4291 si
2937 4236 3073 4290 bona
3110 4252 3271 4306 opera
3322 4235 3625 4303 fecerimus,
3663 4252 3888 4306 regmuu

2295 4325 2544 4378 rariorum
2569 4340 2982 4394 consequemur.
3028 4326 3165 4381 Nihil
3210 4326 3354 4380 aliud
3382 4341 3511 4395 ergo
3550 4337 3632 4381 est
3661 4327 3813 4386 illud.
3848 4328 3888 4382 Α

2295 4418 2560 4486 semetipso
2589 4434 2686 4471 non
2715 4429 2875 4487 potest
2899 4423 3067 4488 facere
3098 4418 3388 4488 quidquam,
3410 4434 3568 4488 quam
3585 4418 3724 4488 quod
3754 4419 3897 4474 nihii

2298 4515 2462 4582 possit
2508 4513 2648 4566 Patri
2680 4515 3003 4568 contrarium
3048 4513 3242 4577 facere.
3279 4515 3408 4568 nihil
3451 4515 3704 4578 alienum,
3756 4515 3891 4569 nihil

2298 4606 2655 4676 peregrinum,
2687 4607 2735 4660 id
2766 4607 2906 4675 quod
2947 4611 3177 4662 maxime
3202 4607 3560 4677 aequalitatem
3585 4617 3638 4663 et
3663 4622 3895 4662 concor-

2296 4697 2436 4750 diam
2469 4712 2711 4766 maguam
2754 4697 3007 4753 ostendit.
3061 4699 3125 4752 Et
3151 4715 3246 4752 cur
3269 4714 3376 4752 non
3407 4699 3561 4764 dixit,
3593 4699 3732 4754 Nihil
3762 4715 3897 4754 con-

2302 4790 2518 4842 trarium
2546 4788 2687 4852 facit,
2712 4790 2826 4855 sed,
2857 4790 2974 4844 Non
3006 4800 3163 4858 potest
3186 4793 3209 4844 ?
3236 4791 3301 4847 Ut
3325 4791 3450 4846 ltiuc
3478 4808 3687 4846 rursum
3715 4803 3896 4848 osten-

2300 4879 2389 4932 o'at
2415 4881 2778 4933 omnitnodam
2809 4882 3188 4949 mqualilatem.
3220 4882 3333 4936 Non
3375 4884 3518 4937 enim
3550 4883 3896 4938 imbecillita-

2305 4983 2427 5036 tem,
2459 4973 2548 5027 sed
2593 4988 2836 5042 magnam
2878 4973 2995 5042 ejus
3027 4976 3314 5043 potentiam
3349 4976 3564 5030 iudicat.
3595 4977 3723 5033 Nam
3765 4979 3896 5031 alibi

2305 5079 2515 5132 quoque
2541 5064 2608 5116 de
2632 5064 2788 5119 l’atre
2813 5065 2942 5118 dicit
2971 5065 3165 5119 Paulus
3198 5085 3208 5120 :
3239 5066 3305 5122 Ut
3338 5085 3426 5135 per
3451 5069 3579 5121 duas
3609 5087 3686 5121 res
3714 5069 3900 5124 immo-

2305 5154 2444 5219 biles,
2469 5157 2518 5207 in
2545 5155 2724 5217 quibus
2750 5157 3058 5224 impossibile
3087 5168 3157 5211 est
3187 5160 3382 5211 mentiri
3419 5158 3580 5212 Deum
3623 5159 3811 5226 (Hebr.
3844 5165 3897 5216 6.

2308 5243 2431 5315 i8);
2466 5255 2518 5297 et
2545 5261 2757 5298 rursum
2794 5263 2807 5299 :
2844 5247 2903 5300 Si
2950 5249 3314 5317 negaverimus.
3357 5250 3442 5303 ille
3479 5249 3644 5316 [illelis
3687 5261 3901 5313 monet;

2309 5352 2488 5404 negare
2512 5337 2732 5403 seipsum
2763 5354 2863 5390 non
2894 5348 3053 5407 potest
3091 5337 3168 5408 (Ξ.
3203 5337 3332 5390 Tini.
3362 5339 3413 5391 ‘2.
3457 5339 3567 5407 η).
3601 5339 3754 5401 Illud,
3788 5339 3899 5392 lm-

2310 5427 2544 5495 possibile
2581 5438 2675 5492 est,
2711 5445 2967 5496 nusquam
3017 5430 3432 5482 imbecillitatem
3479 5432 3764 5500 siguitieat,
3808 5433 3900 5485 sed

2312 5520 2622 5588 potentiam,
2671 5530 2726 5573 et
2766 5521 3053 5589 potentiam
3089 5521 3429 5574 ineffabilem.
3466 5522 3574 5576 lloc
3603 5532 3787 5578 autem
3832 5526 3896 5577 sio

2311 5613 2524 5678 gnilieat
2554 5630 2567 5666 :
2602 5613 2690 5666 illa
2719 5613 3011 5666 substantia
3044 5629 3127 5666 res
3161 5613 3458 5681 hujusmodi
3501 5614 3673 5668 nullas
3703 5617 3898 5669 admit-

2315 5707 2391 5757 tit.
2437 5705 2898 5760 chmadtnodum
2940 5708 3079 5760 enim
3113 5724 3232 5760 cum
3279 5707 3525 5767 dicimus.
3571 5709 3904 5776 impossibile

2315 5807 2392 5851 ί·δί
2424 5800 2587 5851 lteum
2618 5813 2859 5867 peccare,
2892 5814 2996 5852 non
3029 5800 3147 5852 uuln
3170 5800 3442 5854 t'llllLthlll
3471 5801 3564 5866 ipsi
3593 5802 3899 5853 tribuimus.
