4102 6512
38 11 40 14 ’
419 40 500 46 ,π
529 42 543 47 ,

249 518 355 573 υτ

248 631 344 687 sed
399 626 732 684 ineffabilem
781 624 1062 696 quamdam
1116 621 1408 693 potentiam
1456 618 1849 673 testificamur:

249 726 327 777 sic
357 723 530 777 etiam
557 735 680 775 cum
704 719 836 775 dicit
867 719 1001 790 ipse,
1031 715 1154 771 Non
1186 730 1392 786 possum
1415 729 1448 766 a
1471 713 1665 782 meipso
1691 711 1860 782 facere

250 814 563 886 quidquam,
607 812 708 866 hoc
735 810 838 867 sibi
867 810 978 865 vult
1010 826 1023 863 :
1059 808 1289 864 Prorsus
1325 804 1656 875 impossibile
1697 813 1780 859 est
1807 812 1865 858 ttt

255 908 399 963 Patri
427 907 766 962 contrarium
818 903 1089 973 quidpiam
1141 899 1353 956 faciam.
1404 898 1472 954 Ut
1515 911 1645 952 vero
1687 897 1864 952 discas

253 999 383 1053 illud
424 999 511 1054 sic
559 995 958 1068 intelligendum
989 1007 1130 1054 esse,
1163 991 1446 1061 sequentia
1492 989 1860 1056 esplorantes,

253 1092 540 1146 videamus
581 1106 649 1146 an
689 1088 987 1148 nobiscum,
1020 1101 1087 1138 an
1134 1083 1411 1137 vobiscum
1459 1079 1704 1135 Christus
1733 1095 1864 1133 con-

251 1183 474 1236 sentiat.
529 1181 609 1236 Tu
651 1179 804 1237 dicis.
855 1177 1055 1232 dictum
1096 1175 1223 1230 illttd
1278 1175 1582 1245 potentiattt‘
1617 1172 1857 1230 auferre.

253 1289 469 1326 necnon
524 1272 899 1327 auctoritatem
954 1268 1052 1336 ipsi
1105 1275 1521 1336 competentent,
1575 1266 1863 1333 ipsumque

252 1366 589 1420 imbecillum
629 1361 1028 1432 comprobare:
1062 1374 1162 1429 ego
1204 1368 1390 1414 contra
1438 1357 1578 1420 dico,
1635 1356 1721 1410 his
1763 1353 1864 1408 de-

251 1458 553 1514 monstrari
599 1455 980 1526 aequalitatem.
1028 1451 1392 1508 omnimodam
1444 1450 1763 1518 paritatem,
1809 1455 1865 1500 et

250 1549 433 1604 omnia
465 1565 534 1604 es
580 1547 767 1603 eadem
799 1546 1073 1601 voluntate
1113 1551 1171 1598 et
1217 1541 1456 1611 potentia
1503 1540 1638 1595 fieri.
1687 1538 1862 1609 Ipsum

252 1651 642 1709 percontemur
661 1637 959 1701 Christum,
982 1645 1037 1690 et
1059 1649 1154 1705 per
1175 1647 1239 1689 ea
1268 1648 1389 1704 qnze
1408 1641 1591 1703 postea
1618 1631 1865 1685 dicturus

250 1740 335 1786 est
363 1730 668 1795 videmnus,
691 1744 761 1784 an
799 1726 1092 1783 secundum
1121 1733 1286 1791 tuam,
1325 1740 1394 1779 an
1433 1722 1726 1779 secundum
1770 1736 1867 1775 no-

251 1832 420 1876 stram
444 1821 757 1892 opinionem
779 1818 919 1873 dicta
952 1817 1356 1884 interpretetur.
1383 1813 1522 1882 Quid
1544 1828 1675 1882 ergo
1699 1809 1865 1866 dicit?

253 1915 608 1984 Quacumque
636 1911 796 1966 Pater
824 1910 1022 1980 fecerit,
1051 1909 1161 1964 lucc
1190 1919 1236 1962 et
1263 1906 1432 1961 Filius
1457 1906 1692 1960 similiter
1717 1903 1864 1974 facit.

257 2007 449 2062 \‘iden‘
490 2003 766 2072 quomodo
793 2002 1114 2058 sontentiam
1156 2006 1390 2055 vestram
1424 1997 1680 2053 radicitus
1709 1995 1864 2053 evel-

251 2099 346 2164 lat,
397 2109 755 2164 nostramque
803 2094 1130 2150 confirmet?
1159 2092 1292 2147 Nam
1322 2092 1366 2147 si
1418 2107 1448 2145 a
1497 2090 1683 2160 seipse
1733 2089 1865 2144 nihil

253 2191 402 2252 facit,
440 2204 623 2259 neque
651 2187 812 2243 Pater
839 2201 869 2241 a
915 2187 1096 2255 seipse
1142 2183 1342 2254 aliquid
1391 2185 1570 2246 faciet,
1623 2182 1668 2237 si
1711 2196 1864 2253 qua:-

251 2298 487 2351 cmnqtte
513 2279 640 2335 facit
666 2279 827 2334 Pater
851 2287 904 2333 et
935 2279 1048 2348 ipse
1097 2276 1274 2332 faciat.
1309 2276 1440 2331 Nam
1473 2293 1516 2330 st
1544 2289 1631 2333 res
1661 2291 1766 2329 noti
1796 2275 1864 2330 ita

250 2383 417 2438 esset,
450 2372 598 2429 aliud
624 2369 917 2427 absurdum
943 2379 1279 2441 sequeretur.
1311 2368 1493 2439 Neque
1526 2370 1668 2425 enim
1709 2367 1863 2433 dixit,

251 2465 382 2531 Quae
410 2465 547 2520 vidit
581 2463 792 2520 Patrem
823 2462 1131 2527 facientem,
1161 2461 1275 2517 hazc
1305 2460 1428 2516 facit
1449 2477 1467 2527 ;
1492 2460 1611 2527 sed,
1642 2460 1759 2516 Nisi
1789 2459 1865 2514 ri-

253 2556 383 2608 derit
414 2553 632 2609 Putrem
656 2555 944 2623 facientem,
971 2567 1076 2607 non
1100 2551 1246 2619 facit,
1272 2566 1581 2607 sermonem
1608 2551 1674 2606 ad
1702 2566 1866 2605 omne

254 2658 472 2716 tempus
499 2647 798 2702 extendens
829 2661 844 2698 :
870 2645 1163 2700 secundum
1191 2660 1286 2699 vos
1306 2653 1484 2698 autem
1508 2641 1698 2700 eadem
1721 2658 1865 2698 sem-

254 2757 348 2809 per
394 2740 594 2794 discet.
629 2737 816 2792 Viden’
843 2737 1126 2792 sententiae
1167 2737 1580 2802 sublimitatem,
1619 2745 1674 2790 et
1715 2734 1864 2789 verbi

257 2832 621 2886 humilitatem
653 2829 735 2884 vel
771 2829 1198 2899 impndentiores
1218 2827 1284 2883 ad
1318 2826 1449 2882 illud
1479 2827 1678 2881 invitos
1703 2826 1865 2881 etiam

253 2909 614 2995 tempellcre,
658 2933 717 2978 ut
767 2940 796 2976 a
844 2923 937 2977 vili
988 2937 1175 2988 sensu,
1223 2921 1311 2992 qni
1340 2936 1374 2976 a
1419 2929 1563 2976 tanta
1606 2920 1868 2991 dignitate

253 3015 540 3079 abhorret,
587 3013 828 3085 fugiant?
865 3013 996 3082 Quis
1041 3013 1183 3067 enim
1211 3012 1348 3066 adeo
1386 3012 1550 3066 miser
1588 3019 1644 3067 et
1684 3010 1866 3066 infelix

256 3106 436 3170 fuerit,
474 3115 536 3160 ut
559 3105 704 3160 dit-at
726 3103 919 3159 Filium
949 3103 1193 3174 quotidie
1215 3104 1301 3157 illa
1332 3103 1596 3166 ediscere,
1627 3117 1748 3172 qua:
1787 3103 1867 3155 fa-

253 3214 378 3253 cere
407 3197 670 3268 oportet?
704 3196 985 3264 Quomodo
1031 3196 1218 3251 verum
1246 3196 1350 3251 erit
1395 3195 1526 3249 illttd
1553 3212 1564 3248 :
1595 3194 1676 3248 Tn
1702 3204 1868 3250 autem

254 3291 386 3342 idem
412 3291 532 3358 ipse
553 3305 627 3354 es,
655 3298 702 3341 et
723 3289 850 3364 antri
874 3288 949 3340 tui
979 3305 1080 3341 non
1103 3287 1339 3354 deficient
1369 3287 1541 3359 (Psal.
1573 3287 1698 3342 101.
1729 3286 1871 3357 28)?

254 3381 556 3451 quomodo,
598 3379 786 3434 Omnia
817 3397 905 3448 per
945 3380 1111 3446 ipsum
1151 3382 1290 3450 facta
1331 3390 1467 3444 sunt,
1511 3389 1557 3433 et
1601 3380 1712 3433 sine
1758 3381 1870 3451 ipso

255 3479 451 3544 factum
479 3483 559 3527 est
587 3473 736 3537 nihil,
770 3473 813 3526 si
847 3472 935 3527 illa
964 3489 1082 3540 quae
1116 3473 1273 3528 I’ater
1309 3472 1457 3538 facit,
1489 3473 1602 3527 haec
1644 3473 1760 3543 ipse
1789 3475 1868 3526 vi-

255 3566 390 3619 dens
433 3564 718 3619 imitatur?
761 3563 925 3620 Vides
952 3563 1222 3634 quomodo
1252 3573 1308 3619 et
1334 3578 1402 3620 ex
1450 3549 1514 3618 iis
1544 3580 1666 3634 qua:
1706 3579 1867 3635 supra

256 3656 393 3711 dicta
425 3663 581 3720 sunt,
613 3664 668 3711 ct
696 3671 766 3711 ex
793 3656 859 3710 iis
884 3671 1004 3726 qua:
1032 3666 1214 3725 postea
1235 3655 1498 3720 dicentur,
1530 3657 1649 3727 ejus
1679 3667 1867 3712 aucto-

257 3752 385 3807 ritas
420 3749 869 3806 demonstretur?
908 3749 1063 3816 Quod
1103 3750 1148 3804 si
1179 3751 1433 3808 humilius
1467 3752 1710 3822 quoidam
1739 3767 1870 3822 pro-

258 3844 415 3908 ferat,
439 3857 515 3897 ne
537 3841 773 3897 mireris.
796 3842 929 3910 Quia
950 3844 1095 3898 enim
1125 3842 1526 3898 sublimioribus
1546 3844 1865 3914 quibusdam

256 3933 478 3998 animis,
532 3934 992 4002 persequebantur
1037 3948 1180 3999 eum,
1229 3943 1287 3990 et
1343 3935 1453 3990 Deo
1497 3936 1864 3990 adversarium

257 4043 377 4080 ﬁse
409 4025 694 4094 putabant,
721 4025 878 4094 paulo
911 4025 1196 4081 demissius
1231 4026 1515 4081 verborum
1541 4037 1746 4082 tantum
1783 4038 1865 4082 te-

258 4134 353 4170 nus
387 4117 673 4186 loquutus,
712 4116 782 4169 ad
810 4115 1122 4170 sublimiora
1161 4132 1346 4172 rursus
1372 4117 1638 4182 evehitur,
1669 4117 1866 4174 deinde

255 4211 318 4263 ad
350 4209 580 4264 humilia
609 4209 845 4263 deflectit
879 4227 892 4262 :
925 4210 1002 4264 sic
1026 4210 1327 4266 doctrinam
1363 4213 1600 4275 varians,
1639 4223 1696 4266 ut
1731 4212 1866 4267 faci-

257 4302 357 4356 lius
375 4303 460 4358 vel
482 4300 556 4356 ab
581 4301 836 4371 improbis
854 4301 1185 4356 admittatur.
1211 4303 1615 4366 Animadverte,
1638 4318 1857 4373 quzeso:

259 4403 546 4464 postquam
575 4392 804 4459 dixerat,
834 4391 990 4448 Pater
1015 4410 1155 4449 mens
1179 4406 1440 4462 operatur,
1465 4406 1514 4450 et
1540 4414 1632 4468 ego
1658 4415 1864 4468 operor,

256 4495 306 4538 et
333 4500 397 4540 se
440 4483 562 4538 Deo
604 4485 862 4552 aequalem
913 4483 1246 4550 ostenderat,
1300 4502 1489 4541 rursus
1527 4488 1704 4542 dicit:
1742 4485 1866 4543 Non

243 4585 416 4647 potest
449 4573 506 4630 Γ
506 4575 626 4629 ilius
654 4593 686 4627 α
714 4576 880 4644 seipse
911 4580 1080 4648 facere
1108 4578 1402 4648 quidquam.
1435 4580 1534 4634 nisi
1560 4580 1699 4651 quod
1727 4581 1869 4637 vide-

255 4670 320 4724 rit
351 4667 570 4724 Patrem
597 4667 885 4738 facientem.
921 4666 1121 4722 Deinde
1152 4669 1310 4723 altius
1349 4688 1362 4724 :
1404 4669 1747 4742 Quacumque
1786 4673 1863 4742 fe-

253 4760 376 4815 cerit
415 4759 536 4826 ille,
588 4759 696 4812 hac
744 4769 791 4813 et
843 4756 1012 4814 Filius
1056 4760 1288 4814 similiter
1329 4761 1490 4832 facit;
1542 4778 1864 4833 rursumque

255 4852 524 4909 htt'uilivss
549 4868 564 4905 :
595 4850 687 4906 20.
735 4848 893 4904 Pater
918 4849 1088 4922 diiigit
1129 4849 1348 4917 Filium,
1378 4861 1424 4907 et
1454 4853 1626 4906 omnia
1654 4853 1868 4908 demon-

253 4953 380 4999 stret
403 4944 461 4998 ei
506 4957 622 5011 qua
647 4941 758 5010 ipse
784 4940 908 5005 facit
941 4955 960 4994 :
987 4951 1034 4994 et
1065 4942 1264 5006 tristiora
1305 4942 1383 4996 bis
1415 4940 1780 4997 demonstrabit
1819 4945 1865 4999 si

253 5052 430 5104 opera.
492 5027 736 5087 Vidistin'
777 5040 984 5087 tantam
1028 5033 1418 5089 humilitatem?
1446 5032 1576 5088 Jure
1616 5035 1860 5104 quidem.

253 5123 382 5178 Nam
411 5120 566 5194 quod
591 5121 702 5190 jam
725 5120 858 5185 dixi,
886 5137 986 5176 nec
1002 5119 1162 5177 finem
1180 5123 1392 5179 dicendi
1417 5124 1626 5186 faciam,
1653 5125 1705 5178 id
1722 5141 1864 5180 nunc

253 5226 525 5284 repetam.
559 5212 785 5281 Quando
813 5213 1010 5282 aliquid
1040 5213 1333 5268 demissum
1365 5214 1494 5270 dicit
1542 5223 1599 5270 et
1637 5215 1859 5281 humile,

253 5307 300 5360 id
327 5316 463 5362 eum
499 5304 794 5377 hyperbole
826 5303 1053 5374 profert,
1084 5314 1143 5360 ut
1172 5306 1255 5360 vel
1285 5306 1547 5376 improbis
1573 5307 1858 5362 verborum

252 5399 427 5454 vilitas
464 5395 708 5461 suadeat,
741 5403 796 5448 ut
836 5396 921 5464 pia
964 5406 1145 5452 mente
1186 5411 1343 5452 sensa
1383 5397 1702 5468 percipiant.
1748 5397 1857 5454 Nisi

252 5495 390 5546 enim
415 5491 528 5546 hoc
553 5497 723 5556 esset,
746 5490 926 5560 cogita
953 5506 1112 5560 quam
1134 5491 1423 5546 absurdum
1457 5478 1681 5548 cssetid
1716 5494 1857 5561 quod

252 5584 472 5647 dicitur,
515 5581 660 5653 quod
716 5580 884 5636 verba
923 5583 1252 5652 explorando
1301 5585 1585 5657 percipies.
1634 5585 1858 5653 Quando

253 5679 394 5733 enim
421 5676 582 5741 dicit,
615 5674 823 5747 Παίονα
868 5676 948 5730 his
993 5677 1221 5732 ostendet
1259 5680 1304 5730 ei
1345 5695 1520 5748 opera,
1556 5680 1858 5733 invenietur

253 5767 416 5822 multa
449 5767 692 5823 nomium
723 5766 978 5823 didicisse
1017 5787 1029 5822 :
1063 5767 1204 5839 quod
1236 5783 1305 5825 ne
1333 5768 1402 5824 de
1439 5771 1699 5839 apostolis
1731 5770 1855 5840 qui-

251 5856 371 5912 dem
396 5858 713 5915 dicendum.
757 5857 889 5912 Nam
930 5874 1048 5914 cum
1082 5860 1310 5931 Spiritus
1354 5861 1576 5931 gratiam
1607 5861 1853 5930 accepis-

255 5961 394 6017 sent,
421 5951 710 6008 ccttlct'tim
753 5952 934 6005 omnia
985 5962 1274 6016 noverunt,
1312 5953 1494 6007 omnia
1538 5961 1851 6021 potuerunt,

1163 508 1230 566 IN
1267 504 1580 565 JO.\NNEM
1617 503 1856 561 llO.\llL.
1904 502 2192 560 XXXVIII.
2234 506 2305 559 al.
2351 503 2615 562 XXXV".

3475 513 3585 570 sta

1976 631 2097 686 qua:
2136 617 2283 686 ipsos
2325 627 2382 672 et
2432 619 2572 673 scire
2616 627 2671 673 et
2720 632 2879 689 posse
2907 620 3224 690 oportebat;
3268 621 3353 676 bie
3400 633 3584 679 autem

1973 707 2137 761 multa
2165 708 2302 762 scitu
2351 709 2655 763 necessaria
2697 708 2939 764 nondum
2977 711 3232 768 didicisse
3273 713 3582 783 deprehen-

1969 799 2131 855 detur
2163 818 2177 855 :
2209 815 2320 871 quo
2355 801 2482 872 quid
2527 801 2816 858 absurdius
2858 817 2981 860 esse
3021 803 3226 874 queat?
3259 785 3408 871 ‘Qoid
3451 822 3583 878 ergo

1968 892 2071 946 sibi
2121 891 2233 946 vult
2269 893 2472 948 dictum
2525 892 2693 948 illud?
2735 893 2871 961 Quia
2916 896 3218 967 paralytieo,
3251 897 3332 952 sic
3364 909 3580 961 curato,

1971 995 2241 1040 mortuum
2270 986 2628 1041 suscitaturus
2657 994 2807 1048 emt;
2841 986 2964 1041 ideo
2987 987 3066 1041 sie
3098 987 3354 1056 loquutus
3379 997 3482 1053 est,
3517 1004 3582 1042 ac

1969 1077 2013 1131 si
2057 1076 2307 1132 diceret:
2341 1077 2608 1133 Miramini
2654 1092 2745 1133 me
2789 1078 3139 1152 paralyticnm
3193 1080 3457 1134 sanasse?
3495 1081 3584 1135 bis

1969 1170 2172 1237 majora
2201 1169 2468 1224 videbitis.
2503 1169 2687 1240 Neque
2733 1180 2915 1225 tamen
2949 1171 3018 1224 ita
3051 1171 3308 1241 loquutus
3337 1183 3436 1236 est,
3484 1173 3582 1228 sed

1968 1261 2257 1318 humiliore
2287 1277 2418 1317 usus
2441 1271 2524 1317 est
2548 1277 2822 1325 sermone,
2849 1272 2904 1317 ut
2927 1263 3140 1318 illorum
3169 1263 3404 1318 furorem
3428 1279 3580 1319 eom-

1971 1354 2272 1424 pesccret‘.
2312 1352 2382 1411 Ut
2429 1369 2558 1408 vero
2608 1355 2786 1410 discas
2840 1355 2993 1416 illud,
3031 1353 3438 1422 Demonstroltit,
3472 1373 3584 1412 non

1969 1446 2187 1515 proprie
2227 1445 2432 1500 dictum
2485 1461 2629 1511 esse,
2667 1446 2794 1502 audi
2838 1462 2900 1502 ea
2948 1462 3069 1518 quae
3116 1457 3436 1518 sequuntur.
3485 1450 3579 1504 21.

1970 1535 2122 1590 Sicut
2144 1537 2279 1590 enim
2305 1534 2462 1590 Pater
2490 1538 2699 1593 suscitat
2723 1547 2950 1592 mortuos
2973 1547 3021 1592 et
3049 1539 3287 1606 viriﬁcat,
3311 1541 3385 1594 sic
3413 1550 3460 1595 et
3490 1539 3584 1596 Fi-

1971 1627 2071 1682 lius
2117 1645 2243 1697 quos
2285 1627 2388 1682 tmlt
2433 1630 2678 1698 riviﬁcat.
2724 1630 2885 1701 Atqui
2936 1631 3090 1695 illtul,
3147 1630 3296 1687 Nihil
3344 1643 3506 1704 potest
3550 1652 3582 1687 a

1969 1720 2239 1789 seinetipso
2268 1719 2458 1788 facere,
2486 1722 2821 1777 contrarium
2849 1732 2934 1780 est
2965 1722 3040 1776 illi
3067 1722 3235 1788 dicto,
3273 1723 3413 1790 Quos
3451 1726 3581 1782 vult.

1970 1809 2026 1867 Si
2054 1812 2198 1866 enim
2227 1827 2363 1880 quos
2383 1814 2497 1866 vult
2522 1812 2775 1876 vivifieat,
2804 1828 2834 1867 a
2855 1814 3152 1883 semetipso
3175 1815 3376 1884 aliquid
3402 1814 3586 1871 facere

1974 1916 2150 1975 potest
2181 1907 2341 1975 (velle
2366 1906 2511 1960 enim
2547 1908 2827 1974 potestatis
2865 1907 2982 1976 est)
3017 1927 3033 1962 :
3079 1906 3226 1978 quod
3253 1906 3300 1962 si
3343 1924 3450 1962 non
3484 1926 3584 1978 po-

1974 2006 2077 2051 test
2106 2013 2134 2050 a
2167 1999 2367 2066 seipse.
2396 1995 2509 2065 jam
2540 2012 2646 2050 non
2675 2010 2811 2066 quos
2834 1997 2945 2050 vult
2966 1975 3228 2050 rviviflcat:
3253 1996 3385 2052 Illud
3412 1975 3582 2065 enim,

1973 2088 2124 2143 Sicut
2158 2086 2314 2142 Pater
2333 2091 2564 2151 suscitat,
2599 2090 2862 2160 aqualem
2893 2089 3084 2160 probat
3111 2092 3399 2157 virtutem;
3426 2093 3584 2148 illud-

1970 2197 2096 2250 que,
2143 2183 2284 2250 Quos
2327 2183 2454 2249 vult,
2504 2186 2786 2255 potestatis
2829 2187 3137 2255 paritatem.
3194 2186 3379 2242 Viden‘
3428 2188 3580 2253 illud,

1974 2274 2099 2329 Non
2131 2288 2292 2345 potest
2321 2294 2354 2330 a
2391 2279 2557 2349 seipso
2597 2279 2785 2350 facere,
2835 2290 3158 2349 potestatem
3208 2297 3316 2336 non
3367 2282 3580 2350 tollere,

1971 2365 2066 2424 sed
2098 2387 2282 2440 pareto
2313 2372 2604 2440 potentiam
2644 2382 2701 2428 et
2740 2374 3068 2429 voluntatem
3107 2375 3454 2445 signiﬁcare?
3490 2376 3582 2432 Sic

1973 2466 2239 2536 intelligas
2272 2465 2424 2533 illud,
2471 2465 2855 2522 Demonstraltit
2885 2468 2950 2522 ei.
2999 2467 3214 2523 Etenim
3257 2469 3383 2524 alibi
3424 2469 3583 2533 dicit,

1972 2558 2086 2631 Ego
2114 2560 2430 2615 resnseitabo
2469 2577 2582 2614 eum
2626 2561 2679 2613 in
2712 2562 2985 2615 novissimo
3013 2560 3097 2614 die
3126 2560 3310 2628 (Joan.
3360 2561 3415 2615 ϐ.
3457 2563 3575 2630 39).

1973 2653 2051 2705 Ac
2077 2665 2312 2714 rursmn,
2341 2653 2635 2706 ostendens
2661 2667 2722 2706 se
2745 2651 2848 2705 vim
2872 2651 3129 2721 operandi
3153 2667 3258 2706 non
3280 2654 3582 2721 accepisse,

1974 2740 2086 2812 Ego
2113 2759 2247 2805 sum,
2305 2742 2497 2812 inqttit,
2543 2744 2850 2797 resurrectio
2892 2754 2942 2797 et
2974 2746 3074 2797 vita
3108 2743 3290 2816 (Joan.
3347 2745 3430 2800 ll.
3461 2743 3584 2815 25).

1976 2834 2179 2889 lleitnle
2217 2849 2283 2888 ne
2307 2835 2460 2890 dicas
2490 2835 2663 2904 ipsum
2696 2850 2832 2905 quos
2874 2835 2978 2888 vult
3029 2845 3270 2890 mortuos
3318 2836 3589 2890 suscitare

1972 2938 2026 2984 ct
2061 2926 2351 2988 vivificare.
2397 2927 2490 2982 sed
2540 2929 2642 2982 alia
2689 2943 2796 2982 non
2844 2929 3066 2997 perinde
3113 2928 3314 2992 facere,
3359 2940 3409 2985 et
3444 2929 3584 2985 hanc

1973 3021 2334 3089 objectionem
2365 3017 2642 3090 depellere
2672 3028 2900 3090 occupat
2933 3020 3016 3074 his
3045 3020 3225 3077 verbis
3260 3039 3275 3076 :
3312 3021 3586 3089 Quartum-

1972 3127 2071 3180 (με
2099 3111 2187 3164 illc
2210 3108 2408 3180 fecerit,
2440 3111 2547 3164 Ita’c
2577 3121 2622 3164 et
2655 3109 2821 3166 Filius
2846 3112 3081 3166 similiter
3109 3113 3272 3182 facit;
3298 3112 3585 3169 declarans

1974 3216 2032 3255 se
2077 3201 2256 3254 «nuntia
2305 3216 2427 3269 qua:
2477 3201 2565 3256 ille
2612 3200 2738 3255 facit
2782 3203 3033 3257 similiter
3077 3202 3290 3267 facere;
3340 3213 3589 3260 mortuus

1974 3307 2169 3362 nempe
2213 3294 2500 3359 SUaCIL'tI'e,
2543 3307 2771 3362 corpora
2821 3292 3082 3361 formare,
3139 3304 3358 3365 peccata
3392 3298 3589 3353 remit-

1976 3393 2112 3451 tere,
2143 3393 2197 3439 et
2228 3383 2440 3454 quidvis
2469 3384 2634 3448 aliud,
2669 3385 2892 3456 perinde
2918 3396 3082 3457 atque
3109 3387 3270 3444 Pater
3301 3399 3584 3460 operatur,

1976 3476 2173 3531 fat-ere.
2928 3528 2930 3530 ,

2046 3568 2098 3623 5.
2133 3567 2327 3622 Verum
2375 3567 2460 3624 bis
2506 3571 2746 3624 animum
2777 3585 2885 3625 non
2913 3570 3172 3627 adhibent
3218 3572 3253 3628 ii
3298 3573 3389 3643 qui
3430 3589 3585 3630 suam

1975 3661 2250 3731 negligunt
2280 3661 2509 3716 salutem
2545 3681 2557 3717 :
2596 3673 2801 3717 tantum
2843 3666 3044 3719 malum
3076 3675 3179 3730 est,
3206 3666 3587 3736 prtccellentia:

1972 3749 2142 3811 amor.
2178 3756 2289 3811 Hoc
2321 3755 2556 3812 Increscs
2585 3758 2816 3827 peperit,
2859 3757 2960 3811 hoc
3003 3761 3282 3828 gentilium
3322 3759 3588 3832 impieta-

1975 3857 2081 3902 tem
2113 3848 2366 3903 firmavit.
2397 3849 2538 3904 Deus
2565 3849 2782 3918 quidem
2806 3849 3023 3904 volebat
3045 3851 3334 3906 invisibilia
3363 3866 3458 3907 sua
3485 3867 3583 3922 per

1973 3940 2155 3994 mundi
2196 3941 2528 3996 creationem
2573 3940 2797 4011 intelligi
2830 3960 2844 3998 :
2878 3941 2954 3996 illi
2983 3956 3113 3996 vero
3146 3943 3229 3996 bis
3259 3944 3495 4004 omissis,
3529 3953 3585 3998 et

1974 4036 2112 4091 hanc
2151 4036 2506 4106 dedignantes
2549 4035 2874 4100 doctrinam,
2905 4035 3129 4089 alteram
3176 4034 3279 4089 sibi
3324 4051 3584 4105 [un-avere

1973 4128 2112 4182 viam
2140 4145 2154 4187 :
2186 4137 2514 4198 quapropter
2543 4144 2572 4182 a
2607 4142 2735 4181 vera
2763 4127 2844 4180 via
2878 4127 3214 4181 aberrarunt.
3247 4126 3371 4180 ideo
3410 4127 3581 4181 .ludmi

1974 4238 2079 4276 non
2112 4221 2477 4282 crediderunt,
2511 4222 2696 4290 gloria!
2729 4221 2976 4275 humanm
3006 4221 3183 4290 cupidi
3209 4238 3224 4286 ;
3255 4221 3400 4275 illam
3429 4237 3583 4287 vero,

1971 4328 2091 4384 quae
2119 4327 2148 4366 a
2180 4312 2291 4367 Deo
2321 4323 2423 4375 est,
2455 4314 2679 4383 gloriam
2713 4327 2819 4366 non
2852 4325 3181 4381 qua-rentes.

2043 4405 2226 4461 Inanis
2251 4407 2417 4476 gloria
2448 4404 2714 4475 fugienda.
2738 4434 2811 4444 ——
2837 4404 3030 4459 Verum
3059 4419 3180 4469 nos,
3204 4403 3408 4470 dilecti,
3438 4403 3588 4461 hunc

1972 4499 2219 4552 morbum
2252 4498 2400 4552 omni
2445 4497 2626 4552 studio
2666 4505 2717 4552 ct
2774 4496 3049 4566 diligentia
3097 4495 3384 4568 fugiamus.
3432 4497 3582 4553 Licet

1971 4591 2114 4645 cnim
2156 4591 2434 4646 innumera
2467 4590 2635 4659 probe
2676 4591 3027 4660 gesserimus,
3059 4590 3175 4644 lure
3215 4591 3396 4644 omnia
3431 4604 3586 4645 vante

1970 4685 2157 4757 gloria:
2180 4685 2446 4756 pernicies
2471 4683 2836 4740 labefactabit.
2861 4682 2917 4738 Si
2948 4699 3079 4755 ergo
3104 4683 3173 4737 ad
3194 4683 3380 4738 laudes
3411 4686 3584 4756 respi-

1969 4778 2196 4839 ciamus,
2223 4777 2342 4832 illas
2381 4791 2691 4846 quaeramus
2728 4793 2849 4848 qtue
2877 4791 2911 4830 a
2940 4778 3050 4832 Deo
3078 4785 3226 4832 sunt.
3259 4776 3402 4832 Laus
3431 4779 3578 4832 enim

1973 4871 2275 4933 hominum,
2306 4869 2714 4939 qualiscumque
2745 4867 2932 4936 fuerit,
2959 4869 3138 4923 statim
3166 4877 3329 4938 atque
3355 4881 3581 4941 apparet

1970 4964 2262 5020 evanescit.
2298 4964 2407 5018 Etsi
2435 4972 2617 5018 autem
2659 4979 2764 5018 non
2814 4964 3036 5032 periret,
3086 4962 3220 5017 nihil
3247 4972 3397 5018 certe
3444 4963 3583 5019 lucri

1973 5051 2127 5110 nobis
2157 5057 2395 5119 afferret,
2424 5065 2477 5110 et
2502 5071 2567 5109 ex
2594 5065 2856 5125 corrupto
2900 5071 3045 5126 smpc
3070 5055 3276 5126 judicio
3306 5058 3578 5127 provenit.

1969 5145 2105 5214 Quid
2151 5145 2296 5201 enim
2349 5144 2813 5202 Iamadmirabile
2862 5145 3092 5201 lnnnana
3144 5147 3310 5214 gloria
3360 5146 3582 5214 habeat,

1970 5254 2073 5309 qua
2105 5236 2356 5304 fruuntur
2397 5245 2452 5292 et
2476 5237 2737 5292 saltantes
2761 5231 3011 5306 juvenes,
3041 5249 3097 5293 et
3125 5238 3414 5310 impudica:
3445 5257 3572 5295 mn-

1969 5329 2157 5394 lieres,
2197 5336 2251 5383 ct
2280 5329 2426 5383 avari
2477 5339 2640 5397 atque
2688 5331 2971 5399 raptores?
3016 5330 3117 5398 Qui
3165 5342 3345 5387 autem
3393 5349 3422 5387 a
3470 5333 3585 5389 Deo

1969 5421 2242 5487 laudatur,
2270 5437 2376 5475 non
2415 5436 2541 5475 cum
2570 5419 2676 5485 his,
2704 5421 2798 5475 sed
2824 5438 2947 5476 cum
2978 5424 3180 5478 sanctis
3211 5411 3314 5477 iilis
3338 5423 3580 5479 admini-

1969 5512 2098 5566 tioni
2127 5511 2376 5572 habetur,
2409 5527 2531 5566 cum
2559 5512 2836 5582 prophetis
2867 5529 3062 5582 nempe
3093 5522 3145 5567 ct
3173 5515 3452 5582 apostolis,
3485 5521 3582 5586 qui

1965 5606 2261 5674 angelicam
2305 5605 2508 5661 duvcre
2563 5607 2748 5662 vitam.
2790 5608 2943 5673 Quod
2997 5610 3040 5662 si
3089 5608 3300 5663 turbam
3339 5613 3577 5665 circum.

1966 5694 2163 5750 ducere
2194 5705 2247 5750 et
2273 5696 2474 5765 suspici
2505 5707 2776 5766 Optamus,
2802 5699 2931 5751 illud
2957 5699 3080 5769 quid
3107 5702 3174 5754 sit
3200 5701 3574 5771 exploremus,

1965 5800 2029 5841 ac
2058 5787 2256 5843 nullius
2286 5789 2439 5857 pretii
2470 5803 2590 5844 esse
2614 5788 3110 5857 deprehendenius.
3152 5791 3269 5846 Uno
3299 5791 3489 5860 verbo,
3524 5795 3576 5850 si

2031 5964 2046 5995 ⁸
2085 5962 2174 6012 Atii
2199 5962 2387 6025 legunt,
2431 5975 2644 6021 curaret.
2671 5981 2772 6028 pro.
2798 5977 3131 6025 compesceret.
