4102 6492
631 452 733 507 ἳῖθ

631 565 839 617 tot-ham
866 581 1033 630 antas,
1075 570 1384 636 angelorum
1433 567 1822 619 multitudinem
1857 565 1946 618 tibi
1973 565 2202 627 attrahe.

631 663 685 706 ιιι
715 654 1046 710 dzemonilms
1072 658 1320 711 terribilis
1347 667 1482 720 esto,
1517 667 1567 710 et
1591 658 1666 710 sic
1699 657 1969 710 hominum
2011 658 2207 709 nullam

633 742 848 797 habebis
881 743 1178 809 rationem;
1226 747 1318 800 sed
1367 747 1543 801 omnia
1587 747 1744 800 etiam
1777 762 1894 814 qua:
1931 745 2206 810 splendida

631 835 898 900 videntur,
950 837 1017 890 ita
1067 839 1298 892 calcabis
1341 850 1398 891 ut
1448 854 1658 893 casuum
1707 847 1865 905 atque
1910 838 2075 890 lutum
2111 855 2123 890 :
2155 847 2208 890 ct

630 937 752 979 tunc
781 927 925 982 clare
973 928 1183 982 videbis
1233 929 1360 982 nihil
1410 931 1638 981 animam
1674 931 1741 981 ita
1793 929 2100 995 deturparc,
2147 937 2208 982 ut

623 1018 807 1086 gloria:
836 1035 1094 1074 atnort-m.
1130 1020 1241 1074 Non
1292 1030 1463 1088 potest
1487 1021 1648 1083 enim,
1687 1036 1788 1072 non
1822 1029 1994 1088 potest
2026 1020 2207 1087 utique

627 1125 776 1165 vana:
805 1112 986 1181 gloria:
1016 1123 1220 1165 amator
1250 1115 1408 1164 vitant
1454 1113 1690 1166 cruciatu
1726 1114 1930 1180 plenam
1961 1128 2065 1166 non
2096 1112 2204 1165 dtt-

624 1217 748 1256 cere
769 1203 786 1233 ¹
811 1219 825 1266 ;
855 1203 984 1256 sicut
1015 1205 1172 1257 etiam
1201 1204 1287 1271 qui
1320 1204 1461 1256 illaut
1490 1204 1680 1267 calcat,
1715 1219 1818 1256 non
1868 1211 2040 1270 potest
2082 1203 2204 1255 vitia

625 1291 786 1344 multa
818 1307 920 1345 non
963 1292 1292 1346 conculcare.
1331 1292 1459 1346 Nam
1490 1293 1577 1362 qni
1620 1309 1809 1344 vanam
1841 1291 2066 1362 glorianti
2108 1306 2204 1344 su-

626 1383 845 1450 peravit,
877 1384 1145 1448 invidiam,
1197 1384 1537 1454 pecuniarum
1577 1399 1837 1448 amorem,
1876 1393 2204 1451 casti-rosqac

623 1474 961 1540 gravissimos
989 1476 1204 1529 morbos
1242 1475 1550 1528 devicturus
1577 1485 1675 1527 est.
1701 1474 1768 1528 Et
1805 1476 2090 1542 quomodo,
2123 1473 2203 1525 in-

621 1563 792 1631 quies,
839 1566 981 1618 illam
1015 1567 1420 1635 superahinms?
1455 1565 1508 1622 Si
1553 1567 1708 1619 aliam
1755 1574 2055 1634 spectemus
2085 1565 2202 1633 glo-

623 1656 782 1718 riam;
807 1654 906 1709 hoc
933 1665 1014 1710 cst
1039 1658 1325 1720 aclestent,
1359 1673 1386 1710 a
1418 1673 1517 1726 qua
1549 1672 1644 1709 nos
1677 1655 1790 1710 lucc
1819 1657 2014 1718 ejicere
2041 1670 2202 1708 cona-

624 1757 724 1798 tttr.
756 1746 846 1799 llla
884 1749 1024 1799 enim
1065 1763 1162 1801 nos
1203 1758 1255 1800 et
1290 1749 1339 1800 in
1376 1747 1474 1801 hac
1517 1749 1619 1800 vita
1659 1745 1976 1814 conspicuos
2014 1746 2195 1807 efficit,

619 1849 671 1889 et
696 1839 759 1889 ad
785 1839 1011 1892 futuram
1036 1839 1194 1893 vitam
1226 1841 1501 1894 nobiscum
1533 1839 1719 1905 pergit,
1761 1848 1918 1906 atque
1958 1837 2025 1891 ab
2051 1838 2197 1888 muni

617 1930 869 1983 servitute
897 1930 1094 1983 carnali
1129 1946 1225 1983 nos
1260 1930 1463 1984 liberat.
1501 1927 1658 1983 Carni
1692 1929 1882 1984 misere
1911 1943 2051 1982 nunc
2081 1943 2196 1980 ser-

620 2019 808 2079 vimus,
841 2029 994 2074 terra:
1027 2023 1354 2090 terrenisque
1379 2021 1535 2074 rebus
1563 2019 1776 2072 addicti.
1801 2017 1924 2073 Sive
1951 2019 2001 2072 itt
2026 2018 2194 2070 forum

618 2118 669 2164 te
697 2109 958 2176 conferas,
995 2112 1106 2166 sive
1141 2113 1353 2166 domum
1387 2114 1567 2176 intres,
1605 2111 1715 2165 sive
1759 2112 1888 2173 vias,
1919 2111 2193 2172 stationes,

678 2285 693 2313 ι
724 2290 868 2348 Δ,ιιιςιλι
895 2284 1034 2333 savil.
1065 2285 1327 2348 legcndmn
1354 2291 1430 2332 est
1459 2298 1469 2330 :
1495 2292 1592 2332 Non
1633 2289 1782 2343 potest
1802 2280 2028 2348 enim...
2057 2292 2193 2348 route

608 2345 779 2407 gloria;
791 2353 972 2407 mutuor
988 2344 1129 2394 tutum
1145 2345 1432 2407 cruri/imm
1456 2347 1652 2402 ducere,
1677 2345 1811 2405 quasi
1837 2344 2101 2400 diceretur,
2129 2344 2194 2390 ri-

612 2404 710 2456 tum
734 2404 1056 2456 christiiutam.

1077 2535 1362 2543 .———————-——

1302 455 1356 510 S.
1396 455 1669 510 J0.\N.\iS
1696 446 2168 508 (Illli\'SOSTO.\ll
2212 455 2524 509 Al‘dlllllil’.
2565 459 3094 516 (IUNSTANTINUP.

3801 467 3904 520 3’0

2317 568 2611 623 diversoria
2651 571 2975 640 frequentes,
3007 575 3050 627 si
3087 573 3262 628 navim
3285 576 3636 641 conscendas,
3669 581 3899 633 insulam

2315 658 2481 713 adeas
2512 661 2590 714 rel
2621 661 2791 728 regias
2808 662 2968 726 :edes,
2993 664 3036 718 si
3063 663 3315 732 iudiciale
3339 664 3515 719 forum
3548 667 3626 721 vel
3654 681 3900 723 senatum

2314 750 2496 813 adeas,
2529 752 2863 807 Stecularium
2909 753 3101 824 ubique
3140 771 3318 811 rerum
3352 756 3762 812 sollicitudinem
3801 770 3903 814 oh-

2313 841 2576 906 servabis,
2601 843 2944 913 singulosque
2975 845 3058 898 his
3087 845 3140 900 in
3166 846 3328 902 rebus
3357 848 3678 911 laborantes,
3706 849 3902 904 abeun-

2316 941 2416 997 tes,
2448 942 2743 995 manentes,
2773 936 3095 1002 navigantes,
3129 937 3408 1006 agricolas,
3441 953 3534 992 eos
3564 940 3650 1007 qni
3672 940 3720 992 in
3743 955 3898 1006 agro,

2313 1036 2406 1076 eos
2431 1025 2517 1091 qui
2562 1023 2612 1076 in
2650 1025 2781 1078 urbe
2826 1025 3085 1091 habitant,
3129 1043 3234 1080 uno
3279 1026 3466 1092 verbo,
3507 1043 3718 1082 mones.
3766 1029 3900 1096 ane

2314 1111 2465 1165 nobis
2490 1128 2612 1181 spes
2636 1114 2821 1168 salutis
2843 1117 2964 1178 erit,
2993 1116 3204 1186 quando
3236 1118 3326 1171 Dei
3354 1129 3548 1172 tetram
3578 1121 3899 1184 incolentes,

2314 1202 2441 1257 nihil
2481 1219 2544 1256 ca
2574 1221 2693 1272 qua!
2727 1205 2817 1260 llei
2861 1215 2986 1259 sunt
3011 1221 3279 1266 curamus,
3330 1207 3424 1260 sed
3458 1223 3577 1263 cum
3613 1209 3903 1278 jttbcantttr

2314 1293 2398 1346 nic
2425 1296 2686 1364 peregrini
2707 1309 2852 1361 esst',
2878 1297 3143 1366 peregrini
3177 1302 3227 1350 ltt
3252 1298 3386 1352 cado
3407 1313 3608 1362 sttmtts,
3638 1309 3691 1354 et
3714 1303 3900 1355 mundi

2309 1385 2490 1438 cives?
2533 1386 2666 1452 Qttid
2709 1385 2806 1441 hac
2833 1388 3136 1454 stnpiditate
3162 1387 3437 1444 deterius?
3470 1389 3719 1455 Quotidie
3745 1390 3899 1460 judi-

2310 1475 2449 1528 cium
2480 1484 2534 1529 ct
2563 1493 2780 1547 regnum
2809 1479 3076 1544 audimus,
3106 1488 3158 1533 et
3196 1495 3290 1533 eos
3319 1481 3407 1549 qui
3446 1481 3497 1534 in
3551 1482 3739 1536 diebus
3781 1483 3842 1536 Ν·
3867 1499 3901 1538 e

2309 1578 2460 1622 erant
2508 1583 2716 1622 necnon
2755 1569 3058 1625 Sodomitas
3106 1571 3393 1632 imitatmtr.
3442 1580 3496 1626 et
3524 1574 3899 1642 experimento

2308 1661 2484 1713 omnia
2521 1659 2764 1715 ediscere
2789 1662 3052 1716 Volumus.
3085 1662 3240 1730 Atqui
3272 1661 3388 1716 ideo
3430 1662 3514 1716 illa
3543 1663 3718 1716 omnia
3762 1664 3901 1718 scri-

2308 1762 2394 1819 p'a
2427 1759 2572 1818 sunt,
2600 1751 2728 1804 utsi
2754 1752 2872 1820 quis
2903 1752 3075 1804 futura
3121 1767 3223 1803 non
3268 1752 3467 1814 credat,
3503 1766 3566 1805 ex
3607 1754 3899 1822 priett-ritis

2305 1843 2505 1896 claram
2534 1843 2759 1911 accipiat
2800 1844 3094 1896 futurorum
3142 1843 3403 1895 notitiam.
3450 1842 3574 1896 ΙΙωο
3605 1843 3780 1911 itaque
3802 1859 3896 1894 eo.

2303 1936 2553 2003 gitantcs,
2605 1943 2709 1988 tam
2758 1935 3046 2003 pt'u'tcrila,
3077 1950 3257 2002 quam
3309 1932 3504 1998 futura,
3564 1934 3774 2002 paulum
3825 1951 3892 1988 es

2306 2028 2403 2081 hac
2430 2028 2686 2081 servitute
2710 2028 3051 2096 respirentus,
3076 2036 3128 2079 et
3145 2025 3376 2095 aliquam
3402 2025 3597 2078 annua:
3626 2026 3892 2079 rationem

2305 2117 2622 2182 habeamus,
2656 2131 2710 2170 ut
2741 2126 2795 2172 et
2844 2117 3124 2187 praesentia
3171 2127 3226 2170 et
3279 2116 3451 2171 futura
3497 2132 3894 2187 consequamur

2302 2209 2462 2272 bona,
2493 2211 2660 2276 gratia
2693 2220 2745 2263 et
2782 2209 3106 2275 benignitate
3151 2209 3354 2262 Demini
3389 2210 3554 2264 nostri
3581 2208 3704 2265 .lcsu
3731 2211 3891 2265 Clu-io

2301 2301 2386 2365 sti,
2418 2302 2501 2354 cui
2548 2301 2715 2370 gloria
2764 2308 2820 2356 et
2862 2300 3145 2368 imperium
3198 2301 3250 2354 in
3300 2300 3496 2355 smenla
3541 2300 3888 2356 Ssx-culorum.

2300 2395 2495 2446 Amen.

2765 2524 2944 2531 --.—.-
2992 2525 3104 2532 --ε-ο
3136 2525 3268 2531 --‹-
3299 2525 3790 2534 -—.—-————.._-_

1897 2599 2240 2659 HOMILIA
2285 2596 2592 2657 XXXIX.

603 2750 692 2803 29..
746 2749 899 2804 Pater
919 2767 1055 2804 meus
1081 2768 1178 2803 non
1201 2751 1398 2819 judicat
1425 2765 1740 2818 quemquam,
1771 2747 1857 2800 sed
1884 2764 2029 2798 Ottttle
2047 2746 2192 2813 judi-

675 2843 808 2893 cium
838 2843 972 2894 dedit
1021 2841 1178 2907 Filio,
1207 2843 1295 2895 25.
1326 2853 1378 2892 ιιι
1404 2857 1573 2894 omnes
1605 2841 1936 2907 honoriﬁceut
1967 2837 2181 2901 Filium,

675 2941 728 2982 ut
754 2931 1083 2994 honoriﬁcam
1107 2930 1332 2983 Putrem.

673 3021 721 3072 1.
765 3018 1024 3071 Iudicium
1052 3025 1279 3089 futurum
1315 3020 1612 3072 timendum.
1647 3016 1809 3070 Filius
1849 3034 1946 3069 nou
1993 3020 2179 3084 factus,

599 3112 686 3165 sed
713 3112 774 3164 ub
794 3122 978 3165 teter-uo
1011 3113 1226 3181 genitus.
1255 3113 1399 3166 Chris
1425 3129 1484 3164 us
1525 3111 1774 3181 quomodo
1800 3121 1844 3162 et
1871 3127 1970 3179 qua
2020 3121 2182 3161 mente

599 3205 661 3256 dc
684 3220 737 3256 se
761 3204 964 3272 loquens
992 3203 1202 3255 humilia
1234 3206 1526 3271 penuisreut
1569 3203 1882 3255 sublimibus.
1921 3232 1989 3241 —
2022 3202 2180 3255 Multa

600 3295 751 3348 nobis
773 3311 904 3362 opus
928 3305 1008 3350 est
1037 3297 1086 3348 in
1108 3295 1355 3349 omnibus
1387 3296 1682 3364 diligentia,
1717 3295 1922 3356 dilecti;
1956 3309 2177 3347 accura-

597 3395 702 3438 tam
725 3386 918 3454 quippe
945 3386 1200 3439 rationem
1223 3384 1462 3438 dabimus
1485 3395 1536 3438 et
1560 3385 1838 3438 verborum
1858 3395 1911 3437 ct
1932 3400 2172 3451 opt'rmn.

599 3476 705 3529 lies
731 3477 872 3529 enim
915 3487 1110 3530 nostrae
1152 3491 1255 3528 non
1296 3484 1418 3528 sunt
1466 3479 1743 3543 pra-sentis
1773 3475 1892 3528 vita:
1924 3473 2178 3527 limitibus

594 3569 1030 3635 circumscripta,
1064 3568 1157 3622 sed
1188 3568 1288 3620 alla
1341 3583 1435 3620 nos
1476 3576 1762 3635 exceptura
1792 3578 1872 3621 est
1901 3568 2019 3620 vine
2048 3582 2178 3620 con-

593 3659 744 3721 ditio,
779 3659 1370 3728 tremendoquejudicio
1399 3659 1668 3714 sistentur.
1698 3658 1882 3710 Omnes
1910 3659 2038 3710 enim
2061 3675 2172 3719 nos,

595 3749 764 3819 inquit
789 3751 1003 3813 Paulus,
1030 3751 1340 3818 mattifestart'
1372 3759 1565 3818 eportet
1588 3757 1703 3800 ante
1725 3747 1945 3800 tribunal
1965 3747 2172 3810 Christi,

591 3852 648 3892 ttt
679 3845 862 3911 referat
891 3842 1246 3910 unusquisque,
1277 3857 1390 3910 qua:
1421 3858 1507 3910 per
1536 3857 1717 3908 corpus
1743 3841 1860 3908 egit,
1898 3850 2045 3906 prout
2065 3857 2176 3907 ges-

590 3934 674 3997 sit,
697 3935 799 3985 sive
827 3934 1030 3996 bonum,
1055 3934 1156 3984 sive
1182 3931 1369 3985 malum
1397 3933 1471 4001 (‘2.
1507 3931 1622 3986 Cor.
1654 3933 1705 3986 5.
1738 3933 1846 4000 10).
1878 3932 1985 3985 lloc
2010 3933 2174 3985 tribu-

593 4022 676 4075 nal
719 4037 933 4091 semper
960 4024 1273 4092 c0gitentus,
1307 4030 1356 4075 et
1403 4022 1480 4075 sic
1507 4036 1718 4088 semper
1749 4023 1924 4074 virtuti
1969 4022 2172 4075 incum-

592 4115 718 4167 bere
743 4116 1049 4181 poterimus.
1080 4114 1207 4167 Nam
1233 4113 1369 4168 sicut
1391 4113 1434 4167 is
1459 4115 1546 4182 qui
1576 4113 1715 4167 illam
1740 4114 1879 4167 diem
1903 4113 1971 4167 ab
1992 4116 2169 4168 animo

591 4205 756 4269 t-jieit,
784 4206 929 4273 quasi
962 4220 1128 4274 equus
1160 4219 1392 4259 excusso
1433 4203 1585 4258 freno
1631 4207 1680 4257 in
1731 4205 2016 4273 przct'ipitia
2066 4207 2169 4260 ruit

591 4293 963 4363 (Profnnautur
988 4295 1151 4362 enim,
1187 4295 1372 4365 inquit,
1404 4295 1496 4348 via:
1533 4296 1640 4364 eius
1666 4296 1714 4347 in
1745 4299 1878 4347 omni
1914 4306 2168 4364 tempore;

589 4397 642 4439 et
669 4401 883 4440 causam
915 4387 1146 4442 aﬂ’crens
1175 4391 1269 4453 ait,
1305 4389 1614 4458 Auferuntur
1635 4389 1836 4456 judicia
1867 4398 1950 4438 tua
1980 4406 2009 4439 a
2040 4391 2171 4458 facie

588 4482 696 4549 ejus
718 4479 887 4550 [PsaL
919 4480 972 4534 9.
997 4479 1110 4550 27])
1140 4497 1152 4530 :
1188 4480 1256 4532 ita
1287 4480 1374 4548 qui
1414 4493 1627 4546 semper
1671 4476 1770 4530 hoc
1800 4478 1988 4531 timore
2019 4488 2164 4532 tene-

591 4583 696 4635 tur,
752 4581 1110 4639 temperanter
1157 4569 1384 4624 incedet.
1437 4569 1588 4630 Natu,
1638 4569 1945 4632 Recordnre,
1978 4570 2164 4638 inquit,

592 4663 859 4717 novissima
901 4672 1006 4725 tua,
1049 4671 1094 4715 et
1140 4663 1191 4714 in
1228 4670 1470 4715 (sternunt
1502 4680 1601 4714 nou
1631 4663 1855 4728 peccabis
1896 4661 2083 4731 (Eccli.
2112 4665 2164 4717 7.

589 4753 697 4815 40).
723 4752 822 4821 Qui
853 4753 994 4806 enim
1025 4768 1162 4807 nunc
1183 4753 1399 4807 dimittit
1428 4754 1579 4808 nobis
1603 4766 1833 4822 peccata,
1867 4756 1911 4807 is
1944 4754 2169 4819 tuncjn-

587 4847 687 4901 de:
722 4845 958 4907 sedebit;
991 4847 1078 4915 qui
1107 4856 1347 4902 mortuus
1383 4858 1462 4901 est
1500 4862 1595 4915 pro
1639 4847 1812 4910 nobis,
1844 4847 1928 4902 hic
1957 4848 2169 4900 univer-

587 4952 697 4990 sam
727 4935 1228 5004 natnramjudlcans
1249 4937 1545 5006 apparebit.
1577 4935 1764 4989 lterum
1785 4937 1949 5001 enim,
1975 4937 2165 5006 inquit,

587 5029 694 5081 sine
719 5039 923 5095 peccato
951 5029 1200 5082 videbitur
1241 5028 1623 5099 suscipientibus
1660 5029 1824 5098 ipsum
1860 5031 1930 5081 ad
1953 5030 2164 5082 salutem

587 5117 771 5180 (Hebr.
801 5119 851 5172 9.
881 5118 992 5186 28).
1021 5118 1374 5188 Quamobrem
1406 5119 1505 5175 hoc
1525 5120 1640 5173 loco
1667 5119 1827 5172 dicit:
1855 5118 2164 5173 Palermetts

587 5211 893 5279 uoujudicat
917 5227 1236 5280 quemquam,
1257 5213 1350 5264 sed
1370 5228 1516 5264 omne
1531 5212 1785 5280 judicium
1833 5211 1971 5264 dedit
2005 5211 2161 5275 Filio,

588 5311 643 5353 ut
671 5318 838 5354 omnes
868 5303 1199 5371 honoriﬁcent
1230 5301 1441 5364 Filium,
1473 5313 1526 5355 ut
1556 5303 1891 5368 honoriﬁcam
1934 5303 2160 5359 Patrem.

588 5390 799 5459 Ergone
830 5391 1055 5453 Patrem,
1102 5392 1328 5462 inquies,
1363 5393 1506 5446 illum
1537 5393 1807 5446 dicemus?
1836 5394 2006 5448 Absit.
2040 5392 2164 5449 Ideo

585 5498 814 5550 namque
857 5482 985 5538 dicit
1035 5483 1249 5549 Filium,
1295 5492 1352 5538 ut
1378 5483 1571 5539 Filium
1605 5494 1902 5538 manentem
1935 5486 2162 5540 honore-

583 5591 700 5629 mus
727 5576 863 5630 sicut
895 5577 1124 5630 Patrem.
1157 5574 1253 5644 Qui
1283 5593 1408 5632 vero
1432 5578 1600 5647 ipsum
1628 5585 1780 5632 vocat
1801 5578 2034 5643 Patrem,
2055 5594 2159 5633 non

585 5667 717 5719 ultra
766 5666 959 5721 Filium
1006 5679 1061 5721 ut
1089 5668 1296 5722 Patrem
1341 5667 1586 5732 honorat,
1622 5669 1714 5723 sed
1745 5670 1921 5724 omnia
1952 5671 2156 5724 miscet.

581 5757 711 5824 Quia
740 5774 871 5829 ergo
902 5759 1160 5814 beneficio
1191 5759 1360 5815 all’ecti
1390 5759 1635 5817 homines
1678 5779 1781 5818 non
1827 5764 1895 5818 ita
1942 5763 2006 5817 ad
2048 5762 2162 5817 oﬂi-

582 5849 721 5902 ct'um
747 5851 990 5916 redeunt,
1038 5861 1089 5904 ut
1145 5851 1416 5919 castigati;
1453 5852 1570 5908 ideo
1605 5855 1858 5910 terribilia
1904 5855 2058 5921 dixit,
2109 5866 2162 5908 ιιι

2304 2755 2474 2797 metus
2506 2745 2692 2798 saltent
2725 2744 2788 2797 ad
2822 2744 3202 2797 honorenrsibi
3251 2744 3528 2798 ferendum
3576 2745 3813 2798 traheret
3845 2749 3880 2798 '.

2296 2835 2427 2888 Cum
2451 2835 2596 2898 dicit,
2641 2836 2820 2898 (hunc,
2853 2835 3031 2900 idest,
3081 2835 3329 2903 puniendi
3370 2843 3426 2890 et
3457 2836 3748 2890 honorandi
3785 2852 3884 2904 po-

2296 2933 2539 2977 tcstatcm
2571 2925 2749 2988 habet,
2783 2935 2940 2993 atque
2974 2935 3256 2993 utrumque
3289 2940 3383 2993 pro
3421 2925 3586 2979 lubito
3627 2925 3882 2980 faciendi.

2293 3016 2424 3071 Illud
2456 3032 2601 3081 vero,
2633 3016 2806 3082 Dedit,
2857 3017 3054 3070 dictum
3082 3027 3187 3079 est,
3221 3035 3287 3072 ne
3311 3018 3481 3087 ipsum
3511 3035 3614 3072 non
3641 3021 3882 3088 genitum

2291 3122 2412 3162 esse
2439 3109 2748 3176 suspiceris,
2781 3125 2954 3177 neque
2996 3120 3144 3178 putes
3174 3109 3307 3161 duos
3352 3125 3472 3162 CSsc
3505 3109 3720 3162 Patres:
3756 3125 3881 3162 nam

2292 3199 2546 3268 quidquid
2579 3210 2660 3252 est
2692 3200 2867 3264 Pater,
2894 3207 2975 3252 est
3005 3208 3057 3253 et
3088 3199 3252 3252 Filius
3275 3201 3315 3261 ³,
3349 3201 3560 3268 genitus
3608 3212 3660 3253 et
3715 3199 3884 3256 Filius

2293 3306 2534 3344 manens.
2566 3291 2632 3346 Ut
2655 3306 2784 3345 vero
2805 3291 2980 3345 discas
3005 3291 3152 3356 illttd,
3190 3291 3359 3356 Dedit,
3410 3293 3639 3360 idipsnm
3670 3294 3881 3363 signifi-

2287 3398 2411 3438 care
2453 3384 2614 3451 quod,
2649 3385 2850 3451 genuit,
2893 3384 3012 3436 andi
3044 3383 3168 3437 illtul
3197 3384 3301 3436 alio
3344 3384 3460 3436 loco
3504 3384 3833 3438 declaratum
3865 3406 3878 3438 :

2288 3475 2433 3529 Sicut
2459 3474 2616 3528 Pater
2646 3476 2790 3528 habet
2816 3477 2966 3528 vitam
3005 3478 3058 3528 iu
3083 3477 3370 3543 semetipso,
3403 3477 3471 3528 ita
3495 3478 3628 3528 dea’it
3655 3489 3703 3531 et
3739 3477 3880 3532 Filio

2286 3567 2437 3619 vitam
2467 3567 2646 3621 habere
2674 3569 2722 3620 iu
2753 3569 3018 3637 semetipso
3064 3568 3135 3635 (v.
3171 3567 3245 3635 7).
3275 3568 3409 3633 Quid
3450 3572 3612 3637 ergo?
3661 3572 3878 3635 pt’ittattc

2285 3655 2457 3724 ipsum
2485 3658 2683 3726 genuit,
2727 3671 2789 3710 ac
2819 3657 3012 3711 deinde
3057 3658 3214 3714 \itatu
3240 3658 3419 3712 dedit?
3459 3658 3556 3724 Qui
3587 3657 3677 3711 dat
3703 3675 3873 3722 cnnn,

2283 3747 2491 3800 cuidam
2515 3749 2790 3802 exsistenti
2820 3749 2926 3802 dat.
2960 3748 3172 3817 Ergone
3203 3749 3411 3816 genitus
3432 3743 3546 3802 erat
3581 3749 3696 3803 sine
3727 3751 3877 3803 vita?

2288 3836 2478 3890 Verum
2513 3837 2612 3891 hoc
2659 3854 2723 3892 ne
2774 3839 3045 3892 da-moncs
3074 3839 3288 3907 quidem
3318 3840 3654 3908 suspicentur
3682 3858 3695 3892 :
3728 3842 3875 3894 mul-

2284 3939 2387 3983 tam
2418 3933 2614 3999 quippe
2660 3931 2817 3984 habet
2869 3932 3126 3985 insaniam
3179 3948 3298 3984 cum
3346 3933 3616 4001 impietate
3643 3933 3876 4000 conjun-

2279 4031 2439 4073 ctatu.
2471 4022 2930 4088 Quemadmodum
2964 4039 3091 4089 ergo
3123 4021 3274 4087 illtul,
3329 4021 3477 4075 Dedit
3518 4024 3692 4085 vitam,
3725 4023 3872 4078 idetn

2278 4120 2360 4164 est
2380 4110 2542 4180 quod,
2572 4109 2766 4165 Cenuit
2793 4113 2963 4179 ipsum
2993 4113 3185 4164 vitam:
3210 4112 3307 4174 sic,
3341 4110 3788 4182 Detlitjudicium,
3814 4117 3866 4169 id

2276 4212 2376 4266 est,
2427 4202 2597 4272 Ipsum
2625 4202 2859 4271 judicent
2890 4203 3088 4272 genuit.
3124 4203 3335 4258 Etenim
3379 4219 3446 4258 ne
3471 4206 3694 4259 audiens
3723 4209 3871 4275 quod

2278 4294 2388 4363 ipse
2410 4295 2620 4348 Patrem
2644 4310 2858 4347 causam
2880 4294 3145 4358 habuerit,
3171 4294 3533 4349 diversitatem
3551 4296 3870 4353 substantias

2276 4399 2449 4457 pntes,
2474 4388 2838 4456 honoremque
2860 4387 3144 4451 minorem,
3175 4388 3286 4454 ipse
3308 4388 3450 4441 venit
3473 4395 3523 4442 te
3545 4387 3867 4456 judicatum,

2278 4478 2400 4530 hinc
2426 4477 2784 4545 aequalitatem
2805 4476 2825 4506 ³
2851 4477 3156 4530 ostendens.
3183 4476 3281 4543 Qui
3305 4477 3447 4530 enim
3475 4491 3610 4546 quos
3631 4479 3744 4532 vult
3772 4495 3867 4547 pu~

2278 4568 2454 4622 nieudi
2485 4579 2539 4622 et
2569 4568 2864 4622 honorandi
2914 4577 3230 4636 potestatem
3278 4567 3457 4631 habet,
3509 4569 3695 4623 eadem
3744 4586 3870 4637 qua:

2275 4659 2434 4713 Pater
2460 4669 2653 4728 potest.
2688 4659 2796 4713 Nisi
2845 4661 2987 4714 enim
3037 4658 3138 4712 hoc
3164 4669 3327 4723 esset,
3362 4659 3456 4713 sed
3487 4669 3668 4728 postea
3699 4676 3870 4729 quam

2272 4755 2482 4820 genitus
2513 4751 2682 4804 fuerat
2713 4752 2967 4805 honorem
2999 4751 3310 4818 accepisset.
3340 4765 3460 4820 qua:
3485 4765 3644 4805 causa
3678 4751 3778 4804 fuit
3811 4762 3872 4805 nt

2274 4845 2385 4912 ipse
2412 4843 2674 4912 posterior
2705 4842 3091 4896 houoraretur?
3116 4857 3221 4911 quo
3252 4851 3406 4910 pacto
3434 4841 3502 4896 ita
3535 4839 3782 4910 profecit,
3811 4855 3870 4896 nt

2275 4936 2412 4989 hanc
2433 4934 2741 5003 dignitatem
2770 4933 3069 5000 acciperet?
3095 4931 3208 4985 Non
3249 4931 3562 4987 erubescitis
3606 4932 3734 4985 dum
3765 4933 3868 4986 im-

2273 5027 2483 5081 mortali
2514 5027 2824 5094 nullumque
2851 5035 3192 5095 augmentum
3223 5025 3502 5096 accipienti
3531 5034 3734 5079 natura:
3765 5027 3868 5078 lut-

2273 5134 2425 5172 mana
2457 5127 2511 5173 et
2539 5129 2642 5172 tant
2676 5117 2795 5171 \ilia
2831 5117 3174 5172 adscribitis?
3203 5117 3309 5171 Cur
3337 5133 3486 5189 ergo,
3527 5119 3760 5187 inquies,
3792 5120 3864 5172 ita

2273 5210 2538 5279 loquitur?
2566 5209 2633 5264 Ut
2658 5209 2796 5264 dicta
2823 5209 3025 5262 facilius
3048 5211 3356 5274 credantur,
3379 5217 3432 5263 et
3457 5209 3522 5262 ad
3545 5208 3864 5264 sublimiora

2271 5301 2410 5355 viam
2439 5311 2617 5369 paret;
2648 5300 2766 5354 ideo
2795 5308 3020 5369 utraque
3037 5300 3363 5353 connniscet.
3389 5299 3706 5354 Videautem
3725 5316 3866 5369 quo-

2271 5393 2466 5448 modo:
2499 5408 2618 5446 nam
2649 5408 2678 5446 e
2707 5408 2766 5446 re
2812 5392 2970 5445 fuerit
3016 5390 3130 5444 hare
3159 5407 3188 5444 a
3235 5391 3494 5460 principio
3540 5392 3858 5448 observare.

2333 5554 2347 5584 ¹
2381 5551 2473 5619 ιΑΙίί
2497 5552 2671 5612 legunt
2695 5563 2708 5599 ι
2733 5549 2852 5619 Quid
2869 5547 2992 5611 quiut
3016 5545 3428 5619 beneﬁcio'nnecti
3445 5547 3717 5619 hami-tes...
3749 5585 3782 5597 ..
3813 5560 3863 5598 ut

2269 5613 2523 5676 castigati,
2546 5608 2568 5676 ᾇ
2588 5625 2724 5661 omne
2737 5608 2980 5676 judicium
3019 5608 3153 5676 dedit
3181 5608 3320 5676 Filio,
3345 5627 3366 5652 υ
3399 5611 3554 5670 inquit
3579 5643 3594 5664 .
3618 5616 3668 5656 ut
3703 5621 3861 5661 metr.»

2268 5670 2437 5725 sttitan
2461 5674 2523 5722 tul
2550 5670 2776 5722 honorem
2799 5670 2890 5721 siti
2913 5671 3164 5731 ferendum
3189 5670 3417 5718 traheret.

2333 5740 2353 5768 ³
2386 5736 2584 5795 Quidam
2618 5735 2824 5796 legunt,
2847 5730 2958 5781 nam
2991 5731 3227 5794 quidquid
3261 5740 3329 5780 est
3357 5730 3540 5784 Patris,
3568 5731 3655 5781 hoc
3675 5739 3722 5780 et
3759 5739 3870 5787 trito

2268 5807 2352 5891 mi
2382 5859 2461 5908 Αιεί
2498 5857 2688 5921 legum,
2713 5853 3021 5911 nobilitatem,
3044 5868 3146 5917 pro,
3171 5853 3510 5914 a'qttalitalem.
