4102 6482
1795 325 1840 360 /

643 476 745 529 ἃλὶῦ

643 601 897 650 att-lnam,
936 578 1246 652 subjungit:
1281 574 1342 628 Et
1388 577 1438 627 in
1481 569 1734 644 judicium
1785 579 1884 617 non
1922 558 2071 621 venit,
2123 553 2209 608 sed

642 677 840 730 transiit
867 691 896 726 a
919 646 1074 726 morie
1095 646 1152 722 in
1174 668 1342 722 vitam.
1374 663 1466 718 llis
1492 659 1697 716 duobus
1718 654 1815 710 sibi
1845 652 1999 706 iidem
2031 646 2211 702 conci-

643 771 756 833 liat,
787 777 839 821 et
869 763 1006 832 quod
1036 759 1180 816 Patri
1203 754 1524 813 credendum
1555 751 1777 812 diceret,
1809 754 1862 800 et
1887 741 2025 814 quod
2057 740 2210 794 obse-

640 829 821 928 quenti
849 829 1011 909 multa
1037 851 1171 906 bona
1213 848 1567 919 polliceretur.
1601 839 1728 893 Illud
1759 844 1957 899 autem,
1985 831 2050 885 In
2068 829 2213 900 judi-

641 927 772 1001 cium
811 961 912 999 non
939 943 1090 1008 venit,
1131 940 1182 995 id
1226 945 1328 1002 est,
1367 950 1472 991 non
1504 932 1734 1003 punitur.
1776 927 1995 982 Mortem
2036 933 2209 975 autem

642 1054 746 1092 non
777 1036 933 1100 banc,
963 1032 1058 1088 sed
1095 1042 1347 1086 arteruam
1377 1025 1537 1087 dicit;
1564 1030 1624 1077 ut
1666 1030 1720 1075 et
1756 1019 1916 1072 vitam
1955 1015 2080 1068 dicit
2109 1013 2210 1065 im-

642 1126 941 1181 mortalem.
969 1123 1058 1178 2‘5.
1092 1121 1271 1183 Amen,
1303 1131 1446 1168 amen
1485 1113 1598 1167 dico
1623 1109 1780 1172 vobis,
1813 1107 1944 1161 venit
1990 1105 2132 1163 hora,
2166 1111 2212 1154 et

641 1232 774 1269 nunc
800 1226 891 1279 est,
926 1227 1036 1266 cunt
1079 1207 1266 1262 mortui
1311 1203 1517 1258 audient
1546 1217 1712 1254 vocem
1743 1197 1868 1250 Filii
1898 1193 2131 1254 hominis,
2166 1201 2213 1244 et

640 1308 725 1375 qui
753 1302 1018 1366 audierint,
1046 1300 1225 1352 vivent.
1251 1293 1512 1364 Operibus
1539 1292 1664 1359 ipsis
1692 1288 1851 1342 verba
1878 1281 2209 1352 comprobat.

642 1373 769 1450 Nam
796 1409 915 1449 cum
941 1391 1179 1452 dixisset,
1201 1386 1344 1442 Sicut
1367 1383 1518 1437 Pater
1539 1381 1747 1435 suscitat
1774 1386 1995 1431 mortuos
2025 1385 2071 1428 et
2093 1373 2215 1426 vivi-

640 1487 775 1553 ﬂeat,
818 1483 888 1536 sic
920 1489 967 1535 et
1007 1479 1175 1532 Filius
1215 1493 1340 1547 quos
1378 1474 1482 1528 vult
1515 1471 1754 1541 viviﬁcat,
1798 1484 1863 1523 ne
1905 1467 2214 1521 viderentur

641 1577 754 1629 inec
779 1590 842 1630 ex
883 1573 1135 1642 jactautia
1174 1578 1229 1626 et
1266 1567 1404 1622 l'astu
1453 1566 1593 1620 dicta
1637 1564 1817 1629 fuisse,
1860 1576 1923 1616 ex
1965 1560 2214 1628 operibus

643 1683 753 1724 rem
782 1666 1125 1729 demonstrat,
1167 1677 1286 1718 cum
1323 1660 1472 1725 dicit,
1525 1657 1670 1711 Venit
1703 1657 1848 1709 hora.
1903 1652 2104 1707 Deinde
2145 1666 2213 1704 ne

642 1769 793 1828 putes
823 1759 911 1813 diu
955 1753 1364 1826 exspectandum
1409 1764 1548 1813 esse,
1589 1749 1789 1818 adjicit,
1843 1745 1908 1799 Et
1955 1760 2089 1797 nunc
2116 1753 2208 1806 est,

641 1866 753 1903 cum
783 1848 968 1901 mortui
1005 1846 1210 1900 audient
1249 1858 1415 1896 vocem
1445 1838 1571 1893 Filii
1603 1838 1719 1905 Dei,
1748 1847 1794 1892 et
1818 1837 1902 1906 qui
1939 1835 2211 1899 audierint,

638 1946 817 1993 vivent.
862 1937 1044 1993 V'idcn'
1080 1935 1167 1990 hic
1207 1932 1574 1988 auctoritatem
1611 1937 1666 1985 et
1694 1917 1984 1998 potentiam
2029 1924 2214 1979 inetia-

641 2032 780 2087 l-ilen
815 2030 837 2083 ‘t
863 2025 1315 2098 Quemadmodum
1347 2023 1488 2080 enim
1525 2021 1576 2076 in
1607 2019 2022 2081 resnrrectioue,
2051 2016 2127 2070 sic
2162 2024 2216 2069 et

643 2135 781 2175 nunc
801 2121 922 2186 erit,
951 2117 1113 2187 inquit
1184 2115 1316 2169 Nam
1358 2121 1484 2168 tunc
1511 2109 1687 2166 audita
1719 2108 2028 2178 imperantis
2064 2117 2211 2169 voce,

642 2223 1009 2280 resurgcmus;
1041 2207 1106 2262 In
1132 2209 1280 2277 jussu
1304 2203 1401 2258 Dei
1428 2207 1444 2236 ⁸
1466 2243 1480 2268 ,
1511 2201 1700 2272 inquit,
1732 2199 1918 2253 mortui
1959 2204 2214 2266 resurgant

640 2306 718 2370 (i.
741 2301 783 2355 T
800 2304 918 2354 'ess.
941 2300 994 2353 4.
1025 2298 1134 2370 lli).
1164 2298 1230 2352 Et
1266 2293 1425 2360 unde,
1459 2291 1683 2362 inquies,
1711 2296 1919 2343 constat
1948 2285 2075 2341 illud
2108 2299 2212 2339 non

639 2409 704 2447 ex
749 2392 884 2446 fastu
927 2390 1125 2446 dictum
1174 2387 1330 2442 esse?
1358 2385 1436 2440 Ex
1459 2398 1525 2439 eo
1549 2380 1691 2452 quod
1717 2379 1948 2442 additur,
1982 2376 2047 2430 Et
2083 2392 2214 2429 nunc

639 2496 731 2540 est.
753 2484 882 2538 Nam
905 2482 948 2538 si
971 2483 1141 2536 futura
1166 2489 1365 2534 tantum
1387 2476 1673 2541 nuntiaret,
1694 2471 1817 2526 hinc
1837 2470 1966 2540 ipsis
1982 2469 2215 2537 suspicio

639 2586 758 2631 orta
797 2583 958 2630 esset.
997 2572 1112 2627 Jam
1153 2585 1280 2625 vero
1316 2568 1394 2624 rei
1431 2563 1942 2622 demonstrationem
1988 2557 2210 2630 praebet.

640 2667 743 2732 tle,
775 2667 962 2736 inquit,
1012 2665 1286 2720 vobiscum
1338 2667 1583 2716 versante
1627 2657 1730 2712 hoc
1770 2653 2000 2711 eveniet.
2036 2651 2217 2720 Neque

632 2760 804 2824 enim,
860 2759 957 2812 nisi
1002 2765 1317 2828 potestatem
1364 2752 1656 2816 habuisset,
1707 2749 1810 2802 hoc
1862 2745 2217 2817 promissurus

641 2860 774 2914 erat,
827 2865 896 2904 ue
937 2847 1192 2904 ridiculus
1219 2845 1469 2902 omnibus
1495 2849 1658 2899 esset.
1704 2838 1906 2895 Deinde
1940 2837 2077 2892 dicta
2121 2847 2215 2888 sua

639 2941 870 3010 explicat
886 2939 969 2994 his
994 2936 1300 2993 verbisz26.
1329 2936 1477 2990 Sicut
1497 2934 1628 2987 enim
1651 2930 1807 2984 Pater
1831 2929 1976 2982 habet
1996 2930 2145 2980 vitam
2163 2927 2214 2978 in

640 3031 925 3098 semetipso,
949 3029 1020 3082 sic
1049 3029 1183 3081 dedit
1219 3035 1265 3081 et
1293 3024 1428 3079 Filio
1457 3024 1606 3078 vitant
1638 3021 1818 3075 habere
1844 3021 1898 3073 in
1925 3018 2210 3086 semetipso.

715 3125 766 3178 5.
787 3122 956 3176 Patris
981 3131 1026 3174 et
1061 3119 1182 3174 Filii
1207 3113 1537 3188 inqualitas”!
1541 3114 1782 3179 udicium,
1800 3114 1969 3175 vitam,
1990 3126 2212 3163 resurre-

639 3217 854 3269 ctionem
869 3230 960 3267 cur
972 3212 1200 3267 Christus
1218 3226 1348 3280 sirpe
1369 3214 1625 3262 memoret.
1646 3204 1840 3258 Paulus
1857 3202 2216 3257 Samosatcnus

639 3305 887 3377 quatuodo
908 3305 1060 3376 legat.
1093 3302 1219 3370 Quis
1246 3302 1308 3356 sit
1330 3316 1474 3355 verus
1499 3297 1697 3368 legendi
1723 3294 2012 3349 modus.—
2031 3292 2213 3348 Viden'

639 3396 906 3469 quomodo
935 3395 1292 3464 :nqualitatem
1327 3391 1592 3451 stabiliat.
1618 3397 1671 3444 et
1696 3387 1834 3442 hanc
1862 3387 2028 3441 solam
2056 3384 2213 3439 dilic-

642 3491 868 3545 rentiatn
909 3497 1142 3552 statuat,
1169 3483 1307 3555 quod
1338 3497 1476 3538 unus
1515 3481 1583 3536 sit
1630 3480 1788 3534 Pater
1808 3520 1822 3543 ,
1851 3478 1983 3532 alter
2010 3475 2214 3531 Filius?

640 3584 771 3638 Nam
801 3597 898 3636 vox
923 3581 1031 3646 illa,
1065 3578 1238 3644 Dedit,
1269 3576 1405 3630 hanc
1434 3574 1603 3630 solum
1633 3571 2031 3627 distinctionem
2057 3567 2212 3623 indu-

642 3675 747 3732 sit:
773 3683 962 3727 cattera
993 3686 1119 3725 vero
1159 3669 1336 3724 omnia
1379 3664 1600 3736 :nqualia
1630 3671 1684 3719 et
1710 3663 1856 3734 paria
1882 3676 2002 3716 esse
2028 3668 2208 3714 osteuv

646 3764 735 3824 Iit.
767 3760 918 3816 Unde
944 3762 1107 3831 liquet
1135 3773 1255 3813 eum
1287 3771 1408 3812 cum
1436 3754 1622 3810 eadem
1652 3761 1910 3823 potestate
1935 3761 1989 3805 et
2020 3750 2214 3803 virtute

639 3854 814 3907 omnia
843 3851 1032 3914 facere,
1063 3864 1164 3920 qua
1193 3849 1366 3910 Pater,
1397 3859 1497 3901 nec
1525 3843 1736 3899 aliunde
1766 3844 1868 3897 vim
1899 3841 2040 3895 illam
2097 3856 2213 3894 mu-

640 3953 835 3998 tuatns.
864 3941 937 3996 Ita
963 3943 1102 3996 enim
1128 3940 1286 3994 vitam
1317 3937 1495 4004 habet,
1527 3944 1584 3991 ut
1627 3935 1801 3990 Pater.
1836 3932 2066 4003 Ideoque
2093 3948 2214 3985 rur-

639 4051 732 4089 sus
759 4033 940 4102 adjicit
968 4031 1018 4086 id
1045 4029 1185 4099 quod
1214 4029 1453 4100 sequitur
1477 4068 1492 4093 ,
1524 4035 1582 4081 ut
1619 4041 1685 4081 ex
1727 4025 1826 4079 hoc
1857 4023 1983 4078 illud
2016 4022 2213 4076 intelli-

639 4139 845 4195 gamus.
871 4122 1006 4190 Quid
1029 4120 1158 4176 illud
1180 4120 1294 4176 est?
1325 4118 1390 4172 Et
1420 4126 1711 4188 potestatein
1733 4115 1867 4169 dedit
1890 4115 1936 4170 ei
1955 4115 2211 4184 judicium

639 4220 824 4286 facere.
857 4215 922 4269 Et
948 4228 1044 4269 cur
1085 4211 1526 4266 resurrectionem
1566 4217 1620 4262 ct
1654 4207 1913 4277 judicium
1956 4215 2061 4259 tam
2107 4205 2212 4258 frc-

640 4316 863 4376 quentcr
889 4301 1180 4358 memorat?
1209 4299 1354 4355 Sicut
1392 4299 1525 4352 enim
1559 4297 1718 4352 Pater
1755 4298 1961 4351 suscitat
1992 4305 2214 4348 mortuos

644 4412 688 4450 ct
714 4397 951 4464 vivificat,
978 4395 1050 4449 sic
1079 4403 1126 4446 et
1155 4391 1321 4445 Filius
1341 4406 1466 4459 quos
1493 4390 1592 4443 vult
1620 4389 1860 4455 vivificat;
1890 4395 1944 4441 et
1969 4401 2176 4440 rursum
2200 4425 2213 4446 ,

643 4487 822 4558 Neque
843 4487 998 4541 Pater
1013 4484 1212 4556 judicat
1234 4496 1553 4552 quamquam,
1576 4479 1662 4534 sed
1691 4495 1837 4532 omne
1854 4477 2110 4548 judicium
2139 4477 2218 4529 de-

641 4581 718 4633 dit
751 4579 921 4644 Filio;
949 4577 1082 4632 iteru
1107 4591 1272 4645 nque,
1301 4573 1446 4628 Sicut
1483 4571 1638 4626 Pater
1673 4571 1819 4624 habet
1869 4570 2020 4623 vitam
2057 4569 2110 4622 in
2142 4585 2218 4621 se-

642 4672 872 4743 metipso,
896 4671 966 4723 ita
986 4669 1123 4722 dedit
1148 4677 1193 4720 et
1216 4664 1349 4720 Filio
1369 4664 1522 4719 vitam
1549 4664 1727 4716 habere
1751 4663 1804 4715 in
1828 4661 2113 4729 semetipso;
2140 4668 2212 4724 et,

646 4763 747 4830 Qui
775 4763 979 4815 audient
1009 4774 1176 4813 vocent
1207 4755 1331 4810 Filii
1361 4754 1474 4821 Dei,
1505 4755 1698 4816 vivent;
1724 4764 1778 4806 et
1806 4753 1907 4807 hoc
1937 4754 2082 4814 loco,
2117 4749 2217 4804 Po-

646 4865 868 4909 testatem
891 4852 935 4906 ei
967 4851 1103 4904 dedit
1129 4858 1172 4902 et
1193 4848 1443 4917 judicium
1472 4850 1655 4916 facere.
1685 4843 1792 4899 Cur
1811 4859 1939 4913 ergo
1973 4842 2085 4897 ιιωο
2107 4840 2219 4896 ire-

645 4944 893 5014 quentius
919 4949 1119 5005 versat,
1149 4953 1338 5009 nempe
1360 4937 1635 5006 judicium,
1664 4936 1847 4999 vitam,
1877 4936 2217 4988 resurrectio-

646 5035 806 5091 nem?
834 5032 1094 5100 Quoniam
1124 5030 1237 5084 lucc
1257 5029 1484 5083 maxime
1504 5037 1626 5081 sunt
1646 5042 1764 5096 quae
1787 5026 1865 5080 vel
1893 5025 2219 5080 obstinatum

644 5125 939 5180 auditorem
969 5121 1182 5176 ﬂectere
1213 5120 1433 5189 possint.
1461 5117 1562 5184 Qui
1590 5117 1729 5171 enim
1757 5116 1927 5172 credit
1955 5129 2014 5169 se
2042 5129 2220 5168 resur-

646 5226 912 5271 recturum
937 5227 1078 5276 esse,
1101 5221 1155 5267 et
1181 5210 1441 5265 scelerum
1473 5223 1655 5277 pinnas
1670 5208 1913 5261 daturum
1941 5224 1956 5271 ;
1980 5207 2079 5260 etsi
2115 5221 2219 5259 non

645 5304 788 5360 aliud
813 5303 1001 5359 viderit
1025 5303 1258 5373 signum,
1293 5300 1393 5353 hoc
1423 5308 1644 5368 accepto
1674 5305 1915 5351 accurret
1940 5295 2078 5349 haud
2124 5295 2224 5348 du-

647 5398 758 5462 bie,
789 5403 845 5448 ut
873 5393 1157 5462 propitium
1185 5393 1286 5447 sibi
1311 5391 1546 5460 judicent
1581 5388 1787 5444 reddat.
1828 5387 1916 5440 27.
1951 5387 2083 5452 Quia
2125 5386 2222 5439 Fi-

648 5490 746 5540 lius
772 5484 987 5539 hominis
1012 5495 1104 5538 est.
1129 5483 1218 5538 28.
1243 5484 1395 5536 nolite
1419 5483 1511 5535 hoc
1533 5480 1798 5533 admirari.
1830 5479 2019 5532 Paulus
2039 5476 2224 5532 Samo-

650 5588 864 5631 satenus
885 5590 988 5630 non
1007 5575 1082 5629 sic
1101 5573 1254 5643 legit;
1279 5571 1371 5628 sed
1388 5571 1686 5642 quomodo?
1699 5569 1851 5624 Dedit
1869 5571 1912 5624 ci
1933 5578 2224 5639 potestatem

649 5671 896 5740 judicium
940 5668 1104 5736 facere
1123 5708 1138 5731 ,
1168 5667 1287 5736 quia
1315 5663 1484 5719 Filius
1513 5665 1727 5718 hominis
1755 5673 1844 5718 est.
1885 5662 2082 5717 Verum
2126 5661 2225 5716 hoc

653 5762 721 5816 ita
765 5761 955 5815 lectum
985 5760 1182 5814 nullam
1223 5758 1380 5814 habet
1404 5757 1899 5827 consequutiouem.
1929 5755 2047 5812 Non
2083 5756 2224 5812 enim

719 5877 732 5904 ι
779 5870 854 5920 alii
879 5872 1047 5935 legunt
1075 5886 1085 5918 :
1118 5880 1166 5919 tn
1179 5870 1323 5933 jussu
1342 5869 1447 5932 Dei,
1491 5870 1540 5919 in
1563 5869 1811 5920 norissiouz
1835 5868 1963 5921 tuba.

1359 460 1413 516 S.
1453 454 1728 516 JOANNIS
1751 440 2216 505 CIIRYSUSTUMI
2259 434 2571 493 ABCIIIEP.
2611 423 3139 486 CONSTANTII‘UP.

3793 416 3896 471 22S

2319 569 2436 625 ideo
2450 564 2706 636 judicium
2719 560 2946 629 accepit,
2962 556 3084 628 quia
3100 554 3261 611 homo
3276 561 3355 608 est
3377 551 3637 621 :aboquin
3659 547 3785 620 quid
3806 550 3898 602 im-

2319 657 2522 729 pediret
2548 653 2831 725 quominus
2850 664 3038 704 omnes
3062 644 3303 702 homines
3322 643 3527 712 judiees
3550 640 3773 696 essent?
3802 638 3895 690 sed

2317 750 2440 820 quia
2471 745 2748 802 inellabilis
2775 743 2915 796 illius
2937 738 3247 794 substantiae
3272 736 3436 792 Filius
3458 744 3562 796 est.
3589 733 3709 788 ideo
3730 730 3895 802 judcx

2317 847 2420 894 est.
2451 837 2523 892 lta
2553 837 2708 906 igitur
2738 831 3037 904 legendum,
3069 830 3202 898 Quia
3233 827 3398 882 Filius
3427 826 3645 881 hominis
3670 835 3764 888 est,
3796 840 3897 877 no-

2319 929 2404 983 lite
2424 929 2514 982 hoc
2535 926 2793 980 admirari.
2829 923 2958 980 Cum
2996 922 3264 976 videretur
3293 919 3622 974 auditoribus
3651 932 3898 987 pugnau-

2320 1021 2390 1073 tia
2433 1017 2614 1088 loqui,
2647 1025 2700 1070 et
2729 1015 2857 1070 nihil
2886 1013 3028 1067 aliud
3068 1026 3224 1082 quam
3259 1025 3446 1079 purum
3474 1009 3744 1062 hominem
3774 1021 3899 1061 esse

2319 1110 2461 1165 illum
2491 1115 2755 1179 putarent,
2785 1103 2942 1159 verba
2965 1111 3141 1159 autem
3167 1117 3322 1170 supra
3348 1101 3638 1164 hominem,
3669 1098 3779 1153 imo
3805 1114 3902 1151 su-

2319 1217 2410 1272 pra
2435 1200 2651 1271 angelos
2675 1204 2875 1263 esseut,
2903 1206 2957 1250 et
2985 1194 3150 1250 solius
3182 1195 3310 1254 Dei;
3338 1194 3473 1246 hanc
3511 1192 3723 1245 SUlVCﬂS
3747 1189 3900 1256 objeo

2318 1292 2549 1346 ctionem
2595 1287 2918 1358 subjunxit:
2963 1284 3134 1339 Nolite
3173 1284 3346 1337 mirari
3393 1283 3487 1337 hoc
3515 1324 3530 1349 ,
3571 1282 3687 1347 quia
3730 1277 3902 1332 Filius

2318 1380 2534 1433 hominis
2563 1388 2633 1433 est
2662 1397 2682 1433 :
2706 1379 2824 1447 quia
2845 1379 2974 1431 venit
3001 1377 3146 1441 hora,
3174 1377 3226 1430 in
3251 1391 3351 1446 qua
3376 1391 3566 1439 omnes,
3593 1375 3681 1443 qui
3711 1372 3762 1425 in
3790 1387 3904 1422 mo-

2318 1473 2563 1526 numentis
2587 1481 2723 1536 sunt,
2754 1470 2958 1524 audient
2982 1485 3148 1523 vocent
3179 1470 3309 1539 ejus;
3337 1467 3426 1523 29.
3453 1475 3497 1522 et
3524 1465 3792 1535 precedent
3815 1467 3905 1534 qni

2320 1566 2446 1617 bona
2474 1566 2733 1633 fecerunt,
2761 1564 2813 1615 in
2842 1562 3254 1616 resurrectionem
3297 1561 3408 1614 vitae
3434 1575 3452 1614 :
3480 1560 3566 1630 qui
3608 1575 3724 1612 vero
3765 1563 3902 1610 main

2317 1666 2520 1725 egerunt
2544 1697 2558 1720 ,
2589 1656 2641 1708 in
2665 1656 3079 1709 resurrectionem
3094 1652 3302 1721 judicii.
3339 1652 3406 1706 Et
3458 1666 3554 1706 cur
3585 1673 3592 1678 ·
3631 1667 3687 1704 ‘tt
3719 1649 3854 1704 dixit
3881 1691 3896 1712 ,

2317 1746 2487 1801 Nolite
2512 1744 2712 1811 mirari,
2741 1762 2860 1814 quau
2892 1744 3055 1797 Filius
3085 1742 3317 1797 hominis
3341 1743 3596 1797 est?nam
3623 1742 3782 1795 etiam
3817 1739 3904 1793 Fi-

2319 1839 2420 1894 lius
2460 1840 2552 1894 Dei
2593 1849 2714 1904 est;
2759 1838 2854 1893 sed
2897 1837 3343 1892 resurrectionem
3382 1835 3738 1890 memoravit?
3777 1831 3896 1887 Jam

2319 1932 2444 1986 illud
2489 1945 2647 2001 supra
2689 1939 2977 2000 posuerat,
3008 1927 3191 1982 dicens
3243 1945 3256 1981 :
3300 1926 3519 1980 Audierit
3561 1939 3728 1978 vocem
3775 1920 3902 1977 Filii

2319 2024 2435 2077 Dei.
2471 2022 2624 2090 Quod
2654 2023 2698 2077 si
2730 2022 2816 2076 hic
2853 2019 2982 2076 illud
3010 2019 3209 2082 tacuit,
3255 2033 3322 2072 ne
3360 2017 3590 2070 mireris.
3617 2013 3749 2068 Nam
3779 2027 3900 2068 cum

2318 2130 2449 2183 Opus
2480 2114 2673 2168 dixerit
2715 2112 2856 2183 quod
2883 2111 2991 2166 Deo
3015 2109 3285 2180 proprium
3311 2115 3458 2172 erat,
3493 2105 3618 2159 hinc
3660 2104 3898 2158 inferen—

2317 2205 2444 2259 dum
2485 2203 2816 2257 auditoribus
2855 2201 3141 2271 relinquit,
3173 2199 3344 2268 ipsum
3384 2209 3507 2251 esse
3556 2203 3610 2249 et
3644 2193 3816 2248 Deum
3842 2201 3902 2247 et

2321 2298 2411 2352 Dei
2442 2297 2652 2351 Filimn.
2685 2294 2815 2349 Nam
2841 2294 2884 2348 si
2911 2293 2962 2347 id
2985 2293 3289 2361 frequenter
3309 2289 3547 2354 dixisset,
3579 2285 3695 2342 illos
3723 2283 3792 2339 ad
3818 2299 3903 2340 rc-

2319 2386 2657 2457 pugnandum
2683 2386 3022 2448 concitasset;
3045 2398 3111 2437 ex
3134 2381 3402 2437 miraculis
3432 2395 3559 2434 vero
3585 2375 3872 2445 comproba
3891 2409 3904 2418 -

2320 2493 2428 2536 tum
2475 2482 2649 2535 minus
2692 2479 2929 2534 odiosam
2969 2475 3264 2531 doctrinam
3304 2471 3582 2527 reddebat.
3632 2468 3764 2523 Nam
3809 2469 3899 2537 qui

2320 2574 2658 2644 syllogismos
2680 2576 2900 2626 ueCtunt
2916 2609 2929 2632 ,
2953 2567 3135 2638 positis
3166 2562 3615 2635 pr0positionibus
3642 2575 3762 2628 quae
3785 2572 3899 2610 rem

2319 2663 2563 2733 probent,
2595 2676 2736 2730 sznpe
2764 2658 3158 2714 conclusionem
3190 2670 3296 2709 non
3323 2652 3573 2716 alterunt;
3609 2648 3702 2704 sed
3734 2650 3898 2701 bene-

2320 2753 2668 2807 volentiorem
2714 2751 2838 2804 hinc
2865 2749 2964 2802 sibi
2993 2747 3292 2801 auditorem
3329 2742 3592 2804 reddunt,
3625 2747 3679 2793 et
3719 2739 3902 2808 splen-

2318 2843 2578 2898 didiorem
2600 2841 2836 2896 referunt
2862 2838 3156 2902 victoriam,
3183 2838 3307 2890 dum
3333 2833 3693 2888 adversarium
3723 2832 3899 2899 ipsum

2317 2943 2514 3003 cogunt
2555 2932 2870 2987 sententiam
2911 2930 3051 2985 ferre
3097 2943 3253 2998 quam
3308 2925 3544 2981 volunt:
3580 2924 3648 2977 ita
3701 2933 3756 2976 ut
3805 2921 3897 2990 qui

2320 3038 2609 3096 prmscutes
2635 3034 2759 3079 sunt
2784 3024 2951 3094 ipsam
2981 3021 3102 3077 ideo
3126 3020 3308 3074 statim
3331 3017 3742 3088 amplectantur.
3763 3012 3897 3067 (Iuni

2319 3132 2476 3187 porro
2521 3116 2704 3170 Lazari
2749 3112 3195 3169 resurrectionem
3242 3107 3598 3172 memoravit,
3638 3103 3896 3174 judicium

2321 3209 2500 3274 tacuit;
2531 3223 2636 3262 non
2657 3206 2799 3260 enim
2827 3203 2926 3258 hac
2943 3201 3012 3258 de
3031 3215 3190 3257 causa
3220 3200 3504 3256 suscitatus
3521 3211 3601 3251 est
3624 3194 3859 3250 Lazarus
3882 3211 3894 3246 :

2317 3316 2438 3356 cum
2455 3307 2630 3354 autem
2647 3297 2715 3352 de
2740 3294 3024 3351 universali
3051 3291 3463 3352 resurrectione,
3489 3288 3539 3343 id
3561 3287 3773 3356 adjecit,
3799 3300 3898 3340 eos

2317 3394 2405 3464 qui
2429 3392 2563 3447 bona
2591 3398 2812 3461 egerunt
2839 3389 3004 3444 ituros
3032 3388 3084 3442 in
3114 3383 3565 3442 resurrectionem
3607 3381 3730 3435 vitm
3758 3396 3772 3444 ;
3805 3381 3894 3448 qui

2318 3499 2445 3539 vero
2470 3483 2603 3538 mala
2628 3522 2642 3548 ,
2672 3483 2725 3536 in
2753 3479 3201 3536 resurrectionem
3219 3475 3426 3546 judicii.
3459 3473 3548 3529 Sic
3573 3483 3628 3529 et
3654 3471 3899 3527 JOJIIIICS

2317 3577 2611 3632 auditorem
2639 3572 2922 3638 excitavit,
2949 3571 3201 3640 iudicium
3235 3582 3573 3632 memorans,
3615 3575 3669 3621 et
3710 3564 3900 3619 dicens

2317 3684 2438 3724 eum
2464 3669 2552 3738 qui
2583 3683 2689 3721 non
2715 3665 2886 3720 credit
2912 3664 2965 3718 iu
2990 3662 3182 3718 Filium
3202 3701 3218 3725 ,
3253 3675 3360 3715 non
3390 3661 3623 3714 visurum
3665 3672 3786 3712 esse
3817 3655 3900 3711 vi-

2320 3771 2423 3815 tam
2447 3801 2460 3824 ,
2486 3759 2578 3814 sed
2611 3760 2741 3814 iram
2765 3758 2856 3812 Dei
2885 3771 3188 3811 mansuram
3215 3769 3337 3810 esse
3365 3769 3528 3824 super
3552 3769 3672 3808 eum
3699 3750 3896 3824 (Joan.

2319 3853 2371 3909 5.
2402 3853 2512 3921 56).
2537 3851 2626 3905 Sic
2661 3860 2716 3906 et
2747 3848 3035 3904 Nicodemo
3060 3845 3192 3901 dixit
3223 3863 3237 3900 :
3267 3845 3368 3913 Qui
3394 3845 3553 3899 credit
3578 3844 3629 3898 in
3660 3843 3854 3897 Filium
3881 3885 3898 3908 ,

2318 3959 2416 3997 non
2451 3943 2719 4012 judicatur
2745 3957 2764 3995 .'
2791 3941 2876 4012 qui
2905 3950 3074 3994 autem
3113 3955 3215 3993 non
3262 3937 3420 3991 credit
3448 3978 3463 4003 ,
3485 3938 3598 4007 jam
3632 3936 3904 4006 judicatus

2319 4045 2392 4088 est
2417 4032 2579 4102 (Ibid.
2614 4034 2668 4089 ὅ.
2695 4030 2813 4103 l8).
2841 4031 2932 4087 Sic
2950 4030 3129 4087 ethoc
3152 4030 3270 4085 loco
3298 4038 3352 4084 et
3369 4027 3552 4099 judicii
3578 4037 3632 4082 et
3654 4027 3906 4097 supplicii

2319 4124 2594 4187 meminit,
2635 4122 2791 4178 malis
2826 4123 3032 4177 actibus
3070 4120 3333 4192 deputati.
3376 4120 3509 4186 Quia
3551 4119 3692 4174 enim
3737 4134 3903 4187 supra

2317 4214 2545 4276 dixerat,
2576 4213 2676 4280 Qui
2700 4212 2843 4267 audit
2870 4212 3016 4266 verba
3036 4227 3164 4276 mea,
3189 4222 3237 4266 et
3255 4211 3413 4266 credit
3442 4211 3486 4263 ei
3509 4211 3596 4280 qui
3619 4225 3695 4262 me
3722 4209 3861 4263 misit
3885 4251 3902 4274 ,

2320 4324 2419 4360 non
2434 4306 2695 4375 judicatur
2718 4323 2735 4358 :
2757 4321 2824 4359 ne
2844 4305 2963 4374 quis
2989 4314 3135 4373 putet
3155 4304 3255 4358 hoc
3273 4303 3339 4358 ad
3360 4303 3585 4358 salutem
3606 4304 3735 4358 satis
3756 4318 3902 4366 esse.

2322 4398 2443 4451 vita:
2469 4397 2730 4450 rationem
2755 4395 2921 4460 addit,
2956 4394 3054 4461 Qui
3080 4395 3212 4448 bona
3239 4404 3463 4465 egerunt,
3495 4395 3547 4447 in
3573 4399 3910 4448 resurrectio-

2324 4504 2435 4540 nem
2463 4487 2609 4550 vitoe;
2629 4487 2713 4554 qui
2732 4483 2888 4552 mala,
2911 4486 2962 4540 in
2991 4486 3404 4540 resurrectionem
3415 4485 3618 4555 judicii.
3636 4485 3908 4552 Quoniam

2324 4582 2483 4652 igitur
2510 4581 2720 4635 dixerat
2741 4588 2909 4635 totum
2939 4581 3122 4634 orbem
3151 4579 3250 4649 ipsi
3277 4582 3539 4634 rationem
3567 4579 3909 4635 redditurum

2322 4686 2442 4727 esse
2463 4713 2478 4737 ,
2515 4680 2571 4728 et
2596 4685 2783 4726 omnes
2803 4686 2833 4725 a
2861 4686 2993 4726 voce
3013 4672 3131 4739 ejus
3156 4684 3275 4726 esse
3315 4681 3707 4728 resurrectnros
3729 4714 3744 4737 ,
3786 4689 3908 4728 rem

2323 4774 2468 4818 certe
2511 4777 2701 4816 novam
2727 4803 2743 4827 ,
2788 4763 3238 4832 inexspectatum,
3283 4771 3338 4818 et
3380 4777 3410 4817 a
3457 4764 3638 4818 multis
3665 4764 3910 4820 nondum

2325 4853 2581 4908 creditam
2608 4896 2624 4919 ,
2658 4855 2726 4909 ab
2759 4854 2823 4908 iis
2858 4854 3018 4908 etiam
3056 4854 3146 4925 qui
3186 4853 3478 4909 credidisse
3501 4833 3780 4921 videntur,
3813 4874 3915 4913 nco

2326 4945 2450 4998 dum
2479 4959 2511 4998 a
2535 4944 2732 5000 iudicis
2761 4963 2774 5010 ;
2802 4944 2923 5000 audi
2953 4960 3058 5016 quo
3084 4953 3237 5015 pacto
3282 4945 3397 5000 hinc
3429 4947 3664 5013 proterat
3691 4948 3914 5001 audito-

2329 5050 2445 5088 rum
2477 5035 2766 5090 inﬁrmitati
2790 5049 2850 5090 se
2878 5043 3264 5106 attemperans.
3286 5036 3374 5091 30.
3412 5036 3532 5090 Non
3576 5054 3778 5106 possunt
3818 5058 3916 5111 ego

2329 5143 2360 5178 α
2398 5127 2584 5196 ineipso
2609 5131 2774 5198 facere
2800 5126 3091 5197 quidquam.
3122 5127 3266 5182 Sicut
3285 5129 3460 5194 audio,
3487 5130 3686 5199 judico,
3737 5143 3784 5185 et
3821 5136 3917 5202 jn-

2329 5219 2516 5270 diciunt
2548 5233 2710 5272 meum
2741 5219 2941 5286 justum
2968 5229 3043 5271 est
3066 5259 3082 5284 ,
3119 5219 3236 5287 quia
3263 5235 3362 5272 non
3385 5235 3556 5290 quaero
3598 5220 3917 5278 voluntatem

2331 5313 2512 5375 meam,
2533 5311 2620 5364 sed
2635 5308 2940 5364 voluntatem
2959 5310 3069 5380 ejus
3087 5311 3172 5380 qui
3194 5311 3326 5365 misit
3348 5328 3446 5366 me.
3469 5314 3629 5382 Atqui
3657 5329 3766 5369 non
3791 5333 3920 5385 par—

2331 5417 2453 5454 vum
2482 5401 2590 5469 jam
2635 5401 2856 5456 dederat
2901 5402 3312 5457 resurrectionis
3342 5413 3716 5473 argumentum
3743 5447 3758 5470 ,
3787 5423 3917 5463 eum

2332 5493 2678 5562 paralyticum
2728 5494 2954 5547 sanant.
3011 5491 3242 5561 Ideoque
3283 5507 3387 5548 non
3430 5505 3551 5549 ante
3577 5496 3644 5552 de
3671 5512 3931 5556 recurre-

2333 5585 2512 5638 ctione
2539 5584 2786 5653 loquutus
2815 5592 2918 5647 est,
2944 5599 3102 5652 quam
3131 5583 3234 5638 hoc
3257 5582 3494 5650 iecisset,
3519 5587 3659 5657 quod
3682 5603 3711 5641 a
3739 5604 3917 5644 resur-

2336 5677 2574 5730 rcctione
2603 5690 2708 5729 non
2735 5676 2964 5729 multum
2986 5675 3206 5730 aberat:
3231 5675 3492 5745 judicium
3519 5693 3646 5733 vero
3678 5691 3797 5748 post
3825 5699 3916 5737 cu-

2335 5776 2515 5832 ratum
2533 5781 2727 5836 corpus
2755 5764 3114 5821 subindicavit
3134 5766 3438 5837 itis-verbis,
3459 5767 3915 5844 :_E;cemm{a.

2337 5873 2442 5913 ctus
2469 5877 2551 5924 es;
2571 5860 2684 5930 jam
2721 5860 2825 5914 noli
2849 5875 3057 5929 peccare
3077 5901 3092 5925 ,
3117 5875 3180 5913 ue
3200 5861 3420 5915 deterius
3456 5862 3541 5914 tibi
3565 5863 3762 5930 aliquid
3789 5880 3914 5919 con-
