4084 6508
185 399 288 456 235

187 509 372 578 tingat.
411 507 675 560 Attamen
702 513 757 558 et
794 500 980 557 Lazari
1017 509 1073 556 et
1113 499 1257 556 orbis
1301 509 1561 555 terrarum
1594 513 1777 556 resur-

187 600 492 654 rectionem
528 593 789 665 prmdicit.
819 591 886 646 Et
911 591 1034 662 quia
1066 591 1227 646 hasce
1255 590 1389 648 duas
1431 590 1783 646 resurrectio-

190 708 281 746 nes
312 690 583 761 przcdixit
609 731 623 753 ,
656 687 840 744 Lazari
865 700 984 756 qua
1012 699 1135 740 mox
1182 684 1357 738 futura
1383 691 1499 739 erat
1517 725 1532 748 ,
1559 691 1611 739 et
1636 682 1782 738 orbis

185 796 454 838 tetrarum
473 779 571 834 diu
601 789 784 848 postea
810 777 1042 832 futuram
1068 792 1084 842 ;
1113 774 1298 830 Lazari
1324 774 1777 830 resurrectionem
1800 831 1802 842 ι

183 890 274 942 per
296 871 660 942 paralyticum
689 867 904 934 indicat,
926 865 1317 937 quamprimum
1345 863 1596 928 futuram,
1633 861 1780 918 Venit

181 966 304 1017 hora
325 974 375 1016 et
399 979 546 1016 nunc
567 970 638 1016 est
659 978 679 1028 ;
707 959 1061 1015 universalem
1090 964 1270 1011 autem
1289 970 1355 1011 ex
1384 954 1570 1010 Lazari
1600 968 1778 1009 resur-

183 1058 452 1122 rectione,
478 1071 580 1123 per
595 1069 656 1110 ea
683 1068 800 1123 qua:
827 1051 966 1105 facta
992 1050 1223 1115 fuerant,
1239 1049 1476 1103 nondum
1505 1056 1654 1118 gesta
1677 1045 1777 1102 sub

179 1151 364 1205 octtlos
391 1144 863 1214 addueens.Quod
888 1145 1059 1213 ipsum
1085 1143 1278 1213 ubique
1303 1141 1480 1197 facere
1500 1138 1772 1195 videmus;

176 1243 300 1295 dum
344 1241 490 1294 duas
520 1239 607 1292 vel
639 1247 746 1292 tres
775 1234 1148 1305 prcedictiones
1189 1231 1470 1303 proponit,
1499 1240 1556 1286 et
1599 1230 1774 1284 futura

175 1349 233 1387 ex
263 1330 435 1401 gestis
464 1325 746 1382 credibilia
778 1323 973 1380 reddit.

242 1444 296 1498 «ι.
330 1443 594 1496 Attamen
625 1438 709 1494 his
735 1436 890 1493 dictis
914 1445 1075 1506 atque
1109 1434 1275 1506 gestis
1295 1476 1310 1499 ,
1339 1434 1462 1504 quia
1489 1433 1568 1489 illi
1599 1433 1772 1488 imbe-

174 1535 454 1590 cilliores‘
526 1540 711 1595 erant,
774 1528 890 1584 lucc
931 1541 1036 1582 non
1079 1527 1208 1582 satis
1254 1525 1471 1591 habuit,
1512 1523 1606 1579 sed
1652 1523 1773 1578 aliis

175 1639 384 1694 quoque
410 1622 596 1676 allatis
619 1621 830 1676 illorum
850 1617 1194 1689 pertinaciam
1217 1619 1237 1648 '
1257 1617 1518 1686 reprimit,
1546 1615 1765 1670 dicens:

178 1715 290 1768 Non
323 1729 542 1784 possunt
573 1728 604 1764 a
630 1712 819 1778 mcipso
857 1713 1022 1780 facere
1058 1708 1355 1779 quidquam.
1401 1706 1546 1762 Sicut
1581 1706 1764 1769 audio,

175 1807 363 1877 judico,
397 1814 446 1858 et
483 1804 739 1876 judicium
778 1817 940 1858 meum
957 1801 1154 1871 justum
1191 1809 1286 1861 est,
1314 1799 1434 1868 quia
1461 1815 1560 1853 non
1599 1813 1771 1868 quarro

176 1897 483 1950 voluntatem
530 1912 726 1961 meum,
765 1895 856 1950 sed
883 1893 1190 1950 uoluntatem
1221 1892 1329 1966 ejus
1367 1891 1454 1964 qui
1489 1890 1623 1944 misit
1669 1906 1766 1944 me.

175 1987 302 2051 Quia
328 1987 478 2042 enim
510 1987 687 2041 aliena
710 1985 953 2055 quaedam
977 1994 1030 2040 et
1071 2000 1102 2038 a
1146 1983 1420 2055 prophetis
1448 1981 1654 2039 diversa
1680 1980 1767 2036 di-

174 2091 290 2132 cere
321 2077 612 2132 videbatur
651 2076 768 2148 (illi
807 2077 1001 2147 quippe
1028 2075 1278 2130 dicebant
1317 2075 1484 2130 Deum
1521 2088 1641 2131 esse
1676 2071 1764 2145 qui

175 2169 366 2236 judicat
393 2180 600 2224 terram
625 2183 860 2232 omnem,
890 2169 990 2223 hoc
1015 2177 1118 2232 est,
1146 2182 1312 2238 genus
1351 2166 1658 2222 humanum.
1699 2167 1766 2222 Et

176 2259 270 2314 hoc
298 2260 466 2315 David
499 2261 698 2332 ubique
725 2259 996 2330 praedicat,
1023 2259 1283 2313 Judicabit
1305 2265 1518 2329 populos
1537 2261 1589 2313 in
1606 2262 1764 2331 inqui-

178 2361 267 2406 tate
292 2349 481 2424 [Psat.
515 2353 611 2408 95.
641 2351 727 2426 10]
752 2369 766 2419 ;
795 2360 851 2407 et
874 2392 890 2419 ,
918 2350 1056 2406 Deus
1089 2352 1253 2424 judex
1281 2354 1487 2423 justus,
1528 2351 1674 2423 [ortis
1714 2361 1763 2407 ct

178 2443 360 2505 patiens
392 2441 580 2515 [Psul.
614 2444 667 2497 7.
705 2441 840 2515 12];
887 2442 1238 2510 similiterque
1271 2455 1459 2497 omnes
1487 2441 1762 2512 prophetae

173 2544 222 2586 et
247 2531 458 2605 bloyses
493 2553 508 2589 :
540 2534 783 2589 Christus
812 2549 936 2588 vero
963 2533 1195 2598 dicebat,
1227 2532 1385 2587 Pater
1408 2534 1654 2588 nenn'ncm
1670 2534 1762 2605 ju-

177 2626 336 2691 dicat,
361 2627 452 2680 sed
471 2627 729 2697 judicium
755 2627 893 2680 dedit
925 2624 1097 2690 Filio;
1137 2626 1266 2680 illud
1306 2639 1436 2681 vero
1463 2625 1760 2681 auditorem

175 2716 406 2773 Judaeum
467 2719 685 2774 turbare
734 2727 978 2788 poterat,
1043 2717 1404 2788 inducereque
1464 2726 1520 2771 ut
1574 2715 1759 2772 Jesum

181 2810 279 2863 Deo
302 2810 672 2866 adversarium
713 2809 1112 2879 suspicaretur)
1145 2823 1162 2864 :
1204 2808 1288 2862 hic
1313 2805 1599 2862 admodum
1637 2821 1760 2864 sese

175 2900 400 2966 dimittit,
425 2909 687 2970 quantum
712 2900 917 2954 scilicet
943 2897 1276 2954 imbecillitas
1315 2911 1501 2952 eorum
1525 2895 1758 2965 postula-

182 2990 278 3054 bat,
310 3001 366 3045 ut
391 2992 751 3060 perniciosam
786 2990 922 3044 hanc
949 2989 1304 3059 suiSpicioncm
1331 2987 1583 3045 radicitus
1607 2989 1754 3044 avel-

180 3080 319 3145 let‘ct,
347 3083 529 3151 aitque
551 3122 565 3146 ,
609 3081 719 3151 Ego
749 3098 846 3134 non
879 3097 1084 3148 possum
1123 3097 1156 3133 a
1184 3080 1374 3149 meipso
1415 3081 1582 3149 facere
1609 3080 1757 3150 quid-

179 3186 348 3237 quam;
375 3171 427 3225 id
457 3181 547 3227 est
569 3212 585 3238 ,
619 3170 759 3226 Nihil
789 3171 1018 3225 alienum
1039 3210 1055 3236 ,
1084 3170 1385 3237 diversum,
1426 3167 1569 3240 quod
1599 3169 1756 3225 Pater

181 3260 319 3324 nolit,
357 3276 386 3314 a
416 3277 504 3317 mc
533 3260 729 3316 factum
755 3261 1004 3315 videbitis
1024 3302 1040 3328 ,
1071 3261 1155 3315 vel
1184 3260 1382 3316 dictmn
1409 3260 1656 3315 audietis.
1688 3260 1755 3314 Et

180 3365 285 3402 cum
311 3352 454 3420 prius
480 3351 699 3416 dixerit,
726 3350 894 3406 Filius
919 3350 1154 3406 hominis
1181 3361 1301 3417 est,
1344 3351 1468 3421 quia
1510 3350 1582 3404 illi
1628 3365 1751 3405 eum

181 3453 352 3507 purum
377 3442 654 3496 hominem
682 3455 800 3496 esse
827 3424 1240 3506 arbitrabantur,
1273 3441 1392 3496 ideo
1419 3441 1508 3494 illa
1534 3440 1749 3509 adjecit.

181 3529 240 3584 lit
263 3547 385 3602 ergo
415 3549 583 3605 supra
608 3548 730 3589 cum
764 3533 1000 3601 diceret,
1043 3533 1194 3597 Quod
1231 3535 1546 3599 audivimus,
1591 3533 1752 3603 loqui-

180 3638 298 3688 mur,
329 3635 373 3678 et
397 3626 537 3695 quod
564 3626 802 3689 vidimus,
835 3635 1111 3689 testamur;
1139 3633 1194 3680 et
1224 3625 1477 3692 Joannes,
1508 3625 1659 3693 Quod
1680 3625 1752 3679 vi-

1129 389 1192 445 IN
1229 387 1544 454 JOANNEM
1581 387 1808 445 HOMIL.
1853 386 2096 444 XXXIX.
2137 391 2205 458 al.
2250 391 2535 448 XXXVIII.

3370 402 3488 460 216

1853 489 1864 503 ’
1894 515 1995 556 una
2026 511 2109 557 cst
2139 517 2256 559 mea
2282 513 2338 558 et
2367 501 2558 568 Patris,
2598 513 2656 560 ut
2695 506 2850 562 unius
2882 508 3044 564 animi
3086 511 3332 568 voluntas
3371 532 3474 573 una

1890 599 1992 646 est.
2019 589 2126 646 Nec
2155 591 2366 647 mireris
2391 592 2438 648 si
2465 603 2662 648 tantam
2696 594 2837 650 dicat
2861 599 3310 667 conjunctionem.
3342 602 3476 662 Nam

1887 678 1957 736 de
1984 680 2173 750 spiritu
2209 696 2422 753 quoque
2455 683 2644 740 eodem
2684 684 2878 742 Paulus
2915 688 3160 760 exemplo
3200 693 3366 749 utitur
3391 695 3478 752 di-

1887 785 2016 828 cens
2046 788 2060 825 :
2096 772 2224 841 Quis
2247 773 2342 827 scit
2369 773 2627 830 hominum
2656 792 2770 846 quia
2795 788 2913 833 sunt
2950 780 3167 854 hominis
3185 824 3203 852 ,
3242 785 3343 840 nisi
3365 787 3477 859 spi-

1885 862 2011 915 ritus
2039 862 2254 918 hominis
2277 864 2364 934 qui
2387 865 2440 919 in
2465 866 2577 935 ipso
2602 878 2674 922 est
2690 870 2716 923 Ρ
2741 868 2826 922 Ita
2851 879 2898 924 et
2924 886 3038 940 qua
3063 871 3157 928 Dei
3183 886 3302 930 sunt
3329 893 3477 934 nemo

1886 952 2039 1015 novit,
2068 953 2164 1006 nisi
2187 953 2412 1022 Spiritus
2431 955 2527 1010 Dei
2553 957 2626 1026 (i.
2653 957 2771 1014 Cor.
2797 959 2851 1013 2.
2884 961 2994 1028 Η).
3018 961 3160 1019 Nihil
3182 979 3309 1036 ergo
3329 968 3474 1025 aliud

1881 1057 2041 1112 quam
2070 1043 2170 1098 hoc
2195 1043 2324 1099 dicit
2356 1062 2370 1100 :
2403 1045 2518 1100 Non
2558 1057 2640 1102 est
2677 1047 2806 1103 mihi
2848 1050 3094 1108 voluntas
3129 1054 3232 1110 alia
3261 1065 3316 1112 et
3343 1073 3473 1129 pro-

1882 1131 1994 1200 pria
2025 1147 2184 1202 quam
2213 1150 2332 1204 qua:
2359 1135 2531 1192 Patris
2553 1145 2637 1192 est
2666 1155 2679 1191 :
2708 1139 2802 1194 sed
2831 1140 2876 1195 si
2904 1141 3030 1211 quid
3067 1143 3158 1200 ille
3186 1145 3328 1212 vult,
3371 1147 3474 1205 hoc

1879 1230 1934 1276 et
1957 1236 2057 1291 ego
2079 1223 2226 1288 volo;
2251 1225 2366 1278 etsi
2392 1224 2516 1295 quid
2540 1239 2661 1296 ego,
2684 1226 2787 1284 hoc
2808 1238 2863 1282 et
2883 1228 2988 1284 ille.
3011 1230 3471 1298 Quemadmodum

1879 1328 2008 1384 ergo
2035 1313 2246 1370 Patrem
2278 1331 2437 1372 nemo
2464 1317 2820 1387 reprehendet
2853 1320 3180 1389 judicantem
3201 1366 3217 1392 ,
3255 1326 3329 1381 ita
3370 1343 3472 1385 nec

1880 1418 1967 1459 me
1994 1420 2010 1458 ε
2041 1419 2110 1459 ex
2139 1404 2324 1460 eadem
2349 1406 2547 1477 quippe
2572 1410 2834 1464 sententia
2860 1420 3083 1483 uterque
3107 1414 3345 1472 calculus
3365 1419 3471 1474 fer-

1878 1499 1982 1548 tur.
2016 1493 2168 1562 Quod
2196 1496 2240 1548 si
2271 1495 2384 1552 haec
2409 1497 2497 1553 ille
2525 1499 2758 1554 humano
2797 1515 2947 1557 more
2973 1501 3240 1574 loquatur,
3269 1522 3338 1564 ne
3364 1510 3467 1565 ml-

1877 1584 2014 1639 reris
2059 1602 2074 1640 :
2122 1600 2243 1639 nam
2290 1585 2435 1642 illum
2481 1586 2751 1644 hominem
2793 1605 2983 1660 purum
3030 1607 3150 1649 esse
3189 1595 3466 1664 putabant.

1873 1672 2230 1742 Quamobrem
2254 1677 2305 1730 in
2328 1677 2592 1733 similibus
2611 1690 2825 1750 oportet
2850 1697 2954 1736 non
2981 1681 3122 1739 dicta
3147 1685 3342 1753 solum,
3371 1687 3468 1744 sed

1873 1772 1929 1818 et
1957 1767 2229 1820 hominum
2259 1767 2564 1838 opinionem
2593 1771 2947 1841 perpendere,
2979 1782 3032 1828 et
3060 1776 3466 1846 responsionem

1871 1858 2022 1928 quasi
2065 1859 2357 1915 secundum
2405 1861 2547 1917 illam
2585 1863 2892 1932 Opinionem
2936 1865 3115 1923 datam
3153 1853 3409 1940 'accipere
3448 1889 3464 1927 :

1871 1949 2106 2020 alioquin
2137 1951 2300 2006 multa
2326 1965 2681 2023 sequerentur
2704 1956 2956 2012 absurda.

1941 2037 2009 2094 In
2058 2039 2259 2096 Christo
2297 2045 2414 2097 dua
2441 2043 2722 2100 voluntates
2743 2087 2758 2110 ,
2810 2048 3085 2116 quomodo.
3108 2078 3181 2092 —
3202 2051 3463 2109 Animad-

1869 2140 2020 2188 verte
2042 2173 2058 2198 ,
2090 2146 2311 2201 quzcso;
2341 2132 2515 2200 dixit,
2549 2132 2672 2189 Non
2719 2151 2890 2207 quwro
2927 2137 3240 2195 voluntatem
3267 2159 3457 2198 meant.

1867 2223 2010 2296 Ergo
2038 2223 2140 2279 alia
2171 2232 2254 2278 est
2296 2223 2412 2293 ejus
2441 2225 2688 2280 voluntas
2711 2264 2729 2292 ,
2778 2235 2834 2282 et
2862 2226 3021 2298 longe
3059 2228 3321 2296 inferior;
3364 2248 3463 2288 nec

1867 2315 2027 2371 modo
2058 2313 2297 2386 inferior,
2330 2315 2426 2374 sed
2457 2317 2619 2371 etiam
2651 2331 2759 2373 non
2791 2326 2898 2374 tam
2927 2320 3093 2374 utilis.
3120 2320 3255 2377 Nam
3296 2323 3343 2379 si
3368 2338 3461 2380 ssc

1864 2406 2050 2464 lutaris
2081 2419 2259 2477 esset,
2282 2420 2336 2466 et
2361 2412 2405 2466 si
2430 2417 2753 2467 consonaret
2778 2425 2900 2466 cum
2932 2413 3211 2472 voluntate
3248 2415 3457 2483 Patris,

1864 2514 1961 2555 cur
1978 2501 2122 2557 illam
2144 2518 2250 2557 non
2268 2504 2504 2574 quieris?
2527 2504 2783 2562 Homines
2798 2504 2996 2579 quippe
3016 2506 3137 2576 jure
3158 2505 3260 2562 hoc
3285 2508 3459 2580 ipsum

1863 2593 2116 2662 dixerint,
2146 2605 2202 2648 ut
2228 2595 2316 2666 qui
2339 2598 2537 2652 multas
2564 2599 2797 2655 habeant
2819 2603 3121 2658 voluntates
3144 2611 3340 2670 preter
3364 2601 3458 2659 Dei

1863 2683 2135 2753 placitum.
2165 2684 2244 2740 Tu
2272 2700 2402 2742 vero
2430 2701 2533 2758 qua
2559 2688 2630 2744 de
2652 2705 2812 2746 causa
2847 2691 2926 2748 sic
2954 2691 3209 2764 loqueris,
3238 2692 3330 2766 qui
3362 2707 3460 2766 per

1862 2776 2042 2829 omnia
2088 2774 2231 2830 Patri
2275 2777 2467 2832 similis
2516 2780 2621 2835 es?
2675 2780 2788 2836 Hoc
2833 2783 2976 2837 enim
3032 2784 3256 2841 verbum
3295 2802 3458 2842 nemo

1861 2865 2058 2921 dixerit
2086 2880 2206 2921 esse
2259 2869 2356 2922 viri
2392 2869 2661 2936 accurati,
2690 2879 2746 2925 et
2783 2873 2873 2940 qui
2917 2873 3205 2931 cruciﬁxus
3256 2875 3346 2932 sit.
3397 2877 3454 2934 Si

1860 2970 2092 3028 namque
2119 2959 2412 3031 Panlusita
2452 2975 2512 3016 se
2532 2963 2792 3018 voluntati
2822 2964 2916 3020 Dei
2941 2966 3173 3036 copulat,
3205 2978 3261 3022 ut
3288 2968 3450 3036 dicat,

1868 3045 1992 3103 Vivo
2019 3059 2185 3104 autem
2225 3052 2339 3120 jam
2376 3068 2477 3106 non
2501 3070 2614 3123 ego,
2666 3055 2783 3107 vivit
2826 3069 2941 3110 vero
2993 3057 3048 3110 in
3099 3073 3179 3112 me
3224 3057 3453 3114 Christus

1859 3136 2003 3205 (Gal.
2043 3137 2098 3192 2.
2145 3138 2262 3210 20),
2289 3141 2564 3209 quomodo
2606 3144 2846 3198 omnium
2906 3144 3165 3201 Dominus
3217 3147 3450 3216 dixerit,

1859 3227 1981 3282 Non
2018 3245 2192 3298 quwro
2236 3231 2544 3284 voluntatem
2578 3249 2761 3299 meam,
2789 3233 2881 3288 sed
2919 3236 3029 3306 ejus
3056 3236 3146 3306 qui
3173 3238 3309 3293 misit
3351 3255 3450 3305 ms,

1855 3333 1920 3374 ac
1937 3321 1984 3376 si
2004 3321 2104 3376 alia
2130 3321 2220 3375 sit.
2239 3321 2378 3388 Quid
2399 3337 2530 3393 ergo
2548 3323 2650 3378 sibi
2673 3325 2780 3378 vult
2796 3325 2820 3377 τ
2836 3325 2995 3393 Quasi
3013 3326 3178 3383 homo
3194 3328 3449 3401 loquitur,

1855 3419 1911 3464 et
1933 3411 2225 3465 secundum
2255 3412 2562 3466 auditorum
2589 3413 2920 3482 opinionem.
2944 3416 3076 3472 Cum
3107 3419 3251 3474 enim
3289 3434 3452 3490 supe~

1856 3501 1966 3554 rius
1995 3501 2097 3554 alia
2127 3510 2184 3556 ut
2213 3501 2371 3565 Deus,
2401 3502 2506 3558 alia
2536 3513 2592 3557 ut
2619 3502 2782 3558 homo
2799 3503 3000 3561 dixisse
3026 3508 3448 3574 demonstretur,

1853 3606 2040 3648 rursus
2087 3600 2146 3647 ut
2196 3592 2359 3648 homo
2400 3593 2514 3648 haec
2541 3592 2743 3664 profert
2782 3604 2837 3649 et
2861 3595 2956 3662 ait,
2984 3595 3248 3652 Judiciurn
3285 3615 3452 3655 meum

180 3685 522 3785 dig-testatur,
551 3728 599 3772 et
628 3685 963 3772 testimonium
985 3685 1102 3788 ejus
1116 3733 1259 3771 nemo
1280 3718 1495 3787 accipit;
1514 3685 1584 3772 de
1605 3726 1748 3772 certa
1844 3687 2046 3788 ("9"?
2089 3695 2180 3740 θα·
2211 3685 2279 3740 Et
2305 3685 2447 3788 υιιάεξ
2475 3685 2578 3788 Ιηξῦ
2605 3687 2814 3756 liquet?
2844 3686 2980 3788 Quia
3012 3703 3136 3788 non.
3159 3705 3332 3788 quam

182 3805 390 3877 loquitur
414 3811 724 3883 cognitione
751 3809 818 3864 ad
851 3820 1132 3879 utrumque
1151 3850 1168 3875 ,
1203 3824 1307 3862 non
1336 3823 1464 3863 vero
1492 3807 1749 3878 simplicio

181 3907 250 3953 tcr
272 3901 332 3956 de
356 3904 541 3959 auditu
571 3901 720 3957 etde
746 3903 861 3956 visu
891 3918 903 3954 ε
936 3901 1003 3955 ita
1033 3910 1088 3956 et
1110 3900 1197 3956 hic
1225 3916 1322 3971 per
1351 3899 1587 3955 auditum
1617 3898 1748 3953 nihil

106 4039 108 4042 ,
179 3989 301 4046 aliud
325 3995 606 4063 signiﬁcat,
634 4010 791 4065 quam
821 4009 926 4048 non
956 4008 1112 4064 posse
1141 4008 1200 4048 se
1229 3991 1371 4047 aliud
1400 3992 1558 4059 velle,
1588 4007 1746 4062 quam

178 4082 301 4148 quod
327 4085 435 4139 vult
476 4086 657 4140 Pater.
699 4083 803 4139 Sed
836 4083 887 4138 id
928 4097 1034 4138 non
1078 4083 1147 4137 ita
1189 4082 1331 4137 clare
1370 4081 1504 4137 dixit
1542 4081 1749 4153 (neque

180 4172 303 4225 enim
332 4173 466 4231 ferre
496 4175 794 4246 potuissent
821 4175 864 4229 si
893 4182 1077 4243 aperte
1100 4173 1396 4243 dixisset);
1427 4187 1615 4229 verum
1641 4171 1748 4243 quo

181 4265 350 4328 lucto?
380 4267 681 4324 Admodum
717 4267 949 4322 demisso
991 4275 1047 4322 et
1085 4265 1320 4320 humano
1361 4279 1511 4320 more
1550 4283 1563 4320 :
1603 4265 1747 4322 Sicut

180 4353 330 4416 audio,
351 4356 551 4424 judico.
587 4356 702 4412 Non
728 4357 795 4413 de
815 4356 1054 4412 doctrina
1075 4355 1162 4410 hic
1183 4357 1388 4424 agitur;
1412 4370 1583 4426 neque
1603 4357 1744 4411 enim

179 4441 320 4510 dicit,
364 4445 511 4504 Sicut
536 4448 761 4514 doceor,
793 4447 884 4503 sed
906 4487 920 4514 ,
951 4447 1098 4502 Sicut
1125 4447 1280 4500 audio
1309 4461 1328 4500 :
1359 4461 1463 4501 non
1491 4446 1631 4516 quod
1657 4462 1747 4501 auo

182 4531 278 4588 ditn
308 4548 452 4608 egeat
481 4560 492 4595 :
528 4556 635 4594 non
665 4540 824 4595 modo
852 4554 956 4595 non
1000 4539 1246 4594 doctrina
1269 4579 1284 4603 ,
1313 4539 1404 4595 sed
1452 4554 1520 4594 ne
1562 4539 1744 4594 auditu

181 4627 368 4690 quidem
398 4633 704 4704 indigebat;
733 4633 826 4688 sed
853 4633 1194 4688 concordiam
1236 4631 1467 4698 indicat,
1508 4641 1564 4687 et
1605 4631 1742 4687 idem

183 4714 331 4782 ipsum
355 4722 614 4790 judicium
632 4765 648 4789 ,
679 4737 742 4778 ac
769 4724 815 4777 si
843 4723 1045 4777 diceret
1074 4738 1087 4772 :
1119 4722 1192 4774 lta
1219 4721 1402 4790 judico
1427 4736 1489 4775 ac
1516 4721 1560 4775 si
1587 4720 1746 4776 Pater

184 4805 278 4873 ipse
301 4811 577 4881 judicarct.
610 4818 798 4870 Postea
827 4814 1009 4885 adjicit
1041 4831 1054 4868 :
1090 4813 1154 4867 Et
1184 4814 1299 4867 novi
1325 4813 1461 4883 quod
1485 4814 1744 4884 judicium

186 4911 326 4954 meum
341 4905 533 4973 jnstunt
563 4917 663 4972 cst,
705 4908 824 4977 quia
867 4923 968 4961 non
1005 4921 1175 4976 (μιαννο
1204 4905 1508 4959 voluntatem
1542 4922 1704 4959 meam
1724 4946 1741 4972 ,

184 4989 258 5040 ted
279 4993 575 5054 voluntatem
602 4998 710 5067 ejus
737 4997 821 5067 qui
855 4996 988 5050 misit
1019 5012 1114 5049 me.
1147 4995 1283 5063 Quid
1310 4994 1478 5050 dicis?
1509 4995 1744 5050 habesne

187 5077 381 5139 alteram
407 5103 566 5158 quam
593 5087 752 5143 Pater
779 5087 1146 5142 voluntatem?
1179 5087 1338 5155 Atqui
1364 5085 1488 5141 alibi
1514 5086 1692 5140 dixisti
1726 5104 1741 5141 :

189 5168 311 5225 Sicut
345 5194 428 5247 ego
453 5191 497 5234 et
528 5191 585 5233 tu
612 5195 768 5233 unum
794 5195 1005 5244 sumus;
1032 5187 1086 5233 et
1113 5193 1344 5240 rursum,
1375 5175 1444 5232 de
1469 5177 1742 5232 voluntate

188 5267 233 5309 et
254 5269 516 5325 concordia
547 5270 768 5339 loquens
798 5285 812 5320 :
842 5268 924 5321 Da
948 5267 1019 5322 eis
1047 5277 1102 5320 ut
1131 5276 1178 5321 et
1203 5267 1302 5335 ipsi
1327 5266 1380 5319 in
1417 5265 1559 5320 nobis
1586 5283 1743 5319 unum

189 5347 298 5413 sint,
340 5353 433 5412 hoc
471 5369 589 5425 est,
639 5358 688 5412 in
735 5357 839 5428 fide
875 5366 1078 5412 nostra.
1113 5356 1294 5411 \‘iden’
1334 5370 1395 5411 ea
1425 5371 1544 5420 qua:
1575 5357 1741 5424 magis

192 5433 374 5498 humilia
395 5449 660 5514 videnlur,
686 5449 968 5504 sublimem
992 5462 1208 5502 sensum
1229 5446 1496 5502 occultum
1520 5445 1739 5501 habere?

196 5527 318 5589 Quod
346 5551 462 5609 ergo
486 5540 822 5606 subindicat,
855 5539 956 5594 hoc
984 5547 1068 5593 est
1111 5557 1123 5592 :
1167 5537 1402 5594 ostendit
1438 5551 1543 5591 non
1583 5537 1738 5592 aliam

196 5631 293 5675 esse
317 5622 473 5685 Patris
497 5634 826 5688 voluntatem
847 5671 862 5695 ,
889 5645 1048 5701 quam
1076 5643 1261 5694 suam;
1292 5628 1386 5684 sed
1419 5627 1515 5695 lta,
1549 5628 1738 5699 inquit,

251 5729 598 5819 ἒιῗρτε¹κιεεείιν
625 5742 905 5819 emistus
953 5818 960 5819 ,
1093 5818 1102 5819 ί

295 5787 411 5849 Idvm
435 5787 598 5866 adii;
621 5787 962 5866 fidicinam
983 5842 995 5869 ,
1023 5818 1127 5869 pro,
1154 5803 1484 5868 pertinaciam.

1855 3777 2102 3832 luntatem
2126 3793 2290 3830 meam
2309 3817 2324 3843 ,
2351 3777 2441 3832 sed
2465 3777 2774 3832 voluntatem
2813 3777 2924 3846 ejus
2951 3777 3037 3848 qui
3066 3779 3202 3836 misit
3232 3795 3328 3834 me.
3359 3781 3449 3836 Si-

1854 3876 1947 3923 cut
1970 3868 2116 3923 enim
2149 3869 2331 3933 homo,
2362 3867 2453 3938 qui
2479 3871 2546 3923 ab
2581 3867 2773 3924 sﬂ'ectu
2804 3867 2939 3923 liber
2967 3876 3085 3935 est,
3125 3885 3233 3925 non
3264 3880 3446 3941 potest

1847 3958 1995 4030 juste
2021 3959 2262 4016 accusari
2304 3959 2448 4030 quod
2495 3970 2692 4029 przeter
2718 3959 2796 4014 fas
2828 3960 3149 4029 iudicaverit
3179 3978 3197 4016 :
3226 3963 3307 4018 sic
3352 3979 3454 4020 nec

1851 4066 1940 4107 me
1958 4050 2071 4120 jam
2100 4052 2343 4121 poteritis
2365 4051 2786 4121 reprehendere.
2809 4051 2942 4107 Nam
2965 4053 3056 4124 qui
3080 4055 3195 4109 vult
3217 4069 3311 4110 sua
3340 4065 3449 4112 sta-

1851 4140 2038 4208 bilire,
2065 4140 2186 4211 jure
2211 4140 2460 4196 fortassis
2488 4142 2540 4198 in
2566 4143 2927 4212 suspicionem
2954 4145 3152 4207 veniat.
3177 4146 3319 4218 quod
3350 4149 3449 4204 hac

1851 4231 1920 4286 de
1945 4247 2104 4287 causa
2131 4233 2395 4302 justitiam
2449 4233 2900 4304 pessumdederit.
2933 4237 3035 4305 Qui
3057 4253 3191 4294 vero
3215 4255 3308 4295 sua
3341 4255 3447 4295 non

1850 4325 2084 4394 respicit,
2118 4339 2221 4394 qua
2244 4324 2311 4379 de
2339 4339 2500 4379 causa
2533 4340 2641 4380 non
2667 4325 2814 4396 juste
2840 4328 3103 4383 calculum
3129 4329 3305 4385 ferat?
3335 4331 3450 4388 lloc

1850 4415 2028 4482 itaque
2053 4414 2335 4469 ratiocinio
2360 4430 2480 4484 qua:
2504 4415 2572 4469 ad
2603 4430 2690 4470 me
2715 4425 2962 4486 spectant
2983 4417 3285 4487 explorate.
3311 4419 3444 4489 Nam

1849 4506 1894 4559 si
1919 4506 2156 4561 dicerem
2184 4520 2270 4560 me
2299 4519 2405 4559 non
2435 4521 2464 4557 a
2493 4505 2650 4561 Patre
2679 4507 2902 4561 missum
2927 4522 3089 4573 esse,
3135 4523 3238 4564 nec
3265 4520 3446 4580 gesto-

1849 4613 1967 4652 rum
2009 4597 2231 4667 gloriam
2278 4595 2346 4652 ad
2377 4596 2524 4650 illum
2573 4596 2870 4662 referrem,
2931 4609 3169 4655 vestrum
3217 4600 3447 4659 fortasse

1849 4694 2112 4763 quiSpiam
2139 4695 2522 4763 suspicaretur,
2553 4709 2641 4750 me
2661 4694 3050 4764 jactabundum
3080 4711 3205 4753 vera
3230 4712 3338 4752 non
3357 4698 3443 4753 di-

1848 4799 1973 4838 cere
2004 4801 2017 4838 :
2045 4784 2091 4839 si
2137 4794 2317 4839 autem
2368 4784 2523 4840 alteri
2553 4793 2610 4840 et
2639 4801 2756 4856 qua:
2785 4786 2921 4842 facta
2953 4796 3075 4842 sunt
3107 4787 3302 4855 refero,
3347 4806 3444 4845 cur

1849 4875 1988 4931 dicta
2017 4877 2105 4931 illa
2151 4887 2400 4948 suspecta
2450 4876 2734 4934 habeatis?
2760 4877 2948 4934 Videu‘
2983 4894 3092 4950 quo
3134 4895 3441 4938 sermonem

1847 4967 2161 5034 deduxerit,
2203 4978 2259 5024 et
2285 4969 2424 5025 unde
2446 4970 2705 5040 judicium
2736 4986 2893 5027 suum
2915 4973 3118 5042 justum
3146 4988 3268 5030 esse
3297 4990 3442 5031 assc-

1849 5059 1973 5114 rat?
2001 5059 2155 5115 Unde
2183 5059 2432 5116 videlicet
2457 5062 2629 5132 quivis
2655 5078 2686 5118 e
2707 5063 2866 5133 vulgo
2891 5064 3255 5120 defensionem
3283 5081 3440 5135 para-

1848 5161 1952 5206 ret.
1976 5150 2164 5206 V’idcn‘
2190 5151 2331 5222 quod
2361 5167 2506 5223 saepe
2534 5153 2679 5221 dixi,
2707 5155 2980 5224 quomodo
3020 5157 3164 5228 clare
3193 5159 3438 5228 resplen-

1849 5240 2013 5296 deat?
2067 5241 2206 5310 Quid
2287 5242 2415 5298 illud
2472 5253 2554 5300 est
2620 5244 2765 5315 quod
2819 5245 2970 5302 dixit
3032 5247 3180 5303 Illam
3235 5256 3438 5306 tantam

1848 5332 2132 5388 verborum
2180 5332 2538 5391 humilitatem
2579 5350 2726 5392 same
2755 5339 2952 5394 mentis
2978 5337 3287 5395 hominibus
3312 5356 3439 5397 sua-

1849 5422 1999 5488 dere,
2032 5439 2099 5478 ne
2116 5423 2257 5479 dicta
2283 5427 2461 5481 statim
2481 5425 2548 5481 ad
2575 5426 2758 5482 intima
2784 5427 3107 5500 deprimant,
3137 5430 3231 5486 sed
3264 5433 3438 5501 potius

1851 5515 1902 5568 in
1936 5515 2300 5570 sublimiorem
2344 5530 2560 5571 sensum
2593 5516 2832 5583 ducant;
2866 5519 2976 5574 imo
3003 5519 3093 5590 qui
3132 5519 3244 5590 jam
3291 5520 3434 5575 humi

1850 5617 2075 5678 repunt,
2107 5607 2232 5664 hinc
2262 5610 2514 5679 paulatim
2546 5609 2616 5666 ad
2641 5610 2831 5666 altiora
2863 5611 3022 5667 facile
3044 5611 3432 5682 provehuntur.

1924 5701 2135 5756 Muralis
2165 5702 2449 5758 exhortatio
2467 5704 2536 5756 ad
2557 5704 2830 5775 prudentia
2857 5704 3011 5758 simul
3035 5713 3080 5757 et
3105 5703 3436 5772 simplicitate

1849 5797 2109 5851 utendum.
2134 5797 2348 5865 Quando
2365 5797 2478 5854 aliis
2489 5810 2699 5868 peccata
2712 5815 2810 5853 non
2826 5791 3296 5864 dimittimus,nobis
3313 5789 3444 5860 ipsis
