4102 6500
669 357 775 412 ω

662 487 765 525 non
781 449 1097 523 dimittimus.
1126 463 1436 520 Ceudonatio
1460 460 1763 532 injuriarum
1784 498 1800 524 ,
1830 456 2071 516 eharitas.
2103 455 2232 507 eice-

663 575 969 630 mosynaque
996 555 1425 611 commendantur.
1449 581 1520 596 -—-
1545 551 1670 606 llaec
1705 549 1880 604 omnia
1905 545 2195 615 cogitantes
2217 583 2232 608 ,

660 662 861 720 quaeso,
893 662 961 702 ne
986 646 1124 701 dicta
1149 656 1642 716 pra-tercurramus,
1670 639 1764 695 sed
1786 646 2034 693 accurate
2051 634 2232 690 omnia

662 739 997 808 exploremus
1017 779 1032 803 ,
1061 745 1115 793 et
1137 749 1353 791 causam
1378 733 1456 788 sic
1483 730 1729 801 loquendi
1757 728 1951 800 ubique
1979 725 2232 781 conside-

663 843 841 885 remus
870 846 884 882 :
912 842 1085 898 neque
1127 834 1372 896 putemus
1409 833 1492 878 sat
1533 821 1688 876 nobis
1732 820 1800 875 ad
1838 818 2232 875 excusationem

659 937 779 978 esse
811 920 1163 990 ignorantiam
1204 928 1257 973 et
1284 917 1696 986 simplicitatem.
1725 912 1907 984 Neque
1929 912 2071 967 enim
2104 909 2233 964 sim-

663 1014 826 1079 plices
847 1021 1048 1066 tantum
1071 1011 1228 1080 jussit
1248 1022 1387 1073 esse,
1411 1005 1502 1062 sed
1525 1007 1684 1060 etiam
1713 1004 1998 1074 prudentes
2018 1000 2231 1073 (Matth.

667 1106 748 1160 l0.
779 1105 846 1160 16
865 1105 906 1174 ).
933 1102 1152 1158 Utamur
1177 1116 1303 1170 ergo
1331 1099 1691 1170 simplicitate,
1725 1097 1817 1153 sed
1847 1111 1971 1152 eum
1997 1093 2231 1164 pruden-

661 1197 750 1257 tia,
787 1205 889 1248 tam
911 1193 966 1248 in
985 1193 1248 1259 doctrina,
1273 1207 1428 1262 quam
1456 1191 1508 1246 in
1534 1190 1784 1260 operibus
1810 1207 1824 1254 ;
1855 1198 1908 1242 et
1927 1188 2082 1243 nobis
2102 1187 2236 1258 ipsis

654 1289 746 1355 jus
769 1286 1026 1349 dicamus,
1056 1295 1112 1339 ut
1135 1300 1238 1338 non
1267 1292 1389 1338 tunc
1410 1299 1530 1339 cum
1558 1283 1660 1337 hoc
1682 1283 1879 1338 mundo
1895 1281 2230 1336 damnemur.

659 1377 816 1432 Tales
848 1391 948 1430 nos
984 1390 1109 1446 erga
1137 1389 1323 1431 servos
1348 1383 1559 1429 nostros
1603 1373 1952 1428 esbibeamus
1975 1413 1990 1437 ,
2019 1370 2228 1441 qualem

657 1469 906 1523 volumus
931 1481 1055 1536 erga
1096 1480 1193 1521 nos
1219 1480 1348 1521 esse
1377 1465 1656 1520 Dominum
1688 1473 1948 1518 nostrum.
1983 1461 2191 1515 Dimitte
2211 1500 2228 1524 ,

663 1559 853 1628 inquit,
883 1558 1023 1616 nobis
1047 1557 1212 1612 debita
1236 1566 1428 1622 nostra,
1455 1558 1582 1609 sicut
1624 1565 1676 1608 et
1711 1571 1801 1608 nos
1825 1554 2118 1608 dimittimus
2143 1553 2231 1606 de-

659 1652 898 1706 bitoribus
922 1651 1102 1705 nostris
1130 1648 1340 1718 (Matth.
1367 1650 1417 1704 6.
1451 1649 1519 1704 fi
1538 1647 1582 1719 ).
1605 1647 1729 1702 Scio
1756 1647 1967 1718 quidem
1994 1646 2229 1700 animam

660 1741 878 1811 injurias
904 1755 1010 1796 non
1036 1755 1187 1810 atquo
1207 1741 1384 1794 animo
1412 1739 1550 1795 ferre
1575 1755 1590 1802 ;
1622 1737 1718 1793 sed
1741 1738 1784 1792 si
1811 1738 2103 1807 cogitemus
2132 1750 2233 1791 nos

659 1847 762 1886 non
794 1831 1001 1887 lmdenti
1026 1872 1042 1898 ,
1073 1830 1166 1887 sed
1207 1829 1356 1886 nobis
1384 1829 1510 1898 ipsis
1554 1829 1624 1883 ita
1658 1829 1933 1883 consulere
1957 1869 1972 1894 ,
2000 1827 2110 1883 cito
2138 1828 2231 1883 ire

661 1941 920 1981 venenum
941 1925 1271 1994 abjiciemus.
1303 1922 1434 1978 Nam
1461 1923 1549 1993 qui
1574 1931 1788 1977 centum
1814 1921 2061 1977 denarios
2082 1919 2230 1975 debi-

659 2016 761 2070 tori
788 2032 892 2070 non
922 2013 1126 2070 remisit
1150 2055 1167 2080 ,
1205 2029 1310 2068 non
1340 2027 1651 2068 conservum
1677 2014 1812 2068 izrsit
1833 2055 1848 2080 ,
1876 2012 1970 2068 sed
1996 2013 2227 2080 seipsum

662 2116 879 2162 centum
909 2107 1136 2162 millium
1167 2107 1483 2161 talentorum
1506 2147 1523 2171 ,
1550 2119 1667 2172 qua:
1705 2104 1804 2159 sibi
1837 2104 1984 2172 prius
2006 2104 2226 2158 remissa

657 2199 866 2254 fuerant
890 2240 904 2263 ,
935 2198 1232 2253 debitorem
1271 2196 1520 2252 reddidit.
1548 2195 1681 2250 Cum
1709 2210 1840 2264 ergo
1863 2195 1987 2250 aliis
2005 2210 2108 2249 non
2147 2195 2228 2248 di-

655 2290 938 2357 mittimus,
967 2289 1120 2344 nobis
1146 2303 1250 2344 non
1273 2288 1610 2343 dimittimus.
1631 2286 1710 2342 Ne
1731 2301 1860 2358 ergo
1887 2295 2088 2341 uittam
2119 2285 2230 2340 Deo

661 2382 903 2438 dicamus
927 2425 942 2446 ,
971 2382 1048 2436 Ne
1077 2382 1383 2437 memineris
1427 2389 1642 2450 peccata
1686 2389 1900 2441 nostra;
1944 2376 2040 2432 sed
2065 2378 2226 2432 etiam

657 2473 812 2528 nobis
852 2474 985 2542 ipsis
1031 2472 1219 2542 singuli
1249 2471 1490 2527 dicamus
1514 2513 1528 2535 ,
1559 2470 1636 2526 Ne
1677 2471 2074 2526 meminerimus
2099 2483 2230 2523 con-

654 2577 928 2618 servorum
962 2571 1196 2632 peccata.
1222 2562 1353 2615 Nam
1385 2570 1440 2615 tu
1471 2562 1616 2630 prior
1642 2560 1694 2615 in
1727 2570 1777 2614 te
1798 2559 2055 2629 justitiam
2075 2574 2228 2614 exer-

654 2666 745 2708 ces
767 2692 786 2719 ,
815 2653 939 2707 hinc
963 2653 1204 2720 sequitur
1245 2651 1403 2706 Deus.
1437 2651 1519 2706 'l‘u
1565 2651 1732 2721 legem
1762 2648 1952 2705 scribis
1977 2650 2047 2704 de
2074 2649 2227 2704 venia

656 2754 715 2800 et
739 2759 918 2814 pinna,
943 2753 995 2799 et
1022 2744 1088 2799 de
1114 2744 1201 2798 his
1227 2742 1333 2800 fers
1360 2744 1698 2798 sententiam.
1721 2743 1860 2813 Ergo
1886 2758 2046 2813 penes
2073 2751 2125 2797 te
2145 2751 2228 2797 est

659 2846 718 2890 ut
764 2835 907 2889 Deus
932 2843 1266 2903 peccatorum
1315 2843 1521 2888 tuorum
1555 2833 1639 2889 vel
1667 2833 1976 2888 recordetur
2000 2834 2082 2887 vel
2119 2849 2225 2888 non

653 2924 980 2981 recordetur.
1013 2923 1136 2978 ideo
1163 2925 1355 2978 Paulus
1379 2923 1649 2980 dimittere
1670 2923 1841 2992 jubet,
1873 2923 1918 2977 si
1939 2923 2058 2992 quis
2083 2924 2230 2992 quid-

656 3020 794 3087 piam
831 3016 1084 3072 adversus
1125 3017 1286 3070 alium
1333 3015 1527 3071 habeat
1549 3054 1564 3078 ,
1595 3029 1696 3069 nec
1724 3012 1884 3068 modo
1921 3013 2186 3069 dimittere
2208 3054 2225 3079 ,

653 3107 750 3163 sed
783 3109 853 3162 ita
883 3117 939 3161 ut
968 3121 1069 3162 nec
1100 3106 1337 3178 reliquiae
1363 3113 1612 3160 maneant
1643 3101 1867 3174 (Coloss.
1904 3104 1956 3159 ὅ.
1987 3103 2112 3172 l3).
2141 3103 2226 3158 Si-

652 3196 867 3268 quidem
894 3194 1140 3252 Christus
1165 3209 1268 3250 non
1291 3193 1449 3250 modo
1473 3204 1686 3264 peccata
1714 3193 1969 3248 nostrain
1992 3192 2225 3248 medium

651 3301 758 3341 non
779 3287 987 3352 attulit;
1009 3287 1101 3341 sed
1127 3300 1298 3355 neque
1320 3298 1418 3340 nos
1440 3285 1742 3354 peccavisse
1765 3285 2223 3350 commemoravit,

650 3393 824 3450 neque
847 3379 998 3443 dixit,
1029 3378 1142 3432 llac
1168 3386 1220 3433 et
1243 3377 1415 3433 hacin
1444 3391 1503 3431 re
1533 3377 1761 3447 peccasti
1783 3392 1802 3442 ;
1822 3375 1915 3430 sed
1945 3375 2145 3431 dimisit
2171 3384 2223 3432 et

651 3471 846 3529 delevit
893 3468 1345 3538 chirographum,
1398 3481 1497 3522 nec
1546 3476 1759 3538 peccata
1813 3467 2117 3534 recensuit,
2168 3475 2226 3520 ut

653 3563 848 3619 Paulus
889 3558 1172 3631 significat.
1226 3558 1337 3615 Hoc
1382 3567 1436 3614 et
1481 3572 1580 3612 nos
1622 3555 1919 3612 faciamus:
1950 3557 2127 3611 omnia
2155 3571 2224 3610 ex

650 3663 830 3711 mente
869 3655 1145 3713 deleamus
1176 3650 1354 3724 (Ibid.
1385 3651 1440 3706 2.
1483 3648 1608 3722 16).
1641 3650 1698 3706 Si
1741 3650 1868 3721 quid
1897 3650 2022 3705 boni
2067 3649 2135 3704 ab
2159 3662 2227 3703 eo

648 3749 737 3819 qui
767 3761 864 3802 nos
889 3746 1020 3801 ltesit
1050 3745 1338 3800 admissum
1365 3743 1544 3810 fuerit,
1566 3742 1666 3798 hoc
1683 3742 1854 3797 solum
1883 3750 2219 3813 reputemus;

647 3841 692 3895 si
732 3839 1013 3893 molestum
1042 3847 1094 3891 et
1135 3836 1378 3902 odiosum
1407 3835 1678 3905 quidpiam
1699 3876 1713 3902 ,
1746 3833 2021 3905 ejiciamus
2046 3841 2100 3888 et
2124 3832 2222 3887 de-

648 3931 853 3988 leamus
877 3971 890 3995 ,
933 3939 989 3984 ut
1018 3943 1085 3984 ne
1113 3929 1392 3999 vestigium
1423 3926 1636 3998 quidem
1667 3934 1957 3981 remaneat.
1996 3923 2146 3992 Quod
2176 3923 2222 3981 si

649 4024 780 4078 nihil
809 4022 930 4077 boni
961 4037 1086 4092 erga
1118 4036 1216 4075 nos
1245 4021 1434 4089 egerit.
1466 4028 1612 4074 tanto
1642 4018 1812 4088 major
1837 4017 1992 4072 nobis
2018 4015 2222 4071 eondo-
2250 4056 2253 4060 ν

647 4113 895 4170 nantibus
923 4127 1129 4168 meroes
1169 4119 1220 4166 et
1247 4111 1360 4166 laus
1387 4109 1509 4165 erit.
1539 4109 1638 4163 Alii
1666 4109 1856 4179 vigiliis
1874 4117 1930 4164 et
1955 4107 2100 4162 humi
2130 4122 2223 4162 cu-

648 4203 848 4268 baudo,
877 4203 1125 4272 tniileque
1152 4201 1598 4256 macerationihus
1621 4208 1836 4268 peccata
1861 4199 2097 4267 expiant;
2126 4196 2222 4252 tibi

647 4293 884 4349 faciliore
913 4293 1019 4359 via,
1043 4293 1358 4362 iniuriarum
1383 4305 1577 4357 nempe
1605 4290 1872 4344 oblivione
1893 4290 2018 4342 licet
2039 4290 2219 4342 omnia

647 4385 955 4452 abstergerc
984 4381 1209 4437 scelera.
1240 4379 1349 4436 Cur
1374 4389 1558 4435 contra
1588 4389 1643 4434 te
1667 4378 1896 4449 gladium
1925 4388 1982 4433 ut
2007 4382 2222 4433 insanus

648 4484 702 4528 et
726 4472 907 4527 furens
936 4471 1207 4535 admoves,
1243 4481 1401 4547 teque
1435 4484 1465 4523 a
1494 4469 1665 4523 futura
1696 4469 1799 4523 vita
1824 4469 2068 4538 expellis,
2099 4485 2220 4522 cum

648 4563 780 4618 nihil
804 4579 909 4617 non
936 4562 1111 4618 facere
1133 4569 1421 4631 oporteret,
1449 4568 1505 4614 ut
1529 4560 1669 4614 illam
1691 4560 2069 4629 consequaris?
2088 4560 2220 4615 Nam

644 4656 690 4708 si
720 4667 956 4724 praesens
981 4652 1087 4706 vita
1109 4651 1181 4706 ita
1208 4651 1584 4707 desiderabilis
1615 4661 1697 4705 est
1721 4693 1735 4716 ,
1764 4651 1889 4720 quid
1916 4651 1983 4705 de
2008 4651 2096 4705 illa
2141 4652 2222 4707 di-

647 4748 792 4801 xeris
814 4785 831 4812 ,
863 4745 1005 4800 unde
1033 4743 1234 4813 aufugit
1263 4744 1436 4798 omnis
1462 4742 1615 4797 dolor
1641 4783 1655 4808 ,
1687 4758 1884 4797 maeror
1904 4782 1921 4808 ,
1951 4745 2180 4812 gemitus
2201 4786 2217 4810 ,

650 4838 735 4890 ubi
775 4850 875 4890 nec
904 4834 1088 4890 mortis
1119 4834 1278 4889 timor
1299 4873 1315 4898 ,
1363 4847 1461 4887 nec
1489 4832 1628 4887 ullus
1656 4833 1914 4887 bonorum
1947 4834 2065 4888 linis
2110 4849 2224 4889 me.

649 4928 915 4984 tuendus?
940 4927 1108 4994 Beati,
1135 4935 1214 4981 ter
1243 4926 1540 4996 smpiusque
1564 4925 1722 4991 beati,
1751 4926 1835 4996 qui
1863 4927 1948 4981 illa
1977 4925 2221 4980 fruuntur

653 5030 820 5085 sorte,
852 5028 908 5073 ut
937 5017 1119 5073 miseri
1147 5027 1332 5087 terque
1354 5026 1408 5072 et
1431 5018 1624 5086 sa-pius
1651 5017 1849 5084 miseri,
1878 5019 1965 5088 qui
1989 5019 2075 5072 illa
2101 5034 2220 5074 sese

652 5111 860 5178 privant
913 5108 1262 5163 beatitudine.
1297 5106 1501 5177 Ecquid
1527 5147 1544 5174 ,
1592 5107 1800 5179 inquies
1825 5149 1839 5174 ,
1887 5110 2034 5164 illaut
2065 5111 2218 5166 nobis

649 5203 808 5254 vitam
837 5199 1101 5270 acquirit?
1131 5198 1266 5254 Audi
1296 5198 1469 5268 ipsum
1496 5197 1727 5267 iudicem
1749 5200 2073 5256 adolescenti
2099 5203 2211 5258 eui-

1702 5288 2085 5302 ——__.___

651 5289 1034 5304 .’_——————-

650 5478 732 5535 Sf.
778 5475 838 5531 Si
875 5490 966 5546 ego
1003 5472 1335 5528 testimonium
1377 5473 1607 5544 perhibeo
1647 5473 1710 5527 de
1743 5474 1962 5545 meipso,
1997 5479 2217 5532 testimo-

719 5569 858 5621 uium
912 5581 1072 5619 meum
1125 5581 1226 5619 nou
1279 5574 1350 5618 est
1411 5579 1594 5620 rerum.
1648 5563 1736 5620 32.
1805 5567 1945 5621 Alius
2010 5578 2080 5621 est
2133 5571 2217 5633 qui

717 5657 1049 5710 testimonium
1091 5656 1311 5724 per/tilio!
1339 5657 1398 5712 de
1429 5673 1503 5712 me
1525 5699 1538 5724 ,
1573 5667 1618 5712 ct
1657 5658 1757 5713 scio
1785 5659 1900 5730 quia
1929 5675 2098 5714 varum
2146 5673 2216 5716 at

723 5748 1054 5807 testimonium
1079 5749 1208 5818 ejus.

1393 348 1449 404 S.
1489 342 1763 402 JOANNIS
1799 336 2272 397 (Iﬂfii'SOSTOMI
2312 336 2627 394 ARCIIIEP.
2667 337 3192 394 CONSTANTINOP.

3819 337 3928 393 9.28

2348 453 2489 522 piam
2537 451 2636 508 hac
2672 452 2740 508 de
2771 469 2830 508 re
2874 453 3200 524 loquentem.
3238 453 3357 524 Ipso
3396 469 3625 525 namque
3657 466 3882 525 rogante
3906 498 3924 515 .

2350 542 2485 609 Quid
2505 543 2734 610 faciendo
2751 545 2902 598 vitam
2923 556 3161 598 alentem
3185 547 3445 616 possidebo
3463 546 3677 619 (Matth.
3702 549 3786 604 i9.
3807 546 3930 617 l6)?

2344 633 2554 688 ea-teris
2598 634 2888 703 prannissis
2935 634 3180 692 Christus
3208 637 3529 707 praeceptis,
3586 639 3638 692 in
3682 653 3927 694 amorem

2343 725 2576 794 proximi
2617 725 2795 781 desiit.
2824 726 2894 782 At
2923 727 3148 784 fortasse
3185 729 3487 784 auditorum
3515 727 3778 800 quispiam
3804 772 3820 796 ,
3868 741 3929 785 nt

2339 813 2490 868 dives
2514 813 2604 868 ille
2628 855 2645 880 ,
2681 814 2877 870 dixerit
2905 855 2922 882 ,
2956 816 3082 872 lla-c
3118 832 3217 872 nos
3241 819 3603 884 servavimus;
3632 835 3734 875 non
3764 818 3931 874 furati

2339 920 2558 968 sumus.
2589 923 2694 962 non
2725 909 3040 976 occidimus,
3069 925 3176 965 non
3204 911 3454 967 mtechati
3483 928 3688 968 sumus.
3720 913 3927 969 Verum

2339 999 2442 1056 hoc
2463 999 2642 1056 dicere
2667 1016 2772 1056 non
2805 1003 3024 1071 poteris,
3055 1013 3104 1057 te
3131 1004 3428 1072 proximum
3460 1012 3516 1058 ut
3540 1005 3820 1074 oportebat
3843 1005 3929 1060 di-

2339 1093 2555 1149 lexisse.
2588 1094 2719 1148 Nam
2747 1097 2830 1150 vel
2863 1095 3073 1150 invidus
3104 1094 3270 1164 fuisti,
3305 1096 3394 1152 vel
3433 1097 3716 1152 maledicta
3744 1107 3927 1168 protu-

2338 1185 2468 1252 listi,
2501 1186 2581 1241 vel
2613 1185 2740 1241 laeso
2765 1201 2922 1255 opem
2953 1202 3060 1242 non
3087 1188 3276 1254 tulisti,
3301 1188 3384 1243 vel
3406 1188 3472 1244 de
3498 1190 3652 1244 bonis
3683 1205 3788 1244 non
3812 1190 3925 1245 lar-

2338 1275 2479 1345 gitus
2507 1289 2602 1342 es,
2633 1290 2738 1330 non
2766 1276 3023 1333 dilexisti.
3059 1277 3255 1334 Verum
3289 1295 3394 1334 non
3438 1280 3539 1335 hoc
3565 1280 3738 1336 solum
3761 1282 3925 1351 jussit

2335 1365 2604 1434 Christus,
2630 1368 2724 1423 sed
2749 1377 2805 1424 et
2828 1369 2992 1424 aliud.
3021 1369 3158 1438 Quid
3187 1369 3359 1424 illud?
3396 1369 3567 1424 Vende
3597 1373 3770 1425 omnia
3808 1389 3929 1442 quc

2335 1460 2518 1524 habes,
2557 1470 2606 1514 et
2634 1461 2700 1514 da
2738 1461 3076 1531 pauperibus,
3117 1472 3164 1516 et
3202 1466 3343 1528 veni,
3371 1478 3573 1532 sequere
3597 1479 3674 1516 me
3703 1463 3922 1531 (Matth.

2338 1549 2426 1604 f9.
2457 1549 2519 1604 2i
2549 1549 2593 1622 ).
2623 1551 2784 1619 Sequi
2805 1551 3100 1616 Christum,
3135 1553 3330 1607 imitari
3350 1552 3623 1608 Christum
3647 1551 3734 1608 hic
3759 1554 3925 1623 signi-

2337 1642 2477 1696 ficat.
2499 1641 2634 1709 Quid
2656 1643 2780 1697 hinc
2805 1643 3097 1699 discimus?
3117 1643 3316 1710 Primo,
3343 1659 3465 1701 eum
3487 1645 3577 1715 qui
3605 1643 3719 1700 hmo
3739 1646 3922 1700 omnia

2335 1749 2440 1788 non
2472 1733 2664 1799 habet,
2694 1747 2895 1790 sortem
2923 1735 3068 1790 illam
3098 1751 3202 1792 non
3235 1750 3395 1806 posse
3419 1750 3541 1791 cum
3574 1738 3762 1806 primis
3791 1752 3921 1792 eon-

2334 1824 2502 1892 sequi.
2536 1823 2667 1880 Cum
2697 1823 2923 1880 dixisset
2952 1826 3094 1881 enim
3123 1826 3233 1892 ille,
3267 1825 3452 1881 Omnia
3483 1826 3616 1893 feci,
3645 1842 3710 1880 ac
3734 1828 3778 1882 si
3809 1843 3924 1881 ma-

2333 1931 2492 1986 gnum
2523 1917 2793 1987 quidpiam
2824 1916 3036 1973 deesset
3064 1918 3129 1973 ad
3154 1917 3531 1988 perfectionem
3554 1961 3568 1985 ,
3599 1921 3672 1975 ait
3703 1938 3718 1973 :
3753 1920 3820 1976 Si
3847 1924 3919 1976 eis

2333 2011 2584 2078 perfectus
2605 2023 2728 2074 esse,
2749 2008 2904 2062 vende
2923 2010 3092 2063 omnia
3111 2025 3224 2078 qua!
3243 2008 3412 2074 habes,
3436 2021 3482 2064 et
3503 2011 3570 2063 da
3591 2011 3919 2081 pauperibus,

2331 2107 2381 2153 et
2405 2099 2532 2163 veni,
2554 2115 2756 2170 sequere
2785 2116 2883 2153 me.
2916 2100 3030 2155 Hoc
3060 2101 3237 2170 itaque
3263 2101 3435 2172 primo
3460 2102 3772 2158 discendum
3801 2114 3917 2170 est;

2331 2191 2589 2259 secundo,
2622 2193 2764 2263 quod
2797 2195 2945 2249 illum
2973 2193 3167 2250 frustra
3195 2195 3562 2252 venditantem
3586 2211 3644 2252 se
3669 2211 3919 2267 coargue

2331 2283 2419 2337 rit.
2453 2283 2553 2351 Qui
2585 2286 2728 2339 enim
2756 2285 2808 2340 in
2835 2295 2976 2340 tanta
3000 2286 3156 2354 e0pia
3189 2300 3368 2341 rerum
3396 2295 3534 2352 erat,
3567 2296 3622 2342 et
3648 2303 3923 2357 pauperes

2331 2377 2744 2444 contemnebat,
2793 2393 2899 2448 quo
2933 2387 3090 2448 pacto
3135 2379 3433 2448 proximum
3466 2378 3754 2434 dilexerit?
3798 2379 3921 2434 Non

2331 2482 2455 2521 vera
2485 2483 2615 2539 ergo
2649 2469 2878 2524 dicebat.
2924 2472 2991 2524 At
3019 2485 3117 2524 nos
3147 2481 3200 2524 et
3229 2469 3330 2524 hoc
3367 2485 3422 2525 e.
3463 2470 3590 2526 illud
3621 2469 3919 2538 faciamus,

2331 2561 2614 2630 omniaque
2634 2571 2812 2615 nostra
2834 2561 3460 2630 ddigeutereﬂ‘undamus
3483 2571 3539 2616 ut
3557 2563 3746 2616 CiBittm
3768 2578 3920 2617 com-

2334 2665 2603 2719 paremus.
2661 2650 2790 2705 Nam
2846 2652 2891 2704 si
2936 2650 3153 2718 quidam
3212 2665 3309 2721 pro
3359 2652 3599 2708 molari
3657 2654 3920 2724 dignitate

2335 2741 2514 2793 omnia
2529 2755 2621 2795 sua
2643 2741 2850 2805 effudit;
2876 2740 3151 2810 dignitate,
3170 2742 3403 2812 inquam,
3427 2758 3584 2813 quam
3603 2747 3653 2798 in
3681 2744 3781 2799 hac
3809 2747 3916 2802 vita

2329 2833 2526 2898 solum,
2550 2847 2722 2902 neque
2742 2832 2993 2887 diuturno
3017 2841 3256 2900 tempore
3279 2835 3514 2890 retinere
3538 2845 3712 2904 potest
3733 2836 3918 2904 (multi

2331 2939 2558 2994 namque
2587 2923 2674 2979 diu
2700 2933 2982 2994 antequam
3011 2935 3346 2980 morerentur
3373 2925 3741 2996 praefecturam
3773 2929 3919 2982 ami-

2330 3029 2480 3078 sere;
2527 3014 2616 3068 alii
2665 3029 2791 3069 vero
2823 3030 2919 3084 pro
2971 3014 3058 3069 illa
3114 3016 3217 3069 vita
3257 3017 3416 3071 etiam
3463 3019 3701 3071 malctati
3746 3029 3914 3082 sunt;

2330 3114 2563 3160 attamen
2591 3106 2714 3161 licet
2736 3106 2836 3161 hoc
2856 3108 3048 3172 sciant,
3077 3107 3253 3162 omnia
3276 3123 3372 3177 pro
3403 3107 3488 3162 illa
3512 3109 3874 3180 profundunt)
3900 3129 3915 3164 :

2329 3197 2374 3252 si
2405 3195 2564 3266 igitur
2590 3212 2686 3266 pro
2709 3197 3009 3264 huiusmodi
3033 3197 3286 3267 dignitate
3310 3207 3386 3252 tot
3407 3206 3656 3270 tantaque
3682 3199 3914 3256 faciunt:

2329 3287 2454 3357 quid
2500 3287 2854 3342 miserabilius
2898 3288 3051 3342 nobis
3084 3287 3280 3354 fuerit,
3314 3286 3404 3359 qui
3451 3305 3546 3360 pro
3584 3289 3672 3344 illa
3697 3304 3918 3361 semper

2329 3389 2614 3444 manente,
2647 3394 2764 3448 qua:
2791 3379 2903 3433 tolli
2934 3396 3224 3446 numquam
3253 3389 3458 3449 potest,
3495 3397 3560 3436 ne
3588 3398 3754 3451 pauca
3793 3384 3914 3452 qni-

2326 3467 2447 3522 dem
2481 3467 2866 3537 profundimus,
2891 3485 3060 3538 neque
3081 3485 3142 3523 ea
3165 3484 3448 3539 crogamus
3470 3487 3587 3541 qua:
3615 3472 3771 3541 paulo
3794 3483 3918 3542 post

2329 3559 2416 3614 hic
2443 3559 2690 3616 amissuri
2718 3561 2942 3615 sumus?
2971 3561 3100 3627 Quis
3132 3559 3279 3614 furor
3307 3561 3419 3628 ille,
3451 3578 3569 3631 qua:
3599 3563 3776 3617 invitis
3803 3565 3918 3620 eri-

2327 3653 2538 3722 pientur
2558 3692 2572 3717 ,
2600 3667 2662 3707 ea
2689 3653 2834 3708 nolle
2872 3664 3062 3722 sponte
3089 3653 3221 3708 dare
3259 3663 3314 3710 et
3344 3655 3620 3709 nobiseum
3655 3656 3870 3713 auferre
3892 3659 3922 3712 τ

2330 3743 2384 3800 Si
2415 3744 2536 3814 quis
2565 3759 2663 3799 nos
2687 3745 2752 3800 ad
2783 3755 3010 3801 mortem
3041 3745 3294 3813 duceret,
3327 3747 3521 3803 deinde
3551 3759 3917 3819 proponeret,

2327 3851 2456 3890 nunt
2479 3837 2638 3893 vitam
2670 3836 2823 3890 bouis
2845 3837 3090 3894 omnibus
3113 3837 3380 3894 redimere
3406 3840 3684 3905 vellemus,
3711 3843 3921 3910 gratias

2326 3937 2472 3984 certe
2496 3928 2566 3983 illi
2599 3927 2939 3983 haberemus.
2973 3927 3125 3984 Nunc
3161 3943 3292 3985 vero
3320 3945 3443 3984 cum
3476 3934 3790 4000 proponitur
3813 3931 3921 3988 de-

2325 4020 2502 4076 ductis
2559 4019 2627 4075 ad
2678 4020 3025 4091 gehennam,
3092 4031 3149 4077 ut
3205 4023 3546 4078 dimidiarum
3595 4025 3917 4081 facultatum

2329 4113 2476 4167 dono
2503 4113 2820 4182 eripiamur,
2850 4113 3121 4168 malumus
3148 4113 3216 4168 ad
3245 4115 3562 4184 supplicium
3589 4114 3734 4182 duci,
3763 4128 3815 4170 et
3842 4133 3912 4172 ea

2327 4204 2520 4258 frustra
2554 4219 2769 4259 servare
2793 4245 2810 4269 ,
2837 4221 2956 4278 qua:
2986 4215 3166 4258 nostra
3196 4221 3304 4260 non
3341 4215 3495 4272 sunt,
3529 4207 3600 4261 ita
3642 4217 3698 4260 ut
3727 4218 3915 4264 nostr:-

2329 4295 2630 4365 perdamus.
2675 4296 2847 4363 Quam
2898 4295 3298 4352 excusationem
3358 4296 3712 4364 habebimus?
3751 4317 3917 4369 quam

2331 4386 2539 4441 veniam
2589 4386 2952 4455 merebimur,
2993 4387 3081 4452 si,
3124 4402 3247 4442 eum
3279 4397 3384 4442 tam
3430 4388 3598 4443 faelis
3643 4389 3799 4445 nobis
3828 4392 3919 4449 via

2325 4490 2506 4548 aperta
2535 4479 2603 4533 sit
2624 4521 2639 4542 ,
2672 4495 2767 4550 per
2793 4479 3080 4550 praecipitia
3111 4480 3344 4536 feramur
3366 4520 3382 4546 ,
3423 4492 3472 4537 et
3523 4482 3916 4541 infructuosum

2325 4573 2678 4644 suscipiamus
2704 4575 2838 4640 iter,
2868 4583 3029 4644 atque
3071 4575 3153 4629 his
3178 4585 3232 4631 et
3257 4576 3369 4633 illis
3391 4577 3640 4633 omnibus
3668 4595 3765 4634 nus
3801 4584 3920 4652 pri-

2327 4681 2510 4720 ventus
2532 4705 2547 4728 ,
2579 4678 2698 4718 cum
2728 4665 2896 4721 libere
2929 4668 3195 4736 possimus
3222 4667 3304 4722 bis
3323 4677 3378 4723 et
3404 4669 3508 4724 illis
3535 4669 3777 4742 perfrui?
3805 4673 3918 4730 Sed

2326 4757 2426 4811 etsi
2456 4772 2560 4810 non
2592 4765 2737 4822 ante,
2767 4759 2956 4813 saltem
2979 4775 3120 4813 nunc
3148 4758 3213 4812 ad
3242 4774 3342 4814 nos
3368 4760 3669 4827 redeamus,
3699 4772 3754 4821 et
3781 4779 3919 4826 sana

2328 4856 2507 4902 mente
2540 4850 2828 4916 praesentia
2859 4850 2996 4905 bona
3019 4891 3034 4916 ,
3067 4861 3122 4904 ut
3150 4866 3246 4920 par
3271 4863 3352 4906 est
3374 4892 3389 4912 ,
3421 4852 3830 4923 dispensemus,
3861 4869 3924 4911 nt

2325 4938 2498 4993 futura
2547 4939 2699 4994 facile
2728 4956 3145 5011 consequamur,
3176 4945 3341 5014 gratia
3370 4954 3424 5000 et
3451 4945 3777 5017 benignitate
3812 4950 3922 5003 "is.

2327 5031 2453 5084 mini
2483 5049 2510 5084 n
2541 5034 2647 5087 ~stri
2671 5032 2798 5087 JeSu
2823 5033 3046 5099 Christi,
3079 5035 3292 5105 quicum
3319 5036 3460 5090 Patri
3483 5038 3672 5107 gloria,
3699 5054 3922 5111 unaque

2325 5132 2508 5177 Sancto
2533 5124 2776 5193 Spiritui,
2806 5125 2858 5179 in
2885 5131 3082 5180 stncula
3111 5127 3450 5183 saeculorum.
3484 5131 3680 5184 Amen.

1990 5349 2327 5416 HOMILIA
2365 5358 2497 5419 XL.

2396 5485 2446 5536 f.
2490 5481 2658 5535 Lectio
2686 5484 3070 5552 Scripturarum
3094 5494 3332 5555 quautam
3355 5484 3700 5541 discretionem
3717 5489 3914 5560 exigat.

2322 5570 2607 5626 hiscutitur
2631 5584 3090 5643 commcntaturque
3117 5575 3246 5628 illud
3267 5592 3284 5629 :
3309 5575 3364 5631 Si
3393 5577 3758 5635 testimonium
3787 5598 3912 5653 per-

2328 5665 2484 5717 hibeo
2505 5663 2570 5716 de
2593 5665 2820 5732 tneipsu,
2848 5682 3030 5719 verum
3058 5683 3160 5719 non
3185 5667 3422 5722 est.--Si
3442 5670 3562 5737 quis
3584 5672 3912 5730 mctallicatn

2334 5765 2529 5808 tetrum
2554 5754 2734 5808 fodere
2777 5757 3146 5826 aggrediatur,
3175 5773 3294 5812 cum
3330 5759 3394 5813 si!
3423 5760 3552 5816 artis
3585 5762 3871 5834 imperitus
3892 5809 3908 5831 ,
