4084 6488
203 434 296 487 ω

198 566 376 608 surum
397 565 504 604 non
522 546 746 610 elticiet,
769 544 946 600 omnia
968 551 1170 596 temere
1191 535 1457 600 miscebit,
1474 532 1681 601 eritque
1701 527 1784 580 la-

201 645 290 698 bor
303 641 416 711 ejus
435 638 666 702 inutilis,
687 637 794 690 imo
811 634 1018 689 noxius.
1038 628 1112 683 Ita
1128 628 1217 699 qui
1234 627 1532 680 divinarum
1548 620 1787 690 Scriptu-

202 747 368 787 rarum
395 728 838 799 consequentiam
866 739 971 778 non
995 727 1211 786 norunt,
1240 731 1413 787 neque
1434 713 1789 786 proprietates

201 833 250 878 et
277 823 423 892 leges
453 821 575 890 ejus
601 820 884 890 explorant
903 854 918 880 ,
949 811 1043 870 sed
1072 811 1389 880 simpliciter
1417 817 1472 863 et
1495 822 1601 862 uno
1629 803 1790 859 modo

203 915 370 970 omnia
398 921 745 984 percurrunt,
768 923 955 963 aurum
981 920 1102 962 cum
1135 914 1274 958 terra
1298 900 1607 964 miscentes,
1636 911 1793 952 num-

203 1020 350 1076 quam
396 1005 694 1074 repositum
744 1002 797 1054 in
842 1000 933 1054 illa
976 997 1284 1054 thesaurum
1321 991 1618 1047 invenient.
1666 987 1794 1044 [hcc

204 1113 357 1166 porro
377 1112 523 1152 nunc
537 1095 667 1158 dixi,
692 1094 811 1164 quia
834 1093 879 1147 is
897 1093 984 1163 qui
1002 1090 1110 1161 jam
1137 1087 1451 1159 proponitur
1468 1083 1636 1147 locus,
1661 1081 1796 1136 utul-

209 1201 311 1244 tum
341 1190 566 1259 quidem
595 1201 785 1240 aurum
814 1183 994 1245 habet,
1022 1197 1129 1237 non
1158 1178 1373 1251 quidem
1404 1176 1750 1245 conspicuum
1777 1215 1792 1239 ,

205 1282 291 1335 sed
313 1279 646 1334 obscuritate
667 1277 831 1332 multa
853 1275 1183 1332 obvolutum.
1205 1271 1563 1339 Quamobrem
1587 1276 1798 1337 Oportet

208 1369 452 1429 fodiendo
473 1381 530 1427 et
557 1368 906 1442 expurgando
933 1368 999 1423 ad
1022 1383 1206 1423 verum
1227 1379 1447 1420 sensum
1473 1362 1795 1432 pertingere.

208 1463 330 1530 Quis
360 1463 508 1516 enim
551 1477 659 1515 non
689 1461 868 1517 statim
895 1459 1139 1514 turbetur
1171 1455 1397 1510 audiens
1423 1453 1695 1507 Christum
1721 1449 1802 1504 di-

209 1563 438 1619 centem,
475 1552 541 1608 Si
564 1569 658 1623 ego
695 1552 1034 1607 testimonium
1061 1549 1298 1620 perhibeo
1324 1546 1386 1600 de
1406 1545 1596 1616 meipso
1617 1585 1633 1610 ,
1665 1543 1800 1596 testi-

211 1647 430 1700 monium
493 1662 664 1699 meum
711 1661 880 1698 verum
922 1660 1024 1698 non
1063 1642 1184 1696 est.’
1226 1640 1356 1695 Nam
1384 1653 1528 1706 saepe
1559 1635 1804 1691 videmus

212 1738 350 1792 illum
381 1737 450 1791 de
494 1737 676 1804 seipso
708 1735 1073 1790 testimonium
1104 1731 1420 1803 perhibere;
1451 1729 1802 1786 Samaritana:

213 1831 404 1900 quippe
433 1829 650 1884 dicebat
675 1868 690 1891 ,
725 1826 835 1898 Ego
859 1844 971 1882 sum
1010 1828 1096 1898 qui
1127 1827 1303 1896 loquor
1332 1833 1493 1878 tecum
1519 1821 1715 1892 (Joan.
1748 1820 1798 1873 4.

212 1921 357 1990 9.6);
393 1929 450 1976 et
475 1935 627 1975 caeco
665 1920 936 1983 similiter,
969 1917 1067 1985 Qui
1098 1917 1320 1988 loquitur
1345 1925 1540 1977 tecum,
1572 1913 1661 1967 ille
1686 1921 1759 1967 est
1785 1926 1805 1975 ;

213 2022 264 2068 ct
285 2012 506 2067 Judaeos
541 2011 842 2079 increpans,
881 2008 978 2063 Vos
1003 2009 1192 2084 dicitis,
1226 2006 1303 2062 Tu
1323 2007 1664 2076 blasphemas,
1689 2004 1807 2074 quia

216 2102 340 2166 dixi,
369 2101 540 2156 Filius
567 2100 664 2154 Dei
683 2117 792 2154 sum
818 2097 1015 2172 (Joatt.
1041 2099 1095 2153 9.
1128 2093 1216 2152 37.
1241 2105 1290 2151 et
1311 2096 1399 2150 10.
1433 2094 1502 2151 56
1519 2096 1558 2166 ).
1596 2095 1661 2150 Et
1679 2093 1806 2148 alibi

217 2208 355 2263 saepe
380 2192 656 2247 similiter.
685 2191 740 2246 Si
771 2205 898 2261 ergo
928 2188 1049 2244 haec
1085 2190 1263 2244 omnia
1291 2187 1564 2243 mendacia
1590 2193 1769 2241 essent
1789 2224 1804 2249 ,

219 2301 335 2355 qua:
361 2284 522 2340 nobis
563 2291 711 2338 esset
753 2297 880 2353 spes
919 2281 1142 2336 salutis?
1170 2278 1323 2335 Unde
1362 2294 1494 2349 ergo
1530 2277 1808 2333 veritatem

222 2379 594 2448 reperiemus,
639 2389 759 2429 cum
806 2374 920 2444 ipsa
965 2374 1165 2428 veritas
1215 2372 1397 2438 dicat,
1451 2369 1814 2424 Testimonium

224 2485 385 2522 meum
411 2484 587 2522 verunt
615 2482 716 2520 non
741 2475 812 2521 est
831 2467 856 2519 .’
883 2465 1066 2535 Neque
1107 2463 1210 2519 hoc
1250 2471 1458 2517 tantum
1487 2460 1812 2517 contrarium

223 2560 452 2627 videtur,
471 2558 566 2614 sed
593 2556 735 2612 aliud
765 2572 978 2628 quoque
999 2571 1107 2610 non
1133 2555 1337 2618 minus;
1364 2569 1485 2607 nam
1508 2553 1560 2607 in
1582 2565 1815 2620 sequen-

228 2653 366 2706 tibus
394 2652 472 2705 ait
502 2668 517 2704 :
559 2649 624 2703 Et
651 2652 694 2705 si
724 2666 817 2721 ego
843 2651 1187 2703 testimonium
1217 2647 1452 2718 perhibeo
1497 2645 1560 2701 de
1588 2643 1780 2714 meipso
1800 2683 1815 2709 ,

229 2742 568 2797 testimonium
607 2750 773 2794 meum
815 2756 986 2794 verum
1026 2749 1098 2794 est
1145 2737 1349 2808 (Joan.
1378 2737 1434 2793 8.
1467 2737 1533 2791 14
1559 2735 1600 2806 ).
1632 2733 1818 2791 Utrum

228 2847 352 2903 ergo
384 2831 579 2886 horum
603 2831 896 2903 accipiam?
925 2840 1103 2886 utrum
1132 2829 1322 2884 falsum
1349 2826 1584 2899 putabo?
1607 2825 1743 2881 Nam
1774 2826 1819 2881 si

229 2921 342 2978 haec
362 2922 433 2976 ita
455 2924 849 2991 acceperimus,
869 2923 1012 2976 nulla
1036 2921 1169 2976 facta
1193 2935 1455 2990 persona,
1479 2919 1622 2974 nulla
1643 2934 1822 2975 causa:

232 3024 282 3068 et
321 3023 648 3069 eazterorum
680 3013 937 3068 similium
979 3011 1365 3082 perquisitionc
1393 3051 1407 3076 ,
1435 3021 1663 3080 utraque
1689 3009 1821 3065 falsa

232 3114 403 3159 enint.
435 3103 492 3160 Si
524 3106 670 3159 enim
701 3103 1067 3158 testimonium
1095 3103 1213 3172 ejus
1241 3117 1424 3158 verum
1454 3118 1558 3156 non
1591 3111 1695 3163 cst,
1729 3118 1824 3156 ne-

233 3210 332 3266 que
375 3193 482 3251 hoc
510 3195 682 3264 ipsum
713 3210 898 3249 verum
945 3204 1028 3249 est
1055 3234 1072 3260 ,
1104 3208 1276 3263 neque
1306 3193 1603 3262 posterius,
1652 3205 1824 3260 neque

236 3288 399 3356 prius.
430 3287 570 3355 Quid
597 3302 727 3356 ergo
752 3287 852 3342 sibi
883 3286 1033 3340 vult?
1057 3286 1215 3340 Multa
1244 3284 1397 3339 nobis
1423 3299 1560 3354 Opus
1585 3291 1666 3338 est
1688 3282 1823 3352 vigi-

239 3380 418 3442 lantia,
451 3382 560 3432 imo
587 3379 766 3447 potius
796 3378 890 3433 Dei
912 3378 1107 3448 gratia,
1138 3394 1206 3432 ne
1229 3377 1383 3432 nudis
1410 3376 1586 3431 verbis
1613 3375 1825 3430 insista-

237 3486 370 3525 mus.
402 3471 477 3525 lta
526 3471 670 3525 enim
705 3469 942 3525 haeretici
990 3479 1212 3535 errant,
1243 3469 1370 3524 dum
1399 3484 1572 3539 neque
1601 3483 1824 3536 scopum

239 3560 496 3628 dicentis,
530 3576 704 3629 neque
741 3560 1067 3614 audientium
1098 3560 1348 3615 allectum
1379 3559 1681 3628 explOrant.
1714 3558 1826 3614 Nisi

240 3668 361 3723 ergo
393 3653 510 3708 haec
539 3652 853 3720 adjiciamus
879 3693 892 3716 ,
926 3653 1032 3706 imo
1051 3653 1154 3707 alia
1180 3667 1391 3722 quoque
1415 3693 1430 3719 ,
1463 3664 1518 3706 ut
1550 3662 1788 3721 tempora
1810 3693 1824 3718 ,

241 3743 382 3808 loca,
425 3742 735 3796 auditorum
760 3743 1041 3809 animum;
1076 3743 1242 3797 multa
1286 3753 1685 3811 consequentur
1724 3745 1824 3797 ab-

241 3833 415 3887 surda.
445 3831 587 3901 Quid
615 3832 716 3888 sibi
763 3835 875 3890 vult
903 3848 1032 3903 ergo
1060 3833 1111 3888 id
1139 3833 1280 3902 quod
1320 3834 1433 3903 jam
1459 3833 1659 3889 dictum
1701 3833 1830 3889 est?

245 3921 438 3978 Dicturi
487 3931 646 3978 erant
674 3922 841 3979 Judaei
867 3939 882 3976 ε
913 3922 972 3978 Si
1019 3933 1073 3976 tu
1115 3924 1452 3978 testimonium
1495 3925 1724 3996 perhibes
1769 3924 1831 3978 de

245 4017 437 4084 teipse,
470 4016 805 4069 testimonium
858 4026 999 4069 tuum
1047 4033 1148 4070 non
1195 4025 1269 4070 est
1309 4032 1500 4070 verum.
1553 4017 1677 4071 Ideo
1717 4015 1832 4070 haec

243 4114 580 4175 pra-occupat
607 4119 671 4160 ac
684 4106 728 4159 si
751 4107 950 4162 diceret
973 4123 985 4160 :
1008 4107 1204 4162 Dieetis
1231 4108 1414 4178 utique
1435 4108 1586 4173 mihi,
1611 4108 1700 4162 tibi
1723 4125 1827 4163 non

244 4195 509 4250 credimus
538 4213 553 4251 :
581 4211 737 4251 nemo
777 4197 918 4251 enim
950 4198 1038 4268 qui
1069 4198 1249 4254 statim
1277 4199 1345 4254 de
1374 4214 1432 4253 se
1466 4201 1830 4256 testimonium

248 4286 553 4350 perhibent,
571 4285 709 4355 apud
731 4285 973 4342 homines
995 4289 1259 4343 credetur.
1283 4289 1411 4344 Illud
1437 4305 1564 4360 ergo
1583 4333 1597 4354 ,
1623 4288 1744 4344 Non
1764 4299 1832 4345 est

245 4391 411 4429 rerum
433 4417 450 4441 ,
500 4391 605 4430 non
635 4386 834 4433 temere
863 4378 1140 4448 legendum
1167 4421 1182 4446 ,
1212 4379 1305 4434 sed
1329 4380 1832 4452 subintelligendnm

246 4475 324 4519 est
354 4467 652 4522 secundum
677 4469 886 4523 illorum
909 4471 1238 4538 opinionem,
1262 4487 1325 4526 ac
1349 4473 1393 4526 si
1420 4473 1642 4539 diceret,
1670 4474 1833 4529 Vobis

250 4571 352 4611 nun
387 4568 472 4612 est
504 4574 712 4614 verum.
758 4559 873 4615 Non
915 4576 1044 4631 ergo
1068 4572 1254 4617 contra
1297 4565 1610 4634 dignitatem
1640 4580 1791 4620 suam
1815 4605 1831 4630 ,

248 4646 339 4701 sed
369 4659 555 4703 contra
606 4650 814 4705 illorum
843 4652 1149 4721 Opinionem
1197 4654 1276 4709 sic
1305 4653 1560 4724 loquitur.
1594 4657 1674 4710 Ac
1712 4671 1832 4710 cum

249 4737 390 4806 dicit,
421 4741 782 4795 Testimonium
811 4760 976 4798 meum
1003 4761 1172 4798 verum
1204 4763 1303 4799 non
1334 4757 1438 4814 est,
1469 4747 1682 4803 illorum
1711 4763 1836 4804 sen-

251 4834 466 4884 tentiam
519 4832 798 4902 coarguit,
840 4848 1050 4889 nccuon
1081 4835 1437 4904 objectionem
1464 4878 1480 4904 ,
1529 4853 1686 4907 quam
1733 4839 1834 4908 ipsi

250 4921 476 4977 oblatnri
504 4932 680 4978 erant.
711 4923 844 4978 Cum
876 4941 1004 4981 vero
1037 4926 1188 4994 dicit,
1221 4926 1350 4982 Etsi
1374 4945 1464 5000 ego
1492 4932 1834 4985 testimonium

252 5015 482 5078 perhibeo
530 5015 594 5068 de
640 5016 867 5086 meipso,
920 5033 1090 5071 verum
1135 5027 1204 5073 est
1247 5021 1586 5075 testimonium
1629 5039 1834 5090 meum,

253 5104 414 5174 ipsam
446 5109 525 5162 rei
555 5119 796 5163 naturam
825 5112 1081 5174 ostendit,
1110 5113 1252 5182 quod
1283 5114 1488 5169 scilicet
1518 5115 1714 5184 ipsum,
1753 5126 1838 5171 ut-

253 5208 372 5264 pote
397 5199 565 5253 Deum
593 5241 607 5265 ,
637 5199 743 5255 ﬁde
764 5201 982 5272 dignum
1008 5202 1156 5258 credi
1185 5213 1480 5274 oporteret,
1523 5206 1684 5262 etiam
1713 5223 1836 5262 eum

254 5289 318 5344 dc
343 5294 524 5361 seipso
552 5293 878 5362 loqueretur.
908 5295 1041 5362 Quia
1072 5298 1216 5351 enim
1245 5297 1455 5351 dixerat
1481 5300 1836 5354 resurrectio-

255 5397 368 5436 ncm
398 5395 732 5440 mortuorum
762 5397 814 5441 ct
853 5388 1111 5457 judicium
1136 5432 1152 5454 ,
1187 5400 1240 5444 ct
1279 5390 1420 5460 quod
1451 5393 1537 5461 qui
1567 5392 1740 5446 credit
1783 5393 1834 5447 in

254 5472 419 5540 ipsum
448 5492 554 5530 non
578 5476 869 5545 judicatur,
903 5479 997 5534 sed
1023 5480 1091 5534 ad
1125 5482 1285 5534 vitam
1316 5483 1479 5548 venit,
1508 5493 1561 5537 ct
1592 5484 1732 5554 quod
1761 5500 1840 5539 sc-

255 5559 382 5618 dens
410 5568 651 5623 omnium
682 5571 918 5626 rationes
947 5569 1304 5640 expetiturus,
1330 5581 1385 5627 et
1410 5573 1551 5643 quod
1593 5576 1836 5632 eamdem

258 5650 442 5710 habeat
466 5697 482 5723 ,
532 5673 688 5727 quam
743 5659 894 5715 Pater
925 5701 940 5727 ,
972 5671 1288 5731 potestatem
1316 5671 1371 5718 et
1394 5666 1683 5730 virtutem;
1715 5683 1836 5722 cum

258 5741 366 5834 lucc
394 5749 569 5802 omnia
599 5751 1013 5808 conﬁrmaturus
1039 5762 1214 5821 esset,
1244 5756 1351 5812 alio
1378 5758 1540 5813 modo
1571 5757 1708 5816 hanc
1736 5758 1839 5816 ob-

249 5838 528 5897 iectionem
575 5841 880 5899 neccsurio
929 5844 1154 5916 primam
1207 5846 1377 5918 ponit.
1430 5848 1588 5923 Dixi,
1635 5846 1836 5916 inquit,

1194 423 1258 480 IN
1295 417 1607 478 JOANNEM
1645 409 1876 470 llOMlL.
1919 408 2030 464 XL.
2073 409 2148 466 al.
2189 407 2432 465 XXXIX.

3378 413 3488 471 250

1897 524 2044 579 Sicut
2087 520 2248 578 Pater
2274 524 2482 578 suscitat
2512 530 2737 575 mortuos
2766 530 2813 576 et
2848 519 3066 588 viviﬁcat
3086 560 3102 588 ,
3132 520 3204 575 sic
3228 529 3279 576 et
3315 516 3486 577 Filius

1893 631 2018 683 quos
2069 615 2176 670 vult
2216 616 2442 683 riviﬁcat
2466 631 2485 680 ;
2513 613 2649 679 dixi,
2681 611 2861 680 Neque
2890 611 3050 667 Pater
3071 613 3274 682 judicat
3310 629 3490 684 quem-

1894 723 2067 776 quam,
2090 706 2179 760 sed
2200 722 2346 760 omne
2355 707 2611 777 judicium
2629 705 2766 759 dedit
2790 703 2964 772 Filio;
2986 703 3094 760 dixi
3118 704 3489 765 honorandum

1896 813 2020 854 esse
2047 797 2242 853 Filium
2273 799 2412 854 sicut
2440 798 2653 853 Patrem
2680 813 2697 860 :
2725 797 2834 852 dixi
2863 838 2878 861 ,
2911 797 3013 864 Qui
3040 814 3142 852 non
3181 799 3488 868 honoriﬁcus

1899 887 2131 954 Filium,
2172 903 2331 958 neque
2378 887 2590 942 Patrem
2641 888 2982 956 honoriﬁcat;
3011 886 3160 953 dixi,
3209 886 3311 953 Qui
3351 888 3495 943 audit

1900 981 2048 1036 verba
2073 996 2184 1034 mea
2210 990 2258 1034 et
2282 979 2440 1034 credit
2466 996 2547 1045 ea,
2578 997 2678 1033 non
2709 979 2892 1032 videbit
2914 989 3126 1033 mortem
3151 981 3191 1044 ‘,
3211 979 3300 1034 sed
3310 992 3498 1033 trans-

1901 1072 2035 1126 latus
2056 1081 2129 1127 est
2158 1089 2191 1126 a
2211 1081 2368 1125 morte
2396 1069 2462 1123 ad
2495 1071 2671 1134 vitam;
2697 1070 2829 1136 dixi,
2850 1085 3039 1125 vocem
3061 1085 3236 1125 meam
3261 1078 3500 1128 mortuos

1904 1164 2281 1218 suscitaturam
2305 1177 2445 1224 esse.
2473 1171 2527 1217 et
2552 1175 2692 1216 nunc
2717 1169 2771 1216 et
2801 1169 2982 1230 postea
3011 1176 3025 1224 ;
3055 1160 3185 1226 dixi,
3219 1175 3305 1215 me
3329 1161 3498 1215 ratio-

1905 1269 2027 1308 nem
2051 1253 2289 1307 omnium
2319 1262 2658 1322 peccatorum
2690 1252 3041 1321 repetiturum
3069 1266 3188 1307 esse
3208 1267 3223 1316 ;
3246 1251 3379 1318 dixi,
3410 1268 3499 1308 tne

1904 1361 2026 1402 esse
2049 1346 2193 1416 justo
2216 1347 2603 1416 judicaturum,
2635 1360 2700 1400 ac
2727 1343 3031 1400 mercedem
3063 1344 3199 1400 bene
3224 1346 3502 1414 Operanti-

1905 1439 2004 1494 bus
2051 1439 2320 1493 daturum.
2367 1437 2499 1506 Quia
2530 1452 2658 1508 ergo
2702 1437 2787 1491 illa
2816 1436 2993 1492 omnia
3025 1436 3226 1506 prolata
3267 1435 3504 1504 fuerant,

1908 1541 1964 1586 et
1990 1546 2179 1601 magna
2225 1530 2441 1601 quidem
2470 1539 2665 1594 erant,
2701 1529 2934 1584 necdum
2966 1538 3145 1584 tamen
3189 1529 3308 1584 data
3333 1528 3511 1586 luerat

1908 1620 2100 1677 horum
2124 1622 2269 1677 clara
2296 1622 2706 1689 demonstratio,
2739 1621 2834 1676 sed
2861 1621 3088 1676 Obscura
3113 1621 3310 1692 plane;
3330 1621 3508 1691 primo

1908 1713 2048 1782 quod
2078 1712 2430 1781 objiciebatur
2453 1714 2618 1783 ponit,
2645 1713 2714 1766 ad
2743 1713 3005 1768 dictorum
3033 1726 3213 1767 veram
3244 1711 3509 1768 rationem

1907 1814 2199 1869 venturus;
2227 1820 2292 1860 ac
2316 1807 2360 1861 si
2389 1806 2458 1858 ita
2483 1806 2807 1876 loqueretur,
2839 1807 2937 1861 etsi
2963 1822 3068 1860 non
3094 1806 3284 1861 iisdem
3305 1806 3508 1862 verbis.

1911 1897 2018 1953 Sed
2043 1897 2272 1954 fortasse
2299 1899 2488 1954 dicetis
2514 1917 2527 1952 ε
2552 1899 2676 1953 Ηωο
2702 1899 2880 1954 omnia
2906 1909 2958 1954 tu
2985 1899 3140 1963 dicis,
3172 1915 3269 1954 nec
3301 1915 3363 1957 es
3407 1900 3513 1958 {ide

1911 1990 2104 2060 dignus
2131 1992 2298 2056 testis,
2323 1992 2412 2062 qni
2439 1991 2528 2045 tibi
2555 1991 2653 2061 ipsi
2683 1993 3046 2047 testimonium
3069 1992 3375 2064 perhibeas.
3401 1994 3513 2050 llac

1914 2080 2092 2152 itaque
2130 2082 2338 2136 ratione
2387 2083 2559 2151 primo
2598 2083 2813 2137 solvens
2845 2083 3057 2139 illorum
3088 2085 3512 2151 contentionem,

1916 2175 2058 2246 quod
2088 2190 2151 2230 ea
2181 2190 2300 2246 qua:
2340 2174 2534 2231 dicturi
2567 2186 2722 2231 erant
2760 2175 3030 2246 proferret
3054 2219 3070 2244 ,
3100 2178 3518 2250 ostenderetque

1921 2283 1980 2322 se
2007 2282 2200 2322 arcana
2229 2266 2410 2322 cordis
2449 2282 2634 2323 eorum
2666 2283 2829 2324 nosse
2842 2309 2865 2336 ,,
2893 2277 2949 2324 et
2975 2269 3114 2325 hanc
3143 2270 3369 2340 primam
3401 2273 3515 2326 vir-

1922 2361 2049 2415 tutis
2089 2375 2201 2415 sua:
2247 2360 2766 2415 demonstrationem
2797 2359 3060 2416 exhibens
3084 2402 3099 2426 ,
3131 2361 3346 2418 demum
3399 2373 3521 2434 post

1921 2453 2277 2523 objectionem
2327 2451 2627 2523 prolatam,
2660 2452 2794 2508 alias
2836 2452 3010 2509 adfert
3033 2453 3522 2514 demonstrationes

1923 2545 2095 2601 claras
2123 2554 2179 2601 et
2202 2544 2674 2617 inexpugnabiles;
2704 2555 2814 2600 tres
2837 2544 3114 2600 adducens
3136 2555 3322 2613 testes,
3353 2561 3519 2618 Opera

1925 2651 2022 2691 sua
2050 2677 2064 2703 ,
2088 2637 2261 2693 Patris
2295 2636 2688 2703 testimonium,
2713 2647 2768 2692 et
2796 2636 3022 2692 Joannis
3052 2637 3518 2706 praedicationem.

1927 2729 2276 2799 Primumque
2306 2729 2670 2784 testimonium
2703 2729 2882 2798 ponit,
2912 2728 2964 2782 id
2992 2728 3135 2798 quod
3164 2729 3340 2784 minus
3369 2740 3486 2786 erat
3506 2772 3522 2798 ,

1927 2836 2122 2893 nempe
2146 2820 2388 2877 Joannis.
2423 2821 2553 2876 Cum
2573 2819 2715 2876 enim
2735 2819 2980 2886 dixisset,
3010 2819 3156 2875 Alius
3182 2822 3360 2888 estqui
3389 2822 3526 2876 testi-

1928 2914 2155 2967 monium
2185 2912 2410 2982 perhibet
2447 2913 2510 2965 de
2537 2927 2634 2978 me,
2664 2921 2712 2965 et
2735 2912 2841 2966 seio
2860 2911 2981 2982 quia
3005 2927 3176 2966 verum
3203 2921 3276 2968 est
3303 2913 3526 2968 testimo-

1930 3004 2072 3057 niunt
2098 3004 2208 3071 ejus
2230 3017 2248 3066 ;
2276 3001 2515 3056 subdidit
2539 3020 2554 3056 :
2584 3003 2675 3057 55.
2717 2999 2815 3056 Vos
2842 3001 3050 3056 misistis
3078 3003 3147 3056 ad
3171 3001 3448 3068 Joannem,
3478 3013 3526 3057 et

1931 3094 2272 3146 testimonium
2304 3091 2554 3162 perhibuit
2581 3092 2795 3145 veritati.
2829 3093 2987 3163 Atqui
3009 3093 3054 3147 si
3087 3107 3192 3148 non
3224 3103 3309 3148 est
3337 3107 3527 3149 vermn

1931 3182 2297 3240 testimonium
2331 3193 2476 3237 tuum
2502 3223 2516 3247 ,
2545 3183 2816 3254 quomodo
2840 3183 3008 3250 dicis,
3039 3184 3236 3240 Verum
3265 3195 3350 3242 est
3377 3185 3530 3242 testi.

1932 3276 2169 3330 tnonium
2195 3275 2455 3339 Joannis;
2486 3285 2562 3338 et.
2605 3275 2972 3332 Testimonium
3004 3276 3256 3349 perhibuit
3282 3280 3480 3333 ueritati
3501 3279 3531 3333 .’

1932 3365 2119 3420 Vidcn’
2153 3381 2314 3436 quam
2345 3366 2549 3420 clarum
2579 3366 2664 3421 vel
2686 3367 2812 3423 inde
2840 3370 2933 3434 sit,
2964 3368 3094 3423 illud
3116 3409 3131 3434 ,
3159 3366 3531 3424 Testimonium

1931 3475 2097 3512 nicum
2140 3473 2240 3512 non
2270 3465 2342 3512 est
2382 3473 2553 3512 verum
2578 3498 2594 3525 ,
2632 3457 2897 3515 adversus
2923 3474 3110 3516 eorum
3154 3464 3519 3534 suspicionem

1933 3549 2134 3604 dictum
2168 3547 2376 3603 fuisse?
2733 3561 2736 3564 ‘

1996 3642 2049 3697 ἓ.
2065 3641 2281 3695 Joannis
2297 3640 2543 3712 Baptistae
2559 3641 2825 3696 testimonii
2846 3643 3114 3709 certiludo;
3128 3645 3286 3713 ipsius
3307 3644 3408 3701 Dei
3427 3659 3541 3702 erat

1933 3733 2290 3788 testimonium.
2309 3732 2531 3802 Operam
2558 3730 2745 3787 Christi
2763 3736 3100 3789 testimonium
3121 3737 3537 3794 ineluctabile.—

1934 3825 2069 3893 Quid
2115 3825 2158 3879 si
2206 3826 2316 3887 ille,
2351 3824 2577 3894 inquies,
2620 3826 2980 3880 testimonium
3007 3825 3072 3882 ad
3102 3828 3328 3897 gratiam
3354 3830 3539 3900 perhi-

1935 3917 2083 3973 ιιιιὶιῖ
2123 3916 2200 3971 Ne
2237 3917 2338 3972 hoc
2373 3917 2617 3972 dicerent
2642 3957 2657 3980 ,
2689 3917 2809 3971 vide
2847 3919 3118 3988 quomodo
3157 3919 3298 3977 hanc
3337 3923 3540 3978 amovit

1939 4008 2322 4077 suspicionem.
2369 4007 2484 4063 Non
2521 4008 2663 4063 enim
2705 4007 2859 4072 dixit,
2887 4008 3126 4066 Joannes
3171 4013 3538 4070 testimonium

1940 4102 2206 4170 perhibuit
2232 4111 2300 4157 de
2329 4117 2443 4163 tne;
2478 4101 2569 4156 sed
2593 4101 2760 4172 prius,
2793 4101 2891 4156 Vas
2919 4103 3126 4159 misistis
3145 4105 3214 4159 ad
3241 4104 3540 4174 Joannem;

1941 4209 2045 4246 non
2094 4193 2373 4248 misissctis
2417 4202 2631 4258 autem,
2679 4195 2779 4248 nisi
2815 4193 2923 4249 ﬁde
2962 4194 3180 4266 dignum
3227 4197 3538 4253 existimas-

1941 4285 2088 4339 sctis.
2147 4283 2408 4354 Quodque
2465 4284 2636 4351 majus
2687 4294 2789 4349 est,
2835 4301 2941 4340 non
2988 4290 3252 4344 miserunt
3297 4289 3535 4346 interro-

1939 4385 2118 4448 gutum
2165 4377 2310 4431 illum
2349 4375 2418 4430 de
2458 4374 2696 4439 Christo,
2739 4375 2833 4431 sed
2872 4376 2942 4432 de
2978 4379 3188 4448 seipso;
3228 4395 3390 4450 quem
3432 4382 3540 4440 llde

1940 4469 2158 4536 dignum
2199 4467 2456 4538 putabant
2498 4468 2567 4523 de
2614 4470 2792 4538 seipso
2843 4469 3207 4527 testimonium
3254 4472 3542 4536 ferentem.

1943 4561 2110 4614 multo
2145 4562 2312 4630 magis
2345 4560 2413 4615 de
2445 4560 2551 4616 alio
2591 4562 2919 4630 loquentem.
2961 4563 3213 4621 Solemus
3253 4570 3398 4623 enim
3440 4584 3543 4625 nos

1944 4651 2189 4705 homines
2217 4667 2322 4705 non
2354 4650 2573 4720 perinde
2594 4653 2817 4709 credere
2843 4654 2908 4708 iis
2929 4659 3021 4725 qui
3049 4654 3117 4710 de
3146 4672 3206 4713 se
3225 4659 3537 4730 loquuntur,

1942 4759 2100 4812 quam
2149 4743 2213 4797 iis
2248 4744 2336 4813 qui
2376 4743 2444 4797 de
2484 4743 2623 4799 aliis.
2671 4743 2822 4800 llunc
2845 4761 2973 4801 vero
3000 4748 3071 4801 ita
3102 4764 3348 4805 veracem
3383 4761 3539 4820 puta-

1943 4838 2091 4902 bant,
2122 4844 2179 4890 nt
2202 4836 2363 4891 etiam
2390 4835 2458 4891 de
2488 4850 2546 4890 se
2568 4837 2814 4908 loquens,
2843 4839 3066 4894 alterius
3096 4843 3406 4898 testimonio
3432 4859 3540 4900 non

1942 4939 2145 4999 egeret.
2193 4927 2325 4982 Nam
2367 4929 2456 4998 qui
2487 4928 2637 4983 missi
2668 4928 2915 4996 fuerant,
2947 4947 3052 4986 non
3082 4933 3371 4999 dixerunt,
3401 4936 3540 5002 Quid

1943 5019 2077 5074 dicis
2104 5019 2171 5073 de
2197 5017 2452 5074 Christo?
2481 5019 2597 5085 sed,
2618 5019 2697 5073 Tu
2720 5021 2834 5091 quis
2855 5022 2943 5075 es?
2966 5023 3088 5092 quid
3114 5023 3240 5079 dicis
3258 5024 3323 5080 de
3348 5028 3507 5096 teipse
3523 5030 3550 5082 τ

1944 5111 2078 5165 Tum
2123 5126 2152 5163 ιι
2180 5110 2420 5164 irabilem
2459 5110 2716 5179 putabant
2756 5111 3050 5168 hominem.
3085 5113 3199 5170 lloc
3223 5131 3351 5187 ergo
3379 5127 3549 5173 totum

1944 5202 2318 5267 subindicavit,
2342 5217 2464 5256 cum
2491 5202 2646 5268 dixit,
2679 5201 2780 5257 Vos
2811 5205 3015 5259 misistis
3034 5205 3103 5259 ad
3122 5205 3394 5262 Joannem.
3425 5209 3550 5264 Ideo

1945 5295 2272 5363 evangelista
2305 5311 2410 5349 non
2442 5295 2617 5349 solum
2647 5296 2795 5360 dicit,
2822 5312 2915 5352 eos
2944 5297 3175 5366 misisse,
3197 5302 3290 5356 sed
3317 5302 3387 5358 de
3413 5305 3546 5357 mis-

1945 5388 2020 5442 sis
2052 5402 2306 5452 nxpresse
2327 5387 2480 5448 dicit,
2501 5386 2665 5440 fuisse
2697 5405 2760 5441 ex
2792 5390 3162 5442 sacordotibns
3185 5402 3234 5443 et
3264 5408 3328 5446 ex
3364 5391 3550 5447 Phari-

1947 5480 2089 5542 sa:is,
2106 5494 2209 5533 non
2233 5495 2264 5535 e
2284 5479 2462 5549 vulgo,
2483 5494 2583 5535 nec
2602 5479 2690 5549 qui
2715 5481 2986 5550 corrumpi
3005 5482 3085 5536 vel
3107 5480 3280 5553 decipi
3305 5493 3547 5554 possent,

1951 5570 2043 5625 sed
2075 5571 2164 5640 qui
2194 5570 2312 5637 ejus
2343 5569 2481 5624 dicta
2515 5579 2764 5626 accurate
2791 5573 3151 5643 perciperent.
3183 5575 3272 5632 54.
3315 5574 3428 5646 Ego
3453 5593 3548 5629 au-

1948 5669 2043 5714 tem
2073 5677 2173 5714 non
2195 5659 2256 5714 ab
2283 5661 2485 5714 homine
2505 5661 2848 5716 testimonium
2873 5666 3088 5734 accipio.
3114 5668 3219 5722 Cur
3241 5681 3372 5737 ergo
3389 5665 3554 5723 Joan-

2021 5868 2034 5898 ¹
2077 5865 2202 5914 Alius
2226 5863 2394 5926 habet,
2421 5879 2511 5917 non
2539 5865 2711 5918 ridebit
2726 5865 2990 5926 jndtct’mn.
