4102 6486
1368 359 1420 413 S.
1462 353 1735 410 JUAN-NIS
1771 347 2236 407 CIIRYSOS'IOMI
2275 347 2592 408 ARCIIIEP.
2636 351 3167 410 CONSTANTINOP.
3780 356 3892 412 23:1

2302 459 2556 531 Iosophia:
2574 461 2834 528 studioso,
2857 479 3013 533 quem
3035 463 3434 518 admirabantur
3459 483 3473 517 :
3497 478 3656 534 opera
3677 476 3883 532 autem,

2299 551 2380 606 vel
2404 551 2542 622 apud
2565 553 2800 618 insanos,
2826 555 2954 608 nulli
2980 564 3135 609 erant
3159 555 3445 624 suspicioni
3475 554 3724 610 obnoxia.
3759 556 3883 610 Ideo

2297 644 2523 699 alterum
2553 644 2772 700 adduxit
2803 646 3163 700 testimonium
3193 646 3379 702 dicens
3408 664 3420 698 :
3453 645 3622 716 Opera
3650 663 3764 716 qua:
3785 649 3880 701 de-

630 367 726 423 231

631 481 711 534 nis
758 475 1114 534 testimonium
1158 469 1387 538 accipis?
1436 467 1578 522 Illius
1621 474 1767 520 certe
1809 461 2187 526 testimonium,

629 567 860 625 hominis
894 581 998 620 non
1040 572 1174 618 erat.
1218 560 1316 628 Qui
1353 559 1482 612 misit
1517 573 1614 620 me,
1647 555 1835 625 inquit,
1865 555 2118 634 baptizare
2140 554 2193 606 in

626 671 776 728 aqua,
801 654 890 709 tlte
908 653 1030 708 mihi
1051 652 1199 706 dixit.
1233 649 1412 719 Itaque
1440 646 1659 702 Joannis
1691 643 2072 709 testimonium,
2101 643 2190 698 Dei

623 759 741 805 erat
765 745 1120 805 testimonium
1145 758 1164 800 :
1192 742 1259 798 ab
1288 741 1379 796 illo
1411 740 1552 794 enim
1588 737 1847 792 didicerat
1876 752 1938 791 ea
1965 752 2082 806 qua:
2106 734 2185 790 di-

622 841 793 897 cubat.
824 839 931 896 Sed
959 853 1027 894 ne
1053 836 1310 900 dicerent,
1339 831 1492 888 Unde
1512 837 1719 884 constat
1748 829 1893 883 illum
1923 843 1953 882 a
1986 828 2092 882 Deo
2113 826 2194 882 di-

622 931 817 986 dli-isse
855 939 911 985 et
952 928 1074 984 hinc
1111 925 1392 980 adversum
1420 929 1644 984 starent,
1674 919 1880 974 illorum
1907 934 1998 973 ora
2025 917 2189 973 vehe-

597 1075 600 1078 .
624 1030 831 1076 menter
858 1018 1130 1089 reprimit,
1163 1025 1218 1072 et
1243 1015 1414 1070 adhuc
1438 1023 1622 1067 contra
1650 1011 1859 1065 illorum
1886 1009 2188 1081 opinionem

622 1112 885 1168 edisserit.
915 1109 1093 1179 Neque
1117 1108 1258 1163 cnim
1283 1104 1568 1160 verisimile
1590 1113 1704 1159 erat
1726 1104 1920 1157 multos
1946 1102 2059 1156 lucc
2085 1101 2190 1155 sci-

624 1202 780 1266 visse,
810 1199 904 1257 sed
924 1197 1114 1255 Joanni
1139 1195 1496 1260 attendebant,
1519 1203 1575 1249 ut
1599 1209 1664 1250 ex
1693 1209 1751 1250 se
1781 1192 2033 1263 loquenti.
2066 1191 2188 1248 Ideo

581 1269 586 1280 '
619 1294 694 1346 ait
723 1310 737 1345 :
763 1291 871 1364 Ego
898 1289 960 1344 ab
983 1291 1183 1345 homine
1201 1287 1534 1343 testimonium
1555 1303 1655 1341 non
1678 1284 1890 1356 accipio.
1918 1285 1972 1340 Si
1999 1284 2067 1338 ab
2091 1284 2188 1340 ho-

620 1381 760 1448 mine
787 1382 1148 1437 testimonium
1176 1394 1280 1433 non
1307 1386 1640 1448 accepturus,
1673 1391 1845 1446 neque
1873 1376 1963 1430 illo
1992 1389 2187 1431 usurus

618 1445 738 1526 eras
759 1512 774 1538 ,
804 1487 901 1526 cur
927 1471 1043 1541 ejus
1071 1445 1858 1525 testimonium—adduxisti?7Ne
1887 1467 2042 1537 igitur
2071 1465 2186 1521 [nec

617 1563 874 1630 dicerent,
895 1563 1019 1618 audi
1043 1562 1307 1634 quomodo
1335 1560 1423 1614 tali
1449 1559 1734 1629 objectioni
1760 1567 2020 1613 occurrat.
2050 1557 2182 1614 Cum

618 1654 836 1709 dixisset
877 1654 1040 1716 enim,
1081 1654 1157 1706 Ab
1197 1653 1398 1706 homine
1437 1652 1768 1705 testimonium
1811 1667 1912 1704 non
1949 1651 2140 1721 accipio
2162 1668 2183 1717 ;

616 1743 885 1813 snbjunx‘it
915 1761 929 1799 :
963 1742 1068 1799 Sed
1099 1743 1208 1798 hac
1243 1742 1374 1806 dico,
1404 1751 1457 1796 ut
1483 1757 1568 1796 vos
1595 1742 1722 1797 salvi
1749 1744 1878 1797 sitis.
1910 1743 2021 1797 Iloc
2052 1753 2134 1797 est
2164 1757 2179 1797 :

614 1835 738 1915 Ego;
770 1834 924 1905 hujus
961 1833 1263 1891 testimonio
1305 1834 1538 1888 humano
1581 1849 1685 1887 non
1726 1849 1858 1904 Opus
1897 1834 2179 1901 habebam,

611 1939 731 1979 cum
770 1925 906 1980 Deus
942 1925 1078 1991 sim;
1118 1925 1213 1980 sed
1240 1926 1361 1996 quia
1392 1924 1537 1978 illum
1564 1926 1832 1994 suspicitis
1856 1935 1909 1980 et
1934 1927 2181 1981 onntibus

615 2015 718 2072 fide
735 2014 1026 2086 digniorem
1057 2017 1284 2086 putatis;
1313 2026 1366 2072 et
1392 2017 1457 2070 ad
1489 2017 1636 2070 illum
1659 2017 1872 2086 quidem
1895 2028 1948 2071 ut
1969 2017 2035 2072 ad
2060 2033 2182 2087 pro-

612 2107 822 2175 phetam
849 2107 1207 2162 accurrebatis
1231 2107 1438 2177 (civitas
1456 2107 1597 2161 enim
1618 2107 1683 2160 ad
1703 2106 1988 2162 Iordanem
2011 2106 2180 2162 eﬂ‘un-

2298 734 2372 787 dit
2397 735 2519 788 mihi
2547 735 2721 799 Pater,
2751 745 2804 789 ut
2830 737 3088 805 perﬁciam
3113 754 3194 802 ea,
3225 738 3337 806 ipsa
3364 753 3515 808 Opera
3541 752 3656 810 qua
3676 754 3769 811 ego
3796 739 3876 807 fa-

2295 825 2376 878 cio
2393 833 2635 878 testantur
2660 825 2838 889 deme,
2858 827 3095 893 quoniam
3127 829 3260 882 misit
3286 845 3364 881 me
3390 826 3561 882 Pater.
3590 827 3686 882 Hie
3716 843 3877 884 accn-

2294 915 2553 970 sationem
2583 915 2650 971 de
2680 917 2875 971 violato
2903 917 3123 973 sabbato
3146 918 3379 988 depellit.
3409 919 3540 987 Quia
3563 919 3705 973 enim
3731 919 3874 975 dice-

2293 1004 2420 1059 bant
2450 1005 2557 1070 illi,
2587 1006 2866 1076 Quomodo
2892 1018 3071 1078 potest
3095 1023 3124 1062 a
3160 1010 3266 1063 Deo
3293 1024 3412 1064 esse
3431 1050 3445 1072 .
3475 1011 3562 1079 qui
3594 1009 3874 1064 sabbatum

2294 1110 2399 1151 non
2448 1097 2714 1152 custodit?
2765 1099 2884 1153 idco
2931 1099 3107 1162 dixit,
3163 1100 3290 1165 Qui:
3336 1101 3473 1155 dedit
3521 1102 3643 1154 nutri
3693 1100 3872 1157 Pater.

2293 1184 2514 1241 Etiamsi
2562 1187 2648 1242 ille
2687 1189 3001 1245 auctoritate
3044 1205 3136 1244 sua
3181 1199 3396 1260 ageret;
3436 1191 3531 1245 sed
3567 1201 3624 1245 ut
3648 1192 3875 1247 validius

2294 1279 2541 1347 probaret
2565 1295 2624 1336 se
2648 1280 2790 1336 Patri
2817 1280 2952 1336 nihil
2983 1282 3309 1337 contrarium
3339 1283 3516 1338 facere
3535 1325 3550 1350 ,
3579 1283 3699 1339 ideo
3728 1283 3873 1354 quod

2290 1367 2445 1439 longe
2471 1370 2643 1424 minus
2669 1380 2786 1426 erat
2812 1373 3005 1440 posuit.

2360 1459 2413 1514 5.
2435 1458 2603 1525 Quare
2620 1459 2849 1516 Christus
2872 1463 2951 1516 hic
2970 1479 3034 1517 ea:
3052 1463 3283 1532 operibus
3302 1464 3406 1518 suis
3424 1464 3730 1520 divinitatem
3751 1466 3873 1520 mis-

2287 1548 2442 1602 sionis
2455 1565 2560 1604 sua:
2579 1559 2790 1617 tantum,
2811 1554 2951 1608 nulla
2972 1555 3034 1608 de
3050 1571 3142 1608 sua
3163 1555 3420 1608 divinitate
3441 1557 3691 1611 uacatione
3709 1559 3867 1628 tuta,

2287 1640 2532 1693 adstruat.
2580 1639 2738 1696 Pater
2773 1645 3022 1713 quomodo
3061 1645 3300 1700 audiatur
3334 1655 3381 1700 et
3415 1647 3661 1702 videatur.
3702 1649 3872 1717 Quare

2285 1726 2495 1784 Judatos
2518 1730 2746 1786 LIm'stus
2767 1733 2836 1786 ad
2861 1735 3156 1804 Scripturas
3176 1737 3442 1791 rentiserit.
3465 1766 3538 1776 —
3557 1737 3623 1791 Et
3646 1752 3763 1806 cur,
3787 1739 3869 1794 in-

2285 1820 2437 1888 quies
2461 1861 2474 1884 ,
2507 1837 2610 1876 non
2639 1823 2790 1887 dixit,
2822 1822 2995 1895 Opera
3025 1841 3144 1896 qua:
3167 1825 3315 1882 dedit
3345 1827 3474 1884 mihi
3505 1828 3682 1896 Pater,
3717 1831 3868 1885 testi-

2288 1907 2513 1966 ficantur
2537 1925 2623 1968 me
2650 1911 2790 1967 Patri
2819 1915 3076 1984 mqnalcm
3106 1917 3266 1973 esse?
3301 1918 3462 1974 Certe
3491 1929 3777 1990 utrumque
3798 1937 3868 1978 es

2285 2001 2535 2068 operibus
2571 2003 2742 2073 .edisci
2789 2015 3015 2074 poterat,
3045 2017 3098 2063 et
3142 2009 3314 2078 ipsum
3357 2010 3488 2064 nihil
3533 2014 3864 2069 contrarium

2284 2091 2429 2146 Patri
2476 2092 2675 2161 facere,
2713 2105 2768 2151 et
2812 2100 3071 2167 :equalem
3110 2101 3338 2169 genitori
3381 2117 3533 2168 esse,
3562 2103 3612 2157 id
3642 2103 3782 2174 quod
3810 2116 3868 2163 et

2280 2183 2404 2238 alibi
2436 2185 2624 2254 probat
2647 2200 2768 2241 cum
2799 2187 2926 2243 dicit
2955 2205 2969 2241 :
3003 2188 3065 2244 Si
3097 2191 3219 2243 mihi
3248 2207 3348 2245 non
3377 2193 3602 2257 creditis,
3631 2197 3867 2264 operibus

2280 2275 2402 2328 meis
2438 2277 2624 2330 credite
2647 2318 2662 2344 ,
2696 2288 2750 2331 nt
2776 2281 2945 2334 sciatis
2967 2291 3018 2334 et
3037 2281 3250 2337 credatis
3273 2284 3393 2352 quia
3419 2299 3511 2356 ego
3535 2285 3588 2338 in
3621 2284 3797 2355 Patre,
3818 2299 3868 2344 et

2284 2363 2444 2418 Pater
2469 2367 2521 2419 in
2547 2383 2625 2420 me
2649 2381 2722 2422 est
2756 2369 2933 2440 (Joan.
2959 2370 3044 2426 I0.
3079 2371 3194 2441 58).
3244 2371 3537 2444 Utrumque
3559 2418 3573 2441 ,
3606 2377 3819 2448 inquam
3845 2419 3862 2442 ,

2282 2456 2592 2513 testificatus
2615 2468 2777 2521 esset,
2803 2469 2856 2514 ct
2880 2476 2940 2515 se
2965 2463 3220 2531 :equaletn
3244 2478 3365 2520 esse
3390 2464 3552 2532 Patri,
3573 2478 3627 2523 et
3647 2484 3707 2524 se
3730 2470 3864 2527 nihil

2280 2548 2454 2605 facere
2479 2550 2617 2605 Patri
2648 2555 2991 2609 contrarium.
3036 2554 3145 2611 Cur
3181 2573 3310 2629 ergo
3349 2574 3454 2616 non
3493 2561 3572 2617 sic
3614 2563 3866 2634 loquutus

2277 2649 2382 2705 est,
2413 2641 2508 2695 sed
2535 2643 2740 2712 majore
2770 2655 2919 2714 parte
2947 2647 3152 2715 relicta,
3187 2651 3449 2707 minorem
3480 2656 3696 2723 posuit?
3724 2657 3861 2724 Quia

2273 2729 2374 2784 hoc
2397 2731 2624 2799 primum
2643 2745 2778 2800 erat,
2801 2735 2870 2791 de
2891 2752 2996 2807 quo
3017 2748 3134 2793 erat
3153 2741 3398 2809 quaestio.
3425 2741 3558 2797 Nam
3583 2746 3681 2800 etsi
3703 2746 3863 2816 longe

2272 2823 2448 2877 minus
2475 2834 2559 2879 est
2582 2826 2728 2880 credi
2760 2827 2930 2895 ipsum
2958 2844 2988 2883 a
3018 2829 3125 2885 Deo
3145 2832 3374 2897 venisse,
3394 2849 3551 2903 quam
3575 2837 3720 2891 credi
3748 2838 3860 2893 Deo

2274 2917 2528 2985 :cqualem
2547 2932 2696 2984 esse;
2722 2919 2849 2974 illttd
2865 2921 3006 2976 enim
3029 2923 3303 2992 propheta:
3323 2924 3590 2994 dixerant,
3613 2925 3714 2984 hoc
3730 2944 3859 2986 vero

2272 3007 2521 3072 minime;
2545 3017 2776 3064 attamen
2800 3011 2912 3079 ipse
2931 3011 2998 3067 de
3017 3014 3222 3070 minore
3241 3026 3392 3084 parte
3412 3031 3657 3088 magnam
3671 3033 3857 3076 curam

2271 3099 2452 3166 habet,
2481 3117 2677 3170 gnarus
2708 3102 2752 3157 si
2799 3102 2899 3157 hoc
2941 3104 3253 3160 admittatur
3275 3108 3314 3172 ι,
3349 3108 3474 3163 illud
3506 3109 3668 3166 etiam
3701 3113 3856 3168 facile

2267 3188 2558 3244 admissum
2587 3191 2686 3258 iri,
2715 3200 2769 3247 et
2794 3193 2994 3263 majore
3021 3197 3380 3263 praetermissa
3401 3239 3416 3265 ,
3434 3198 3708 3257 minorem
3735 3218 3854 3259 me-

2267 3288 2476 3345 morat,
2501 3290 2557 3334 ut
2586 3296 2680 3348 per
2712 3282 2848 3339 hanc
2873 3295 2927 3340 et
2961 3287 3104 3340 illam
3131 3288 3451 3358 reciperent.
3483 3290 3597 3348 Hoc
3637 3304 3856 3361 peracto

2267 3383 2478 3423 rursum
2509 3370 2691 3438 adjicit
2718 3390 2732 3424 :
2761 3374 2850 3427 57.
2883 3375 2982 3442 Qui
3009 3376 3142 3431 misit
3163 3394 3240 3431 me
3270 3378 3455 3448 Pater,
3483 3382 3595 3452 ipse
3631 3385 3854 3440 testium—

2267 3459 2408 3512 nium
2437 3461 2687 3528 perhibuit
2716 3463 2781 3516 de
2809 3480 2907 3519 me.
2953 3465 3017 3520 Et
3053 3468 3139 3522 ubi
3182 3470 3545 3526 testimonium
3580 3473 3856 3544 perhibuit

2266 3550 2333 3605 de
2364 3551 2489 3607 illo?
2521 3552 2575 3608 In
2601 3554 2852 3619 Jordane,
2872 3573 2992 3613 cum
3022 3560 3152 3614 dixit
3174 3579 3188 3616 :
3207 3561 3307 3616 Hic
3326 3575 3397 3618 est
3416 3563 3586 3621 Filius
3614 3584 3753 3624 meus
3773 3568 3856 3622 di~

2268 3643 2423 3698 tectus
2449 3661 2467 3700 :
2495 3648 2660 3716 ipsum
2698 3650 2886 3703 audite.
2940 3651 3132 3707 Verum
3183 3653 3283 3708 hoc
3322 3665 3580 3726 apparatu
3618 3659 3850 3729 quodam

2266 3735 2473 3805 egebat.
2519 3738 2670 3804 Quod
2718 3740 2783 3794 ad
2823 3741 3088 3797 JOannem
3126 3745 3460 3813 pertinebat.
3500 3748 3847 3806 manifestum

2265 3837 2382 3881 erat
2411 3845 2425 3882 :
2455 3828 2556 3898 ipsi
2583 3846 2813 3902 namque
2849 3833 3140 3899 miserant.
3174 3851 3350 3907 neque
3376 3838 3428 3893 id
3459 3855 3657 3912 negare
3693 3851 3849 3912 pote-

2267 3928 2404 3974 rant.
2438 3919 2597 3991 Signa
2625 3938 2837 3993 quoque
2864 3925 3009 3980 clara
3047 3938 3222 3983 erant.
3259 3929 3361 4000 Ipsi
3395 3931 3532 3987 facta
3562 3933 3848 4002 viderant,

2265 4020 2424 4079 atque
2442 4021 2686 4067 sanatum
2705 4014 3000 4082 audierant,
3026 4029 3081 4072 et
3099 4019 3458 4091 crediderant,
3481 4039 3543 4081 ac
3565 4027 3860 4097 propterea

2264 4102 2412 4156 illum
2439 4105 2779 4162 accusabant.
2807 4107 3060 4164 Restabat
3085 4111 3300 4167 demum
3325 4125 3380 4168 ut
3411 4115 3582 4171 Patris
3609 4119 3850 4174 testimo-

2266 4196 2410 4250 nium
2439 4198 2736 4263 at'fcrretur,
2760 4202 2900 4270 quod
2930 4204 3241 4260 inducturus
3259 4207 3528 4265 subdidit:
3550 4210 3660 4266 Nec
3681 4230 3850 4268 vocent

2271 4286 2378 4354 eius
2403 4302 2638 4356 umquam
2663 4291 2895 4346 audistis.
2926 4292 2991 4346 Et
3013 4297 3280 4364 quomodo
3306 4297 3516 4371 Moyses
3541 4301 3688 4369 dicit,
3707 4303 3849 4359 Deus

2271 4376 2577 4444 loquebatur,
2601 4379 2802 4452 Moyses
2821 4385 3081 4453 respondit
3107 4385 3299 4452 (Exod.
3320 4390 3406 4444 19.
3433 4390 3542 4462 19).
3569 4393 3849 4461 Quomodo

2264 4467 2451 4535 David,
2468 4468 2716 4541 Linguam
2727 4489 2878 4542 quant
2894 4492 2993 4529 non
3015 4487 3238 4545 nouerat,
3255 4480 3446 4534 audivit
3468 4480 3638 4552 (Psal.
3653 4483 3740 4540 80.
3762 4486 3848 4550 6)?

2263 4559 2493 4615 Rursum
2523 4562 2750 4632 Moyses,
2780 4563 2837 4619 Si
2862 4574 2945 4619 est
2968 4580 3100 4638 gens
3126 4569 3264 4634 talis,
3293 4587 3410 4639 quae
3439 4572 3641 4628 audivit
3662 4590 3846 4631 vocent

2263 4652 2398 4708 Dei?
2430 4650 2610 4723 Neque
2639 4657 2853 4721 speciem
2878 4657 2986 4726 ejus
3012 4658 3204 4714 vidistis
3229 4659 3405 4728 (Deut.
3436 4663 3490 4718 4.
3521 4665 3647 4734 53).
3687 4668 3846 4737 Atqui

2265 4744 2409 4798 illum
2433 4744 2627 4800 vidisse
2646 4745 2895 4801 dicuntur
2916 4747 3099 4812 Isaias,
3116 4749 3396 4819 Jeremias,
3419 4752 3664 4811 Ezechiel
3687 4768 3735 4812 et
3758 4758 3847 4812 alii

2267 4835 2498 4906 plurimi.
2536 4837 2674 4904 Quid
2698 4853 2826 4908 ergo
2851 4855 2992 4894 nunc
3015 4840 3115 4896 sibi
3141 4843 3254 4897 vult
3279 4841 3563 4902 Christus?
3592 4848 3646 4902 In
3671 4849 3846 4918 philo-

2264 4929 2535 4999 sopbicam
2572 4929 2693 4984 illos
2733 4929 2936 4986 inducit
2975 4931 3348 5004 disciplinam,
3383 4938 3633 5007 paulatim
3663 4951 3848 4997 osten-

2263 5019 2416 5086 deus,
2446 5020 2498 5074 iu
2533 5021 2644 5076 Deo
2671 5036 2770 5076 nec
2799 5036 2982 5077 vocem
3011 5039 3111 5079 nec
3136 5027 3368 5093 speciem
3396 5043 3536 5096 esse,
3567 5029 3662 5086 sed
3691 5048 3845 5102 supe-

2265 5110 2457 5165 riorem
2485 5110 2636 5165 illum
2665 5125 2785 5166 esse
2809 5119 2864 5167 et
2883 5112 3031 5168 sonis
3060 5124 3114 5168 et
3144 5114 3326 5184 tignris
3355 5117 3682 5186 bujusmodi.
3713 5119 3846 5179 Nam

2266 5209 2322 5254 ut
2341 5200 2586 5268 dicendo,
2619 5199 2799 5271 Neque
2819 5217 2990 5257 uocem
3013 5204 3123 5272 ejus
3149 5205 3362 5260 audistis
3381 5247 3395 5272 ,
3430 5221 3532 5261 non
3562 5208 3846 5277 signiﬁcat,

2266 5292 2412 5346 illum
2446 5307 2628 5347 vocem
2657 5293 2922 5359 emittere,
2955 5309 3053 5350 nec
3073 5295 3242 5350 audiri
3267 5313 3282 5350 :
3312 5298 3389 5352 sic
3416 5311 3536 5353 cum
3564 5298 3712 5366 dicit,
3743 5301 3847 5357 Ne-

2263 5399 2358 5452 que
2380 5383 2594 5452 speciem
2621 5384 2733 5455 ejus
2759 5384 2972 5450 oidistis,
3003 5400 3110 5441 non
3135 5385 3263 5441 dicit
3284 5386 3454 5456 ipsum
3484 5389 3716 5457 speciem
3748 5391 3848 5446 Ita-

2264 5473 2390 5527 bere
2413 5513 2427 5538 ,
2459 5488 2560 5528 nec
2598 5485 2771 5529 tunten
2803 5475 3004 5542 videri;
3035 5492 3218 5530 verum
3249 5487 3496 5532 neutrum
3525 5478 3719 5534 horum
3749 5481 3848 5538 ba-

2265 5562 2393 5617 bere
2419 5563 2585 5618 Deum
2613 5563 2877 5635 intelligit.
2916 5563 3026 5620 Nec
3063 5565 3303 5621 dicerent
3330 5567 3473 5622 cnim
3501 5609 3514 5631 ,
3551 5567 3768 5623 Frustra
3798 5582 3850 5625 ω

2261 5655 2450 5724 jactas,
2492 5655 2658 5725 Moysi
2710 5664 2913 5710 tantum
2958 5655 3208 5726 loquutus
3247 5668 3329 5714 est
3377 5658 3552 5724 Deus;
3601 5658 3849 5718 dicebant

2337 5769 2352 5798 ⁸
2389 5764 2485 5817 Atii
2510 5766 2695 5831 legunt,
2712 5781 2889 5832 gnarus
2907 5767 2948 5820 si
2964 5766 3053 5820 hoc
3077 5767 3284 5820 dicatur.

607 2197 871 2267 dabatur),
899 2197 1026 2252 mihi
1053 2213 1180 2253 vero
1207 2212 1274 2253 ne
1297 2197 1509 2268 quidem
1536 2197 1786 2252 miracula
1810 2199 2036 2268 patranti
2059 2214 2177 2254 crc-

607 2285 812 2341 didistis
842 2304 857 2342 :
888 2287 1007 2342 ideo
1051 2287 1152 2342 hoc
1197 2287 1345 2342 vobis
1386 2289 1744 2344 testimonium
1789 2304 2172 2345 contmemoro.

610 2375 699 2428 35.
731 2374 831 2430 Ille
847 2386 951 2429 erat
973 2375 1177 2431 lucerna
1205 2378 1388 2431 ardens
1409 2387 1456 2431 et
1479 2380 1648 2432 lucens
1670 2395 1688 2432 :
1710 2395 1793 2433 eos
1816 2392 1982 2434 autent
2010 2382 2143 2436 rolui
2156 2412 2169 2420 -

601 2466 691 2519 stis
715 2467 965 2521 exsultare
982 2469 1049 2522 ad
1070 2471 1245 2523 horam
1267 2471 1320 2523 in
1346 2470 1458 2524 luce
1479 2472 1610 2542 ejus.
1641 2471 1718 2526 Ne
1743 2473 1981 2528 dicereut
2005 2476 2167 2541 enim,

601 2556 758 2623 Quid,
781 2557 825 2611 si
857 2557 947 2614 ille
973 2559 1125 2625 dixit,
1153 2571 1208 2614 et
1235 2575 1332 2614 nos
1359 2576 1463 2614 non
1493 2563 1829 2630 recepimus?
1854 2564 1992 2618 dicta
2021 2580 2172 2620 rece-

601 2649 741 2716 pisse
776 2648 895 2704 illos
938 2651 1192 2706 ostendit.
1237 2651 1417 2722 Neque
1459 2653 1603 2707 enim
1639 2655 1883 2726 vulgares
1931 2655 2173 2710 homines

599 2739 876 2805 miserunt,
910 2741 1003 2796 sed
1028 2742 1334 2798 sacerdotes
1364 2752 1417 2797 et
1439 2743 1755 2799 Pltariszeos.
1786 2745 1872 2800 Sic
1897 2746 2166 2800 hominem

598 2830 955 2896 mirabantur,
993 2847 1091 2887 nec
1121 2842 1364 2902 poterant
1393 2835 1548 2890 dictis
1568 2837 1682 2906 ejus
1713 2838 1995 2892 obsistere.
2031 2838 2165 2893 Illud

595 2930 790 2988 autem,
818 2922 898 2976 Ad
916 2923 1112 2993 horam,
1142 2925 1357 2980 nimiam
1381 2927 1590 2982 illorum
1615 2927 1918 2984 facilitatem
1947 2931 2160 2996 indicat,

596 3014 734 3080 quod
765 3014 972 3069 scilicet
1012 3017 1118 3070 cito
1163 3017 1230 3071 ab
1261 3018 1352 3071 illo
1379 3019 1682 3074 rcsilLerint.
1725 3020 1815 3074 36.
1862 3020 1971 3090 Ego
2000 3032 2167 3074 autem

595 3103 752 3156 habeo
774 3106 938 3172 majus
964 3106 1297 3160 testimonium
1329 3106 1552 3161 Joanne.
1585 3109 1641 3164 Si
1675 3110 1879 3164 velletis
1903 3111 2043 3164 enim
2077 3127 2165 3166 se-

594 3196 821 3248 cundum
844 3210 1021 3250 veram
1050 3212 1228 3251 rerum
1249 3201 1440 3253 seriem
1470 3199 1625 3254 Iidem
1650 3202 1915 3270 aecipcre,
1945 3202 2012 3256 ab
2038 3217 2165 3273 ope-

593 3283 738 3337 t-Lbns
765 3299 860 3338 vos
887 3286 1051 3357 magis
1081 3285 1428 3343 indusissem.
1462 3291 1592 3356 Quia
1618 3305 1744 3345 vero
1768 3307 1872 3345 non
1898 3293 2072 3359 vultis,
2096 3294 2161 3348 ad

591 3371 845 3428 Joannem
869 3389 961 3430 vos
981 3377 1148 3441 duco;
1185 3394 1288 3430 non
1317 3379 1456 3448 quod
1485 3380 1599 3448 ejus
1622 3395 1803 3452 egeam
1831 3383 2158 3450 testimonio;

591 3463 682 3518 sed
712 3465 834 3532 quia
863 3464 980 3519 ideo
1003 3468 1180 3520 onmia
1221 3466 1358 3522 facio
1397 3478 1454 3523 ut
1493 3470 1643 3524 vobis
1680 3473 1904 3526 salutem
1935 3475 2157 3541 pariam.

590 3553 971 3612 Testimonium
1013 3560 1156 3612 enim
1198 3561 1367 3630 majus
1403 3561 1571 3617 habeo
1607 3578 1763 3633 quam
1797 3566 2049 3623 Joannis:
2094 3569 2163 3624 ab

589 3646 856 3714 operibus.
900 3645 1092 3702 Verum
1133 3664 1238 3704 non
1267 3651 1334 3704 ad
1376 3652 1426 3705 id
1469 3663 1655 3722 specto
1681 3657 1876 3723 solum,
1912 3667 2021 3712 uta
2054 3659 2160 3716 fide

589 3736 762 3804 dignis
787 3737 948 3791 viris‘
975 3740 1113 3809 apud
1142 3754 1238 3794 vos
1278 3745 1653 3810 commendcr;
1696 3747 1789 3800 sed
1840 3755 1897 3801 ut
1937 3764 1968 3802 a
2012 3749 2162 3807 vobis

590 3829 748 3893 notis,
787 3829 874 3899 qui
908 3833 1046 3899 apud
1087 3845 1182 3885 vos
1226 3833 1495 3890 mirabiles
1533 3835 1844 3893 habeantur.
1889 3838 1978 3895 Sic
2019 3853 2164 3911 post-

587 3933 744 3988 quam
774 3919 894 3973 illos
919 3918 1209 3975 incesserat
1239 3920 1318 3977 his
1344 3924 1541 3992 verbis,
1574 3925 1806 3982 Votuistis
1824 3932 2078 3986 exsultare
2095 3933 2160 3988 ad

589 4012 763 4064 horam
806 4011 858 4064 in
899 4011 1009 4065 luce
1047 4014 1178 4083 ejus,
1207 4013 1766 4089 demonstraveratque
1805 4021 1932 4076 illud
1974 4038 2159 4079 eorum

588 4101 820 4155 studium
845 4111 1238 4172 temporaucum
1259 4119 1320 4161 ac
1341 4108 1557 4163 minime
1580 4111 1789 4166 firmum
1811 4111 2004 4180 fuisse;
2038 4132 2159 4172 cum

597 4197 856 4252 lucernam
885 4195 1053 4264 ipsum
1085 4199 1324 4264 vocavit,
1357 4202 1590 4256 ostendit
1620 4203 1789 4271 ipsum
1816 4221 1847 4260 a
1872 4209 2160 4278 semetipso

589 4287 760 4342 lucem
789 4302 895 4341 non
922 4286 1141 4354 habere,
1169 4290 1265 4344 sed
1291 4304 1321 4343 a
1349 4293 1519 4360 gratia
1543 4292 1789 4362 Spiritus.
1819 4295 2053 4351 Necdum
2082 4308 2160 4353 ta-

589 4394 709 4431 men
738 4379 870 4432 disit
899 4379 952 4434 in
977 4395 1083 4449 quo
1110 4380 1346 4435 differret
1371 4381 1438 4434 ab
1467 4383 1583 4452 ipso
1604 4425 1618 4447 ,
1650 4386 1788 4454 quod
1815 4389 2020 4444 scilicet
2048 4390 2160 4461 ipse

588 4469 666 4523 sol
683 4469 899 4536 justitia:
919 4480 1092 4533 esset;
1120 4471 1212 4525 sed
1233 4485 1352 4525 cum
1375 4473 1500 4528 illud
1524 4475 1910 4535 subindicasset
1933 4490 2155 4552 tantum,

591 4562 640 4613 in
685 4559 803 4615 illos
842 4561 1186 4617 vehementer
1228 4563 1523 4632 invehitur,
1552 4570 1888 4642 ostenditque
1915 4575 2034 4630 illos
2063 4592 2157 4631 eo-

587 4653 706 4706 dem
752 4653 915 4707 animi
969 4655 1278 4724 proposito.
1330 4673 1436 4728 quo
1487 4659 1633 4735 illum
1688 4674 2155 4739 contempserant,

588 4745 799 4797 Christo
835 4744 1056 4799 credere
1097 4747 1348 4802 noluisse.
1397 4749 1527 4804 Nam
1573 4751 1828 4808 Joannem
1867 4758 1944 4809 Ad
1982 4759 2158 4813 horam

589 4832 760 4886 solum
788 4832 1030 4888 admirati
1071 4839 1398 4908 suntzquod
1445 4841 1545 4895 nisi
1590 4841 1858 4912 fecissent,
1891 4849 1996 4904 cito
2038 4851 2158 4908 illos

589 4923 654 4978 ad
682 4923 862 4978 Jesum
889 4925 1142 4983 ducturus
1170 4941 1303 4985 erat.
1349 4932 1631 5002 Postquam
1675 4937 1834 5008 igitur
1867 4941 1986 4996 illos
2013 4949 2157 4999 omni

588 5029 652 5068 es
683 5024 830 5084 parte
857 5015 1103 5088 indignos
1127 5022 1277 5074 venia
1307 5023 1629 5091 ostenderat,
1654 5027 1855 5083 addidit
1885 5049 1897 5082 :
1934 5031 2041 5102 Ego
2066 5050 2160 5088 au-

591 5118 687 5160 tem
705 5106 860 5162 habeo
879 5109 1216 5164 testimonium
1240 5113 1405 5183 majus
1427 5113 1643 5170 Joanne.
1667 5119 1873 5184 Quale?
1900 5123 2156 5193 0pcrum.

593 5197 761 5265 Opera
785 5199 933 5264 enim,
957 5201 1148 5269 inquit,
1171 5219 1284 5272 quin
1306 5205 1442 5258 dedit
1471 5207 1592 5259 mihi
1613 5207 1790 5277 Pater,
1816 5224 1868 5267 ut
1897 5217 2157 5284 per/icium

588 5305 665 5352 ea,
692 5287 803 5358 ipsa
829 5306 981 5359 opera
1006 5293 1337 5346 testimonium
1360 5297 1616 5364 perhibent
1646 5301 1706 5354 de
1736 5319 1834 5369 me,
1860 5307 1978 5376 quia
2004 5306 2159 5362 l’ater

589 5395 667 5433 me
702 5378 854 5435 misit.
901 5380 998 5435 IIic
1040 5384 1384 5455 paralyticum
1423 5400 1664 5446 sanatum
1705 5403 1760 5448 ct
1788 5397 1920 5453 alios
1962 5402 2157 5458 multos

587 5480 986 5527 commemorat.
1014 5471 1181 5528 Verba
1203 5475 1412 5543 quidem
1433 5520 1447 5542 ,
1479 5480 1698 5538 dixisset
1725 5484 1860 5542 forte
1895 5491 2155 5561 quispiam

588 5567 804 5618 eorum,
838 5555 922 5609 illa
965 5557 1240 5626 magnifica
1285 5558 1514 5618 Joannes
1553 5566 1618 5619 ad
1663 5569 1887 5638 gratiam
1914 5555 2153 5643 dixerit;

590 5634 710 5688 licet
736 5647 906 5691 tatttcn
931 5640 1029 5694 hoc
1047 5642 1224 5696 dicere
1255 5661 1355 5694 non
1388 5660 1599 5713 possent
1623 5634 1688 5707 .ιὲ
1712 5653 1917 5712 Joanne
1944 5658 2011 5714 ita
2041 5634 2156 5730 phi;

654 5738 668 5767 ⁸
707 5740 790 5789 Alii
813 5741 1010 5806 habent,
1031 5750 1130 5794 uta
1157 5746 1435 5809 propinquis
1460 5753 1640 5804 reatris.
