4084 6496
277 352 379 409 εει

285 487 390 523 που
420 469 707 542 μαρτυρία
737 464 826 540 ἦν.
871 469 924 524 ⁸0
959 473 1066 542 γὰρ
1098 470 1341 542 πέμψας
1357 490 1434 543 με
1461 471 1777 537 ,ϐαπτίζειν
1805 472 1876 525 ἐν

288 554 480 617 ὕδατι,
530 554 722 625 φησὶν,
755 553 988 622 ἐκεῖνός
1025 571 1127 625 μοι
1172 551 1362 612 εἶπεν.
1396 557 1559 612 Ὥστε
1587 558 1681 610 καὶ
1707 559 1741 626 ή
1775 553 1872 608 τοῦ

303 638 548 691 Ἰωάννου
580 638 858 709 μαρτυρία
884 637 978 691 τοῦ
1000 638 1135 692 Θεοῦ
1163 643 1438 711 μαρτυρία
1459 636 1527 712 ἦν
1545 657 1560 672 ο
1585 639 1739 714 παρά
1761 639 1870 710 γάρ

288 719 502 772 ἐκείνου
533 719 724 790 μαθὼν
746 721 931 789 ἔλεγεν
958 721 1103 794 άπερ
1131 722 1337 791 ἔλεγεν.
1387 722 1526 776 Ἀλλ’
1557 724 1644 777 ῖνα
1671 724 1746 794 μὴ
1781 723 1872 776 λέ-

292 818 455 868 γωσι,
485 803 658 857 Πόθεν
687 804 848 858 τοῦτο
873 804 1051 875 δῆλον,
1090 809 1173 860 ὅτι
1201 807 1354 878 παρά
1379 806 1474 861 τοῦ
1501 807 1636 862 θεοῦ
1666 807 1871 879 ἐμαθε;

289 887 388 938 καὶ
419 887 548 958 περὶ
577 887 754 943 ταῦτα
783 889 1203 960 καταγίνωνται,
1237 893 1301 945 ἐκ
1331 891 1426 946 τοῦ
1462 893 1746 966 περιόντος
1777 895 1875 948 αὑ-

286 971 419 1034 τοὺς
442 972 801 1044 ἐπιστομίζει,
825 973 905 1027 ἔτι
931 976 1070 1046 πρὸς
1093 977 1193 1046 τὴν
1217 977 1474 1030 ὑπόνοιαν
1494 977 1675 1032 αὐτῶν
1703 977 1874 1032 ὁιαλε-

286 1053 542 1124 γόμενος.
573 1056 708 1108 υύδέ
745 1056 854 1128 7&9
877 1052 946 1128 ἦν
975 1058 1122 1122 εἰκὸς
1153 1059 1326 1113 ταῦτα
1376 1059 1605 1124 πολλοὺς
1649 1061 1870 1127 εἰδέναι,

285 1136 406 1189 ἀλλ’
435 1138 511 1201 ὡς
532 1137 740 1191 οῖκοθεν
772 1138 1004 1207 λέγοντι,
1028 1140 1166 1205 τέως
1192 1145 1479 1214 προσεῖχον
1500 1143 1580 1214 τῷ
1623 1143 1867 1215 Ἰωάννῃ.

287 1221 391 1272 Διά
405 1221 564 1274 τοῦτό
589 1237 754 1292 φησιν
775 1237 791 1250 ⁶
836 1221 978 1293 Ἐγὼ
996 1225 1157 1293 παρὰ
1176 1223 1492 1293 ἀνθρώπον
1515 1226 1634 1296 τὴν
1646 1244 1872 1298 μαρτυ·

276 1305 429 1372 ριάν
455 1307 527 1360 οὐ
551 1305 855 1374 λαμϐάνω.
876 1308 987 1362 Kal
1002 1311 1050 1362 εἰ
1073 1309 1148 1379 μή
1170 1308 1395 1380 ἔμελλες
1414 1311 1565 1383 παρά
1580 1310 1871 1383 ἀνθρώπου

286 1387 389 1457 τὴν
419 1388 1051 1460 μαρτυρίανλαμϐάνειν.
1075 1393 1169 1446 καὶ
1198 1392 1447 1447 ἐντεῦθεν
1475 1394 1869 1467 ἰσχυρίζεσθαι,

287 1471 440 1533 τίνος
460 1471 648 1526 ἕνεκεν
679 1477 928 1546 παρήγες
953 1476 1118 1530 αὑτοῦ
1137 1479 1236 1550 τήν
1271 1479 1577 1550 μαρτυρίαν
1601 1495 1615 1546 ;
1641 1479 1760 1533 ἰνα
1776 1475 1872 1533 οὖν

287 1554 366 1624 μὴ
401 1555 574 1610 ταῦτα
606 1556 856 1626 λέγωσιν,
905 1560 1140 1614 ἀκουσον
1187 1561 1307 1625 πῶς
1348 1564 1442 1615 καὶ
1487 1562 1586 1633 τὴν
1613 1563 1872 1636 τοιαύτην

283 1637 558 1692 ἀντίθεσιν
594 1643 659 1711 τῇ
699 1641 961 1715 ἐπαγωγῇ
989 1642 1358 1714 διωρθώσατο.
1400 1644 1584 1699 Εἰπὼν
1626 1646 1756 1718 γὰρ,
1789 1647 1868 1700 ὅτι

281 1721 456 1788 Παρὰ
479 1722 794 1790 ἀνθρώπου
821 1724 938 1793 τὴν
959 1729 1296 1795 μαρτυρίαν
1335 1731 1407 1783 οὐ
1428 1729 1734 1798 λαμϐάνω,
1773 1731 1872 1788 ἑπ-

283 1806 497 1873 ἠγαγεν
513 1822 526 1836 ⁸
559 1807 742 1862 Ἀλλὰ
756 1809 942 1863 ταῦτα
965 1811 1140 1882 λέγω,
1167 1814 1265 1866 ινα
1280 1813 1449 1882 ὑμεῖς
1465 1813 1714 1880 σωθῆτε.
1728 1817 1792 1868 Ὀ
1813 1815 1871 1868 δὲ

283 1888 460 1955 λέγει,
477 1889 715 1944 τοιοῦτόν
732 1894 902 1946 ἐστιν’
933 1896 1073 1964 Ἐγὼ
1093 1899 1191 1966 μὲν
1204 1899 1305 1950 ούκ
1322 1898 1550 1970 ἐδεόμην
1567 1899 1665 1967 τῆς
1679 1901 1869 1952 τούτου

286 1973 618 2043 μαρτυρίας,
649 1974 781 2040 Θεὸς
804 1975 901 2042 ὢν,
920 1978 1018 2049 τῆς
1033 1979 1381 2051 ἀνθρωπίνης
1399 1994 1416 2011 ⁶
1441 1981 1703 2053 ἐπειδὴδὲ
1727 1982 1868 2052 μᾶλ-

281 2053 382 2106 λον
437 2055 588 2126 αὐτῷ
629 2057 972 2130 προσείχετε,
1023 2063 1119 2116 καὶ
1166 2063 1387 2117 πάντων
1426 2064 1868 2136 ἀξιοπιστότερον

279 2139 530 2208 ήγεῖσθε,
567 2142 661 2194 καὶ
697 2142 891 2215 ἐκείνῳ
917 2145 1017 2216 μέν
1063 2147 1139 2211 ὠς
1172 2149 1427 2221 προφήτῃ
1457 2148 1868 2222 προσεδράμετε

281 2225 404 2290 (καὶ
431 2224 540 2294 γὰρ
565 2227 599 2294 ἡ
625 2226 778 2292 πόλις
801 2229 895 2282 ἐπὶ
923 2229 1018 2284 τὸν
1055 2231 1327 2302 Ἰορδάνην
1358 2233 1634 2304 ἐξεχύθη),
1661 2236 1785 2305 ἐμοὶ
1812 2235 1870 2289 δὲ

281 2306 406 2358 οὐδὲ
440 2307 951 2382 θαυματουργοῦντι
985 2315 1378 2390 ἐπιστεύσατε*
1405 2318 1494 2372 διὰ
1535 2317 1698 2372 τοῦτο
1725 2321 1871 2390 ὑμᾶς

282 2390 810 2467 ἀναμιμνήσκωτῆς
841 2399 1148 2470 μαρτυρίας
1174 2400 1412 2471 ἐκείνης.
1441 2401 1708 2467 Ἐκεῖνος
1735 2400 1816 2475 ἦν
1837 2407 1872 2460 ὁ

278 2476 514 2544 λύχνος
532 2481 565 2532 ό
577 2481 912 2548 καιόμενος,
928 2484 1082 2555 φησὶ,
1101 2484 1201 2538 καί
1221 2486 1472 2554 φαίνωνο
1489 2487 1657 2557 ὑμεῖς
1668 2489 1737 2542 δὲ
1747 2489 1873 2545 ἐθε-

281 2563 516 2628 λήσατε
533 2561 679 2634 [Ξὸθ]
697 2565 848 2630 πρὸς
860 2563 1020 2634 ὥραν
1029 2567 1513 2637 ἀγαλλιασθῆναι
1533 2571 1603 2626 ἐν
1613 2571 1758 2640 φωτί
1773 2574 1876 2627 αὑ-

284 2647 414 2702 τοῦ.
431 2649 550 2700 Ἱνα
571 2649 679 2717 7&9
697 2649 771 2719 μή
801 2650 1022 2718 λέγωσι,
1046 2651 1111 2704 Τί
1130 2648 1245 2715 οὗν,
1275 2655 1323 2706 εἰ
1340 2655 1550 2717 ἐκεῖνος
1574 2655 1674 2726 μὲν
1693 2651 1872 2722 εἶπεν,

283 2733 316 2802 ή
324 2735 444 2801 μεῖς
459 2731 515 2784 δὲ
528 2733 628 2784 ούκ
641 2732 862 2802 ὲδεξάμε
871 2733 961 2799 θα;
974 2735 1244 2789 δείκνυσιν
1261 2736 1342 2789 ὅτι
1355 2737 1448 2790 καὶ
1461 2738 1791 2804 ἀπεδέξαντο
1806 2741 1876 2795 τά

285 2815 550 2886 εἰρημένα
561 2855 573 2868 .
588 2816 698 2867 Kal
709 2818 780 2883 γὰ
787 2834 818 2885 ρ
829 2815 949 2869 οὐδὲ
964 2817 1092 2880 τοὺς
1104 2819 1364 2889 τυχόντας
1383 2819 1656 2892 ἔπεμψαν,
1676 2823 1791 2876 ἀλλ’
1808 2826 1876 2876 ίεο

286 2902 401 2968 ρείς
427 2899 522 2950 καὶ
550 2899 896 2968 Φαρισαίους.
921 2898 1079 2953 Οῦτω
1107 2902 1200 2953 τὸν
1227 2903 1397 2972 ἄνδρα
1417 2904 1749 2973 ἐθαύμαζον,
1780 2909 1875 2961 καὶ

283 2985 398 3043 τοῖς
428 2981 743 3051 λεγομένοις
761 2983 1032 3035 ἀντειπεῖν
1052 2984 1152 3036 ούκ
1172 2980 1317 3053 εἰχον
1346 2985 1486 3038 τότε.
1509 2987 1581 3039 Τὸ
1610 2987 1686 3051 δὲ,
1720 2989 1876 3057 Πρὸς

282 3065 466 3132 ὥραν,
504 3065 603 3134 τὴν
647 3064 898 3118 εὐκολίαν
927 3065 1109 3118 αὐτῶν
1138 3066 1445 3131 δεικνύντος
1484 3071 1620 3134 ἐστὶ,
1657 3073 1750 3124 καὶ
1792 3073 1874 3125 ὃτι

283 3149 497 3218 ταχέως
532 3147 697 3201 αὑτοῦ
723 3148 1100 3218 ἀπεπήδησαν.
1144 3149 1294 3218 Ἐγὼ
1324 3149 1393 3203 δὲ
1437 3151 1556 3219 ἔχω
1589 3146 1704 3221 θὴν
1722 3173 1874 3224 μαρ-

284 3235 502 3304 τυρίον
525 3231 764 3301 μείζονα
786 3232 893 3286 τοῦ
923 3232 1216 3289 Ἰωάννου.
1247 3235 1309 3288 Et
1338 3234 1438 3305 μὲν
1457 3237 1564 3307 γὰρ
1589 3237 1875 3292 ἐϐούλεσθε

285 3319 430 3372 κατά
464 3317 562 3387 τὴν
586 3315 903 3369 ἀκολουθίαν
945 3315 1054 3369 τῶν
1098 3318 1442 3388 πραγμάτων
1473 3321 1874 3392 παραδέχεσθαι

283 3406 385 3475 τὴν
412 3404 617 3467 πίστιν,
656 3401 764 3455 ἀπὸ
795 3401 906 3460 τῶν
936 3402 1113 3472 ἔργων
1150 3403 1351 3473 μᾶλλον
1399 3407 1545 3476 ὑμᾶς
1581 3407 1648 3460 ἂν
1676 3411 1878 3479 ἐπηγα.

281 3489 486 3557 γόμην.
545 3485 760 3556 Ἐπειδὴ
799 3485 856 3539 δὲ
892 3485 954 3538 ού
1004 3485 1281 3555 βούλεσθε,
1325 3489 1416 3541 ἐπὶ
1467 3490 1560 3543 τὸν
1626 3492 1877 3564 Ἰωάννην

285 3573 434 3640 ὑμᾶς
460 3572 597 3638 ἀγω,
633 3571 731 3639 οὐχ
766 3569 841 3632 ὼς
870 3569 972 3639 τῆς
1009 3570 1217 3624 ἐκείνου
1255 3570 1506 3643 δεόμενος
1547 3577 1878 3648 μαρτυρίας,

283 3657 404 3710 ἀλλ’
434 3653 619 3724 ἐπειδὴ
646 3653 735 3705 διά
757 3651 916 3706 τοῦτο
937 3653 1119 3707 πάντα
1152 3654 1312 3718 ποιῶ,
1354 3654 1496 3709 ὥστε
1523 3657 1668 3728 ὑμᾶς
1701 3660 1878 3728 σωθῆς

283 3757 396 3792 ναι.
433 3739 584 3805 Ἔχω
609 3735 708 3806 μὲν
751 3734 861 3806 γὰρ
902 3737 1242 3805 μαρτυρίαν
1284 3737 1568 3795 Ἰωάννου
1609 3742 1875 3810 μείζονα,

283 3823 388 3895 τὴν
432 3821 542 3875 ἀπὸ
581 3819 691 3873 τῶν
730 3819 926 3890 ἔργων.
974 3819 1111 3872 Ἀλλ’
1165 3821 1224 3873 ού
1263 3819 1424 3875 τοῦτο
1471 3826 1659 3878 σκοπῶ
1695 3829 1876 3896 μόνον,

283 3909 438 3967 ὅπως
461 3901 569 3956 ἀπὸ
595 3901 708 3955 τῶν
736 3900 1066 3966 ἀξιοπίστων
1101 3903 1508 3976 εύπαράδεκτος
1539 3908 1670 3979 ὑμῖν
1706 3913 1880 3979 γενοί-

288 4009 402 4062 μην
423 4032 438 4056 ,
473 3989 589 4044 ἀλλ’
619 3989 768 4050 ὅπως
799 3987 894 4040 καὶ
923 3987 1033 4040 ἀπὸ
1074 3987 1182 4040 τῶν
1214 3989 1346 4059 ὑμῖν
1370 3992 1662 4062 γνωρίμων
1694 4005 1743 4060 ι,
1784 3995 1879 4047 καὶ

285 4079 424 4147 παρ’
447 4073 602 4144 ὑμῶν
633 4069 1082 4142 θαυμαζομένων.
1112 4071 1269 4126 Οὕτω
1294 4074 1676 4147 καθαψάμενος
1699 4079 1880 4133 αὐτῶν

283 4160 369 4230 τῷ
409 4159 615 4221 εἰπεῖν,
661 4157 742 4210 ὅτι
788 4154 946 4223 Πρός
998 4153 1159 4224 ὥραν
1197 4156 1536 4225 ἠθελήσατε
1592 4162 1881 4231 ἀγαλλια-

284 4241 601 4311 σθῆναιὲν
621 4238 700 4304 τῷ
722 4240 870 4309 φωτί
894 4237 1103 4304 αὐτοῦ,
1131 4237 1282 4293 [τιτε
1305 4243 1638 4315 πρόσκαιρον
1663 4247 1881 4318 ἐκείνην

283 4327 470 4391 δείξας
499 4325 601 4395 τὴν
633 4320 870 4392 σπουδήν
911 4322 1006 4375 καὶ
1037 4321 1310 4391 ἀϐέϐαιον,
1367 4325 1446 4397 τῷ
1484 4327 1676 4398 λύχνον
1720 4330 1881 4383 αὐτὸν

283 4411 541 4473 καλέσαι,
571 4407 828 4477 ἐνέφηνεν
855 4407 1058 4460 ὅτιούκ
1089 4406 1300 4462 οἴκοθεν
1347 4403 1460 4479 εἶχε
1498 4411 1560 4464 τὸ
1589 4413 1725 4481 φῶς,
1764 4413 1880 4467 ἀλλ’

282 4495 402 4552 ἀπὸ
421 4495 522 4564 τῆς
555 4490 649 4545 τοῦ
683 4488 1002 4560 Πνεύματος
1023 4489 1271 4562 χάριτος.
1300 4492 1374 4546 Τὸ
1394 4493 1450 4547 δὲ
1472 4495 1610 4566 πρὸς
1641 4497 1884 4552 ἀντιδια-

285 4577 489 4650 στολὴν
520 4574 710 4641 αὑτοῦ,
737 4573 898 4628 τοῦτο
914 4574 1016 4628 οὐκ
1043 4575 1125 4629 ἔτι
1151 4575 1514 4642 τίθεικεν,ὄτι
1542 4581 1703 4644 αὑτός
1731 4585 1882 4637 ἐστιν

281 4669 318 4721 ὁ
346 4666 497 4736 ἣλιος
523 4662 626 4732 τῆς
647 4659 1015 4730 δικαιοσύνης,
1033 4658 1169 4713 ἀλλά
1187 4659 1325 4725 τέως
1338 4662 1682 4734 αἰνιξάμενος
1699 4666 1881 4735 μόνον,

285 4747 578 4816 καθήψατο
595 4745 624 4784 δ
647 4743 852 4815 σφόδρα
883 4741 1084 4804 αὐτῶν,
1117 4743 1515 4808 καὶδείκνυσιν,
1537 4748 1619 4800 ὅτι
1652 4748 1758 4802 ἀπὸ
1782 4750 1882 4820 τῆς

283 4833 462 4903 αὐτῆς
500 4829 745 4900 γνώμης,
777 4829 870 4896 ἀφ’
909 4823 977 4899 ἧς
1022 4827 1232 4882 ἐκείνου
1286 4831 1722 4903 κατεφρόνησαν,
1761 4833 1882 4887 οὐδὲ

283 4917 371 4987 τῷ
409 4914 630 4987 Χριστῷ
655 4907 943 4966 πιστεῦσαι
967 4911 1330 4984 ἠδυνήθησαν.
1357 4915 1469 4967 Καὶ
1493 4915 1604 4986 7&9
1632 4917 1722 4970 τὸν
1753 4916 1884 4971 θαυ-

289 5000 602 5073 μαζόμενον
635 4999 761 5069 παρ’
786 4997 966 5060 αὐτοῖς
985 4994 1309 5066 πριδςῶραν
1336 4997 1655 5067 ἐθαύμασαν
1689 5002 1848 5072 μόνον
1866 5018 1879 5032 ο

285 5087 371 5149 ὼς
415 5087 462 5138 εἰ
507 5084 581 5154 μὴ
619 5081 778 5137 τοῦτο
815 5081 1096 5151 ἐποίησαν,
1148 5081 1357 5152 ταχέως
1407 5083 1474 5136 ἂν
1505 5083 1703 5149 αὐτοὺς
1750 5087 1886 5157 πρὸς

285 5170 385 5223 τὸν
411 5167 624 5238 Ἰησοῦν
646 5165 1076 5238 ἐχειραγώγησε.
1106 5164 1297 5230 Δείξας
1313 5165 1495 5219 τοίνυν
1521 5168 1720 5232 αὐτοὺς
1748 5171 1885 5223 πάν-

286 5252 448 5305 τοθεν
493 5249 746 5314 ἀναξίους
796 5249 954 5310 ὄντας
1005 5246 1354 5318 συγγνώμης,
1396 5250 1643 5321 ἐπήγαγε
1672 5252 1882 5321 λέγων.

305 5334 455 5401 Ἥκω
481 5333 549 5386 δὲ
571 5334 688 5402 ἔχω
709 5331 824 5398 τὴν
836 5331 1170 5401 μαρτιφίαν
1179 5329 1421 5399 μείζονα
1449 5333 1554 5387 τοῦ
1583 5333 1886 5391 Ἰωάννου.

291 5418 464 5472 Ποίαν
487 5419 552 5487 δὴ
581 5417 820 5488 ταύτηνς
856 5416 968 5486 Τὴν
985 5415 1093 5468 ἀπὸ
1112 5415 1221 5469 τῶν
1250 5415 1446 5487 ἔργων.
1489 5417 1564 5474 Τὰ
1585 5419 1693 5490 γὰρ
1720 5421 1884 5492 ἔργα,

291 5503 484 5572 φησὶν,
522 5499 560 5554 ἂ
586 5499 772 5555 ἔδωκέ
795 5517 897 5569 μοι
930 5502 963 5554 ό
991 5497 1214 5568 Πατὴρ,
1248 5501 1348 5553 ἵνα
1377 5501 1675 5556 τελειώσω
1713 5504 1887 5571 αὐτὰ,

289 5587 450 5640 αὐτὰ
477 5583 544 5638 τὰ
569 5584 713 5654 ἔργα
743 5584 874 5651 περὶ
900 5581 1047 5651 ἐμοῦ
1073 5583 1378 5652 μαρτιφεῒ,
1402 5585 1487 5639 ὅτι
1523 5589 1558 5640 ό
1584 5587 1786 5657 Πατήρ
1812 5606 1889 5658 με

289 5669 679 5725 ἀπέστειλεν.
727 5667 992 5720 Ἐνταῦθα
1015 5666 1109 5719 τοῦ
1145 5666 1551 5737 παραλυθέντος
1589 5671 1683 5724 καὶ
1711 5671 1888 5744 ὀρθω-

294 5755 483 5818 θέντος
517 5754 811 5824 ἀνέμνησε,
843 5753 936 5806 καὶ
971 5752 1173 5823 ἐτέρων
1202 5752 1464 5808 πλειόνων
1486 5771 1500 5786 ο
1541 5755 1611 5811 τὰ
1647 5756 1747 5826 μὲν
1792 5761 1890 5831 9f;-

299 5855 448 5908 ματα
487 5851 535 5901 ε,
563 5835 716 5890 εἶπεν
748 5838 877 5900 ῖτως
909 5837 976 5892 ἄν
1013 5854 1096 5900 τις
1135 5837 1338 5906 αὐτῶν,
1365 5839 1576 5910 κόμπον
1623 5837 1762 5896 εἶναι
1798 5846 1889 5898 καὶ

363 5951 386 5976 ⁸
422 5946 515 5993 Alii
538 5945 646 6002 ὕειῖν
668 5944 942 6002 ἐγηντέρωι.
1013 5942 1041 5982 δ
1075 5943 1226 5994 Μοιςί
1288 5948 1586 5998 νεθιξεκῖιαι.
1658 5951 1677 5980 ε
1716 5949 1882 6002 Mum-1.

295 6014 544 6060 λίπω...
587 6006 776 6060 ἰι-...υς
800 6022 878 6067 ἶνις
917 6025 960 6054 .9
993 6023 1194 6068 ςἠ,;·λ.)·..

1272 353 1340 408 ἰΝ
1377 351 1693 410 JOANNEM
1732 353 1964 411 IIOMIL.
2015 355 2121 410 XL.
2159 358 2232 412 al.
2273 357 2512 412 XXXIX.

3464 356 3576 411 25?.

1990 473 2170 541 φιλίας
2201 475 2300 544 τῆς
2349 474 2596 527 Ἰωάννου
2625 473 2814 544 χάριν·
2868 472 3044 527 καίτοι
3074 472 3194 526 οὐδὲ
3240 469 3398 525 τοῦτο
3443 473 3576 542 ἐνῆν

1980 555 2164 620 αὐτοῖς
2187 559 2361 609 εἰπεῖν
2387 558 2515 628 περὶ
2565 556 2836 621 Ἰωάννου,
2885 557 3078 627 ἀνδρὸς
3123 553 3264 625 μετά
3286 554 3572 626 ἀκριϐείας

1981 640 2294 709 φιλοσοφεῖν
2321 639 2541 703 εἰδότος,
2570 639 2664 692 xal
2689 638 2833 692 οὕτω
2855 639 2987 710 παρ’
3013 639 3196 701 αὐτοῖς
3232 638 3572 707 θαυμασθέν-

1976 737 2097 786 τοςο
2127 723 2272 776 τάδέ
2301 723 2605 793 πράγματα
2637 722 2738 776 οὐκ
2771 721 2851 776 ἐτι
2888 721 3012 775 ούδέ
3047 721 3200 792 παρά
3233 723 3347 784 τοῖς
3381 738 3568 791 μαινο-

1979 806 2163 877 μένοις
2198 807 2404 878 σφόδρα
2441 807 2641 878 ταύτην
2688 806 2918 877 ήδύνατο
2955 804 3054 876 τὴν
3100 804 3358 858 ὑπόνοιαν
3400 804 3566 874 ἔχειν.

1974 889 2078 943 Διά
2120 891 2279 945 τοῦτο
2327 891 2584 961 δευτέραν
2648 891 2854 963 ταύτην
2917 891 3164 960 ἐπήγαγε
3239 889 3568 959 μαρτυρίαν,

1975 974 2146 1029 εἰπών
2166 992 2181 1006 ο
2218 977 2294 1030 Τὰ
2321 977 2466 1045 ἔργα
2490 977 2530 1032 d
2546 976 2730 1031 ἔδωκέ
2746 994 2850 1046 μοι
2873 979 2905 1030 ό
2921 974 3128 1042 Πατὴρ
3149 975 3250 1027 ἵνα
3275 972 3572 1027 τελειώσω

1973 1058 2146 1126 αὐτὰ,
2181 1059 2333 1114 αὐτὰ
2357 1062 2430 1116 τὰ
2459 1061 2622 1130 ἔργα,
2659 1061 2697 1115 ἆ
2745 1059 2860 1129 ἐγὼ
2904 1057 3072 1119 ποιῶ.
3106 1056 3400 1126 μαρτυρεῖ
3435 1057 3568 1124 περί

1957 1144 2140 1214 ’ἐμοῦ,
2171 1145 2262 1198 ὅτι
2291 1143 2612 1200 ἀπέστειλέ
2627 1162 2705 1214 με
2725 1147 2756 1198 ό
2782 1142 3006 1211 Πατήρ.
3033 1140 3296 1195 Ἐνταῦθα
3320 1140 3572 1211 καὶπρὸς

1972 1229 2074 1298 τήν
2121 1230 2458 1302 κατηγορίαν
2495 1231 2594 1300 τῆς
2633 1229 2724 1282 τοῦ
2763 1227 3037 1282 σαϐϐάτου
3077 1225 3283 1289 λύσεως
3319 1226 3568 1302 νῖσταται.

1986 1311 2204 1383 Ἐπειδὴ
2237 1301 2348 1382 γὰρ
2379 1313 2564 1381 ἔλεγον
2593 1313 2812 1364 ἐκεῖνοι·
2858 1309 2984 1373 Πῶς
3026 1308 3251 1362 δύναται
3289 1301 3429 1360 εἶναι
3460 1308 3572 1360 ἀπὸ

1972 1395 2066 1448 τοῦ
2087 1395 2246 1462 Θεοῦ,
2263 1397 2421 1450 ὅτιτὸ
2451 1395 2722 1450 σάϐϐατον
2747 1395 2808 1448 οὐ
2844 1395 3038 1465 τηρεῖ;
3070 1391 3161 1446 διά
3186 1391 3346 1445 τοῦτο
3372 1386 3494 1444 εἷπε
3517 1391 3568 1454 δ,

1979 1482 2046 1536 Ἀ
2081 1481 2266 1536 ἔδωκέ
2287 1499 2390 1551 μοι
2422 1485 2455 1536 d
2492 1481 2719 1549 Πατήρ.
2755 1480 2947 1535 Καίτοι
2979 1496 3042 1548 γε
3072 1477 3329 1549 αύθεντίᾳ
3359 1477 3533 1532 ἐποίει
3553 1493 3566 1505 ο

1973 1564 2110 1618 ἀλλά
2139 1565 2355 1629 δεικνὺς
2392 1566 2532 1635 μετά
2564 1564 2768 1635 πολλῆς
2797 1565 2895 1634 τῆς
2933 1562 3272 1635 περιουσίας,
3307 1563 3388 1616 ὃτι
3419 1561 3570 1615 οὐδὲν

1972 1648 2215 1702 ἐναντίον
2236 1648 2314 1718 τῷ
2348 1650 2522 1720 Πατρὶ
2560 1647 2824 1720 πράττει,
2869 1646 2958 1700 διά
2978 1646 3138 1700 τοῦτο
3173 1644 3352 1700 καὶτὸ
3388 1643 3573 1715 πολλῷ

1972 1729 2191 1784 ἔλαττον
2213 1731 2448 1786 τέθεικε.

2044 1820 2114 1882 γ’.
2137 1815 2246 1869 Καὶ
2269 1814 2434 1878 διατί,
2454 1814 2642 1885 φησὶν,
2657 1815 2756 1868 οὐκ
2777 1810 2951 1875 εἶπεν,
2970 1814 3050 1867 ὅτι
3070 1806 3151 1866 Τά
3168 1811 3377 1882 ἐργα,ἀ
3401 1809 3570 1865 ἔδωκέ

1974 1913 2065 1967 μοι
2099 1897 2127 1948 ὁ
2165 1897 2374 1968 Πατὴρ,
2409 1902 2676 1969 μαρτυρεί
2728 1900 2808 1952 ὅτι
2858 1899 2970 1961 ῐσος
3003 1896 3120 1967 εἰμὶ
3173 1894 3269 1948 τοῦ
3315 1893 3568 1966 Πατρός;

1985 1981 2292 2052 Ἀμφότερα
2319 1982 2426 2053 γὰρ
2453 1977 2522 2051 ἦν
2557 1982 2664 2035 ἀπὸ
2707 1982 2816 2035 τῶν
2851 1981 3030 2051 ἔργων
3089 1977 3303 2050 μαθεῖν,
3349 1978 3443 2032 xal
3485 1978 3569 2031 ὅτι

1970 2063 2124 2116 οὐδὲν
2173 2063 2350 2136 [240]
2398 2064 2640 2118 ἐναντίον
2690 2066 2856 2127 ποιεῖ,
2916 2063 3012 2116 καὶ
3051 2063 3136 2115 ὅτι
3183 2062 3296 2124 ῐσος
3329 2062 3449 2116 ἐστὶ
3475 2059 3570 2114 τοῦ

1973 2147 2382 2217 γεγεννηκότος.
2403 2147 2583 2218 Ὅπερ
2601 2145 2835 2217 ἀλλαχοῦ
2869 2143 3296 2214 κατασκευάζων
3313 2143 3496 2213 ἐλεγεν
3519 2153 3565 2183 α·

1974 2235 2040 2288 Εἰ
2059 2232 2188 2300 ἐμοι
2215 2233 2285 2286 οὐ
2315 2234 2648 2298 πιστεύετε,
2692 2231 2820 2296 τοῖς
2857 2231 3052 2298 ἔργοις
3077 2247 3196 2298 μου
3229 2229 3568 2293 πιστεύετε,

1973 2320 2074 2372 ἵνα
2101 2317 2287 2388 γνῶτε
2319 2318 2417 2372 καί
2449 2319 2839 2384 πιστεύσητε,
2891 2317 2979 2369 ὅτι
3005 2317 3121 2384 ἐγὼ
3154 2315 3224 2368 ἐν
3253 2313 3334 2379 τῷ
3362 2313 3568 2381 Πατρί,

1974 2404 2073 2458 καί
2106 2407 2140 2457 ὁ
2173 2403 2378 2471 Πατὴρ
2398 2403 2468 2456 ὲν
2491 2403 2641 2472 ἐμοί.
2679 2402 2988 2472 Ἀμφότερα
3019 2397 3114 2452 οὖν
3145 2397 3295 2467 αύτῷ
3325 2395 3567 2468 ἐμαρτύ-

1977 2504 2081 2557 ρει,
2109 2487 2202 2540 καὶ
2233 2487 2316 2540 ὃτι
2345 2487 2458 2548 ίσος
2483 2481 2552 2557 ἦν
2580 2484 2675 2539 τοῦ
2713 2484 2948 2555 Πατρός,
2985 2485 3080 2536 καὶ
3112 2484 3193 2536 δτι
3224 2481 3378 2534 οὐδὲν
3416 2481 3571 2533 ἐναν-

1971 2569 2087 2623 τίον
2124 2569 2391 2641 ἔπραττεν
2423 2570 2636 2639 ἐκείνῳ.
2696 2568 2854 2630 Τίνος
2896 2562 2989 2620 οὖν
3025 2566 3212 2618 ἕνεκεν
3257 2564 3356 2632 οὐχ
3396 2561 3570 2625 οὕτως

1975 2649 2149 2714 εἶπεν,
2185 2653 2322 2706 ἀλλά
2352 2653 2413 2706 τὸ
2446 2654 2631 2723 μεῖζον
2660 2649 2839 2718 ἀφεὶς,
2880 2647 3041 2702 τοῦτο
3062 2648 3334 2712 τέθεικεν;
3367 2646 3490 2699 Ὀτι
3510 2644 3574 2696 τὸ

1978 2737 2411 2808 σπουδαζόμενον
2434 2737 2593 2790 τοῦτο
2629 2735 2848 2805 πρῶτον
2884 2729 2973 2804 ἦν.
3023 2733 3086 2785 Εἰ
3129 2730 3240 2800 γάρ
3269 2729 3364 2784 καὶ
3391 2728 3573 2798 πολλῷ

1977 2820 2196 2874 ἔλαττον
2222 2821 2283 2873 τδ
2311 2820 2668 2889 πιστευθῆναι
2693 2819 2776 2872 ὅτι
2810 2815 2960 2886 παρά
2991 2815 3086 2868 τοῦ
3126 2814 3264 2868 θεοῦ
3293 2811 3445 2885 ἦλθε,
3475 2811 3572 2866 τοῦ

1977 2903 2329 2975 πιστευθῆναι
2352 2905 2434 2956 ὅτι
2463 2903 2597 2966 Θεός
2627 2905 2773 2956 ἐστιν
2799 2903 2912 2964 ἶσος
2933 2899 3082 2969 αύτῷ
3101 2917 3114 2930 ι
3140 2901 3318 2952 ἐκεῖνο
3343 2897 3441 2968 μὲν
3462 2895 3574 2966 γάρ

1977 2989 2072 3039 καὶ
2103 2989 2379 3057 προφῆται
2433 2981 2608 3052 εἶπον,
2663 2985 2821 3039 τοῦτο
2847 2986 2904 3038 δὲ
2931 2983 3119 3037 οὐκέτι
3144 3001 3157 3014 ·
3211 2985 3361 3053 ὅμως
3411 2981 3574 3044 αὐτὸς

1977 3069 2119 3141 ὑπὲρ
2153 3070 2246 3124 τοῦ
2284 3071 2568 3134 ἐλάττονος
2626 3070 2828 3140 πολλὴν
2870 3069 3079 3121 τίθεται
3119 3066 3376 3137 σπουδὴν,
3419 3064 3574 3128 είδὼς

1975 3155 2057 3207 ὅτι
2104 3154 2296 3206 τούτου
2348 3152 2670 3223 δεχθέντοςί
2706 3153 2798 3205 καὶ
2831 3152 3008 3204 ἐκεῖνο
3039 3150 3236 3218 γένοιτ’
3275 3147 3342 3201 ἂν
3389 3147 3576 3202 λοιπὸν

1977 3236 2402 3306 εύπαράδεκτον.
2443 3236 2551 3288 Kal
2583 3237 2682 3305 τῆς
2710 3235 2955 3304 μείζονος
2995 3234 3148 3286 οὐδὲν
3191 3230 3576 3301 μνημονεύσας

1979 3319 2303 3391 μαρτυρίας,
2341 3320 2401 3372 τὸ
2431 3319 2648 3371 ἔλαττον
2689 3317 2860 3386 αὐτῆς
2900 3317 3060 3387 ἔργον
3081 3315 3284 3385 τίθησι,
3315 3315 3405 3368 ἶνα
3435 3316 3460 3354 ⁸
3487 3313 3576 3367 διά

1974 3403 2166 3456 τούτου
2201 3401 2461 3472 κάκείνην
2485 3401 2767 3467 δέξωνται.
2817 3399 2990 3453 Τοῦτο
3021 3397 3441 3459 κατασκευάσας
3473 3397 3579 3450 πά-

1975 3486 2059 3538 λιν
2091 3485 2288 3554 ἐπάγει
2309 3501 2322 3513 °
2375 3485 2430 3536 '0
2465 3483 2713 3552 πέμψας
2742 3500 2820 3552 με
2870 3482 3099 3551 Πατὴρ,
3131 3481 3315 3546 αὐτὸς
3353 3496 3579 3549 μεμαρο

1977 3571 2196 3638 τύρηκε
2229 3567 2362 3636 περὶ
2386 3561 2555 3635 ἐμοῦ.
2589 3567 2698 3620 Καὶ
2739 3565 2842 3619 ποῦ
2881 3565 3278 3636 μεμαρτύρηκε
3325 3565 3454 3633 περὶ
3479 3565 3578 3616 αύ-

1976 3653 2110 3716 τοῦ;
2157 3654 2245 3706 Ἐν
2294 3651 2372 3722 τῷ
2414 3649 2676 3723 Ἰορδάνῃ,
2713 3645 2906 3715 Οὗτός
2949 3649 3101 3708 ἐστι,
3139 3648 3335 3716 λέγων,
3370 3650 3403 3700 ό
3447 3647 3580 3710 Υίιτς

1972 3755 2092 3808 μου
2123 3736 2427 3806 ἀγαπητός
2450 3749 2462 3763 ·
2499 3732 2687 3787 αὐτοῦ
2715 3733 2997 3788 ἀκούετε.
3067 3731 3228 3785 Ἀλλά
3281 3731 3376 3784 καὶ
3421 3731 3581 3783 τοῦτο

1978 3819 2328 3888 κατασκευῆς
2361 3819 2552 3871 ἐδεῖτο.
2585 3814 2659 3869 Τὸ
2691 3815 2790 3887 μὲν
2833 3811 2929 3870 οὖν
2974 3815 3223 3870 Ἰωάννου
3263 3813 3424 3882 δῆλον
3467 3808 3536 3883 ἦν
3560 3829 3575 3842 ·

1979 3902 2136 3956 αὐτοὶ
2173 3902 2282 3973 γὰρ
2333 3899 2684 3962 ἀπέστειλαν,
2745 3899 2841 3953 καὶ
2886 3898 3228 3970 ἀρνήσασθαι
3263 3897 3363 3951 οὐκ
3411 3892 3576 3967 εἰχον.

1980 3988 2090 4040 Kal
2110 3987 2172 4039 τὸ
2191 3987 2255 4038 ὲκ
2272 3985 2382 4037 τῶν
2406 3983 2648 4055 σημείων
2663 3983 2720 4036 δὲ
2743 3983 2964 4052 ὁμοίως.
2990 3979 3143 4036 Εἶδον
3163 3981 3273 4052 γὰρ
3295 3980 3577 4050 γινόμενα,

1981 4070 2074 4123 καὶ
2115 4067 2268 4142 παρά
2302 4067 2398 4121 τοῦ
2435 4066 2868 4138 θεραπευθέντος
2895 4068 3159 4136 ήκουσαν,
3191 4066 3288 4119 καὶ
3330 4065 3582 4117 ἐπίστευ-

1983 4170 2104 4216 σαν,
2134 4151 2258 4206 ὅθεν
2283 4151 2378 4204 καὶ
2405 4149 2718 4205 ἐνεκάλουν.
2755 4149 3031 4204 Ἐλείπετο
3052 4150 3108 4203 δὲ
3142 4147 3331 4204 λοιπὸν
3359 4147 3421 4200 τὸ
3452 4147 3582 4217 περὶ

1981 4239 2082 4308 τῆς
2109 4235 2205 4290 τοῦ
2258 4235 2473 4306 Πατρός
2508 4233 2817 4308 μαρτυρίας
2867 4233 3174 4300 ἀποδεῖξαι.
3200 4230 3334 4285 Εἶτα
3371 4231 3582 4301 μέλλων

1982 4320 2117 4375 αὐτό
2144 4318 2598 4383 κατασκευάζειν,
2626 4319 2926 4389 ἐπήγαγεν.
2963 4318 3115 4372 Οὔτε
3143 4315 3358 4386 φωνὴν
3390 4313 3581 4369 αὐτοῦ

1981 4405 2300 4473 ἁκηκόέιλιε
2326 4402 2583 4456 πώποτε.
2628 4402 2741 4456 Kal
2805 4401 2924 4466 πῶς
2983 4401 3230 4472 Μωύσῆς
3286 4400 3455 4469 λέγει,
3518 4400 3582 4454 '0

1985 4468 2132 4554 Θεύς
2161 4468 2396 4553 Mc,
2429 4483 2694 4553 Μωυσῆς
2737 4483 2806 4538 δὲ
2851 4468 3218 4554 ἀπεκρίνατο
3237 4500 3259 4549 ,°
3460 4482 3516 4536 δέ
3552 4483 3584 4536 ό

1982 4571 2147 4626 Δαυῒδ
2186 4588 2341 4640 φησι,
2369 4568 2676 4623 Γλῶσσαν
2704 4567 2788 4636 ἦν
2819 4571 2933 4623 οὐκ
2961 4569 3118 4639 ἔγνω
3159 4567 3425 4638 ἥκουσες
3471 4567 3584 4619 Kal

1987 4654 2154 4709 πάλιν
2215 4651 2480 4722 Μωῦσῆς,
2518 4647 2584 4704 Εἰ
2622 4651 2771 4705 ἐστιν
2813 4650 2968 4714 ἔθνος
2999 4650 3264 4715 τοιοῦτον,
3309 4650 3339 4703 δ
3379 4651 3582 4722 ήκουσε

1985 4739 2172 4809 φωνὴν
2196 4735 2364 4802 Θεοῦς
2397 4736 2547 4790 Οῠτε
2583 4731 2748 4802 εἶδος
2783 4735 2972 4789 αὑτοῦ
3018 4733 3337 4803 ἑωράκατε.
3390 4733 3586 4788 Καίτοι

1987 4824 2082 4878 καὶ
2111 4822 2414 4893 ἑωρακέναι
2441 4818 2607 4873 αὑτὸν
2625 4817 2988 4887 λέγονταικαί
3024 4819 3272 4882 Ἡσαΐας,
3295 4817 3391 4872 καὶ
3417 4818 3586 4888 Ἰερε-

1991 4906 2141 4974 μίας,
2181 4905 2276 4959 καὶ
2313 4902 2595 4975 Ἰεζεκιὴλ,
2619 4902 2715 4956 καὶ⁵
2744 4903 2921 4972 ἕτεροι
2953 4901 3190 4965 πλείους.
3224 4901 3290 4954 Τί
3316 4897 3410 4954 οὖν
3437 4901 3586 4954 ἐστιν

1987 4991 2016 5044 ὅ
2050 5006 2214 5059 φησιν
2241 4990 2270 5041 ὁ
2299 4986 2534 5058 Χριστὸς
2561 4985 2657 5040 νῦν
2685 5003 2700 5052 ;
2729 4984 2824 5050 El;
2844 4985 3151 5062 ⁹φιλόσοφον
3182 4984 3381 5048 αύτούς
3401 4984 3586 5052 ἐνάγει

1986 5073 2186 5144 δόγμα.
2230 5071 2372 5126 κατὰ
2427 5070 2623 5142 μικρὸν
2666 5070 2904 5134 δεικνὺς,
2954 5070 3037 5123 ὅτι
3092 5069 3217 5124 οὗτε
3257 5069 3412 5140 φωνή
3457 5069 3588 5138 περὶ

1987 5158 2143 5222 θεὸν,
2178 5154 2304 5210 οὔτε
2334 5151 2496 5219 εἶδος,
2534 5153 2650 5207 ἀλλ’
2681 5153 2955 5223 ἀνώτερος
2995 5155 3091 5207 καὶ
3135 5153 3432 5223 σχημάτων
3468 5152 3589 5207 ἐστὶ

1990 5241 2084 5294 καὶ
2119 5239 2372 5308 φθόγγων
2404 5237 2681 5290 τοιούτων.
2718 5237 2934 5308 Ὥσπερ
2963 5237 3072 5308 γάρ
3095 5235 3289 5298 εἰπὼν,
3319 5236 3402 5290 ὅτι
3435 5234 3589 5290 Οὔτε

1989 5322 2203 5393 φωνὴν
2235 5319 2425 5375 αὐτοῦ
2459 5320 2779 5387 ἀληκόατε.
2811 5319 2874 5373 οὐ
2908 5319 3066 5373 τοῦτο
3092 5319 3264 5388 λέγει,
3293 5319 3377 5372 ὅτι
3404 5317 3588 5389 φωνὴν

1993 5410 2092 5477 μὲν
2121 5407 2390 5478 προΐεται,
2427 5404 2528 5457 οὐκ
2554 5405 2828 5476 ἀκουστὴς·
2854 5404 2912 5458 δέ
2939 5421 2954 5435 ο
2997 5404 3171 5468 οὕτως
3208 5403 3401 5465 εἰπὼν,
3438 5405 3588 5458 Οὔτε

1988 5484 2149 5556 εἶδος
2193 5488 2382 5543 αὑτοῦ
2437 5486 2754 5556 ἑωράκατε,
2794 5493 2857 5540 ού
2900 5487 3058 5540 τοῦτο
3101 5487 3271 5556 λέγει,
3319 5489 3401 5540 ὅτι
3449 5483 3588 5549 εἶδος

1995 5575 2094 5644 μὲν
2121 5574 2254 5643 ἔχει,
2295 5572 2355 5624 ού
2406 5571 2597 5623 θεατὸν
2637 5571 2724 5624 δέ’
2764 5570 2878 5622 ἀλλ’
2922 5571 3005 5623 ὅτι
3034 5570 3187 5624 ούδὲν
3218 5570 3423 5624 τούτων
3459 5567 3589 5638 περὶ

1992 5650 2156 5710 Θεόν.
2179 5656 2297 5708 ’Ἱνα
2329 5652 2438 5724 γὰρ
2477 5653 2551 5724 μὴ
2577 5653 2827 5721 λέγωσιν,
2864 5654 2998 5724 Είκῆ
3019 5653 3346 5723 κομπάζεις.
3373 5653 3396 5691 ιι
3424 5653 3588 5704 Meo-3-

1998 5743 2082 5793 σεί
2119 5738 2467 5809 λελάληκενό
2499 5736 2632 5800 Θεὸς
2672 5735 2818 5806 μόνῳ
2855 5735 3048 5806 (τοῦτο
3075 5736 3206 5806 γοῦν
3244 5737 3338 5789 καὶ
3371 5735 3584 5805 ἔλεγον·

2001 5957 2230 5992 ιασκευα;
2262 5961 2270 5985 ι
2306 5957 2466 6000 κτων.
2542 5957 2553 5978 ι
2600 5957 2698 5988 nm
2727 5957 2982 5999 ιεχυεντος.
3051 5957 3076 5976 ο
3108 5957 3276 5987 morm.
3329 5957 3472 5995 ταύτης

1997 6024 2077 6068 γοα
2105 6006 2219 6059 ἁζινι
2247 6005 2339 6054 ἵκει.
2411 6002 2599 6053 “Sani.
2631 6001 2830 6064 ὶέγωτιι
2858 6018 2926 6049 οιι
2961 6005 3229 6062 ,ιορπαξκμ
