4084 6470
244 600 403 659 enim,
434 587 546 646 Nos
569 584 756 639 scimus
783 574 898 644 quia
933 566 1097 637 Moysi
1122 563 1356 630 loquutus
1384 561 1456 607 est
1481 549 1615 603 Deus
1645 560 1662 598 :
1690 543 1824 595 hunc

653 638 865 727 unde-sit
893 659 1072 732 (Joau.
1097 653 1150 708 9.
1172 648 1295 719 99);
1329 645 1448 700 ideo
1473 640 1550 695 sic
1579 638 1828 706 loquutus

248 787 326 835 est
347 817 362 840 ,
391 768 684 829 ostendens
713 764 766 816 in
799 759 908 811 Deo
932 765 1029 807 nec
1061 758 1244 801 vocem
1281 753 1381 793 nec
1420 732 1654 805 speciem
1688 739 1826 781 esse.

1353 830 1366 840 '
1584 836 1643 840 Au
1665 818 1799 840 lf-n:-

253 818 316 924 Et
338 818 465 938 quid
497 863 597 915 hoc
619 850 772 910 dico?
802 847 917 902 Non
939 840 1099 898 modo
1117 847 1300 890 vocem
1319 830 1434 900 ejus
1457 840 1560 879 non
1579 818 1823 882 audistis,

1018 933 1030 938 -
1065 934 1075 938 -
1104 929 1116 938 ·
1165 928 1176 938 ·
1322 937 1329 938 κ
1376 917 1602 938 τίη-ε..-
1631 909 1823 938 ..ιη-μμ

252 909 372 1016 nec“
384 953 622 1026 Speciem
660 941 868 999 vidistis
891 978 906 1000 ,
939 933 1033 989 sed
1065 929 1117 984 id
1146 928 1213 980 de
1238 937 1344 994 quo
1375 917 1604 973 maxime
1630 909 1826 991 gloria-

253 1052 398 1110 mini.
416 1005 498 1101 rde
523 1055 630 1112 quo
653 1035 883 1092 maxime
909 1025 1070 1083 inllati
1094 1020 1225 1077 estis
1250 1028 1435 1072 omnes
1459 1053 1474 1076 ,
1506 1005 1646 1078 quod
1677 1017 1832 1058 man-

253 1093 860 1204 data'ejusjacceperitis
884 1130 939 1176 et
961 1113 1231 1174 habeatis;
1268 1123 1334 1162 ne
1364 1103 1491 1159 illud
1518 1097 1730 1171 quidem
1760 1093 1840 1147 di-

253 1245 375 1287 cere
403 1187 650 1297 p'otestis.
678 1187 804 1274 ideo
833 1207 1105 1280 subjungit
1138 1221 1152 1258 :
1184 1201 1271 1257 '58.
1313 1196 1489 1264 Neque
1509 1192 1708 1246 verbum
1733 1187 1841 1254 ejus

255 1288 442 1375 habetis
470 1319 524 1370 in
554 1312 692 1369 vobis
720 1319 962 1365 manens;
995 1300 1045 1354 id
1073 1306 1154 1352 est
1174 1335 1189 1360 ,
1217 1289 1462 1348 mandata
1484 1329 1498 1352 ,
1533 1288 1793 1354 prwcepta
1823 1318 1838 1341 ,

259 1418 426 1485 legem
452 1454 468 1479 ,
500 1409 808 1480 prophetas.
843 1394 1060 1455 Etiamsi
1086 1389 1228 1446 enim
1262 1388 1400 1440 Deus
1431 1382 1547 1435 haec
1573 1388 1844 1446 prcecepe-

259 1507 344 1571 rit,
369 1513 605 1558 attamen
652 1495 766 1550 haec
802 1488 941 1560 apud
982 1501 1074 1539 vos
1114 1497 1218 1536 non
1255 1485 1399 1537 sunt,
1431 1473 1551 1542 quia
1584 1467 1710 1522 mihi
1740 1479 1845 1520 non

233 1595 496 1668 ,creditis.
531 1589 640 1644 Etsi
664 1559 1023 1650 enini'passim
1047 1582 1100 1627 et
1118 1571 1311 1638 ubique
1338 1565 1514 1617 dicant
1539 1559 1845 1625 ὅρι’ἱριιιτςιε,

1651 1645 1820 1668 “LM

263 1683 389 1740 mihi
415 1695 538 1736 esse
562 1673 906 1732 credendum,
935 1678 1032 1719 vos
1055 1672 1230 1715 tamen
1259 1673 1362 1710 non
1384 1649 1622 1711 creditis,
1651 1645 1852 1714 palam-

264 1793 365 1850 que
395 1784 478 1831 est
506 1771 729 1826 verbum
759 1765 876 1834 ejus
902 1777 930 1814 a
960 1757 1107 1813 vobis
1148 1747 1492 1806 abscessisse.
1541 1741 1663 1794 ideo
1707 1736 1854 1789 addit

1072 1849 1077 1850 ⁷
1133 1844 1185 1850 ’⁸⁸
1579 1830 1685 1850 13-3-
1758 1826 1827 1850 l\_-.

267 1826 364 1850 ‘1"
401 1826 476 1831 "'
787 1826 804 1834 τ

267 1872 454 1924 iterum
484 1882 498 1919 :
531 1862 662 1927 Quia
698 1858 741 1912 ei
780 1869 926 1925 quem
968 1849 1099 1902 misit
1126 1844 1213 1897 ille
1238 1856 1322 1893 vos
1352 1852 1451 1890 non
1485 1830 1705 1888 creditis.
1758 1826 1851 1878 lle-

267 1959 385 2015 inde
407 1973 474 2010 ne
497 1955 758 2009 dicerent,
788 1939 1067 2011 Qttttmodu
1094 1936 1136 1989 si
1170 1945 1355 1985 vocem
1379 1928 1493 1995 ejus
1520 1937 1626 1976 non
1650 1918 1855 1973 audivi-

269 2066 404 2115 mus,
440 2047 538 2102 tibi
568 2008 929 2099 testimonium
960 2025 1263 2102 perhibuit?
1289 2023 1363 2077 ait
1392 2020 1481 2073 ille
1507 2035 1519 2072 :
1546 2008 1858 2070 Scrutamini

271 2143 600 2210 Scripturas;
629 2133 732 2187 illa
753 2130 882 2183 enim
903 2101 1015 2180 sunt
1035 2135 1146 2191 quae
1161 2113 1498 2170 testimonium
1519 2105 1774 2178 perhibent
1800 2101 1861 2154 de

271 2249 346 2286 me
369 2194 555 2303 (:loan.
663 2219 779 2292 39);
800 2217 1039 2272 indicans
1066 2225 1160 2280 per
1188 2209 1282 2261 has
1311 2207 1472 2258 Deum
1498 2194 1860 2253 testimonium

273 2283 631 2392 pcrhibutsse.
662 2283 793 2366 Nam
825 2317 876 2362 et
903 2307 953 2358 in
975 2300 1209 2358 Iordane
1241 2304 1292 2349 et
1323 2295 1372 2346 in
1416 2297 1597 2344 monte
1626 2283 1862 2338 testiino-

273 2375 416 2468 iiium
439 2405 729 2480 perhibuit.
756 2399 861 2455 Sed
891 2397 1032 2451 illam
1064 2404 1246 2445 vocem
1271 2400 1374 2439 non
1399 2382 1500 2436 fert
1527 2381 1576 2432 in
1606 2375 1858 2431 medium.

275 2503 543 2560 Fortassis
566 2498 708 2554 enim
733 2509 837 2548 non
863 2487 1098 2545 creditus
1121 2482 1319 2536 luisset.
1347 2475 1477 2530 Nam
1500 2472 1657 2526 aliam
1678 2481 1862 2521 vocem

278 2614 380 2652 non
407 2594 712 2654 audierant,
736 2597 928 2652 nempe
950 2582 1001 2634 in
1025 2586 1232 2639 monte;
1259 2572 1419 2624 aliam
1439 2582 1565 2622 vero
1588 2563 1867 2618 audierant

278 2686 491 2758 quidem
517 2724 531 2746 ,
567 2679 660 2736 sed
692 2648 796 2732 non
823 2648 1180 2728 aitendcrant.
1235 2662 1433 2716 Idcirco
1465 2657 1627 2711 mittit
1656 2653 1773 2707 illos
1799 2648 1867 2702 ad

279 2745 618 2848 Scriptores,
648 2766 937 2825 ostendens
970 2758 1173 2816 Patris'
1207 2749 1570 2809 testimonium
1600 2745 1722 2800 inde
1747 2756 1869 2797 esse

283 2834 643 2928 sumendum,
682 2857 902 2915 sublatis
934 2852 1079 2924 prius
1108 2846 1339 2915 antiquis
1367 2843 1418 2896 in
1447 2838 1636 2910 quibus
1665 2834 1869 2906 gloria-

285 2963 476 3016 liuntor
502 2998 516 3020 ,
562 2953 644 3008 vel
689 2950 837 3022 quasi
869 2945 1126 3000 vidissent
1158 2939 1325 2992 Deum
1347 2975 1362 2998 ,
1395 2932 1474 2986 vel
1503 2929 1652 3000 quasi
1683 2939 1870 2980 vocem

288 3053 403 3122 ejus
423 3019 723 3102 audissent.
765 3039 898 3107 Quia
929 3048 1056 3089 vero
1080 3029 1332 3087 credibile
1352 3033 1464 3080 erat
1489 3023 1604 3092 ejus
1626 3019 1740 3073 voci
1766 3031 1869 3070 non

283 3142 586 3199 credituros
636 3149 788 3193 esse,
847 3141 1016 3198 eaque
1064 3123 1443 3191 imaginaturos
1486 3129 1606 3170 esse
1657 3127 1776 3182 qua:
1820 3110 1870 3164 in

288 3244 467 3290 monte
511 3230 637 3285 Sina
681 3222 1023 3281 acciderunt,
1065 3221 1304 3269 correcta
1335 3210 1479 3279 prius
1509 3222 1568 3260 ea
1599 3220 1716 3273 qua:
1742 3202 1873 3256 sub-

286 3324 410 3380 oriri
454 3326 661 3391 poxerat
699 3329 761 3368 ea
801 3311 868 3365 de
911 3323 967 3362 re
1011 3303 1335 3372 suspicione,
1363 3306 1418 3352 et
1455 3293 1746 3350 ostendens
1789 3291 1874 3343 illa

289 3430 382 3486 per
407 3383 792 3467 deniissionem
817 3397 1101 3470 quamdam
1125 3393 1260 3448 facta
1290 3405 1430 3454 esse,
1473 3388 1616 3458 ipsos
1638 3384 1704 3438 ud
1729 3383 1872 3438 Serio

290 3515 562 3576 pturarum
591 3492 950 3552 testiuiOniutn
979 3487 1155 3558 mittit.

357 3598 412 3651 ι.
434 3593 624 3648 Contra
652 3585 908 3641 hereticos
936 3597 964 3636 ο
1004 3576 1282 3647 Scripturis
1312 3570 1662 3645 pugnandum.
1700 3565 1870 3632 Quas-

289 3687 405 3742 dam
435 3692 634 3738 tantum
658 3677 883 3740 uirtutes,
917 3672 1034 3725 aliis
1071 3667 1327 3738 neglectis,
1355 3677 1583 3717 exercere
1617 3675 1715 3711 non
1739 3653 1877 3724 stt/ﬁ-

289 3782 373 3834 rit.
403 3774 689 3831 Hominum
714 3782 980 3822 avarorum
1022 3763 1421 3832 injustorumque
1441 3752 1640 3806 insania
1669 3758 1714 3802 et
1747 3762 1875 3816 sup-

291 3872 501 3944 plicium
547 3871 799 3936 futurum.
844 3888 915 3900 -—
959 3857 1024 3912 Et
1055 3869 1152 3908 nos
1194 3864 1405 3922 quoque
1448 3843 1661 3916 quando
1691 3850 1879 3896 contra

294 3959 580 4014 lucretieos
607 3964 905 4024 pugnamus
939 3955 992 4001 et
1021 3957 1293 3998 armantur
1315 3980 1330 4001 .
1364 3937 1486 3990 hinc
1517 3949 1616 3988 nos
1647 3933 1878 3986 instrua-

293 4067 432 4108 tnus.
455 4048 636 4106 Omnis
653 4047 784 4098 enim
812 4041 1103 4109 Scriptura,
1135 4034 1326 4103 inquit,
1353 4029 1592 4083 diuinitus
1613 4024 1878 4092 inspirata,

293 4148 432 4202 utilis
459 4141 613 4198 estad
636 4137 938 4199 docentium,
961 4134 1027 4185 ad
1049 4127 1384 4201 urguendum,
1407 4123 1473 4177 ad
1505 4118 1879 4189 corrigendum,

294 4239 359 4295 ad
381 4233 750 4290 instituendum
777 4230 827 4280 iu
851 4225 1052 4294 justitia
1081 4263 1096 4288 ,
1126 4230 1178 4272 ut
1208 4217 1460 4288 perfectus
1485 4214 1550 4267 sit
1573 4210 1669 4264 Dei
1710 4210 1880 4272 homo,

298 4329 365 4383 ad
387 4342 534 4381 ontne
558 4339 684 4393 opus
711 4320 896 4374 bonum
920 4316 1189 4368 instructus
1223 4309 1298 4379 (9,
1329 4306 1461 4360 Tim.
1485 4306 1537 4357 3.
1570 4301 1656 4357 l6.
1683 4311 1727 4354 et
1757 4300 1819 4354 l7
1842 4298 1882 4369 ).

298 4420 412 4476 Non
440 4416 622 4473 utalia
656 4413 866 4474 habeat,
885 4408 1001 4462 aliis
1022 4413 1203 4461 careat
1231 4422 1244 4457 :
1275 4415 1395 4454 nam
1426 4397 1546 4451 talis
1575 4395 1735 4448 homo
1765 4409 1884 4462 per-

299 4513 468 4566 fectus
509 4521 616 4560 non
660 4511 820 4558 esset.
865 4503 994 4565 Qua:
1038 4495 1257 4557 utilitas,
1313 4504 1532 4559 quasso,
1581 4486 1625 4540 si
1674 4484 1887 4538 assidue

301 4609 568 4672 precetur.
627 4609 726 4650 nec
765 4592 1158 4659 eleemosyuam
1190 4583 1412 4653 largiter
1455 4577 1676 4648 eroget?
1725 4577 1805 4630 vel
1839 4575 1882 4628 si

303 4693 521 4763 largiter
548 4694 770 4756 eroget,
803 4681 896 4737 sed
928 4694 1091 4748 rapax
1139 4685 1193 4730 et
1223 4673 1487 4727 violentus
1527 4669 1635 4723 sit?
1660 4666 1742 4720 vel
1768 4666 1810 4719 si
1843 4664 1892 4717 id

303 4784 464 4841 iaciat
501 4780 568 4834 ad
615 4776 1028 4834 ostentationem
1071 4777 1126 4824 et
1179 4780 1364 4820 vanam
1409 4758 1676 4833 gloriam?
1724 4757 1805 4812 vel
1851 4757 1893 4809 si

310 4885 500 4946 eroget
539 4869 753 4941 quidem
792 4870 1042 4920 accurate
1067 4903 1081 4924 ,
1129 4867 1183 4913 ct
1221 4859 1288 4911 ad
1337 4855 1584 4925 placitum
1633 4850 1765 4912 Dei,
1803 4844 1896 4900 sed

308 4939 436 5024 inde
479 4939 600 5019 sese
639 4959 861 5016 extollat
907 4965 960 5011 et
1007 4953 1172 5007 altum
1217 4947 1431 5019 sapiat?
1469 4944 1553 4999 vel
1601 4942 1644 4997 si
1686 4939 1900 4994 humilis

374 5106 388 5137 ι
425 5100 626 5162 quidam
649 5097 848 5153 habent.
878 5089 1098 5157 Spiritus,
1124 5101 1226 5152 pro,
1256 5083 1430 5135 Patris.

1256 441 1317 499 IN
1354 427 1665 497 JO.\NNEM
1705 419 1936 480 l|0.\lll..
1977 417 2114 474 XLI.
2154 414 2228 469 al.
2270 411 2378 467 XL.
3422 392 3528 444 εχ

1934 529 2147 602 quidem
2189 528 2258 579 sit
2288 535 2340 578 et
2362 520 2579 592 jejuniis
2624 531 2684 570 se
2710 517 2952 568 exerceat
2981 549 2995 571 ,
3025 519 3216 561 avarus
3267 512 3442 556 tamen
3473 512 3526 553 et

1937 625 2211 681 usurarius
2246 628 2299 673 et
2335 615 2562 671 terrenis
2590 609 2856 670 addictus,
2889 613 3224 671 matremque
3252 597 3517 653 malorum

1937 717 2176 772 omnium
2208 715 2261 766 in
2294 709 2527 764 animam
2571 718 2722 759 suam
2756 696 3012 753 inducat?
3037 694 3272 749 Avaritia
3302 703 3531 758 namque

1940 807 2092 864 radix
2135 803 2374 859 omnium
2414 798 2678 852 malorum
2706 801 2808 846 est.
2859 790 3002 844 llanc
3033 784 3403 847 iormidemus,
3433 781 3535 833 hoc

1943 898 2206 967 fugiamus
2246 899 2546 962 peceatum.
2580 885 2705 940 llac
2736 881 2922 936 urbem
2965 889 3227 933 terrarum
3252 873 3533 934 subvertit,

1945 989 2059 1042 huic
2083 985 2264 1040 omnia
2310 979 2522 1034 miscuit
2544 1019 2558 1039 ,
2592 977 2707 1030 hare
2736 988 2764 1026 a
2800 969 3108 1026 beatissima
3136 964 3332 1019 ChriSLi
3365 962 3538 1014 servi-

1947 1089 2058 1133 tute
2084 1091 2180 1130 nos
2209 1072 2425 1127 abducit
2455 1087 2467 1122 :
2505 1067 2625 1122 Non
2653 1062 2857 1134 potestis
2884 1103 2895 1123 ,
2928 1060 3118 1128 inquit,
3156 1056 3260 1108 Deo
3291 1054 3474 1106 seruire
3495 1061 3540 1103 et

1948 1183 2215 1231 mamonw,
2266 1164 2351 1234 qui
2403 1161 2616 1214 Christo
2655 1153 2924 1210 contraria
2985 1150 3242 1219 praecipit.
3295 1145 3541 1199 Christus

1948 1260 2144 1328 quippe
2174 1256 2322 1316 dicit,
2351 1255 2420 1306 Da
2453 1247 2814 1318 indigentibus
2840 1260 2854 1307 ;
2886 1243 2994 1303 ille,
3028 1241 3174 1308 Rape
3204 1238 3272 1291 ab
3301 1236 3544 1304 indigen-

1953 1327 2111 1407 tibus.
2143 1349 2391 1405 Christus
2423 1344 2569 1404 dicit,
2601 1335 2984 1394 insidiantibus
3008 1331 3122 1396 tibi,
3147 1338 3202 1386 et
3226 1327 3546 1382 lmdentibus

1954 1451 2005 1497 te
2034 1442 2098 1495 da
2128 1440 2334 1492 veniam
2363 1454 2375 1487 :
2406 1436 2489 1487 hic
2511 1442 2718 1492 contra,
2752 1431 2994 1495 Laqueus
3026 1437 3150 1491 para
3172 1420 3430 1474 adversus
3454 1432 3550 1470 eos

1955 1535 2042 1604 qui
2077 1541 2126 1586 te
2169 1529 2298 1583 nihil
2352 1528 2624 1580 Iusserunt.
2683 1521 2931 1574 Christus
2975 1514 3124 1577 dicit,
3177 1511 3445 1579 Bcuignus
3493 1517 3549 1560 et

1959 1632 2264 1678 mansuetus
2316 1627 2467 1681 esto;
2523 1615 2606 1667 hic
2653 1633 2682 1666 e
2726 1609 3034 1669 contrario,
3069 1603 3312 1659 Crudelis
3354 1611 3470 1654 esto
3499 1608 3554 1653 et

1962 1716 2302 1774 inhumanus,
2327 1719 2380 1764 et
2408 1707 2536 1761 nihil
2570 1720 2689 1759 esse
2736 1700 3040 1756 existimato
3069 1697 3332 1765 laerymas
3357 1705 3557 1762 paupe-

1959 1822 2111 1869 rum;
2144 1813 2199 1856 ut
2229 1806 2280 1856 in
2309 1801 2394 1854 illa
2424 1798 2511 1852 die
2529 1809 2776 1850 severum
2807 1791 2960 1845 nobis
2983 1784 3555 1854 constituatjudicem.

1962 1898 2111 1951 'l'unc
2140 1895 2282 1949 enim
2313 1891 2464 1945 nobis
2491 1889 2670 1942 omnia
2699 1927 2714 1951 ,
2766 1899 2887 1954 quae
2931 1881 3155 1935 fecimus
3174 1887 3202 1943 ,'
3222 1887 3345 1931 ante
3374 1875 3559 1929 oculos

1964 1987 2349 2047 versabuntur,
2382 1982 2603 2049 liesique
2648 1978 2722 2031 illi
2774 1985 2827 2028 et
2871 1972 3054 2027 nudati
3093 1988 3120 2022 a
3155 1969 3310 2022 nobis
3340 1980 3556 2021 omnem

1966 2081 2120 2133 nobis
2146 2075 2514 2131 defensionem
2544 2066 2921 2124 intercludent.
2951 2064 3007 2119 Si
3031 2061 3173 2117 enim
3207 2059 3443 2113 Lazarus
3467 2057 3559 2127 qui

1967 2171 2097 2225 nihil
2148 2169 2306 2223 laesus
2343 2165 2513 2219 fuerat
2542 2178 2570 2215 a
2600 2161 2763 2216 divite
2785 2201 2799 2223 ,
2837 2156 2932 2212 sed
2966 2155 3166 2210 nullam
3211 2154 3280 2206 ah
3310 2168 3376 2206 eo
3405 2166 3562 2218 opem

1967 2268 2269 2330 acceperat,
2296 2257 2518 2312 acerbus
2540 2255 2657 2323 ejus
2685 2258 2964 2305 accusator
2990 2247 3218 2308 exstitit,
3248 2258 3346 2298 nec
3370 2244 3568 2312 permi-

1968 2347 2036 2410 sit
2069 2363 2123 2406 ut
2154 2352 2364 2406 veniam
2410 2349 2574 2402 ullam
2621 2351 3039 2413 consequeretur
3081 2357 3094 2392 :
3128 2351 3311 2408 quam,
3342 2349 3560 2406 qineso,

1970 2445 2338 2500 defensionem
2369 2439 2680 2501 habebunt,
2733 2434 2820 2505 qui
2866 2433 3041 2487 aliena
3091 2428 3325 2498 rapiunt,
3370 2426 3565 2480 nedum

1971 2537 2372 2605 eleemosynam
2418 2536 2672 2599 erogent,
2723 2522 3153 2595 pnpillorumque
3191 2518 3381 2571 domos
3407 2532 3568 2571 ever-

1975 2625 2130 2680 tunt?
2185 2623 2240 2679 Si
2281 2622 2356 2676 illi
2384 2619 2472 2690 qui
2519 2617 2788 2673 Christum
2834 2612 3157 2668 esurientem
3210 2624 3315 2662 non
3363 2607 3571 2662 nutrie-

1973 2727 2121 2781 runt,
2163 2723 2364 2768 tantum
2411 2711 2586 2781 ig'uem
2615 2710 2668 2762 in
2704 2715 2860 2776 caput
2889 2718 3041 2759 suum
3070 2709 3406 2756 attraxerunt
3435 2717 3445 2750 :
3477 2700 3567 2768 qui

1973 2808 2144 2862 aliena
2173 2804 2406 2872 rapiunt,
2438 2801 2587 2854 inille
2613 2800 2732 2853 lites
2772 2803 2988 2850 movent
3011 2835 3024 2856 ,
3055 2793 3402 2861 omniumque
3435 2790 3570 2844 bona

1975 2899 2076 2954 sibi
2094 2897 2426 2960 adscribunt,
2456 2908 2561 2962 qua
2578 2889 2950 2947 consolatione
2973 2885 3253 2942 fruentur?
3275 2884 3419 2939 llanc
3442 2899 3571 2953 ergo

1975 2992 2320 3062 cupiditatem
2351 2986 2652 3056 ejiciamus.
2702 2983 2989 3052 Ejieiemus
3020 2989 3199 3034 autem
3227 3019 3242 3045 ,
3277 2979 3318 3033 si
3366 2979 3566 3047 cogite-

1979 3101 2096 3139 mus
2120 3083 2345 3150 injustos
2371 3078 2619 3132 homines
2647 3083 2701 3129 et
2741 3087 2935 3127 avaros
2958 3071 3050 3142 qui
3079 3080 3201 3125 ante
3226 3084 3326 3124 nos
3359 3068 3574 3124 fuerunt

1979 3186 2032 3229 et
2060 3173 2325 3227 obierunt.
2362 3171 2554 3223 Annon
2606 3167 2694 3219 alii
2725 3179 2911 3219 eorum
2945 3163 3184 3232 pecuniis
3215 3169 3270 3216 et
3301 3161 3575 3214 laboribus

1981 3266 2245 3327 fruuntur,
2271 3261 2369 3331 ipsi
2398 3258 2661 3330 supplicio
2685 3299 2699 3321 ,
2729 3256 2965 3309 cruciatu
3012 3262 3066 3308 et
3092 3252 3243 3306 malis
3271 3250 3579 3305 intolerabi-

1982 3357 2122 3411 libus
2157 3351 2500 3424 plectuntur?
2529 3354 2723 3402 Annon
2765 3355 3022 3399 extremm
3063 3342 3351 3397 dementia:
3381 3342 3536 3396 fuerit
3563 3383 3576 3405 ,

1983 3448 2033 3499 in
2062 3441 2423 3499 sollicitudine
2451 3449 2505 3492 et
2539 3436 2796 3490 aerumnis
2825 3435 3049 3498 versari,
3082 3441 3137 3486 ut
3178 3441 3231 3486 et
3261 3432 3313 3485 in
3347 3431 3442 3486 hac
3475 3433 3580 3486 vita

1985 3535 2255 3590 laboribus
2284 3540 2578 3585 atteramur
2598 3568 2610 3590 ,
2645 3535 2700 3580 et
2753 3525 2878 3579 hinc
2906 3524 3195 3593 migrantes
3227 3523 3582 3578 intolerabili-

1987 3627 2084 3680 bus
2144 3636 2488 3694 torqueamur
2541 3619 2819 3690 suppliciis
2880 3625 3040 3685 atque
3090 3615 3400 3681 laboribus,
3460 3631 3581 3670 cuin

1985 3724 2261 3786 oporteret
2287 3724 2341 3768 et
2369 3713 2454 3766 hic
2482 3712 2532 3764 in
2565 3710 2771 3764 deliciis
2809 3708 2989 3762 vivere
3015 3707 3170 3774 (nihil
3203 3707 3347 3761 enim
3380 3715 3580 3760 tantam

1987 3809 2314 3876 voluptatem
2351 3805 2522 3873 parit,
2553 3812 2808 3873 quantam
2841 3801 3178 3870 eleemosyua
3206 3841 3218 3862 ,
3248 3800 3576 3856 conscientia

1989 3916 2116 3971 pura
2142 3900 2157 3930 ¹
2186 3897 2228 3972 ),
2255 3907 2308 3952 et
2334 3896 2615 3951 defunctos
2643 3894 2710 3947 ab
2730 3891 2977 3946 omnibus
2996 3892 3112 3946 erui
3142 3891 3315 3955 malis,
3340 3901 3394 3947 et
3425 3892 3584 3946 innu-

1989 4009 2133 4049 mera
2165 3990 2418 4060 consequi
2443 3991 2580 4043 bona
2603 3988 2625 4041 ?
2653 3988 2800 4042 Sicut
2821 3986 2963 4039 enim
2991 3985 3247 4054 nequitia,
3273 3985 3435 4039 etiam
3459 3995 3585 4038 ante

1989 4087 2288 4157 gehennam
2312 4124 2326 4148 ,
2361 4097 2454 4138 eos
2485 4082 2575 4151 qui
2609 4081 2754 4134 illam
2798 4087 3054 4133 exercent
3083 4077 3346 4146 supplicio
3377 4076 3589 4132 allicere

1990 4179 2128 4233 solet
2160 4195 2170 4228 :
2199 4177 2276 4230 sic
2305 4185 2357 4229 et
2389 4175 2590 4237 virtus,
2615 4172 2777 4226 etiam
2810 4179 2936 4224 ante
2957 4183 3180 4238 regnum
3204 4209 3220 4233 ,
3256 4168 3398 4222 illum
3430 4184 3588 4222 exer-

1991 4269 2238 4325 centibus
2259 4266 2484 4320 delicias
2509 4273 2680 4333 parat,
2728 4262 2868 4315 bona
2901 4277 2995 4329 spe
3024 4301 3038 4325 ,
3071 4260 3289 4328 perenni
3325 4260 3593 4328 voluptate

1998 4363 2152 4413 vitam
2184 4356 2449 4412 afficiens.
2477 4354 2543 4410 Ut
2565 4353 2702 4407 hanc
2724 4353 2901 4421 itaque
2932 4362 2986 4406 et
3017 4349 3104 4404 hic
3126 4359 3178 4402 et
3206 4350 3257 4403 in
3286 4352 3461 4404 l'utura
3486 4350 3590 4404 \ita

1995 4463 2405 4518 consequamur,
2437 4446 2589 4499 bonis
2621 4442 2992 4498 incumbamus
3020 4440 3294 4510 operibus.
3325 4439 3414 4494 Sic
3444 4442 3592 4493 enim

1997 4553 2050 4597 et
2076 4541 2278 4595 futuras
2306 4539 2664 4608 adipiscemur
2702 4549 2966 4596 coronas;
2995 4548 3128 4602 quas
3159 4534 3359 4585 utinam
3387 4549 3588 4587 consc-

2000 4651 2227 4706 qnamur
2272 4647 2461 4686 omnes
2504 4631 2675 4699 gratia
2715 4640 2770 4685 et
2820 4628 3147 4698 benignitate
3191 4627 3398 4682 Domini
3432 4629 3599 4681 nostri

2002 4728 2130 4782 Jesu
2159 4724 2381 4788 Clirisu,
2409 4733 2501 4791 per
2526 4737 2683 4792 quem
2712 4730 2765 4775 et
2791 4735 2911 4774 cuin
2941 4735 3048 4788 quo
3076 4720 3215 4772 Patri
3249 4720 3437 4788 gloria,
3470 4735 3606 4771 una.

2005 4835 2108 4891 que
2139 4816 2364 4888 Spiritui
2388 4824 2594 4879 sancto,
2621 4829 2760 4868 nunc
2787 4823 2842 4867 et
2866 4828 3097 4881 semper,
3125 4821 3178 4866 et
3200 4813 3250 4866 in
3275 4813 3469 4867 secula
3496 4827 3602 4866 sa:-

2007 4915 2271 4967 colurum.
2308 4911 2498 4963 Anien.

2073 5009 2087 5037 ι
2125 5001 2397 5074 δίψη.)οω
2422 4997 2614 5074 illorum
2632 5033 2654 5074 Ι,
2670 5004 2899 5060 quautam
2943 4995 3243 5059 eleemosyna
3264 5031 3278 5054 .
3314 4994 3609 5046 conscientia

2009 5080 2154 5132 pura,
2182 5049 2327 5127 legit,
2346 5049 2576 5126 quantam
2598 5049 2915 5122 et'cétnosynw
2937 5049 3479 5120 erogutte"conscientia.

320 5165 2392 5224 ______________________...____———_

1667 5248 2016 5316 HOMILIA
2083 5243 2252 5304 XLI.

2011 5364 2388 5440 pertinentibus.
2433 5363 3046 5434 Christuspertinaciam
3092 5362 3400 5418 Judteorum
3438 5363 3615 5417 redar-

2013 5465 2138 5534 guit,
2171 5462 2444 5515 maximam
2476 5459 2722 5512 adhibens
2763 5460 3087 5526 prudentiam
3125 5457 3503 5526 maximamque
3526 5473 3614 5510 ar-

2018 5563 2366 5627 gumentorum
2398 5553 2495 5605 vim
2518 5566 2538 5615 ,'
2567 5549 2796 5618 pradicit
2820 5551 2957 5620 ipsos
2983 5549 3352 5603 Antichristum
3382 5556 3617 5615 receptu-

2019 5645 2467 5715 ros.—.\lagnam,
2502 5641 2704 5705 dilecti,
2739 5640 2807 5694 de
2833 5639 3202 5709 spiritualibus
3230 5639 3494 5693 rationem
3529 5639 3621 5690 lia-

2036 5744 2255 5796 l;eanius
2277 5780 2291 5802 ,
2332 5751 2503 5804 neque
2531 5745 2709 5789 tamen
2766 5734 2919 5787 nobis
2969 5731 3034 5786 ad
3066 5731 3289 5786 salutem
3343 5729 3471 5784 satis
3503 5745 3624 5786 esse

2032 5844 2296 5902 putemus,
2321 5829 2362 5883 si
2396 5843 2458 5882 ca
2483 5837 2772 5895 utcumque
2805 5833 3115 5880 tractemus.
3142 5820 3278 5876 Nam
3301 5825 3345 5874 si
3379 5820 3428 5870 in
3458 5836 3632 5876 siccu-

317 5407 406 5463 39.
459 5398 774 5461 Scrutamini
806 5395 1132 5461 Scripturas,
1172 5389 1288 5460 quia
1330 5401 1415 5440 vos
1461 5382 1646 5455 putatis
1690 5380 1742 5433 in
1781 5377 1906 5445 ipsis

388 5499 542 5553 citam
572 5505 812 5548 wternam
837 5486 1020 5541 habere
1050 5499 1067 5537 :
1095 5491 1139 5535 et
1163 5482 1268 5535 illa:
1287 5488 1402 5533 sunt
1429 5490 1541 5547 qua:
1571 5469 1908 5527 testimonium

391 5586 651 5659 perhibent
681 5582 744 5634 de
773 5594 852 5632 me
879 5593 896 5634 ε
925 5574 1013 5631 40.
1039 5583 1204 5627 etnon
1229 5568 1377 5624 vultis
1409 5567 1576 5621 venire
1625 5562 1690 5616 ad
1719 5575 1816 5626 me,
1858 5567 1909 5610 ut

391 5681 545 5735 vitam
573 5685 822 5730 cternam
847 5667 1093 5724 habeatis.

401 5772 453 5826 ι.
481 5760 880 5837 Itesspin'tuales
903 5758 1048 5812 multi
1066 5753 1329 5825 faciendas.
1365 5752 1655 5821 Scriptut'as
1679 5762 1777 5799 non
1797 5759 1906 5813 per-
1935 5795 1948 5800 ,

323 5856 576 5928 fmirtorie
628 5855 914 5930 legendum,
974 5849 1250 5920 prtesertim
1291 5847 1341 5900 in
1382 5845 1502 5899 locis
1555 5840 1620 5892 ad
1655 5838 1909 5894 Christum
