4102 6534
523 457 628 515 235

528 592 728 647 laribus
764 588 922 643 rebus
969 599 1124 641 nemo
1169 596 1418 654 magnum
1461 577 1730 650 quidpiam
1759 573 1952 629 lucrari
1998 571 2094 625 de-

534 679 878 750 prehenditur
903 717 920 743 ,
968 676 1012 729 si
1060 674 1234 728 obiter
1277 683 1325 727 et
1361 668 1714 740 perfunctorie
1741 676 1890 735 agat,
1932 661 2098 716 nmlto

535 770 700 838 magis
726 769 777 821 in
805 763 1163 835 spiritualihus
1200 762 1358 816 rebus
1386 759 1434 813 id
1462 757 1687 819 eveniet,
1720 755 1841 823 quia
1873 753 1954 804 ha:
1983 763 2096 803 ma-

528 863 628 927 jori
666 872 802 928 opus
836 855 1032 911 habent
1059 853 1346 923 diligentia.
1384 850 1504 904 ltleo
1522 846 1764 902 Christus
1789 843 2002 898 Judazos
2031 838 2098 893 ad

525 949 827 1016 Scripturas
869 945 1175 1009 remittens,
1224 938 1423 994 nonad
1470 936 1764 1006 simplicem
1795 933 2096 994 lcetionem,

532 1039 627 1093 sed
653 1037 719 1092 ad
749 1044 1054 1091 accuratum
1082 1047 1300 1088 examen
1332 1031 1452 1084 illos
1475 1027 1719 1082 remittit.
1749 1024 1930 1094 Neque
1954 1023 2099 1076 enim

529 1131 683 1194 dixit,
715 1128 895 1195 Legite
913 1124 1215 1193 Seripturas
1239 1139 1252 1184 ;
1287 1120 1378 1175 sed
1407 1162 1420 1184 ,
1449 1117 1759 1173 Scrutamini
1785 1114 2096 1182 Scripturas.

527 1221 661 1288 Quia
689 1234 749 1272 ea
775 1260 790 1282 ,
817 1232 936 1286 qum
961 1215 1029 1269 de
1073 1215 1187 1284 ipso
1218 1213 1288 1268 ibi
1319 1210 1568 1265 dicuntur
1589 1250 1604 1274 ,
1649 1207 1810 1261 multa
1843 1218 1978 1272 opus
2006 1201 2103 1255 ha-

530 1314 656 1367 bent
682 1307 1085 1378 investigatione
1108 1304 1232 1375 tsub
1259 1303 1446 1358 umbra
1469 1301 1614 1355 enim
1643 1296 1867 1368 quadam
1896 1292 2100 1348 occulta

526 1401 795 1456 veteribus
819 1396 1046 1468 erant),
1088 1394 1209 1450 ideo
1259 1394 1379 1448 illos
1423 1398 1675 1446 accurate
1723 1386 1904 1442 fodere
1931 1383 2099 1455 jubet,

527 1499 586 1545 ut
615 1491 665 1545 in
697 1486 956 1558 profundo
1011 1485 1181 1555 posita
1221 1483 1457 1552 reperire
1508 1479 1729 1551 possint.
1758 1476 1937 1544 Neque
1959 1474 2101 1530 enim

527 1585 580 1638 in
609 1579 893 1651 superficie
924 1577 1008 1631 vel
1039 1577 1092 1631 in
1131 1585 1422 1644 conspectu
1446 1579 1629 1642 iacent
1649 1612 1663 1635 ,
1692 1569 1785 1623 sed
1817 1566 1968 1637 quasi
1997 1564 2105 1619 the-

528 1687 719 1726 sanrus
747 1669 1006 1740 quispiam
1037 1665 1297 1735 profunde
1342 1662 1626 1716 admodum
1655 1656 1923 1714 recondita
1957 1663 2101 1708 sunt.

531 1766 633 1831 Qui
680 1775 807 1816 vero
837 1755 1099 1830 profunde
1131 1756 1298 1825 posita
1340 1753 1529 1824 qna‘rit
1558 1792 1572 1814 ,
1605 1751 1705 1805 nisi
1736 1763 1854 1802 cum
1882 1745 2107 1815 diligen-

531 1855 602 1907 tia
621 1861 676 1908 et
703 1850 883 1905 labore
908 1857 1132 1918 quierat,
1159 1860 1445 1916 numquam
1473 1841 1613 1913 quod
1633 1840 1823 1911 qumrit
1848 1839 2102 1893 inveniet.

528 1944 653 1999 Ideo
704 1949 981 2012 postquam
1008 1938 1166 2004 dixit,
1199 1934 1511 1992 Scrutamini
1551 1931 1870 2000 Scripturas,
1903 1929 2100 1994 intulit,

529 2034 663 2100 Quia
690 2048 774 2086 vos
804 2031 993 2100 putatis
1032 2029 1086 2082 in
1134 2029 1259 2097 ipsis
1285 2027 1436 2081 vitam
1474 2033 1714 2078 attentam
1760 2021 1962 2076 habere.
1990 2019 2104 2075 Non

527 2123 681 2186 dixit,
711 2121 931 2177 Habetis
955 2160 972 2187 ,
1004 2119 1097 2175 sed
1153 2118 1352 2172 Putatis
1389 2115 1606 2182 habere,
1638 2113 1928 2169 ostendens
1963 2113 2108 2183 ipsos

531 2215 666 2270 nihil
713 2227 960 2284 magnum
989 2211 1182 2265 lucrari
1206 2251 1221 2274 ,
1258 2209 1383 2262 dum
1413 2214 1662 2276 putarent
1691 2219 1751 2260 se
1777 2220 1843 2259 ex
1871 2204 1986 2259 sola
2027 2205 2104 2258 le-

524 2307 698 2362 ctione
718 2305 833 2360 sine
859 2303 962 2357 ﬁde
987 2315 1144 2372 posse
1159 2302 1382 2354 salutem
1402 2297 1678 2368 consequi.
1709 2296 1787 2351 Ac
1806 2295 1852 2352 si
1883 2294 2104 2359 diceret,

527 2399 718 2450 Annon
751 2393 1015 2448 miramini
1047 2391 1394 2460 Scripturas?
1418 2403 1595 2442 annon
1629 2387 1752 2440 vita:
1775 2386 1952 2441 fontes
1989 2399 2109 2440 esse

527 2484 897 2540 arbitramini?
929 2482 1020 2536 llis
1044 2481 1153 2550 jam
1186 2481 1330 2534 nitor
1358 2487 1411 2534 et
1453 2493 1572 2548 ego.
1603 2477 1692 2530 ila:
1720 2491 1948 2545 namque
1986 2483 2110 2530 sunt

527 2593 648 2647 qua:
676 2574 1036 2630 testimonium
1070 2571 1356 2642 perhibent
1389 2568 1458 2624 de
1483 2584 1568 2622 me
1588 2610 1603 2634 ,
1635 2577 1690 2622 et
1729 2582 1837 2620 non
1861 2565 2016 2620 vultis
2043 2564 2108 2620 ad

530 2687 618 2724 tne
633 2668 814 2722 venire
831 2709 846 2733 ,
877 2677 932 2718 ut
950 2665 1107 2718 vitam
1131 2671 1387 2717 :eternam
1408 2660 1666 2734 habeatis.
1683 2658 1811 2723 lure
1821 2672 1947 2727 ergo
1967 2656 2113 2712 dice-

533 2761 642 2823 bat,
676 2755 774 2811 Vos
801 2756 988 2826 putatis
1011 2795 1026 2821 ,
1057 2752 1201 2823 quod
1226 2751 1428 2806 nollent
1455 2749 1554 2819 ipsi
1593 2749 1962 2818 obtemperare
1980 2788 1996 2814 ,
2019 2748 2112 2803 sed

533 2851 601 2905 de
627 2849 851 2919 simplici
884 2847 1109 2901 lectione
1138 2843 1510 2913 gloriarentur.
1538 2840 1737 2896 Deinde
1771 2855 1837 2894 ne
1856 2855 1920 2894 ex
1952 2840 2112 2894 nimia

533 2957 660 2997 cura
688 2941 740 2995 in
769 2955 915 2994 vana:
939 2939 1120 3010 gloria:
1146 2935 1504 3006 suspicionem
1541 2933 1747 2988 veniret
1771 2973 1785 2997 ,
1817 2946 1950 2986 neve
1971 2929 2112 3001 quod

534 3034 743 3086 illorum
795 3029 949 3084 [idem
1000 3027 1237 3096 exigeret
1270 3066 1284 3091 ,
1328 3032 1602 3096 putaretur
1641 3037 1760 3092 qua:
1808 3037 1902 3075 sua
1960 3029 2114 3075 erant

535 3135 723 3176 curare
745 3117 902 3190 (nam
926 3116 1212 3175 etJoanuis
1229 3129 1434 3180 vocem,
1457 3124 1510 3167 et
1538 3113 1626 3167 Dei
1652 3111 2034 3176 testimonium,
2061 3118 2116 3166 et

540 3223 702 3280 opera
748 3225 842 3264 sua
882 3213 1414 3269 commemoraverat,
1458 3204 1726 3272 vitamque
1765 3202 2114 3272 promiserat;

543 3302 647 3356 illis
661 3300 909 3354 erunibus
923 3311 1069 3368 usus,
1085 3305 1141 3352 ut
1155 3310 1249 3352 eos
1260 3295 1325 3350 ad
1342 3310 1400 3350 se
1415 3295 1695 3361 alliceret):
1719 3298 1863 3363 quia,
1881 3293 2114 3362 inquam,

539 3389 796 3444 credibile
825 3396 941 3443 erat
961 3387 1159 3441 multos
1187 3387 1552 3454 suspicaturos
1573 3397 1693 3437 esse
1723 3381 1862 3451 quod
1894 3384 2117 3452 gloriam

540 3489 779 3550 captaret
804 3519 818 3545 ,
849 3477 970 3533 audi
991 3477 1118 3547 quid
1153 3476 1367 3546 adjiciat
1395 3493 1409 3530 :
1437 3475 1526 3530 ιιι.
1562 3473 1790 3528 Gloriam
1817 3475 1879 3528 ab
1922 3474 2119 3527 homine

541 3591 641 3627 non
667 3572 900 3640 accipio;
934 3569 1032 3622 hoc
1059 3575 1160 3631 est,
1191 3567 1282 3621 illa
1302 3582 1405 3620 non
1433 3578 1582 3634 egeo.
1617 3564 1732 3618 Non
1759 3579 1896 3630 sum,
1927 3563 2115 3632 inquit,

552 3666 670 3719 talis
701 3675 926 3724 natura:,
958 3669 1014 3715 ut
1044 3659 1314 3714 hominum
1346 3657 1514 3727 gloria
1544 3672 1678 3726 opus
1703 3656 1925 3709 habeam
1949 3696 1963 3718 ,
1987 3655 2119 3709 Nam

550 3755 593 3807 si
624 3753 705 3807 sol
751 3767 782 3807 a
829 3752 1042 3805 lucerna
1090 3749 1229 3802 lucis
1270 3747 1690 3801 additamentum
1738 3759 1842 3799 non
1892 3744 2148 3814 accipit,

557 3845 725 3897 multo
766 3842 942 3896 minus
978 3854 1078 3910 ego
1107 3839 1333 3892 humana
1364 3837 1532 3905 egebo
1581 3835 1768 3903 gloria.
1801 3835 1864 3889 Et
1890 3849 1988 3889 eur
2011 3833 2126 3888 ham

546 3938 698 3998 dicis.
723 3936 765 3990 si
797 3950 900 3989 non
931 3933 1132 4004 egeas?
1163 3931 1229 3987 Ut
1269 3945 1363 3983 vos
1392 3928 1524 3984 salvi
1556 3928 1691 3981 sitis.
1722 3926 1855 3981 Illud
1887 3941 2012 3982 vero
2038 3942 2126 3980 su-

549 4043 643 4096 pra
673 4026 900 4088 dixerat.
927 4035 981 4079 et
1004 4023 1089 4077 hic
1122 4020 1482 4077 subindicavit
1512 4019 1594 4073 his
1624 4018 1819 4082 verbis,
1868 4017 1934 4072 Ut
1973 4020 2125 4072 vitam

551 4117 793 4172 habeatis.
841 4115 1010 4170 AlTert
1052 4123 1106 4168 et
1145 4114 1302 4167 aliam
1341 4127 1576 4167 causam.
1622 4112 1835 4180 Quam?
1884 4112 1973 4167 42.
2021 4112 2126 4168 Sed

549 4208 757 4278 cognoui
785 4223 891 4270 vos,
922 4205 1040 4276 quia
1069 4203 1389 4258 dilectionem
1418 4202 1514 4257 Dei
1549 4219 1650 4256 non
1681 4202 1871 4257 habetis
1895 4203 1949 4256 in
1967 4203 2123 4256 vobis.

554 4304 688 4366 Quia
718 4316 881 4370 sape,
913 4298 1061 4367 quasi
1116 4297 1278 4351 Deum
1324 4297 1644 4366 diligerent,
1677 4294 2129 4365 persequebantur

552 4407 690 4455 eum,
719 4392 841 4459 quia
868 4388 1123 4458 aequalem
1152 4403 1210 4442 se
1238 4387 1464 4442 faciebat
1492 4387 1622 4450 Deo,
1651 4387 1960 4454 sciebatque
1983 4385 2130 4454 ipsos

559 4495 664 4535 non
699 4480 800 4535 sibi
833 4478 1130 4533 credituros
1163 4491 1316 4536 esse:
1369 4491 1437 4532 ne
1477 4477 1596 4546 quis
1647 4476 1863 4541 diceret,
1903 4475 2011 4530 Cur
2062 4476 2132 4530 ita

560 4568 831 4639 loqueris?
884 4567 953 4622 Ut
997 4581 1090 4621 vos
1141 4567 1563 4636 reprehendam,
1609 4567 1796 4636 inquit,
1848 4568 1968 4636 quia
2025 4582 2131 4622 non

561 4671 775 4732 propter
802 4659 1141 4714 dilectionem
1174 4658 1264 4713 Dei
1294 4673 1379 4713 me
1411 4658 1811 4728 perseq’uimini.
1855 4657 2130 4729 Siquidem

560 4756 676 4825 ipse
721 4753 851 4808 mihi
897 4750 1257 4806 testimonium
1293 4751 1533 4821 perhibet
1559 4759 1613 4804 et
1641 4765 1738 4820 per
1772 4765 1933 4820 opera
1958 4760 2012 4805 et
2039 4766 2135 4820 per

560 4845 880 4913 Scripturas.
931 4842 1079 4896 Sicut
1120 4855 1218 4910 ego
1270 4840 1494 4896 autchac
1552 4855 1670 4894 cum
1727 4841 1984 4910 putaretis
2051 4855 2137 4896 nte

565 4933 676 4987 Deo
729 4930 1091 4985 adversarium
1131 4944 1269 4997 esse,
1325 4945 1412 4984 me
1455 4930 1798 4998 expellebatis
1835 4948 1847 4983 :
1879 4930 1948 4984 ita
1997 4946 2137 4986 nunc

565 5041 631 5081 ex
682 5039 788 5094 quo
848 5023 962 5077 lucc
1013 5021 1370 5077 demonstravi
1406 5064 1421 5089 ,
1473 5037 1754 5078 accurrere
1824 5038 1920 5078 vos
1972 5039 2138 5093 opor-

564 5120 746 5184 lebat,
803 5118 848 5172 si
908 5117 1072 5171 Demu
1123 5115 1450 5185 diligeretis;
1504 5115 1598 5171 sed
1649 5130 1752 5170 non
1792 5131 1915 5171 vere
1964 5115 2139 5186 diligi-

565 5214 653 5267 tis.
699 5209 826 5265 ldeo
882 5211 996 5264 lucc
1038 5209 1165 5269 dixi,
1223 5218 1279 5261 ut
1316 5208 1718 5277 eomprobarem
1771 5222 1865 5263 vos
1904 5207 2041 5262 fastu
2085 5217 2140 5262 et

563 5301 811 5373 iactantia
855 5299 998 5368 duci,
1044 5309 1098 5354 et
1138 5299 1384 5354 invidiam
1441 5307 1665 5353 vestram
1710 5299 1977 5368 obtegere.
2031 5296 2137 5353 Ne-

565 5407 670 5462 que
694 5406 759 5446 ex
791 5390 871 5444 Itis
917 5400 1156 5457 tantum,
1189 5390 1281 5444 sed
1310 5406 1372 5444 ex
1413 5388 1603 5444 futuris
1645 5404 1856 5459 quoque
1899 5388 2002 5443 hoc
2040 5389 2140 5444 ad-

566 5484 754 5549 struit;
785 5498 906 5537 nam
936 5485 1010 5536 ait
1038 5501 1051 5536 :
1076 5484 1163 5538 65.
1208 5481 1318 5554 Ego
1358 5484 1469 5537 veni
1499 5484 1551 5535 in
1588 5482 1787 5536 nomine
1819 5481 1988 5536 Patris
2018 5485 2134 5552 mei,

567 5583 613 5628 et
654 5588 756 5626 non
787 5572 1044 5642 recepistis
1071 5588 1148 5624 me
1173 5588 1191 5625 :
1237 5574 1280 5626 si
1317 5575 1447 5637 alius
1487 5575 1670 5626 venerit
1709 5573 1761 5626 in
1805 5574 2004 5627 nomine
2027 5591 2138 5643 suo,

571 5663 719 5718 illum
748 5663 1018 5733 recipietis.
1061 5662 1245 5718 Viden‘
1272 5665 1416 5718 illum
1449 5664 1642 5735 ubique
1662 5665 1840 5720 dicere
1861 5681 1918 5721 se
1947 5666 2011 5721 ad
2041 5667 2141 5725 hoc

571 5755 787 5806 missum
810 5768 947 5820 esse,
976 5763 1112 5809 etes
1143 5755 1294 5809 Patre
1309 5755 1562 5824 judicium
1585 5756 1874 5825 accepisse,
1899 5773 1995 5812 nec
2015 5759 2137 5827 quid

571 5857 725 5912 posse
777 5861 805 5899 a
850 5845 1163 5917 semetispso
1203 5847 1406 5911 facere,
1439 5858 1494 5901 ut
1525 5861 1738 5904 onmem
1791 5849 2138 5918 improbitatis

1222 447 1260 502 S
1311 440 1586 500 JOANNIS
1621 435 2086 496 CllRYSOSTOMI
2128 435 2439 492 ARCIIIEP.
2481 435 3011 493 CONSTANTINOP.

3684 437 3796 494 258

2210 587 2393 629 ausam
2439 575 2681 628 resecet?
2731 573 2836 629 Sed
2863 586 3150 644 quemnam
3179 571 3309 628 dicit
3356 573 3408 628 in
3437 587 3538 629 suo
3564 576 3794 644 praprin

2209 666 2425 719 nomine
2454 675 2736 719 venturum
2782 665 2947 721 esse?
2990 665 3380 721 Antichristum
3411 663 3499 719 hic
3542 666 3795 721 subindt-

2207 766 2326 822 eat,
2382 771 2676 823 eorumque
2727 757 3020 826 nequitiam
3076 755 3405 812 ineluetabili
3468 768 3795 826 argumento

2208 847 2556 902 dcmthlt‘at.
2586 847 2719 903 Nam
2747 850 2792 904 si
2823 857 3092 919 tamquam
3123 849 3216 904 Dei
3247 858 3518 904 amatores
3547 864 3634 904 me
3665 865 3796 919 per-

2208 942 2507 1010 sequimini,
2539 943 2706 996 multo
2735 942 2902 1012 magis
2927 940 3316 996 Antichristum
3349 941 3596 1010 persequi
3625 955 3797 1010 Opor-

2210 1027 2386 1078 tuerit.
2438 1025 2530 1080 Ille
2576 1040 2803 1096 namque
2833 1024 2966 1080 nihil
3011 1025 3189 1080 simile
3225 1025 3482 1096 proferet,
3533 1040 3705 1094 neque
3763 1044 3794 1080 a

2208 1115 2364 1170 Patre
2392 1130 2450 1171 se
2491 1117 2744 1183 missum,
2791 1131 2970 1186 neque
3013 1131 3079 1172 ex
3123 1117 3241 1186 ejus
3284 1119 3558 1173 voluntate
3607 1119 3802 1172 venire

2208 1205 2383 1260 dicet:
2413 1205 2506 1261 sed
2537 1214 2746 1272 contra,
2780 1220 2842 1260 ea
2868 1205 3145 1277 tyrannice
3181 1207 3353 1277 rapiet
3373 1223 3493 1278 qua:
3513 1223 3620 1264 non
3641 1206 3707 1262 ad
3733 1221 3799 1261 se

2207 1297 2512 1365 pertinent,
2545 1311 2707 1366 seque
2735 1296 2895 1352 deum
2927 1296 3297 1352 universorum
3327 1299 3686 1368 prolitebitnr,
3735 1308 3799 1352 ut

2208 1387 2403 1441 Paulus
2427 1388 2502 1442 ait
2533 1404 2548 1444 :
2573 1388 2746 1457 Supra
2765 1404 2960 1442 onmem
2980 1389 3067 1456 qui
3093 1389 3278 1442 dicitur
3302 1387 3443 1443 Deus
3471 1399 3560 1442 aut
3580 1391 3793 1454 colitur,

2207 1478 2472 1532 ostendens
2510 1495 2564 1532 se
2592 1489 2847 1548 tamquam
2868 1478 2934 1531 sit
2969 1477 3111 1532 Deus
3132 1477 3207 1550 (2.
3245 1478 3422 1534 Thess.
3449 1480 3508 1534 2.
3557 1481 3646 1550 4).
3679 1480 3798 1536 Hoc

2208 1568 2350 1622 enim
2382 1577 2464 1623 est
2493 1569 2544 1622 in
2565 1569 2778 1638 preprio
2801 1567 3016 1623 nomine
3044 1565 3245 1625 venire.
3269 1571 3382 1641 Ego
3408 1587 3538 1626 vero
3560 1589 3664 1625 non
3690 1574 3794 1637 sic,

2207 1657 2305 1712 sed
2333 1658 2384 1712 in
2433 1659 2649 1714 nomine
2679 1659 2850 1714 Patris
2878 1658 2981 1713 mei
3012 1658 3225 1715 adveni.
3278 1659 3373 1714 Vel
3407 1660 3532 1714 hinc
3578 1661 3792 1715 ostendi

2210 1757 2417 1818 poterat
2442 1750 2586 1819 ipsos
2614 1766 2718 1805 non
2762 1767 2944 1806 amare
2981 1751 3187 1818 Deum,
3218 1752 3362 1822 quod
3393 1753 3566 1818 illum,
3609 1753 3700 1823 qui
3731 1771 3793 1808 se

2209 1841 2488 1898 dieeretab
2509 1843 2599 1897 illo
2635 1843 2877 1908 missum,
2916 1859 3021 1898 non
3066 1845 3366 1914 reciperent
3397 1862 3410 1898 :
3437 1846 3546 1915 jam
3574 1861 3702 1899 vero
3727 1861 3795 1900 ex

2210 1935 2481 1990 contrario
2529 1935 2766 1989 ostendit
2816 1935 3028 1990 illorum
3082 1935 3466 2004 impudentiam
3523 1937 3671 2001 ‘,ex
3729 1951 3797 1990 eo

2210 2028 2350 2098 quod
2385 2029 2765 2084 Antichristum
2794 2029 3056 2099 recepturi
3081 2037 3286 2085 essent.
3310 2029 3444 2084 Cum
3471 2031 3614 2084 enim
3645 2045 3794 2093 eum,

2211 2119 2299 2188 qui
2330 2135 2359 2172 a
2392 2119 2501 2174 Deo
2536 2135 2595 2175 se
2616 2120 2839 2176 missum
2861 2120 3091 2186 dicebat,
3129 2137 3236 2176 non
3280 2121 3616 2190 reciperent;
3646 2138 3798 2176 emu-

2210 2222 2314 2277 quc
2336 2209 2427 2278 qui
2463 2209 2626 2264 Deum
2656 2225 2759 2264 non
2792 2219 3032 2274 noverat,
3063 2212 3156 2265 sed
3192 2212 3546 2281 iactabundus
3570 2228 3630 2266 se
3673 2215 3797 2266 nni-

2212 2315 2485 2357 versorum
2514 2301 2924 2370 deumdicebat,
2950 2302 3219 2357 adoraturi
3241 2314 3420 2358 essent
3452 2304 3655 2374 :palam
3683 2314 3800 2359 erat

2211 2409 2279 2449 ex
2305 2394 2498 2449 invidia
2526 2404 2580 2449 et
2608 2410 2676 2450 ex
2695 2396 2786 2449 Dei
2817 2396 2941 2450 odio
2965 2397 3434 2466 persequutionem
3456 2409 3626 2450 ortam
3651 2413 3795 2453 esse.

2214 2485 2338 2541 ideo
2378 2485 2512 2541 duas
2562 2487 2713 2555 ponit
2750 2485 3015 2540 dictorum
3060 2502 3288 2552 causas,
3343 2490 3574 2558 priorem
3607 2504 3800 2558 nempe

2216 2579 2360 2632 illam
2388 2595 2511 2649 qua:
2539 2578 2722 2632 utilior
2753 2589 2899 2646 erat,
2933 2578 2999 2633 Ut
3025 2581 3152 2634 salvi
3176 2580 3287 2635 sitis
3317 2622 3332 2648 ,
3363 2589 3419 2635 et
3444 2579 3512 2635 Ut
3536 2581 3682 2633 vitam
3704 2581 3799 2632 ha-

2218 2669 2392 2723 beatis.
2415 2670 2546 2736 Quia
2568 2685 2695 2726 vero
2717 2670 2888 2739 ipsum
2913 2668 3115 2725 irrisuri
3137 2681 3312 2737 erant,
3341 2671 3799 2726 vehementiorem

2218 2763 2383 2831 p0nit,
2416 2763 2717 2828 declarans,
2752 2763 2794 2817 si
2821 2762 3101 2817 audientes
3143 2780 3248 2817 non
3277 2763 3672 2833 obtemperent,
3708 2780 3802 2833 pro

2217 2868 2366 2908 more
2389 2867 2487 2906 suo
2520 2853 2683 2906 Deum
2712 2853 2904 2921 ubique
2935 2851 3192 2906 facturum
3214 2868 3357 2908 esse.

2287 2944 2341 2998 2.
2385 2943 2578 2998 Paulus
2605 2951 2751 2997 certe
2779 2943 2846 2997 de
2876 2942 3202 2997 Antichristo
3242 2942 3465 3013 loquens
3493 2943 3803 3012 prophetico

2217 3036 2345 3091 dicit
2373 3052 2388 3090 :
2423 3034 2586 3088 Mittet
2614 3033 2717 3088 illis
2738 3032 2875 3087 Deus
2900 3036 3237 3104 Operationem
3257 3034 3464 3099 erroris,
3499 3043 3552 3086 ut
3576 3034 3804 3099 iudicen-

2220 3141 2302 3185 tur
2331 3145 2499 3184 omnes
2525 3128 2610 3196 qui
2639 3143 2738 3180 non
2767 3127 3082 3180 crediderunt
3105 3126 3319 3192 veritati,
3340 3126 3427 3181 sed
3445 3135 3801 3181 consenserunt

2223 3221 2473 3291 iniquitati
2504 3219 2522 3288 (
2547 3218 2568 3272 ι
2578 3218 2678 3272 bid.
2710 3235 2758 3272 υ.
2789 3218 2854 3272 ll)
2880 3226 2923 3271 et
2958 3217 3015 3272 il
3041 3226 3082 3287 ).
3112 3217 3357 3272 Christus
3382 3227 3559 3273 autem
3586 3233 3692 3272 non
3721 3216 3802 3272 di-

2221 3312 2294 3364 cit
2319 3322 2440 3365 esse
2466 3319 2782 3373 venturum;
2812 3308 2906 3362 sed
2929 3349 2942 3372 ,
2973 3307 3036 3362 Si
3059 3309 3242 3361 renerit
3259 3347 3275 3374 ,
3302 3307 3632 3362 auditoribus
3656 3321 3715 3362 se
3735 3317 3805 3362 at-

2224 3410 2560 3468 temperans,
2590 3400 2710 3469 quia
2741 3397 2974 3452 nondum
3014 3398 3276 3468 completa
3305 3406 3423 3454 erat
3449 3407 3558 3453 tota
3590 3397 3803 3454 illorum

2223 3491 2452 3559 nequitia
2480 3509 2492 3543 :
2524 3489 2748 3558 ideoque
2775 3489 2915 3544 illius
2939 3487 3198 3544 adventus
3221 3503 3434 3543 causam
3462 3489 3644 3545 tacuit.
3672 3489 3806 3545 Pau-

2225 3582 2308 3636 lus
2339 3597 2468 3635 vero
2511 3579 2925 3649 intelligentibus
2961 3589 3142 3649 aperte
3180 3580 3320 3633 illam
3356 3580 3682 3645 declaravit;
3722 3581 3809 3636 ille

2226 3689 2452 3743 namque
2494 3681 2575 3728 est
2623 3672 2711 3742 qni
2750 3686 2962 3726 omnem
3006 3671 3135 3742 ipsis
3177 3670 3346 3727 aufert
3387 3673 3804 3728 excusationem.

2232 3765 2431 3820 Deinde
2454 3762 2836 3819 incredulitatis
2857 3777 3039 3818 eorum
3062 3778 3275 3818 causam
3298 3763 3380 3817 his
3405 3764 3580 3819 verbis
3604 3765 3769 3834 aperit
3793 3783 3805 3818 :

2231 3858 2314 3912 ιι.
2350 3853 2612 3923 Quomodo
2641 3855 2844 3923 potestis
2880 3869 2966 3907 vos
2994 3853 3226 3917 credere,
3253 3855 3338 3923 qui
3361 3855 3575 3926 gloriam
3605 3855 3811 3910 invicem

2226 3947 2456 4016 accipitis
2474 3988 2488 4013 ,
2520 3955 2566 3999 et
2595 3946 2809 4017 gloriam
2835 3960 2946 4012 qua:
2971 3961 3003 3998 a
3029 3947 3136 3999 solo
3165 3945 3274 4000 Deo
3301 3955 3375 4000 est
3413 3962 3512 4000 non
3550 3948 3812 4015 qna-ritis?

2230 4039 2353 4094 hinc
2391 4040 2583 4095 iterum
2623 4037 2910 4094 ostendens
2949 4053 3045 4094 eos
3087 4053 3191 4093 non
3236 4039 3320 4092 illa
3356 4053 3474 4108 quze
3514 4039 3680 4094 solius
3723 4041 3808 4095 [:ei

2230 4139 2384 4186 erant
2409 4139 2654 4200 spectare
2672 4171 2689 4196 ,
2719 4128 2812 4185 sed
2840 4129 2940 4183 hoc
2967 4129 3187 4184 obtentu
3212 4127 3455 4184 eﬂ‘ectum
3495 4143 3648 4184 suum
3681 4131 3812 4185 velle

2232 4222 2389 4278 tueri.
2421 4223 2650 4278 Tantum
2680 4223 2820 4278 enim
2850 4222 3034 4276 aberat
3062 4222 3188 4290 quin
3220 4221 3335 4276 hinc
3358 4222 3424 4277 ad
3467 4223 3556 4276 Dei
3593 4224 3809 4293 gloriam

2233 4315 2498 4389 facerent,
2530 4325 2586 4369 ut
2617 4297 2900 4368 [inmanem
2938 4313 3037 4368 sibi
3067 4314 3240 4384 potius
3265 4329 3423 4384 quam
3453 4314 3811 4387 divinant'op-

2237 4413 2431 4460 tarent.
2459 4405 2738 4473 Quomodo
2762 4419 2888 4474 ergo
2918 4413 3120 4458 tantum
3149 4405 3254 4460 odii
3288 4421 3382 4472 pro
3412 4405 3501 4460 Dei
3529 4406 3699 4476 gloria
3730 4425 3813 4463 su-

2237 4496 2535 4566 scipereut,
2570 4511 2726 4564 quam
2769 4509 2934 4562 usque
2972 4494 3106 4549 adeo
3144 4497 3588 4565 contemnebant,
3627 4508 3688 4553 ut
3717 4499 3811 4554 hu-

2237 4601 2446 4642 manam
2493 4586 2590 4656 ipsi
2634 4585 2997 4641 anteferrent?
3049 4585 3333 4656 Postquam
3384 4597 3561 4644 autem
3610 4588 3813 4644 dixerat

2239 4680 2383 4747 ipsos
2410 4677 2750 4732 dilectionem
2780 4676 2873 4730 Dei
2903 4691 3007 4732 non
3037 4675 3266 4743 habere,
3294 4688 3352 4734 et
3377 4679 3573 4750 duplici
3614 4680 3811 4734 ratione

2241 4770 2292 4823 id
2320 4768 2632 4838 probaverat
2651 4807 2666 4832 ,
2701 4783 2810 4822 tum
2839 4782 2932 4837 per
2959 4783 3020 4823 ea
3048 4784 3166 4839 qua:
3197 4770 3251 4823 in
3282 4785 3340 4824 se
3371 4769 3503 4836 facta
3525 4812 3540 4838 ,
3586 4780 3694 4825 tum
3726 4786 3811 4840 per

2240 4874 2300 4915 ea
2331 4875 2446 4928 qua:
2479 4858 2528 4913 in
2558 4857 2884 4913 Antichristo
2910 4856 3082 4913 futura
3120 4869 3306 4926 erant,
3348 4861 3669 4932 insuperqne
3710 4861 3812 4916 cla-

2241 4949 2351 5004 rius
2376 4937 2863 5014 demonstraverat,
2895 4962 3015 5003 csse
3042 4949 3161 5004 illos
3182 4951 3326 5004 omni
3351 4952 3502 5005 venia
3535 4952 3807 5023 indignos:

2243 5042 2319 5096 sic
2349 5040 2466 5094 illos
2505 5039 2804 5111 redarguit,
2851 5039 3067 5110 Moysen
3105 5050 3467 5095 accusatorem
3507 5041 3808 5098 adducens:

2242 5133 2330 5188 45.
2367 5131 2541 5185 Nolite
2569 5143 2746 5200 putare
2771 5129 2908 5200 quod
2945 5145 3037 5200 ego
3073 5141 3398 5186 accusaturus
3432 5133 3528 5187 siin
3570 5149 3656 5189 vos
3683 5135 3812 5204 apud

2244 5223 2452 5279 Patrem
2481 5240 2500 5278 :
2529 5233 2601 5279 est
2625 5224 2710 5291 qui
2736 5232 2944 5278 accusat
2968 5239 3054 5277 nos
3084 5222 3319 5294 Moyses,
3359 5225 3412 5278 in
3450 5242 3550 5294 quo
3587 5244 3672 5281 vas
3706 5242 3808 5296 spe-

2242 5319 2412 5373 rastis.
2444 5317 2530 5373 46.
2562 5317 2624 5372 Si
2650 5312 2782 5370 enim
2806 5316 3072 5370 crederetis
3102 5313 3291 5386 Moysi,
3319 5318 3583 5373 crederetis
3612 5321 3811 5390 forsitan

2243 5420 2288 5463 et
2316 5410 2438 5463 mihi
2468 5425 2488 5464 :
2515 5409 2578 5463 de
2601 5425 2680 5462 me
2707 5409 2838 5462 enim
2868 5407 2956 5461 ille
2982 5408 3204 5478 scripsit.
3247 5408 3336 5462 47.
3384 5409 3443 5462 Si
3485 5419 3652 5463 autem
3688 5411 3814 5467 illius

2245 5502 2403 5555 literis
2432 5517 2532 5554 non
2558 5500 2790 5566 creditis,
2819 5497 3071 5570 quomodo
3099 5499 3222 5552 meis
3249 5497 3461 5553 credetis
3493 5501 3651 5556 verbis
3668 5504 3693 5556 ?
3717 5503 3813 5560 lloc

2245 5600 2355 5657 est,
2387 5593 2524 5646 Ante
2553 5605 2639 5645 me
2663 5589 2750 5645 ille
2779 5590 3100 5645 Contumelia
3129 5589 3359 5644 afllcitur
3389 5592 3439 5643 in
3469 5591 3532 5645 iis
3557 5609 3675 5662 quae
3695 5609 3812 5648 con-

2249 5691 2325 5738 tra
2348 5698 2431 5738 me
2455 5681 2644 5737 facitis.
2673 5681 2840 5753 Moysi
2862 5681 3005 5737 enim
3028 5681 3195 5750 magis
3217 5681 3372 5738 fidem
3398 5686 3649 5754 negastis,
3672 5700 3810 5758 quam

2319 5840 2333 5869 ί
2373 5837 2531 5888 atorel.
2559 5837 2724 5898 habet,
2746 5836 3000 5900 invidiam,
3028 5851 3130 5901 pm,
3155 5840 3516 5904 impmtentlmn.
