4084 6496
557 411 664 467 2'57

563 525 788 580 ποιεῖτε.
812 521 1009 591 Λέγετε
1038 519 1183 573 λύειν
1214 535 1281 589 με
1310 518 1370 571 τὸ
1398 515 1685 581 σάϐϐατον,
1714 514 1808 568 1:01
1835 510 2131 583 παραλύειν

562 607 654 663 τὸν
682 606 870 675 νόμον
902 601 1292 672 ἀπεδυσάμηνε
1323 602 1416 654 1:01
1430 599 1633 669 ταύτην
1650 598 1749 668 τὴν
1777 594 2129 667 κατηγορίαν.

562 674 959 760 Διισχυρίζεσθε
985 686 1209 740 Μωῦσεῖ
1228 683 1506 737 πιστεύειν
1526 683 1594 736 δι’
1610 674 1698 760 ὧν
1714 681 1833 732 κατ’
1860 678 1994 749 ἐμοῦ
2017 675 2134 729 τολ-

566 758 730 843 μᾶτε”
755 758 1005 839 ίδείκνυμι
1036 766 1197 821 πάλιν
1234 767 1314 819 ὅτι
1340 765 1497 818 τοῦτο
1524 764 1621 835 μὲν
1642 758 1734 817 οῦν
1760 764 1875 816 ἐστι
1905 760 2138 832 μάλιστα

566 855 640 926 μὴ
666 853 940 908 πιστεύειν
963 851 1040 923 τῷ
1076 851 1317 904 Μωῦσεῖ.
1338 847 1586 917 Τοσούτῳ
1614 846 1724 917 γάρ
1751 846 1856 899 δέω
1897 844 1956 912 ἐξ
1988 845 2141 897 ἐναν-

563 938 684 1002 τίας
719 938 876 1007 ήκειν
904 934 982 1007 τῷ
1003 934 1172 1005 νόμῳ,
1206 935 1286 986 δτι
1316 933 1437 985 οὑδέ
1475 931 1621 984 ἐστιν
1647 930 1804 993 ἀλλος
1832 945 1915 992 τις
1948 929 1978 981 ό
2010 943 2141 980 κατ-

565 1022 851 1092 ηγορήσων
872 1018 1045 1088 ὑμῶν.
1070 1016 1183 1070 ἀλλ’
1214 1015 1247 1083 ἢ
1271 1016 1430 1077 αὐτὸς
1462 1016 1492 1067 ό
1519 1016 1611 1068 τὸν
1639 1014 1801 1084 νόμον
1824 1014 1951 1084 ύμῖν
1974 1010 2138 1092 δεδω-

727 1086 941 1171 ’Ὥσπερ
970 1096 1064 1153 οὖν
1097 1098 1225 1170 περὶ
1260 1097 1369 1150 τῶν
1390 1097 1620 1168 Γραφῶν
1654 1096 1864 1164 ἔλεγεν·
1913 1096 2015 1148 Ἔν
2045 1086 2142 1157 αις

565 1186 793 1241 δοκεῖτε
812 1183 964 1250 ζωὴν
976 1180 1218 1236 ιιιώνιογ
1236 1181 1269 1236 ἔ
1272 1197 1419 1249 χειν·
1441 1179 1583 1233 οὕτω
1602 1181 1696 1232 1:01
1718 1180 1844 1250 περὶ
1865 1175 2141 1239 Μωῦσέως

568 1268 749 1341 φησιν,
767 1269 869 1332 El;
885 1265 956 1319 ὂν
972 1265 1137 1334 ὑμεῖς
1148 1265 1462 1331 ἠλπίκατε,
1477 1262 1587 1316 ἀπὸ
1599 1262 1707 1315 τῶν
1722 1260 1935 1314 οἰκείων
1946 1259 2140 1320 αὐτοὺς

568 1349 915 1423 χειρούμενος
948 1347 1244 1423 πανταχοῦ.
1292 1346 1403 1399 K01
1436 1346 1596 1400 πόθεν
1622 1345 1799 1416 δῆλον,
1848 1342 2030 1412 φησὶν,
2059 1341 2141 1423 ὅτι

569 1418 931 1504 κατηγορήσει
958 1418 1218 1501 Μωῡσῆς,
1250 1429 1344 1484 καὶ
1381 1427 1443 1481 ού
1472 1428 1809 1499 κομπάζεις;
1842 1424 1894 1478 τί
1924 1424 2032 1495 7&9
2061 1421 2143 1477 σοὶ

568 1516 662 1571 1:01
684 1516 904 1569 Μωῦσεῖ
929 1511 1123 1578 κοινόν;
1145 1511 1219 1566 Τὸ
1248 1510 1512 1566 σάϐϐατον
1538 1510 1752 1575 ἐλυσας,
1780 1509 1915 1578 ὅπερ
1938 1507 2145 1568 ἐκεῖνος

570 1598 927 1668 ἐνομοθέτησε
959 1599 1207 1667 κρατεῖν·
1238 1594 1357 1659 πῶς
1381 1590 1473 1648 οὖν
1505 1593 1660 1665 ἡμῶν
1683 1594 1887 1653 ἐκεῖνος
1912 1605 2147 1659 κατηγο-

573 1686 789 1755 ρήσειε;
824 1679 991 1733 Πόθεν
1018 1679 1073 1732 δέ
1098 1678 1254 1748 δῆλον
1285 1677 1366 1730 δτι
1400 1677 1494 1731 1:01
1531 1678 1612 1739 είς
1634 1674 1835 1730 ἀλλονιι
1861 1672 2147 1726 πιστεύσο-

572 1784 674 1839 μεν
695 1765 784 1819 τὸν
814 1764 928 1835 ἰδίῳ
946 1762 1168 1833 ὀνόματι
1192 1762 1393 1830 ἥξοντα
1410 1777 1425 1827 ;
1444 1758 1628 1813 Ταῦτα
1643 1758 1751 1831 γὰρ
1768 1757 1946 1812 πάντα
1966 1756 2149 1827 ἀμάρ-

568 1864 707 1921 τυρα
728 1846 923 1916 λέγεις.
947 1845 1059 1899 K01
1089 1843 1197 1918 μὴν
1226 1843 1442 1898 ἀπάντα
1460 1844 1632 1897 ταῦτα
1664 1842 1870 1897 ἀνωθεν
1908 1840 2023 1913 ἐχει
2050 1840 2148 1912 τὴν

570 1932 934 2002 κατασκευήν.
973 1931 1142 1983 Ὅταν
1195 1928 1306 2002 7&9
1359 1926 1689 1998 ὁμολογηθῇ,
1738 1928 1819 1979 61:
1873 1924 2022 1996 1:09&
2054 1922 2147 1977 τοῦ

570 2013 705 2068 Θεοῦ
724 2009 883 2084 ἦλθον
913 2012 1020 2066 ἀπὸ
1046 2010 1155 2063 τῶν
1186 2011 1381 2081 ἐργων,
1412 2011 1520 2064 ἀπὸ
1550 2012 1648 2078 τῆς
1673 2008 1857 2079 φωνῆς
1878 2007 2148 2073 Ἰωάννου,

571 2097 680 2152 ἀπὸ
703 2096 801 2167 τῆς
828 2095 1133 2168 μαρτυρίας
1161 2095 1255 2147 τοῦ
1282 2094 1518 2163 Πατρὸς,
1557 2092 1776 2166 εὔδηλον
1799 2094 1882 2146 61:
1911 2090 2150 2161 Μωῦσῆς

574 2180 755 2235 αὐτῶν
782 2180 1168 2250 κατηγορήσει.
1210 2177 1275 2230 Τί
1328 2177 1435 2247 7&9
1464 2178 1669 2239 ἐκεῖνος
1700 2171 1884 2239 είπεν;
1919 2170 2007 2245 ἄρ’
2052 2175 2151 2243 οὐχ

572 2266 655 2318 δτι
679 2263 775 2319 ἐάν
788 2261 917 2335 ῑλθη
929 2278 1012 2326 τις
1030 2262 1232 2331 σημεῖα
1251 2258 1441 2322 ποιῶν,
1454 2258 1545 2311 καὶ
1565 2259 1701 2331 πρὸς
1719 2258 1810 2312 τὸν
1828 2257 1959 2311 Θεὸν
1979 2256 2145 2323 ἀγων,

573 2347 671 2403 καὶ
691 2345 762 2401 τά
790 2344 1050 2418 μέλλοντα
1078 2343 1358 2413 προλέγων
1398 2343 1535 2414 μετά
1572 2340 1846 2412 ἀληθείας,
1880 2339 2016 2411 μετά
2043 2339 2144 2393 πά-

577 2445 677 2502 σης
707 2425 1008 2502 ὑπακούειν
1022 2425 1171 2497 αὑτῷ
1199 2424 1304 2497 χρὴ
1327 2425 1425 2495 τῆς
1445 2422 1692 2489 πειθοῦς;
1729 2424 1785 2477 Ὀ
1812 2422 1990 2476 τοίνυν
2016 2423 2153 2493 Χρι-

577 2498 704 2578 στὸς
732 2511 807 2584 μὴ
831 2511 893 2566 ού
932 2498 1109 2565 πάντα
1134 2509 1307 2564 ταῦτα
1333 2508 1627 2580 πεποίηκες
1656 2508 1765 2562 Καὶ
1794 2506 1903 2577 7&9
1952 2507 2151 2576 σημεῖα

574 2597 869 2671 είργάσατο
906 2595 1044 2667 μετά
1092 2592 1353 2666 ἀληθείας
1398 2594 1637 2662 ἀπάσης,
1693 2593 1785 2645 καὶ
1828 2591 1965 2671 πρὸς
2019 2590 2152 2644 Θεὸν

578 2684 823 2745 ἅπαντας
836 2672 1002 2744 εἷλκε,
1024 2679 1117 2733 καὶ
1131 2688 1154 2717 ε
1182 2680 1301 2742 ταῖς
1324 2677 1661 2750 προρρήσεσι
1688 2675 1750 2728 τὸ
1773 2674 1924 2737 τέλος
1946 2674 2154 2743 ἐπήγα-

579 2782 694 2836 γεν.
739 2762 899 2820 Ἀλλά
927 2760 1089 2817 πόθεν
1115 2761 1274 2832 δῆλον
1304 2760 1384 2815 ἔτι
1410 2760 1585 2831 ἐτέρῳ
1620 2758 2027 2820 πιστεύσουσιν;
2060 2756 2155 2809 Ἐκ

578 2848 675 2903 τοῦ
704 2849 797 2902 τὸν
815 2846 1049 2917 Χριστὸν
1084 2846 1281 2916 μισεῖν.
1298 2842 1483 2913 Οίγάρ
1500 2844 1591 2896 τὸν
1621 2842 1756 2912 μετά
1784 2841 1879 2908 τῆς
1906 2839 1998 2893 τοῦ
2018 2838 2154 2893 Θεοῦ

580 2929 805 3002 γνώμης
840 2930 1044 3001 ἥκοντα
1074 2926 1559 2996 ἀποστρεφόμενοι,
1597 2923 1816 2994 εὔδηλον
1836 2923 1916 2976 δτι
1943 2922 2037 2976 καὶ
2064 2922 2156 2975 τὸν

579 3014 823 3070 ἀντίθεον
842 3011 1079 3079 δέξονται
1107 3007 1258 3084 [246]
1274 3009 1400 3064 Είδέ
1415 3008 1651 3064 Μωῦσέα
1666 3008 1761 3061 νῦν
1773 3006 2153 3075 προϐάλλεται,

584 3096 756 3153 καίτοι
784 3095 974 3161 εἰπὼν,
1003 3095 1146 3165 Ἐγὼ
1169 3095 1328 3163 παρά
1355 3094 1669 3162 ἀνθρώπου
1689 3092 1805 3161 τὴν
1826 3092 2159 3161 μαρτυρίαν

584 3185 657 3236 οὐ
689 3179 990 3250 λαμϐάνω,
1024 3178 1099 3249 μὴ
1148 3176 1435 3247 θαυμάσῃς
1454 3192 1467 3207 ·
1501 3175 1623 3230 ούδέ
1650 3176 1756 3247 7&9
1786 3176 1866 3239 είς
1895 3175 2156 3238 Μωῦσέα,

586 3264 701 3318 ἀλλ’
739 3265 819 3325 είς
846 3262 913 3316 τά
942 3260 1035 3315 τοῦ
1062 3259 1196 3313 Θεοῦ
1233 3259 1533 3331 γράμματα
1562 3259 1758 3322 αὐτοὺς
1774 3257 2153 3329 παραπέμπει.

586 3345 731 3418 Πλὴν
758 3344 872 3399 ἀλλ’
903 3342 1088 3414 ἐπειδὴ
1118 3342 1175 3397 αἱ
1199 3342 1413 3414 Γραφαὶ
1440 3342 1657 3395 ἐλαττον
1687 3343 1881 3405 αὐτοὺς
1910 3341 2154 3411 ἐφόϐουν,

586 3432 665 3494 είς
698 3430 758 3483 τὸ
782 3429 1068 3501 πρόσωπον
1096 3426 1229 3481 αὐτὸ
1256 3427 1509 3497 περιάγει
1542 3426 1635 3478 τὸν
1666 3424 1843 3493 λόγον,
1871 3424 1962 3477 τὸν
1994 3441 2157 3494 νομο-

586 3515 747 3583 θέτην
777 3511 937 3567 αὑτὸν
959 3511 1143 3573 αὐτοῖς
1171 3509 1393 3577 ἐφιστάς
1417 3509 1740 3579 κατήγορον,
1764 3510 1857 3562 1:01
1883 3508 2014 3563 πολὺ
2040 3526 2161 3580 φρι-

588 3596 918 3667 κωδέστερὸν
931 3592 1110 3647 οὕτω(1
1127 3592 1187 3646 τὸ
1200 3592 1317 3657 δέος
1340 3591 1525 3654 ποιῶν,
1544 3592 1637 3645 καὶ
1653 3591 1880 3646 ἐκαστον
1898 3592 2007 3645 τῶν
2031 3592 2158 3663 παρ’

586 3678 765 3736 αὐτῶν
790 3676 1096 3748 λεγομένων
1117 3675 1347 3746 ἐλέγχει.
1371 3675 1567 3729 Σκόπει
1592 3674 1671 3728 δέ⁴
1705 3674 1928 3742 Ἔλεγον
1954 3674 2040 3728 διά
2063 3674 2163 3745 τὴν

588 3765 669 3826 είς
698 3763 790 3815 τὸν
812 3761 944 3815 Θεὸν
972 3759 1190 3829 ἀγάπην
1222 3759 1435 3812 διώκειν
1465 3756 1654 3813 αὐτόν’
1676 3758 1945 3811 δείκνυσιν
1967 3758 2047 3810 δτι
2076 3756 2161 3809 διά

588 3846 651 3898 τὸ
686 3845 861 3915 μισεῖν
918 3842 1010 3898 τὸν
1056 3841 1189 3896 Θεὸν
1232 3840 1393 3895 ⁶τοῦτο
1442 3837 1703 3895 ποιοῦᾶιν.
1783 3840 2007 3908 Ἔλεγον
2039 3842 2163 3894 ἀντ-

588 3927 807 4000 έχεσθαι
840 3925 1137 3989 Μωῦσέωςο
1159 3925 1428 3980 δείκνυσιν
1456 3925 1536 3977 ὅτι
1567 3924 1653 3977 διά
1685 3923 1746 3977 τὸ
1782 3922 1856 3993 μὴ
1889 3924 2163 3978 πιστεύειν

589 4012 814 4067 Μωῦσεῖ
843 4007 1016 4064 ταῦτα
1054 4008 1341 4080 ἐπραττον.
1376 4009 1437 4061 Εί
1467 4008 1575 4079 γὰρ
1596 4008 1689 4060 τὸν
1711 4007 1872 4078 νόμον
1914 4006 2180 4079 ἐζήλουν(

591 4096 698 4149 ιδει
749 4093 999 4160 δέξασθαι
1056 4092 1147 4144 τὸν
1189 4092 1391 4145 ἐκεῖνον
1438 4090 1778 4160 πληροῦντα·
1819 4091 1867 4144 εί
1894 4092 1987 4145 τὸν
2032 4091 2164 4145 Θεὸν

590 4180 840 4248 ἠγάπων,
874 4175 979 4229 ἔδει
1004 4173 1287 4245 πεισθῆναι
1325 4172 1403 4245 τῷ
1440 4175 1573 4245 πρὸς
1613 4175 1816 4228 ἐκεῖνον
1848 4175 2089 4229 ἐλκοντι·
2116 4177 2164 4229 εί

595 4262 814 4317 Μωωεῖ
832 4259 1132 4322 ἐπίστευον,
1170 4256 1278 4311 ἔδει
1319 4257 1694 4328 προσκυνῆσαι
1713 4259 1808 4312 τὸν
1839 4260 1929 4313 ὑπ’
1958 4259 2165 4314 ἐκείνου

595 4342 1090 4417 προφητευόμενον.
1117 4341 1180 4394 Εί
1208 4340 1265 4395 δέ
1302 4341 1506 4404 ἐκεῖνος
1530 4342 1840 4395 ἀπιστεῖται
1873 4342 1979 4413 πρὸ
2010 4342 2167 4414 ἐμοῦ,

595 4427 750 4481 ούδέν
785 4426 1010 4490 ἀπεικὸς
1055 4424 1149 4479 καὶ
1181 4424 1279 4495 ἐμέ
1313 4423 1404 4476 τὸν
1450 4423 1541 4476 ὑπ’
1570 4421 1734 4476 αὑτοῦ
1772 4424 2169 4495 κηρυττόμενον

600 4506 917 4562 ἐλαύνεσθαι
951 4505 1081 4578 παρ’
1120 4504 1292 4577 ὑμῶν.
1317 4505 1529 4577 Ὥσπερ
1550 4500 1642 4560 οῦν
1668 4507 1763 4560 καὶ
1796 4505 2170 4577 θαυμάζοντας

612 4591 863 4661 Ἰωάννην
894 4589 1059 4654 ἔδειξε
1085 4587 1553 4659 καταφρονοῦντας
1580 4588 1821 4643 Ἰωάννου
1853 4588 1939 4643 διά
1970 4591 2077 4644 τῶν
2089 4592 2200 4654 είς

598 4674 761 4730 αὐτὸν
818 4672 1231 4745 γεγενημένωνο
1300 4670 1441 4725 οῦτω
1513 4670 1828 4743 νομίζοντας
1894 4673 2170 4727 πιστεύειν

598 4758 822 4813 Μωῦσεῖ
850 4755 1118 4811 δείκνυσιν
1141 4755 1519 4821 ἀπιστοῦντας,
1553 4754 1648 4809 καὶ
1667 4755 1755 4809 ἀεὶ
1776 4756 1856 4817 είς
1882 4754 1979 4827 τὴν
1998 4771 2170 4824 κεφα-

599 4840 698 4913 λὴν
728 4838 905 4894 αὐτῶν
951 4839 1291 4910 περιτρέπων
1324 4838 1522 4902 πάντα,
1561 4837 1704 4910 άπερ
1751 4839 1997 4910 ἐνόμιζον
2030 4839 2171 4911 ὑπὲρ

600 4922 810 4978 ἑαυτῶν
837 4920 1250 4991 προϐάλλεσθαι.
1301 4920 1563 4974 Τοσοῦτον
1596 4921 1705 4993 7&9
1741 4920 1949 4992 ἀπέχω,
1984 4922 2168 4992 φησὶν,

600 5008 911 5075 ἀπαγαγεῖν
945 5006 1089 5075 ὑμᾶς
1114 5004 1208 5058 τοῦ
1240 5006 1426 5076 νόμου,
1446 5004 1527 5058 δτι
1558 5006 1649 5058 1:01
1670 5004 1831 5058 αὑτὸν
1854 5004 2005 5058 καλῶ
2043 5020 2176 5059 κατ-

604 5093 799 5162 ήγορον
828 5089 981 5161 ὑμῶν
1008 5090 1099 5143 τὸν
1126 5088 1439 5159 νομοθέτην.
1472 5089 1591 5142 Ὀτι
1632 5088 1729 5159 μὲν
1754 5084 1847 5143 οῦν
1878 5091 1934 5142 αί
1960 5089 2174 5159 Γραφαὶ

608 5173 993 5246 μαρτυροῦσιν,
1027 5167 1166 5225 εἶπε·
1185 5171 1285 5225 ποῦ
1313 5171 1369 5224 δέ
1397 5172 1780 5244 μαρτυροῦσιν,
1806 5172 1987 5226 οὐκέτι
2009 5187 2174 5243 προσ-

605 5256 791 5329 έθηκε,
815 5257 907 5310 τὸν
931 5254 1092 5325 φόϐον
1115 5253 1337 5329 μείζονα
1361 5254 1539 5317 αὐτοῖς
1570 5254 1794 5309 ἐνθεῖναι
1832 5254 2172 5326 βουλόμενος,

608 5341 703 5393 1:01
732 5339 809 5397 είς
839 5338 1060 5409 ἔρευναν
1089 5336 1474 5409 παραπέμψαι,
1506 5335 1599 5390 1:01
1618 5339 1697 5401 είς
1733 5338 1980 5411 ἀνάγκην
2008 5354 2174 5391 1:010—

610 5422 804 5492 στῆσαι
828 5422 1161 5494 ἐρωτήσεως.
1181 5424 1243 5475 Et
1260 5424 1357 5494 μέν
1381 5421 1492 5494 γάρ
1510 5418 1662 5477 εἶπεν
1674 5424 1737 5477 ἐκ
1752 5422 1845 5476 τοῦ
1862 5424 2173 5496 προχείρου,

608 5507 701 5563 1:01
728 5505 861 5579 μηδὲ
891 5504 1164 5577 ἐρωτῶσιν
1195 5506 1394 5570 αὐτοῖς,
1429 5504 1696 5559 ἀπέϐαλον
1734 5507 1801 5560 ἀν
1843 5506 1940 5580 τὴν
1973 5524 2178 5578 μαρτυ-

613 5592 735 5666 ρίαν
755 5606 769 5621 ·
800 5590 917 5644 νυνὶ
946 5588 1001 5642 δέ
1044 5590 1093 5643 εί
1124 5592 1406 5660 προσεῖχον
1426 5590 1537 5653 τοῖς
1573 5589 1901 5661 λεγομένοις.
1932 5590 2038 5645 ἔδει
2074 5589 2179 5662 πρὸ

612 5674 718 5728 τῶν
746 5674 919 5730 ἀλλων
955 5673 1111 5728 τοῦτο
1138 5675 1409 5745 ἐρωτῆσαι
1440 5686 1464 5713 ο
1496 5675 1591 5729 καὶ
1614 5674 1807 5748 μαθεῖν
1832 5675 1961 5745 παρ’
1990 5676 2176 5731 αὑτοῦ.

1442 5788 1515 5837 ἰτε
1549 5786 1674 5851 λύειν
1718 5790 1797 5837 τὸν
1830 5789 1998 5851 νόμως
2042 5791 2179 5839 ἀπεδ.

621 5847 731 5914 ῌοξ
776 5861 861 5909 pro
889 5850 1267 5914 διισχυρίζεσθε,
1312 5847 1405 5900 alii"
1442 5850 1760 5914 6111071111000.
1834 5847 2076 5914 ly'liorel.
2120 5853 2184 5907 εἷς

622 5909 815 5974 ἐκεῖνον.
882 5912 903 5940 ε
950 5909 1121 5974 ῌότόι.
1155 5912 1306 5961 είλκεν
1342 5914 1467 5974 ὥστε
1498 5909 1605 5974 καί.
1664 5911 1692 5951 ά
1731 5912 1881 5962 Savil.
1921 5914 2184 5974 κατήγορον

616 5972 698 6019 καὶ
721 5970 1117 6038 ἐμφαντικώτερον
1149 5974 1293 6023 οὕτω.
1366 5986 1388 6013 ε
1414 5973 1508 6025 Alii
1529 5973 1619 6035 πρὸ
1640 5976 1735 6022 τῶν
1763 5974 1917 6022 ἀλλων
1940 5976 2018 6022 καὶ
2047 5970 2184 6038 σιγή-

616 6046 785 6087 σαντος
807 6035 1021 6091 ζητῆσαι.

680 5787 706 5815 ⁸
748 5786 917 5835 Morel.
958 5788 1151 5837 ποιεῖτε.
1198 5790 1333 5847 Κατη

1301 407 1360 464 S.
1392 402 1675 461 JOANNIS
1711 395 2158 458 CIIRYSOSTOI

2258 396 2559 455 ιιιωιιιῖιι.
2599 390 3144 452 CONSTANTINOP.

3717 391 3835 446 €338

2240 510 2337 564 Διά
2370 512 2479 583 7&9
2524 509 2704 583 τοῦτο¹
2734 509 2827 562 καὶ
2858 509 2914 561 ἐν
2951 512 3072 573 ταῖς
3118 509 3444 576 ἀποφάσεσι,
3478 508 3571 562 καὶ
3605 510 3665 561 ἐν
3704 512 3837 573 ταῖς

2238 579 2490 658 ἀπειλαῖς
2535 579 2815 656 πλεονάζει
2866 591 3085 663 μᾶλλον,
3130 591 3229 645 ούκ
3268 593 3326 643 ἐν
3362 594 3482 654 ταῖς
3511 590 3837 655 ἀποδείξεσι

2244 679 2423 751 μόνον,
2455 678 2541 731 ῖνα
2588 676 2691 732 κᾶν
2744 674 2916 741 οὕτως
2950 676 3147 740 αὐτοὺς
3186 676 3534 745 ἐπαγάγηται
3564 674 3647 745 τῷ
3676 676 3840 746 φόϐῳ

2239 762 2349 815 τῶν
2380 760 2705 831 λεγομένων.
2735 761 2797 812 Οί
2830 758 2887 811 δέ
2914 759 3007 813 1:01
3030 758 3173 812 οὕτω
3197 758 3410 827 σιγῶσι.
3435 757 3691 811 Τοιοῦτον
3720 762 3840 830 γάρ

2239 845 2274 915 η
2302 844 2563 916 πονηρία·
2592 844 2692 897 ὅσα
2716 842 2782 898 ἀν
2817 858 2903 905 τις
2942 841 3079 914 λέγῃ
3106 842 3201 895 καὶ
3234 844 3392 912 ποιῇ,
3439 841 3501 894 ού
3547 840 3837 896 διανίσταο

2239 946 2352 992 ται,
2382 926 2516 983 ἀλλά
2538 927 2687 999 μένει
2724 926 2815 979 τὸν
2843 926 3043 980 οἰκεῖον
3075 926 3155 980 ίὸν
3173 924 3523 998 διατηροῦσα.

2310 1018 2379 1082 7'.
2397 1011 2488 1065 Διὸ
2504 1028 2536 1081 χ
2543 1011 2608 1082 ρὴ
2626 1011 2806 1064 πᾶσαν
2824 1010 3023 1066 κακίαν
3038 1009 3146 1063 ἀπὸ
3165 1010 3264 1080 τῆς
3280 1009 3460 1079 ψυχῆς
3476 1008 3836 1073 ἐκϐαλόντας,

2246 1094 2447 1166 μηδένα
2475 1094 2697 1149 πλέκειν
2722 1092 2989 1164 μηδέποτε
3012 1092 3182 1146 δόλον.
3207 1091 3363 1161 Πρὸς
3387 1092 3496 1161 7&9
3518 1091 3660 1157 τοὺς
3683 1107 3843 1145 σκο-

2239 1179 2413 1247 λιοὺς
2434 1179 2685 1245 σκολιὰς
2709 1177 2890 1245 ὁδοὺς
2913 1175 2935 1218 ί
2964 1180 2996 1232 ὀ
3028 1177 3193 1243 Θεὸς,
3220 1176 3407 1247 φησὶν,
3436 1174 3839 1231 ἀποστέλλει.

2243 1262 2588 1331 Καὶ,”Αγιον
2620 1260 2858 1331 πνεῦμα
2893 1262 3115 1331 σοφίας
3151 1262 3435 1331 φεύξεται
3481 1259 3687 1323 δόλον,
3729 1259 3838 1313 καὶ

2242 1345 2736 1414 (ἐπαναστήσεται
2749 1343 2869 1400 ἀπὸ
2882 1344 3188 1414 λογισμῶν
3196 1339 3702 1399 ἀσυνέτωθύδέν
3722 1342 3795 1409 γά
3805 1358 3841 1412 ρ

2242 1427 2386 1481 οῦτω
2425 1431 2570 1482 ποιεῖ
2592 1430 2826 1500 μωροὺς,
2857 1428 2932 1493 ὡς
2958 1427 3213 1499 πονηρία.
3232 1427 3402 1481 Ὀταν
3417 1425 3527 1495 γὰρ
3549 1426 3783 1487 ὕπουλος

2244 1528 2347 1574 τις,
2379 1511 2507 1565 ὅταν
2528 1511 2821 1583 ἀγνώμων,
2843 1511 2972 1566 ὅταν
3001 1511 3294 1582 ἀχάριστος
3320 1509 3697 1582 (ταῦταδέτῆς
3731 1526 3837 1562 πο-

2244 1594 2437 1666 νηρίας
2463 1594 2533 1649 τά
2573 1596 2734 1666 εῖδη),
2764 1596 2892 1650 δταν
2925 1594 3088 1667 μηδὲν
3127 1594 3454 1666 ἠδικημένος
3490 1592 3657 1664 λυπῇ,
3702 1593 3839 1645 ὅταν

2248 1678 2424 1753 πλέκῃ
2444 1679 2644 1745 δόλους.
2670 1678 2785 1744 πῶς
2799 1679 2898 1732 οὐκ
2915 1680 3148 1749 ἐσχάτης
3167 1679 3354 1742 ἀνοίας
3371 1676 3569 1742 ἐξοίσει
3594 1676 3796 1746 δεῖγμα
3818 1693 3835 1741 ;

2248 1761 2413 1815 Ούδέν
2441 1761 2583 1815 οὕτω
2604 1764 2750 1815 ποιεῖ
2784 1760 3098 1833 φρονίμους,
3117 1762 3194 1825 ώς
3208 1762 3397 1833 ἀρετή.
3417 1759 3529 1815 Καὶ
3548 1760 3657 1834 7&9
3669 1759 3840 1829 εὐχα-

2250 1844 2466 1915 ρίστους
2498 1846 2592 1899 καὶ
2641 1844 2989 1917 εὐγνώμονας
3040 1846 3353 1916 ἐργάζεται,
3396 1841 3837 1914 φιλανθρώπους.

2248 1928 2510 1999 ἡμέρους,
2544 1930 2773 1999 πράους,
2803 1929 3067 1991 ἐπιεικεῖς
3087 1944 3100 1959 ’
3124 1927 3194 1982 τά
3230 1928 3368 1983 ἀλλα
3397 1927 3617 1982 ἃπαντα
3649 1923 3841 1994 ἀγαθά

2249 2010 2384 2081 αῦτη
2411 2011 2613 2065 τίκτειν
2637 2011 2812 2066 εῖωθε.
2845 2011 2910 2065 Τί
2930 2010 2988 2063 δέ
3015 2010 3107 2064 τοῦ
3138 2009 3283 2064 οὕτω
3312 2009 3659 2081 διακειμένου
3708 2025 3839 2061 συν-

2218 2095 2550 2167 ·ετώτερον;
2582 2094 2741 2168 Πηγὴ
2786 2097 2897 2167 7&9
2947 2097 3115 2160 δντως
3152 2096 3245 2151 καὶ
3300 2095 3475 2165 ῥίζα⁸
3520 2094 3840 2166 φρονήσεώς

2250 2181 2398 2231 ἐστιν
2418 2182 2451 2249 η
2487 2179 2680 2249 ἀρετὴ,
2699 2178 2887 2250 ὥσπερ
2914 2174 3005 2232 οῦν
3038 2178 3133 2231 καὶ
3163 2179 3311 2233 πᾶσα
3339 2178 3575 2249 πονηρία
3592 2178 3651 2245 ἐξ
3679 2175 3838 2249 [ειη

2248 2264 2432 2326 ἀνοίας
2465 2263 2576 2334 ἔχει
2606 2262 2704 2334 τὴν
2725 2264 2920 2333 ἀρχήν.
2939 2258 3049 2315 K01
3080 2262 3188 2332 7&9
3216 2264 3246 2317 ό
3267 2261 3479 2327 ἀλαζὼν
3510 2263 3605 2317 1:01
3633 2263 3663 2315 ό
3683 2261 3841 2333 697l-

2248 2344 2339 2408 λος
2372 2347 2430 2413 ἐξ
2452 2346 2660 2410 ἐνδείας
2688 2346 3002 2416 φρονήσεως
3024 2345 3130 2399 ὑπὸ
3171 2345 3280 2399 τῶν
3316 2344 3506 2399 παθῶν
3531 2344 3834 2400 ἁλίσκεται.

2252 2428 2349 2482 Διά
2374 2427 2529 2482 τοῦτο
2554 2429 2648 2483 καὶ
2679 2428 2709 2481 ό
2732 2429 3016 2500 προφήτης
3041 2428 3214 2497 έλεγε·
3241 2430 3363 2483 Οὐκ
3393 2428 3565 2484 ἐστιν
3590 2426 3840 2495 ἴασις-ὲν

2252 2510 2326 2579 τῇ
2346 2511 2525 2579 σαρκί
2539 2529 2675 2581 μου.
2693 2510 3087 2579 Προσώζὲσαν
3102 2510 3199 2565 και
3221 2511 3545 2580 έσάπησαν
3561 2514 3619 2565 οι
3629 2509 3808 2582 μῶλυ
3820 2540 3839 2551 -

2254 2594 2363 2660 πές
2374 2611 2493 2664 μου
2504 2594 2623 2649 ἀπὸ
2640 2592 2963 2662 προσώπου
2977 2594 3088 2662 τῆς
3098 2596 3451 2663 ἀφροσύνης
3467 2610 3606 2665 μου·
3622 2594 3839 2658 δεικνὺς

2255 2679 2335 2731 ὅτι
2361 2679 2509 2731 πᾶσα
2534 2675 2779 2747 ἁμαρτία
2808 2677 2907 2747 τὴν
2938 2676 3113 2748 ἀρχὴν
3132 2677 3191 2743 ἐξ
3216 2677 3528 2749 ἀφροσύνης
3557 2679 3699 2749 ἔχει·
3729 2676 3838 2731 ὤα-

2257 2777 2365 2831 περ
2392 2761 2420 2813 δ
2460 2760 2712 2831 ἐνάρετος
2730 2760 2757 2802 1³
2787 2760 2882 2814 καὶ
2913 2759 3075 2828 φόϐον
3097 2760 3235 2832 έχων
3262 2761 3416 2825 Θεοῦ,
3453 2762 3670 2816 πάντων
3719 2762 3837 2815 ἐστὶ

2256 2842 2638 2915 συνετώτερος.
2665 2842 2755 2897 Διὸ
2774 2843 2863 2896 1:01
2891 2842 3054 2911 σοφός
3084 2860 3167 2905 τις
3199 2842 3562 2913 λέγει,⁹Αρχὴ
3594 2844 3835 2913 (mylae.

2256 2930 2441 2999 φόϐος
2470 2929 2709 2998 Κυρίου.
2740 2928 2803 2981 El
2834 2927 3014 2981 τοίνυν
3038 2927 3100 2980 τὸ
3123 2926 3404 2996 φοϐεῖσθαι
3435 2929 3528 2982 τὸν
3561 2927 3716 2993 Θεὸν,
3750 2944 3838 2981 σο-

2258 3011 2387 3083 φίαν
2418 3014 2565 3067 ἐστὶν
2582 3013 2744 3082 ἐχειν,
2770 3013 2799 3065 ό
2827 3011 2884 3065 δέ
2908 3010 3143 3082 πονηρὸς
3160 3010 3321 3065 τοῦτο
3357 3012 3459 3067 οὐκ
3486 3012 3619 3083 ἔχει,
3641 3014 3742 3083 τῆς
3758 3013 3843 3067 δν-

2258 3114 2364 3161 τως
2385 3097 2576 3165 σοφίας
2599 3095 2917 3167 ἐστέρηται,-
2939 3096 3037 3166 τῆς
3065 3095 3123 3149 δέ
3145 3094 3335 3165 σοφίας
3360 3095 3722 3167 ἐστερημένος
3742 3096 3841 3166 τῆς

2258 3179 2448 3243 ὅντως,
2481 3178 2699 3233 πάντων
2736 3180 2883 3232 ἐστὶν
2916 3178 3288 3250 ἀνοητότερος.
3328 3177 3520 3231 Καίτοι
3562 3194 3624 3247 γε
3656 3177 3842 3232 πολλοὶ

2260 3263 2385 3326 τοὺς
2417 3263 2686 3332 πονηροὺς
2705 3260 3095 3332 θαυμάζουσιν,
3120 3260 3195 3324 ὡς
3214 3256 3432 3325 ἱκανοὺς
3459 3261 3618 3326 δντας
3637 3262 3842 3315 ἀδικεῖν

2262 3346 2355 3399 1:01
2390 3343 2668 3414 βλάπτειν,
2690 3343 2790 3396 ούκ
2811 3344 3006 3407 εἰδότες
3038 3345 3119 3398 δτι
3149 3340 3385 3415 μάλιστα
3405 3345 3622 3398 πάντων
3643 3345 3842 3407 αὐτοὺς

2259 3428 2565 3495 ταλανίζειν
2595 3427 2721 3501 χρὴ,
2738 3430 2820 3483 ὅτι
2837 3430 3146 3500 νομίζοντες
3176 3430 3395 3501 ἐτέρους
3417 3427 3695 3498 βλάπτειν,
3718 3427 3839 3482 καθ’

2261 3511 2469 3565 ἐαυτῶν
2494 3511 2553 3571 τὸ
2579 3510 2729 3580 ξίφος
2755 3512 2985 3565 ὠθοῦσιν
3001 3528 3015 3543 ο
3045 3512 3182 3583 ὅπερ
3202 3512 3386 3576 ἀνοίας
3411 3511 3559 3567 ἐστὶν
3581 3513 3840 3582 ἐσχάτης.

2262 3594 2454 3649 ἐαυτὸν
2487 3593 2810 3665 πλήττοντα,
2839 3596 2972 3666 μηδὲ
2992 3595 3124 3648 αὐτὸ
3155 3594 3311 3648 τοῦτο
3339 3595 3556 3657 εἰδέναι,
3586 3595 3700 3648 ἀλλ’
3722 3594 3840 3647 ἐτε-

2266 3694 2357 3748 ρον
2386 3677 2561 3731 δοκεῖν
2590 3676 2814 3741 ἀδικεῖν,
2864 3680 2922 3731 ἐν
2955 3677 3033 3749 τῷ
3067 3677 3467 3747 κατασφάττειν
3501 3677 3714 3732 ἐαυτόν.
3744 3677 3843 3730 Διά

2261 3762 2419 3815 τοῦτο
2442 3764 2536 3816 καὶ
2556 3761 2773 3827 Παῦλος
2810 3761 2982 3827 είδὼς,
3009 3764 3088 3817 ὅτι
3117 3764 3174 3815 ἐν
3206 3762 3285 3833 τῷ
3328 3763 3580 3834 πλήττειν
3623 3762 3843 3833 ἐτέρους

2264 3847 2490 3911 ἐαυτοῦς
2507 3846 2731 3919 ἀναιροῦ
2740 3863 2860 3917 μεν,
2889 3846 3064 3915 ελεγε·
3083 3846 3341 3915 Διατίμὴ
3364 3845 3608 3915 μᾶλλον
3626 3843 3843 3899 ἀδικεῖ-

2262 3937 2411 3995 σθε;
2442 3930 2597 3985 διατι
2636 3929 2723 3999 μὴ
2741 3931 2985 4001 μᾶλλον
3013 3929 3476 3999 ἀποστερεῖσθη
3514 3928 3587 3982 Τὸ
3635 3928 3743 3999 γὰρ
3770 3928 3843 3998 μὴ

2263 4013 2564 4068 ἀδικεῖσθαι
2586 4014 2643 4067 ἐν
2674 4013 2751 4084 τῷ
2783 4013 2858 4085 μὴ
2890 4013 3094 4067 ἀδικεῖν
3120 4016 3326 4066 κεῖται’
3360 4012 3550 4083 ὥσπερ
3569 4007 3663 4066 οῦν
3682 4011 3743 4064 τὸ
3770 4013 3842 4082 μὴ

2265 4099 2496 4169 πάσχειν
2524 4098 2709 4163 κακῶς
2730 4100 2789 4153 ἐν
2816 4098 2894 4171 τῷ
2929 4099 3003 4170 μὴ
3036 4100 3211 4152 ποιεῖν
3244 4096 3447 4161 κακῶς·
3478 4095 3580 4150 κάν
3619 4097 3843 4167 αῖνιγμα

2266 4176 2407 4237 εἶναι
2435 4180 2566 4253 δοκῇ
2598 4182 2660 4235 τὸ
2689 4181 2981 4251 λεγόμενον
3008 4184 3120 4244 τοῖς
3159 4180 3373 4243 πολλοῖς
3406 4180 3502 4234 1:01
3539 4178 3844 4249 φιλοσοφεῖν

2266 4266 2365 4319 οὐκ
2407 4265 2672 4319 ἐθέλουσι.
2727 4263 2892 4317 Ταῦτ’
2918 4260 3011 4318 οῦν
3043 4264 3264 4329 είδότες,
3303 4262 3377 4334 μὴ
3405 4263 3531 4327 τοὺς
3560 4262 3845 4335 ἀδικουμέ-

2268 4364 2391 4411 νους
2455 4348 2587 4419 μηδὲ
2620 4348 2745 4411 τοὺς
2799 4345 3302 4420 ἐπηρεαζομένους,
3337 4346 3475 4401 ἀλλά
3522 4346 3650 4411 τοὺς
3680 4344 3845 4403 ταῦτα

2271 4430 2555 4494 ποιοῦντας
2591 4428 2964 4501 ταλανίζωμεν
2992 4429 3099 4483 1:01
3145 4429 3489 4501 δακρύωμεν.
3532 4423 3693 4484 οὗτοι
3742 4430 3845 4504 γάρ

2270 4515 2406 4568 είσιν
2431 4515 2478 4566 οί
2508 4514 2741 4583 μάλιστα
2757 4513 3095 4585 ἠδικημένοι,
3111 4514 3160 4567 01
3182 4514 3274 4568 τὸν
3300 4514 3434 4568 Θεὸν
3449 4516 3664 4580 ἐαυτοῖς
3690 4517 3847 4571 ἐκπο-

2269 4598 2326 4651 λε
2334 4595 2579 4669 μοῦντες,
2593 4598 2688 4652 καὶ
2702 4597 2909 4670 μυρίων
2924 4598 3245 4669 κατηγόρων
3263 4598 3569 4667 ἀνοίγο··τες
3586 4600 3844 4670 στόματα,

2271 4682 2367 4736 καὶ
2378 4682 2623 4752 πονηρὰν
2640 4680 2909 4750 κτώμενοι
2926 4681 3068 4735 κατά
3094 4680 3185 4734 τὸν
3201 4682 3441 4753 παρόντα
3464 4680 3578 4752 βίον
3595 4681 3843 4753 ύτσιψίαν,

2272 4765 2367 4819 1:01
2411 4765 2650 4835 μεγάλην
2691 4763 2781 4816 τὸν
2809 4762 2950 4818 κατά
2982 4762 3071 4818 τὸν
3109 4764 3375 4835 μέλλοντα
3418 4766 3591 4831 αἰῶνα
3609 4766 3847 4823 ἐπισπώ-

2277 4863 2427 4918 μενοι
2457 4846 2677 4900 κόλασιν
2696 4863 2709 4879 ·
2735 4845 2819 4910 ὡς’
2839 4847 2893 4899 οἴ
2920 4863 2983 4915 γε
3013 4846 3357 4918 ἀδικούμενοι
3403 4848 3500 4901 1:01
3547 4847 3727 4904 πάντα
3754 4848 3846 4918 φέ-

2276 4947 2458 5001 ροντες
2470 4929 2851 4998 γενναίως,τόν
2865 4946 2926 4982 τε
2957 4928 3087 4982 Θεὸν
3106 4929 3323 5000 ἔχουσιν
3343 4930 3519 4995 ἵλεων,
3539 4932 3633 4985 1:01
3648 4932 3848 4998 πάντας

2278 5012 2674 5081 συναλγοῦντας
2700 5013 2902 5076 αὐτοῖς,
2928 5012 3020 5066 1:01
3059 5012 3438 5077 ἐπαινοῦντας.
3460 5015 3556 5068 1:01
3592 5015 3846 5086 ἀποδεχο-

2280 5096 2570 5166 μένους.οί
2589 5095 2820 5149 τοιοῦτοι
2846 5096 2941 5149 1:01
2959 5095 3101 5149 κατά
3124 5096 3216 5151 τὸν
3233 5096 3479 5168 παρόντα
3511 5095 3625 5168 βίον
3657 5098 3848 5168 πολλῆς

2276 5179 2670 5234 ἀπολαύσονται
2721 5179 2817 5249 τῆς
2869 5180 3178 5251 εὐφημίας,
3232 5182 3550 5250 φιλοσοφίας
3603 5183 3848 5253 μέγιστον

2277 5267 2638 5339 παρεχόμενοι
2675 5266 2894 5335 δεῖγμα,
2940 5268 3039 5323 καὶ
3082 5268 3223 5322 κατὰ
3253 5270 3352 5340 τὴν
3386 5269 3685 5341 μέλλουσαν
3714 5270 3846 5340 ζωὴν

2277 5351 2383 5405 τῶν
2412 5351 2647 5404 αίιυνίων
2680 5350 2994 5421 μεθέξουσιν
3025 5350 3243 5420 ἀγαθῶν
3264 5367 3277 5383 ⁸
3310 5345 3385 5406 ὧν
3406 5353 3618 5421 γένοιτο
3652 5353 3847 5416 πάντας

2279 5436 2424 5507 ἡμᾶς
2451 5437 2747 5505 ἐπιτυχεῖν.
2778 5434 2960 5505 χάριτι
2989 5435 3081 5488 1:01
3114 5434 3492 5509 φιλανθρωπίᾳ
3517 5435 3612 5490 τοῦ
3653 5435 3847 5507 Κυρίου

2280 5521 2435 5592 ἡμῶν
2469 5519 2643 5589 Ἰησοῦ
2682 5518 2941 5590 Χριστοῦ,
2968 5518 3088 5591 μεθ’
3106 5511 3168 5574 οῦ
3189 5519 3268 5592 τῷ
3298 5508 3475 5593 H0191
3496 5524 3531 5593 η
3552 5508 3700 5589 δόξα,
3743 5520 3848 5591 ἅμα

2280 5606 2356 5676 τῷ
2387 5604 2525 5677 ἀγίῳ
2554 5603 2852 5673 Πνεύματι,
2880 5603 2976 5657 νῦν
3007 5604 3103 5658 1:01
3128 5605 3235 5670 ἀεὶ,
3267 5606 3361 5659 καὶ
3388 5607 3469 5670 είς
3497 5606 3623 5669 τοὺς
3657 5604 3849 5668 αίῶνας

2282 5688 2388 5743 τῶν
2421 5688 2649 5743 αἰώνων.
2676 5687 2865 5758 Ἀμην.

2355 5917 2582 5989 Hor.“
2625 5920 2651 5965 ὁ
2696 5916 2833 5989 θεὸν
2880 5917 3039 5989 «mihi:
3081 5914 3502 5989 410011111931
3545 5911 3847 5989 διξξλριδνι

2288 5978 2483 6051 Πνεῦμα
2503 5981 2637 6036 ἅγιον
2657 5972 2899 6035 παιδείας]
2934 5972 2941 5975 ’
2960 5980 2984 6019 ⁸
3009 5972 3154 6029 Savil.
3178 5975 3269 6040 γὰρ
3285 5977 3365 6025 καὶ
3388 5977 3507 6040 ῥίζα.
3573 5974 3600 6014 ³
3623 5972 3721 6027 ΔΜ
3742 5974 3845 6039 ἐχει-

2297 6039 2357 6091 Ὃ
2383 6058 2470 6106 γαρ
2498 6041 2723 6105 ἐνάρετος.
