  <div class='ocr_page' id='page_1' title='image "/cluster/home/n/w/nwhite01/storage/ocr_20150623/59/uva.x004914832/238.png"; bbox 0 0 4102 6488; ppageno 0'>
   <div class='ocr_carea' id='block_1_1' title="bbox 195 409 2316 493">
    <p class='ocr_par' dir='ltr' id='par_1_1' title="bbox 195 409 2316 493">
     <span class='ocr_line' id='line_1_1' title="bbox 195 409 2316 493; baseline -0.008 -7"><span class='ocrx_word' id='word_1_1' title='bbox 195 436 293 493; x_wconf 67' lang='grc'><strong>931</strong></span> <span class='ocrx_word' id='word_1_2' title='bbox 1197 419 1263 476; x_wconf 73' lang='grc' dir='ltr'><strong>ιΝ</strong></span> <span class='ocrx_word' id='word_1_3' title='bbox 1295 414 1610 476; x_wconf 72' lang='lat' dir='ltr'><strong>JOANNEM</strong></span> <span class='ocrx_word' id='word_1_4' title='bbox 1645 410 1878 470; x_wconf 82' lang='lat' dir='ltr'><strong>llOMlL.</strong></span> <span class='ocrx_word' id='word_1_5' title='bbox 1917 410 2052 467; x_wconf 78' lang='lat' dir='ltr'><strong>XLI.</strong></span> <span class='ocrx_word' id='word_1_6' title='bbox 2093 415 2163 467; x_wconf 87' lang='lat' dir='ltr'><strong>al.</strong></span> <span class='ocrx_word' id='word_1_7' title='bbox 2204 409 2316 468; x_wconf 79' lang='lat' dir='ltr'><strong>XL.</strong></span> 
     </span>
    </p>
   </div>
   <div class='ocr_carea' id='block_1_2' title="bbox 199 526 1782 611">
    <p class='ocr_par' dir='ltr' id='par_1_2' title="bbox 199 526 1782 611">
     <span class='ocr_line' id='line_1_2' title="bbox 199 526 1782 611; baseline -0.015 -9"><span class='ocrx_word' id='word_1_8' title='bbox 199 544 342 602; x_wconf 88' lang='lat' dir='ltr'><strong>mihi.</strong></span> <span class='ocrx_word' id='word_1_9' title='bbox 373 537 512 597; x_wconf 70' lang='lat' dir='ltr'><strong>Vide</strong></span> <span class='ocrx_word' id='word_1_10' title='bbox 562 535 834 611; x_wconf 88' lang='lat' dir='ltr'><strong>quomodo</strong></span> <span class='ocrx_word' id='word_1_11' title='bbox 881 535 1001 592; x_wconf 90' lang='lat' dir='ltr'><strong>illos</strong></span> <span class='ocrx_word' id='word_1_12' title='bbox 1048 531 1280 603; x_wconf 86' lang='lat' dir='ltr'><strong>undique</strong></span> <span class='ocrx_word' id='word_1_13' title='bbox 1327 529 1476 585; x_wconf 91' lang='lat' dir='ltr'><strong>omni</strong></span> <span class='ocrx_word' id='word_1_14' title='bbox 1527 526 1782 582; x_wconf 89' lang='lat' dir='ltr'><strong>interclu-</strong></span> 
     </span>
    </p>
   </div>
   <div class='ocr_carea' id='block_1_3' title="bbox 197 617 1787 695">
    <p class='ocr_par' dir='ltr' id='par_1_3' title="bbox 197 617 1787 695">
     <span class='ocr_line' id='line_1_3' title="bbox 197 617 1787 695; baseline -0.013 -4"><span class='ocrx_word' id='word_1_15' title='bbox 197 636 285 692; x_wconf 78' lang='lat' dir='ltr'><strong>dat</strong></span> <span class='ocrx_word' id='word_1_16' title='bbox 336 629 675 689; x_wconf 75' lang='lat' dir='ltr'><strong>defensione.</strong></span> <span class='ocrx_word' id='word_1_17' title='bbox 733 628 868 684; x_wconf 87' lang='lat' dir='ltr'><strong>Dum</strong></span> <span class='ocrx_word' id='word_1_18' title='bbox 922 639 1010 680; x_wconf 89' lang='lat' dir='ltr'><strong>me</strong></span> <span class='ocrx_word' id='word_1_19' title='bbox 1072 618 1523 695; x_wconf 86' lang='lat' dir='ltr'><strong>perscqueremini</strong></span> <span class='ocrx_word' id='word_1_20' title='bbox 1553 660 1568 685; x_wconf 92' lang='lat'><strong>,</strong></span> <span class='ocrx_word' id='word_1_21' title='bbox 1619 617 1787 672; x_wconf 91' lang='lat' dir='ltr'><strong>Deum</strong></span> 
     </span>
    </p>
   </div>
   <div class='ocr_carea' id='block_1_4' title="bbox 197 707 1787 793">
    <p class='ocr_par' dir='ltr' id='par_1_4' title="bbox 197 707 1787 793">
     <span class='ocr_line' id='line_1_4' title="bbox 197 707 1787 793; baseline -0.011 -13"><span class='ocrx_word' id='word_1_22' title='bbox 197 739 288 780; x_wconf 86' lang='lat' dir='ltr'><strong>vos</strong></span> <span class='ocrx_word' id='word_1_23' title='bbox 323 721 555 793; x_wconf 74' lang='lat' dir='ltr'><strong>diligere</strong></span> <span class='ocrx_word' id='word_1_24' title='bbox 591 717 852 778; x_wconf 74' lang='lat' dir='ltr'><strong>dicebatis</strong></span> <span class='ocrx_word' id='word_1_25' title='bbox 893 735 909 772; x_wconf 88' lang='lat'><strong>:</strong></span> <span class='ocrx_word' id='word_1_26' title='bbox 939 714 1150 771; x_wconf 91' lang='lat' dir='ltr'><strong>ostendi</strong></span> <span class='ocrx_word' id='word_1_27' title='bbox 1189 727 1284 768; x_wconf 85' lang='lat' dir='ltr'><strong>vos</strong></span> <span class='ocrx_word' id='word_1_28' title='bbox 1335 712 1437 767; x_wconf 93' lang='lat' dir='ltr'><strong>hoc</strong></span> <span class='ocrx_word' id='word_1_29' title='bbox 1484 710 1626 765; x_wconf 91' lang='lat' dir='ltr'><strong>illius</strong></span> <span class='ocrx_word' id='word_1_30' title='bbox 1663 707 1787 764; x_wconf 89' lang='lat' dir='ltr'><strong>odio</strong></span> 
     </span>
    </p>
   </div>
   <div class='ocr_carea' id='block_1_5' title="bbox 197 801 1786 880">
    <p class='ocr_par' dir='ltr' id='par_1_5' title="bbox 197 801 1786 880">
     <span class='ocr_line' id='line_1_5' title="bbox 197 801 1786 880; baseline -0.013 -8"><span class='ocrx_word' id='word_1_31' title='bbox 197 815 388 872; x_wconf 78' lang='lat' dir='ltr'><strong>facere.</strong></span> <span class='ocrx_word' id='word_1_32' title='bbox 418 813 506 870; x_wconf 89' lang='lat' dir='ltr'><strong>Me</strong></span> <span class='ocrx_word' id='word_1_33' title='bbox 535 812 799 870; x_wconf 74' lang='lat' dir='ltr'><strong>accusatis</strong></span> <span class='ocrx_word' id='word_1_34' title='bbox 827 807 965 880; x_wconf 87' lang='lat' dir='ltr'><strong>quod</strong></span> <span class='ocrx_word' id='word_1_35' title='bbox 996 806 1273 863; x_wconf 76' lang='lat' dir='ltr'><strong>sabbatum</strong></span> <span class='ocrx_word' id='word_1_36' title='bbox 1301 801 1506 860; x_wconf 87' lang='lat' dir='ltr'><strong>solvam</strong></span> <span class='ocrx_word' id='word_1_37' title='bbox 1535 809 1589 856; x_wconf 91' lang='lat' dir='ltr'><strong>et</strong></span> <span class='ocrx_word' id='word_1_38' title='bbox 1612 801 1786 870; x_wconf 84' lang='lat' dir='ltr'><strong>legem</strong></span> 
     </span>
    </p>
   </div>
   <div class='ocr_carea' id='block_1_6' title="bbox 199 889 1784 976">
    <p class='ocr_par' dir='ltr' id='par_1_6' title="bbox 199 889 1784 976">
     <span class='ocr_line' id='line_1_6' title="bbox 199 889 1784 976; baseline -0.013 -11"><span class='ocrx_word' id='word_1_39' title='bbox 199 908 559 976; x_wconf 82' lang='lat' dir='ltr'><strong>transgrediar</strong></span> <span class='ocrx_word' id='word_1_40' title='bbox 584 924 600 960; x_wconf 87' lang='lat'><strong>:</strong></span> <span class='ocrx_word' id='word_1_41' title='bbox 629 905 698 962; x_wconf 91' lang='lat' dir='ltr'><strong>de</strong></span> <span class='ocrx_word' id='word_1_42' title='bbox 722 903 822 958; x_wconf 89' lang='lat' dir='ltr'><strong>hac</strong></span> <span class='ocrx_word' id='word_1_43' title='bbox 847 903 1186 956; x_wconf 72' lang='lat' dir='ltr'><strong>accusatione</strong></span> <span class='ocrx_word' id='word_1_44' title='bbox 1224 912 1311 952; x_wconf 90' lang='lat' dir='ltr'><strong>me</strong></span> <span class='ocrx_word' id='word_1_45' title='bbox 1351 894 1588 965; x_wconf 87' lang='lat' dir='ltr'><strong>purgavi.</strong></span> <span class='ocrx_word' id='word_1_46' title='bbox 1623 889 1784 946; x_wconf 81' lang='lat' dir='ltr'><strong>Affir-</strong></span> 
     </span>
    </p>
   </div>
   <div class='ocr_carea' id='block_1_7' title="bbox 198 985 1786 1063">
    <p class='ocr_par' dir='ltr' id='par_1_7' title="bbox 198 985 1786 1063">
     <span class='ocr_line' id='line_1_7' title="bbox 198 985 1786 1063; baseline -0.014 -7"><span class='ocrx_word' id='word_1_47' title='bbox 198 999 349 1056; x_wconf 87' lang='lat' dir='ltr'><strong>matis</strong></span> <span class='ocrx_word' id='word_1_48' title='bbox 377 1013 477 1054; x_wconf 91' lang='lat' dir='ltr'><strong>vos</strong></span> <span class='ocrx_word' id='word_1_49' title='bbox 523 996 686 1052; x_wconf 80' lang='lat' dir='ltr'><strong>fidem</strong></span> <span class='ocrx_word' id='word_1_50' title='bbox 728 1007 852 1063; x_wconf 77' lang='lat' dir='ltr'><strong>erga</strong></span> <span class='ocrx_word' id='word_1_51' title='bbox 895 990 1114 1062; x_wconf 79' lang='lat' dir='ltr'><strong>Moysen</strong></span> <span class='ocrx_word' id='word_1_52' title='bbox 1158 985 1395 1058; x_wconf 79' lang='lat' dir='ltr'><strong>profiteri</strong></span> <span class='ocrx_word' id='word_1_53' title='bbox 1435 999 1534 1055; x_wconf 91' lang='lat' dir='ltr'><strong>per</strong></span> <span class='ocrx_word' id='word_1_54' title='bbox 1574 997 1638 1040; x_wconf 84' lang='lat' dir='ltr'><strong>ea</strong></span> <span class='ocrx_word' id='word_1_55' title='bbox 1665 996 1786 1053; x_wconf 74' lang='lat' dir='ltr'><strong>qua:</strong></span> 
     </span>
    </p>
   </div>
   <div class='ocr_carea' id='block_1_8' title="bbox 198 1075 1787 1150">
    <p class='ocr_par' dir='ltr' id='par_1_8' title="bbox 198 1075 1787 1150">
     <span class='ocr_line' id='line_1_8' title="bbox 198 1075 1787 1150; baseline -0.011 -5"><span class='ocrx_word' id='word_1_56' title='bbox 198 1097 376 1144; x_wconf 88' lang='lat' dir='ltr'><strong>contra</strong></span> <span class='ocrx_word' id='word_1_57' title='bbox 418 1103 510 1144; x_wconf 89' lang='lat' dir='ltr'><strong>me</strong></span> <span class='ocrx_word' id='word_1_58' title='bbox 558 1083 766 1142; x_wconf 89' lang='lat' dir='ltr'><strong>audetis</strong></span> <span class='ocrx_word' id='word_1_59' title='bbox 805 1101 819 1138; x_wconf 91' lang='lat'><strong>:</strong></span> <span class='ocrx_word' id='word_1_60' title='bbox 859 1080 1085 1138; x_wconf 89' lang='lat' dir='ltr'><strong>ostendo</strong></span> <span class='ocrx_word' id='word_1_61' title='bbox 1113 1092 1212 1150; x_wconf 81' lang='lat' dir='ltr'><strong>ego</strong></span> <span class='ocrx_word' id='word_1_62' title='bbox 1252 1075 1380 1132; x_wconf 89' lang='lat' dir='ltr'><strong>illud</strong></span> <span class='ocrx_word' id='word_1_63' title='bbox 1410 1075 1641 1130; x_wconf 84' lang='lat' dir='ltr'><strong>maxime</strong></span> <span class='ocrx_word' id='word_1_64' title='bbox 1665 1087 1787 1128; x_wconf 87' lang='lat' dir='ltr'><strong>esse</strong></span> 
     </span>
    </p>
   </div>
   <div class='ocr_carea' id='block_1_9' title="bbox 196 1167 1786 1248">
    <p class='ocr_par' dir='ltr' id='par_1_9' title="bbox 196 1167 1786 1248">
     <span class='ocr_line' id='line_1_9' title="bbox 196 1167 1786 1248; baseline -0.011 -11"><span class='ocrx_word' id='word_1_65' title='bbox 196 1194 298 1237; x_wconf 89' lang='lat' dir='ltr'><strong>non</strong></span> <span class='ocrx_word' id='word_1_66' title='bbox 325 1179 556 1236; x_wconf 84' lang='lat' dir='ltr'><strong>credere</strong></span> <span class='ocrx_word' id='word_1_67' title='bbox 583 1175 772 1248; x_wconf 77' lang='lat' dir='ltr'><strong>Moysi.</strong></span> <span class='ocrx_word' id='word_1_68' title='bbox 802 1174 1031 1230; x_wconf 83' lang='lat' dir='ltr'><strong>Tantum</strong></span> <span class='ocrx_word' id='word_1_69' title='bbox 1059 1171 1204 1227; x_wconf 92' lang='lat' dir='ltr'><strong>enim</strong></span> <span class='ocrx_word' id='word_1_70' title='bbox 1234 1169 1385 1225; x_wconf 87' lang='lat' dir='ltr'><strong>abest</strong></span> <span class='ocrx_word' id='word_1_71' title='bbox 1412 1175 1471 1222; x_wconf 93' lang='lat' dir='ltr'><strong>ut</strong></span> <span class='ocrx_word' id='word_1_72' title='bbox 1496 1167 1598 1239; x_wconf 89' lang='lat' dir='ltr'><strong>legi</strong></span> <span class='ocrx_word' id='word_1_73' title='bbox 1625 1180 1786 1235; x_wconf 79' lang='lat' dir='ltr'><strong>repu-</strong></span> 
     </span>
    </p>
   </div>
   <div class='ocr_carea' id='block_1_10' title="bbox 197 1259 1781 1341">
    <p class='ocr_par' dir='ltr' id='par_1_10' title="bbox 197 1259 1781 1341">
     <span class='ocr_line' id='line_1_10' title="bbox 197 1259 1781 1341; baseline -0.008 -16"><span class='ocrx_word' id='word_1_74' title='bbox 197 1287 344 1341; x_wconf 87' lang='lat' dir='ltr'><strong>gnem</strong></span> <span class='ocrx_word' id='word_1_75' title='bbox 365 1312 384 1339; x_wconf 86' lang='lat'><strong>,</strong></span> <span class='ocrx_word' id='word_1_76' title='bbox 416 1280 476 1324; x_wconf 92' lang='lat' dir='ltr'><strong>ut</strong></span> <span class='ocrx_word' id='word_1_77' title='bbox 504 1269 554 1324; x_wconf 89' lang='lat' dir='ltr'><strong>is</strong></span> <span class='ocrx_word' id='word_1_78' title='bbox 581 1268 670 1340; x_wconf 89' lang='lat' dir='ltr'><strong>qui</strong></span> <span class='ocrx_word' id='word_1_79' title='bbox 700 1281 796 1323; x_wconf 90' lang='lat' dir='ltr'><strong>vos</strong></span> <span class='ocrx_word' id='word_1_80' title='bbox 820 1272 1165 1322; x_wconf 85' lang='lat' dir='ltr'><strong>accusaturus</strong></span> <span class='ocrx_word' id='word_1_81' title='bbox 1195 1272 1278 1318; x_wconf 90' lang='lat' dir='ltr'><strong>est</strong></span> <span class='ocrx_word' id='word_1_82' title='bbox 1301 1261 1479 1316; x_wconf 89' lang='lat' dir='ltr'><strong>nullus</strong></span> <span class='ocrx_word' id='word_1_83' title='bbox 1516 1259 1650 1315; x_wconf 88' lang='lat' dir='ltr'><strong>alius</strong></span> <span class='ocrx_word' id='word_1_84' title='bbox 1679 1260 1745 1313; x_wconf 86' lang='lat' dir='ltr'><strong>sit</strong></span> <span class='ocrx_word' id='word_1_85' title='bbox 1764 1299 1781 1324; x_wconf 93' lang='lat'><strong>,</strong></span> 
     </span>
    </p>
   </div>
   <div class='ocr_carea' id='block_1_11' title="bbox 197 1349 1784 1433">
    <p class='ocr_par' dir='ltr' id='par_1_11' title="bbox 197 1349 1784 1433">
     <span class='ocr_line' id='line_1_11' title="bbox 197 1349 1784 1433; baseline -0.009 -15"><span class='ocrx_word' id='word_1_86' title='bbox 197 1377 348 1433; x_wconf 83' lang='lat' dir='ltr'><strong>quam</strong></span> <span class='ocrx_word' id='word_1_87' title='bbox 374 1362 421 1417; x_wconf 93' lang='lat' dir='ltr'><strong>is</strong></span> <span class='ocrx_word' id='word_1_88' title='bbox 447 1359 546 1432; x_wconf 89' lang='lat' dir='ltr'><strong>qui</strong></span> <span class='ocrx_word' id='word_1_89' title='bbox 578 1363 745 1432; x_wconf 90' lang='lat' dir='ltr'><strong>legem</strong></span> <span class='ocrx_word' id='word_1_90' title='bbox 778 1356 928 1413; x_wconf 83' lang='lat' dir='ltr'><strong>vobis</strong></span> <span class='ocrx_word' id='word_1_91' title='bbox 953 1355 1119 1411; x_wconf 89' lang='lat' dir='ltr'><strong>dedit.</strong></span> <span class='ocrx_word' id='word_1_92' title='bbox 1149 1353 1220 1411; x_wconf 87' lang='lat' dir='ltr'><strong>Ut</strong></span> <span class='ocrx_word' id='word_1_93' title='bbox 1259 1353 1419 1424; x_wconf 89' lang='lat' dir='ltr'><strong>igitur</strong></span> <span class='ocrx_word' id='word_1_94' title='bbox 1446 1351 1514 1408; x_wconf 91' lang='lat' dir='ltr'><strong>de</strong></span> <span class='ocrx_word' id='word_1_95' title='bbox 1541 1349 1784 1420; x_wconf 88' lang='lat' dir='ltr'><strong>Scriptu-</strong></span> 
     </span>
    </p>
   </div>
   <div class='ocr_carea' id='block_1_12' title="bbox 197 1437 1785 1522">
    <p class='ocr_par' dir='ltr' id='par_1_12' title="bbox 197 1437 1785 1522">
     <span class='ocr_line' id='line_1_12' title="bbox 197 1437 1785 1522; baseline -0.008 -14"><span class='ocrx_word' id='word_1_96' title='bbox 197 1453 270 1508; x_wconf 84' lang='lat' dir='ltr'><strong>ris</strong></span> <span class='ocrx_word' id='word_1_97' title='bbox 292 1452 546 1520; x_wconf 80' lang='lat' dir='ltr'><strong>dicebat,</strong></span> <span class='ocrx_word' id='word_1_98' title='bbox 575 1451 642 1506; x_wconf 87' lang='lat' dir='ltr'><strong>In</strong></span> <span class='ocrx_word' id='word_1_99' title='bbox 675 1451 856 1522; x_wconf 85' lang='lat' dir='ltr'><strong>quibus</strong></span> <span class='ocrx_word' id='word_1_100' title='bbox 884 1447 1075 1520; x_wconf 76' lang='lat' dir='ltr'><strong>putatis</strong></span> <span class='ocrx_word' id='word_1_101' title='bbox 1109 1437 1264 1503; x_wconf 72' lang='lat' dir='ltr'><strong>vitam</strong></span> <span class='ocrx_word' id='word_1_102' title='bbox 1299 1453 1536 1500; x_wconf 72' lang='lat' dir='ltr'><strong>teter-nam</strong></span> <span class='ocrx_word' id='word_1_103' title='bbox 1563 1442 1785 1507; x_wconf 81' lang='lat' dir='ltr'><strong>habere;</strong></span> 
     </span>
    </p>
   </div>
   <div class='ocr_carea' id='block_1_13' title="bbox 199 1529 1786 1614">
    <p class='ocr_par' dir='ltr' id='par_1_13' title="bbox 199 1529 1786 1614">
     <span class='ocr_line' id='line_1_13' title="bbox 199 1529 1786 1614; baseline -0.004 -17"><span class='ocrx_word' id='word_1_104' title='bbox 199 1542 267 1597; x_wconf 87' lang='lat' dir='ltr'><strong>ita</strong></span> <span class='ocrx_word' id='word_1_105' title='bbox 290 1541 360 1598; x_wconf 89' lang='lat' dir='ltr'><strong>de</strong></span> <span class='ocrx_word' id='word_1_106' title='bbox 386 1529 576 1614; x_wconf 73' lang='lat' dir='ltr'><strong>Moyse</strong></span> <span class='ocrx_word' id='word_1_107' title='bbox 603 1542 677 1596; x_wconf 91' lang='lat' dir='ltr'><strong>ait</strong></span> <span class='ocrx_word' id='word_1_108' title='bbox 721 1559 735 1597; x_wconf 92' lang='lat'><strong>:</strong></span> <span class='ocrx_word' id='word_1_109' title='bbox 778 1539 844 1595; x_wconf 90' lang='lat' dir='ltr'><strong>In</strong></span> <span class='ocrx_word' id='word_1_110' title='bbox 885 1556 983 1612; x_wconf 86' lang='lat' dir='ltr'><strong>quo</strong></span> <span class='ocrx_word' id='word_1_111' title='bbox 1018 1553 1104 1593; x_wconf 79' lang='lat' dir='ltr'><strong>nos</strong></span> <span class='ocrx_word' id='word_1_112' title='bbox 1140 1537 1415 1609; x_wconf 86' lang='lat' dir='ltr'><strong>sperastis,</strong></span> <span class='ocrx_word' id='word_1_113' title='bbox 1450 1549 1518 1591; x_wconf 89' lang='lat' dir='ltr'><strong>ex</strong></span> <span class='ocrx_word' id='word_1_114' title='bbox 1553 1535 1665 1590; x_wconf 88' lang='lat' dir='ltr'><strong>suis</strong></span> <span class='ocrx_word' id='word_1_115' title='bbox 1691 1548 1786 1590; x_wconf 86' lang='lat' dir='ltr'><strong>eos</strong></span> 
     </span>
    </p>
   </div>
   <div class='ocr_carea' id='block_1_14' title="bbox 195 1624 1784 1702">
    <p class='ocr_par' dir='ltr' id='par_1_14' title="bbox 195 1624 1784 1702">
     <span class='ocr_line' id='line_1_14' title="bbox 195 1624 1784 1702; baseline -0.006 -14"><span class='ocrx_word' id='word_1_116' title='bbox 195 1633 534 1689; x_wconf 86' lang='lat' dir='ltr'><strong>sermonibus</strong></span> <span class='ocrx_word' id='word_1_117' title='bbox 572 1633 790 1702; x_wconf 90' lang='lat' dir='ltr'><strong>capiens</strong></span> <span class='ocrx_word' id='word_1_118' title='bbox 827 1631 1041 1701; x_wconf 87' lang='lat' dir='ltr'><strong>ubique.</strong></span> <span class='ocrx_word' id='word_1_119' title='bbox 1076 1630 1142 1684; x_wconf 88' lang='lat' dir='ltr'><strong>Et</strong></span> <span class='ocrx_word' id='word_1_120' title='bbox 1179 1628 1322 1684; x_wconf 90' lang='lat' dir='ltr'><strong>unde</strong></span> <span class='ocrx_word' id='word_1_121' title='bbox 1349 1627 1620 1683; x_wconf 87' lang='lat' dir='ltr'><strong>discemus</strong></span> <span class='ocrx_word' id='word_1_122' title='bbox 1643 1665 1659 1691; x_wconf 94' lang='lat'><strong>,</strong></span> <span class='ocrx_word' id='word_1_123' title='bbox 1699 1624 1784 1680; x_wconf 88' lang='lat' dir='ltr'><strong>in-</strong></span> 
     </span>
    </p>
   </div>
   <div class='ocr_carea' id='block_1_15' title="bbox 194 1719 1785 1796">
    <p class='ocr_par' dir='ltr' id='par_1_15' title="bbox 194 1719 1785 1796">
     <span class='ocr_line' id='line_1_15' title="bbox 194 1719 1785 1796; baseline -0.004 -16"><span class='ocrx_word' id='word_1_124' title='bbox 194 1724 374 1795; x_wconf 87' lang='lat' dir='ltr'><strong>quieut</strong></span> <span class='ocrx_word' id='word_1_125' title='bbox 401 1725 602 1792; x_wconf 71' lang='lat' dir='ltr'><strong>Judaei,</strong></span> <span class='ocrx_word' id='word_1_126' title='bbox 632 1725 849 1796; x_wconf 79' lang='lat' dir='ltr'><strong>Moysen</strong></span> <span class='ocrx_word' id='word_1_127' title='bbox 875 1733 1244 1780; x_wconf 88' lang='lat' dir='ltr'><strong>accusaturum</strong></span> <span class='ocrx_word' id='word_1_128' title='bbox 1268 1737 1410 1789; x_wconf 86' lang='lat' dir='ltr'><strong>esse,</strong></span> <span class='ocrx_word' id='word_1_129' title='bbox 1433 1736 1498 1777; x_wconf 90' lang='lat' dir='ltr'><strong>ac</strong></span> <span class='ocrx_word' id='word_1_130' title='bbox 1522 1728 1575 1777; x_wconf 90' lang='lat' dir='ltr'><strong>te</strong></span> <span class='ocrx_word' id='word_1_131' title='bbox 1600 1734 1704 1776; x_wconf 90' lang='lat' dir='ltr'><strong>non</strong></span> <span class='ocrx_word' id='word_1_132' title='bbox 1732 1719 1785 1774; x_wconf 94' lang='lat' dir='ltr'><strong>id</strong></span> 
     </span>
    </p>
   </div>
   <div class='ocr_carea' id='block_1_16' title="bbox 195 1809 1786 1887">
    <p class='ocr_par' dir='ltr' id='par_1_16' title="bbox 195 1809 1786 1887">
     <span class='ocr_line' id='line_1_16' title="bbox 195 1809 1786 1887; baseline -0.001 -20"><span class='ocrx_word' id='word_1_133' title='bbox 195 1829 326 1870; x_wconf 88' lang='lat' dir='ltr'><strong>vane</strong></span> <span class='ocrx_word' id='word_1_134' title='bbox 348 1815 636 1887; x_wconf 86' lang='lat' dir='ltr'><strong>jactitare‘l</strong></span> <span class='ocrx_word' id='word_1_135' title='bbox 662 1815 785 1886; x_wconf 91' lang='lat' dir='ltr'><strong>quid</strong></span> <span class='ocrx_word' id='word_1_136' title='bbox 809 1815 952 1870; x_wconf 91' lang='lat' dir='ltr'><strong>enim</strong></span> <span class='ocrx_word' id='word_1_137' title='bbox 985 1814 1079 1870; x_wconf 91' lang='lat' dir='ltr'><strong>tibi</strong></span> <span class='ocrx_word' id='word_1_138' title='bbox 1107 1830 1228 1870; x_wconf 89' lang='lat' dir='ltr'><strong>cum</strong></span> <span class='ocrx_word' id='word_1_139' title='bbox 1258 1813 1441 1886; x_wconf 91' lang='lat' dir='ltr'><strong>Moyse</strong></span> <span class='ocrx_word' id='word_1_140' title='bbox 1465 1809 1786 1868; x_wconf 80' lang='lat' dir='ltr'><strong>commune?</strong></span> 
     </span>
    </p>
   </div>
   <div class='ocr_carea' id='block_1_17' title="bbox 194 1905 1787 1980">
    <p class='ocr_par' dir='ltr' id='par_1_17' title="bbox 194 1905 1787 1980">
     <span class='ocr_line' id='line_1_17' title="bbox 194 1905 1787 1980; baseline -0.004 -16"><span class='ocrx_word' id='word_1_141' title='bbox 194 1905 480 1965; x_wconf 84' lang='lat' dir='ltr'><strong>Sabbatum</strong></span> <span class='ocrx_word' id='word_1_142' title='bbox 512 1907 750 1975; x_wconf 81' lang='lat' dir='ltr'><strong>solvisti,</strong></span> <span class='ocrx_word' id='word_1_143' title='bbox 793 1909 934 1980; x_wconf 91' lang='lat' dir='ltr'><strong>quod</strong></span> <span class='ocrx_word' id='word_1_144' title='bbox 955 1907 1115 1979; x_wconf 83' lang='lat' dir='ltr'><strong>jussit</strong></span> <span class='ocrx_word' id='word_1_145' title='bbox 1141 1907 1234 1964; x_wconf 89' lang='lat' dir='ltr'><strong>ille</strong></span> <span class='ocrx_word' id='word_1_146' title='bbox 1261 1905 1583 1962; x_wconf 90' lang='lat' dir='ltr'><strong>servandum</strong></span> <span class='ocrx_word' id='word_1_147' title='bbox 1611 1922 1624 1958; x_wconf 92' lang='lat'><strong>:</strong></span> <span class='ocrx_word' id='word_1_148' title='bbox 1652 1917 1787 1975; x_wconf 91' lang='lat' dir='ltr'><strong>quo-</strong></span> 
     </span>
    </p>
   </div>
   <div class='ocr_carea' id='block_1_18' title="bbox 194 1995 1783 2072">
    <p class='ocr_par' dir='ltr' id='par_1_18' title="bbox 194 1995 1783 2072">
     <span class='ocr_line' id='line_1_18' title="bbox 194 1995 1783 2072; baseline -0.004 -16"><span class='ocrx_word' id='word_1_149' title='bbox 194 2001 349 2056; x_wconf 89' lang='lat' dir='ltr'><strong>modo</strong></span> <span class='ocrx_word' id='word_1_150' title='bbox 376 2016 509 2072; x_wconf 91' lang='lat' dir='ltr'><strong>ergo</strong></span> <span class='ocrx_word' id='word_1_151' title='bbox 539 2001 631 2057; x_wconf 89' lang='lat' dir='ltr'><strong>ille</strong></span> <span class='ocrx_word' id='word_1_152' title='bbox 660 2015 758 2056; x_wconf 91' lang='lat' dir='ltr'><strong>nos</strong></span> <span class='ocrx_word' id='word_1_153' title='bbox 793 1999 1162 2056; x_wconf 78' lang='lat' dir='ltr'><strong>accusaverit?</strong></span> <span class='ocrx_word' id='word_1_154' title='bbox 1189 1998 1258 2054; x_wconf 85' lang='lat' dir='ltr'><strong>Et</strong></span> <span class='ocrx_word' id='word_1_155' title='bbox 1291 1997 1561 2070; x_wconf 85' lang='lat' dir='ltr'><strong>quomodo</strong></span> <span class='ocrx_word' id='word_1_156' title='bbox 1591 1995 1783 2067; x_wconf 88' lang='lat' dir='ltr'><strong>proba-</strong></span> 
     </span>
    </p>
   </div>
   <div class='ocr_carea' id='block_1_19' title="bbox 194 2087 1787 2162">
    <p class='ocr_par' dir='ltr' id='par_1_19' title="bbox 194 2087 1787 2162">
     <span class='ocr_line' id='line_1_19' title="bbox 194 2087 1787 2162; baseline -0.003 -16"><span class='ocrx_word' id='word_1_157' title='bbox 194 2090 350 2159; x_wconf 87' lang='lat' dir='ltr'><strong>bitur,</strong></span> <span class='ocrx_word' id='word_1_158' title='bbox 379 2092 616 2162; x_wconf 82' lang='lat' dir='ltr'><strong>inquies,</strong></span> <span class='ocrx_word' id='word_1_159' title='bbox 645 2106 744 2147; x_wconf 87' lang='lat' dir='ltr'><strong>nos</strong></span> <span class='ocrx_word' id='word_1_160' title='bbox 769 2091 822 2146; x_wconf 93' lang='lat' dir='ltr'><strong>in</strong></span> <span class='ocrx_word' id='word_1_161' title='bbox 849 2090 1012 2145; x_wconf 90' lang='lat' dir='ltr'><strong>alium</strong></span> <span class='ocrx_word' id='word_1_162' title='bbox 1044 2091 1135 2162; x_wconf 89' lang='lat' dir='ltr'><strong>qui</strong></span> <span class='ocrx_word' id='word_1_163' title='bbox 1163 2089 1216 2144; x_wconf 90' lang='lat' dir='ltr'><strong>in</strong></span> <span class='ocrx_word' id='word_1_164' title='bbox 1242 2103 1341 2144; x_wconf 92' lang='lat' dir='ltr'><strong>suo</strong></span> <span class='ocrx_word' id='word_1_165' title='bbox 1365 2087 1583 2143; x_wconf 89' lang='lat' dir='ltr'><strong>nomine</strong></span> <span class='ocrx_word' id='word_1_166' title='bbox 1607 2088 1787 2143; x_wconf 81' lang='lat' dir='ltr'><strong>veniat</strong></span> 
     </span>
    </p>
   </div>
   <div class='ocr_carea' id='block_1_20' title="bbox 194 2178 1781 2253">
    <p class='ocr_par' dir='ltr' id='par_1_20' title="bbox 194 2178 1781 2253">
     <span class='ocr_line' id='line_1_20' title="bbox 194 2178 1781 2253; baseline -0.003 -15"><span class='ocrx_word' id='word_1_167' title='bbox 194 2197 310 2238; x_wconf 84' lang='lat' dir='ltr'><strong>csse</strong></span> <span class='ocrx_word' id='word_1_168' title='bbox 336 2183 679 2239; x_wconf 74' lang='lat' dir='ltr'><strong>credituros?</strong></span> <span class='ocrx_word' id='word_1_169' title='bbox 711 2182 836 2238; x_wconf 67' lang='lat' dir='ltr'><strong>llaec</strong></span> <span class='ocrx_word' id='word_1_170' title='bbox 860 2183 1055 2253; x_wconf 87' lang='lat' dir='ltr'><strong>quippe</strong></span> <span class='ocrx_word' id='word_1_171' title='bbox 1087 2181 1264 2236; x_wconf 89' lang='lat' dir='ltr'><strong>omnia</strong></span> <span class='ocrx_word' id='word_1_172' title='bbox 1289 2179 1439 2236; x_wconf 87' lang='lat' dir='ltr'><strong>nullo</strong></span> <span class='ocrx_word' id='word_1_173' title='bbox 1465 2188 1600 2236; x_wconf 86' lang='lat' dir='ltr'><strong>teste</strong></span> <span class='ocrx_word' id='word_1_174' title='bbox 1626 2178 1781 2234; x_wconf 88' lang='lat' dir='ltr'><strong>dicis.</strong></span> 
     </span>
    </p>
   </div>
   <div class='ocr_carea' id='block_1_21' title="bbox 194 2269 1784 2346">
    <p class='ocr_par' dir='ltr' id='par_1_21' title="bbox 194 2269 1784 2346">
     <span class='ocr_line' id='line_1_21' title="bbox 194 2269 1784 2346; baseline -0.003 -16"><span class='ocrx_word' id='word_1_175' title='bbox 194 2273 348 2346; x_wconf 80' lang='lat' dir='ltr'><strong>Atqui</strong></span> <span class='ocrx_word' id='word_1_176' title='bbox 380 2274 499 2330; x_wconf 65' lang='lat' dir='ltr'><strong>haec</strong></span> <span class='ocrx_word' id='word_1_177' title='bbox 530 2272 710 2329; x_wconf 88' lang='lat' dir='ltr'><strong>omnia</strong></span> <span class='ocrx_word' id='word_1_178' title='bbox 739 2288 808 2329; x_wconf 89' lang='lat' dir='ltr'><strong>ex</strong></span> <span class='ocrx_word' id='word_1_179' title='bbox 835 2271 1201 2342; x_wconf 88' lang='lat' dir='ltr'><strong>superioribus</strong></span> <span class='ocrx_word' id='word_1_180' title='bbox 1219 2271 1529 2342; x_wconf 86' lang='lat' dir='ltr'><strong>probantur.</strong></span> <span class='ocrx_word' id='word_1_181' title='bbox 1558 2269 1784 2339; x_wconf 85' lang='lat' dir='ltr'><strong>Quando</strong></span> 
     </span>
    </p>
   </div>
   <div class='ocr_carea' id='block_1_22' title="bbox 193 2360 1784 2434">
    <p class='ocr_par' dir='ltr' id='par_1_22' title="bbox 193 2360 1784 2434">
     <span class='ocr_line' id='line_1_22' title="bbox 193 2360 1784 2434; baseline -0.001 -17"><span class='ocrx_word' id='word_1_182' title='bbox 193 2364 330 2418; x_wconf 88' lang='lat' dir='ltr'><strong>enim</strong></span> <span class='ocrx_word' id='word_1_183' title='bbox 357 2378 422 2421; x_wconf 87' lang='lat' dir='ltr'><strong>ex</strong></span> <span class='ocrx_word' id='word_1_184' title='bbox 461 2363 753 2434; x_wconf 89' lang='lat' dir='ltr'><strong>operibus,</strong></span> <span class='ocrx_word' id='word_1_185' title='bbox 784 2377 848 2418; x_wconf 87' lang='lat' dir='ltr'><strong>ex</strong></span> <span class='ocrx_word' id='word_1_186' title='bbox 888 2361 1109 2418; x_wconf 83' lang='lat' dir='ltr'><strong>Joannis</strong></span> <span class='ocrx_word' id='word_1_187' title='bbox 1137 2376 1291 2430; x_wconf 86' lang='lat' dir='ltr'><strong>voce,</strong></span> <span class='ocrx_word' id='word_1_188' title='bbox 1320 2375 1387 2417; x_wconf 85' lang='lat' dir='ltr'><strong>ex</strong></span> <span class='ocrx_word' id='word_1_189' title='bbox 1415 2360 1588 2417; x_wconf 87' lang='lat' dir='ltr'><strong>Patris</strong></span> <span class='ocrx_word' id='word_1_190' title='bbox 1631 2361 1784 2417; x_wconf 84' lang='lat' dir='ltr'><strong>testi-</strong></span> 
     </span>
    </p>
   </div>
   <div class='ocr_carea' id='block_1_23' title="bbox 194 2451 1784 2520">
    <p class='ocr_par' dir='ltr' id='par_1_23' title="bbox 194 2451 1784 2520">
     <span class='ocr_line' id='line_1_23' title="bbox 194 2451 1784 2520; baseline -0.002 -11"><span class='ocrx_word' id='word_1_191' title='bbox 194 2455 370 2511; x_wconf 75' lang='lat' dir='ltr'><strong>monio</strong></span> <span class='ocrx_word' id='word_1_192' title='bbox 398 2455 452 2509; x_wconf 91' lang='lat' dir='ltr'><strong>in</strong></span> <span class='ocrx_word' id='word_1_193' title='bbox 483 2453 735 2510; x_wconf 87' lang='lat' dir='ltr'><strong>confesso</strong></span> <span class='ocrx_word' id='word_1_194' title='bbox 763 2451 923 2508; x_wconf 90' lang='lat' dir='ltr'><strong>fuerit</strong></span> <span class='ocrx_word' id='word_1_195' title='bbox 959 2467 1046 2508; x_wconf 88' lang='lat' dir='ltr'><strong>me</strong></span> <span class='ocrx_word' id='word_1_196' title='bbox 1091 2467 1125 2507; x_wconf 91' lang='lat' dir='ltr'><strong>a</strong></span> <span class='ocrx_word' id='word_1_197' title='bbox 1164 2452 1275 2508; x_wconf 86' lang='lat' dir='ltr'><strong>Deo</strong></span> <span class='ocrx_word' id='word_1_198' title='bbox 1311 2451 1525 2507; x_wconf 89' lang='lat' dir='ltr'><strong>venisse</strong></span> <span class='ocrx_word' id='word_1_199' title='bbox 1548 2493 1564 2520; x_wconf 96' lang='lat'><strong>,</strong></span> <span class='ocrx_word' id='word_1_200' title='bbox 1611 2451 1784 2520; x_wconf 91' lang='lat' dir='ltr'><strong>palam</strong></span> 
     </span>
    </p>
   </div>
   <div class='ocr_carea' id='block_1_24' title="bbox 195 2541 1783 2615">
    <p class='ocr_par' dir='ltr' id='par_1_24' title="bbox 195 2541 1783 2615">
     <span class='ocr_line' id='line_1_24' title="bbox 195 2541 1783 2615; baseline -0.001 -16"><span class='ocrx_word' id='word_1_201' title='bbox 195 2553 334 2600; x_wconf 81' lang='lat' dir='ltr'><strong>certe</strong></span> <span class='ocrx_word' id='word_1_202' title='bbox 372 2552 456 2599; x_wconf 86' lang='lat' dir='ltr'><strong>est</strong></span> <span class='ocrx_word' id='word_1_203' title='bbox 483 2543 705 2615; x_wconf 77' lang='lat' dir='ltr'><strong>Moysen</strong></span> <span class='ocrx_word' id='word_1_204' title='bbox 733 2543 878 2613; x_wconf 86' lang='lat' dir='ltr'><strong>ipsos</strong></span> <span class='ocrx_word' id='word_1_205' title='bbox 902 2553 1279 2599; x_wconf 83' lang='lat' dir='ltr'><strong>accusaturum</strong></span> <span class='ocrx_word' id='word_1_206' title='bbox 1308 2555 1446 2599; x_wconf 87' lang='lat' dir='ltr'><strong>esse.</strong></span> <span class='ocrx_word' id='word_1_207' title='bbox 1473 2541 1612 2609; x_wconf 85' lang='lat' dir='ltr'><strong>Quid</strong></span> <span class='ocrx_word' id='word_1_208' title='bbox 1639 2542 1783 2597; x_wconf 91' lang='lat' dir='ltr'><strong>enim</strong></span> 
     </span>
    </p>
   </div>
   <div class='ocr_carea' id='block_1_25' title="bbox 189 2633 1784 2706">
    <p class='ocr_par' dir='ltr' id='par_1_25' title="bbox 189 2633 1784 2706">
     <span class='ocr_line' id='line_1_25' title="bbox 189 2633 1784 2706; baseline 0.002 -18"><span class='ocrx_word' id='word_1_209' title='bbox 189 2633 278 2689; x_wconf 84' lang='lat' dir='ltr'><strong>ille</strong></span> <span class='ocrx_word' id='word_1_210' title='bbox 301 2633 472 2689; x_wconf 79' lang='lat' dir='ltr'><strong>dixit?</strong></span> <span class='ocrx_word' id='word_1_211' title='bbox 500 2649 681 2690; x_wconf 90' lang='lat' dir='ltr'><strong>annon</strong></span> <span class='ocrx_word' id='word_1_212' title='bbox 702 2675 718 2703; x_wconf 94' lang='lat'><strong>,</strong></span> <span class='ocrx_word' id='word_1_213' title='bbox 776 2633 920 2706; x_wconf 87' lang='lat' dir='ltr'><strong>quod</strong></span> <span class='ocrx_word' id='word_1_214' title='bbox 952 2634 997 2690; x_wconf 91' lang='lat' dir='ltr'><strong>si</strong></span> <span class='ocrx_word' id='word_1_215' title='bbox 1024 2635 1145 2705; x_wconf 85' lang='lat' dir='ltr'><strong>quis</strong></span> <span class='ocrx_word' id='word_1_216' title='bbox 1174 2635 1324 2706; x_wconf 88' lang='lat' dir='ltr'><strong>signa</strong></span> <span class='ocrx_word' id='word_1_217' title='bbox 1349 2633 1552 2691; x_wconf 82' lang='lat' dir='ltr'><strong>faciens</strong></span> <span class='ocrx_word' id='word_1_218' title='bbox 1579 2635 1784 2692; x_wconf 85' lang='lat' dir='ltr'><strong>venerit</strong></span> 
     </span>
    </p>
   </div>
   <div class='ocr_carea' id='block_1_26' title="bbox 197 2724 1786 2798">
    <p class='ocr_par' dir='ltr' id='par_1_26' title="bbox 197 2724 1786 2798">
     <span class='ocr_line' id='line_1_26' title="bbox 197 2724 1786 2798; baseline 0.003 -19"><span class='ocrx_word' id='word_1_219' title='bbox 197 2724 568 2796; x_wconf 74' lang='lat' dir='ltr'><strong>(Deut.l&#39;5.l),</strong></span> <span class='ocrx_word' id='word_1_220' title='bbox 589 2725 680 2797; x_wconf 88' lang='lat' dir='ltr'><strong>qui</strong></span> <span class='ocrx_word' id='word_1_221' title='bbox 707 2726 774 2781; x_wconf 89' lang='lat' dir='ltr'><strong>ad</strong></span> <span class='ocrx_word' id='word_1_222' title='bbox 804 2727 972 2782; x_wconf 89' lang='lat' dir='ltr'><strong>Deum</strong></span> <span class='ocrx_word' id='word_1_223' title='bbox 986 2726 1164 2792; x_wconf 90' lang='lat' dir='ltr'><strong>ducat,</strong></span> <span class='ocrx_word' id='word_1_224' title='bbox 1193 2727 1475 2798; x_wconf 89' lang='lat' dir='ltr'><strong>futuraque</strong></span> <span class='ocrx_word' id='word_1_225' title='bbox 1508 2741 1635 2783; x_wconf 91' lang='lat' dir='ltr'><strong>vere</strong></span> <span class='ocrx_word' id='word_1_226' title='bbox 1661 2742 1786 2798; x_wconf 90' lang='lat' dir='ltr'><strong>pro-</strong></span> 
     </span>
    </p>
   </div>
   <div class='ocr_carea' id='block_1_27' title="bbox 197 2799 1784 2887">
    <p class='ocr_par' dir='ltr' id='par_1_27' title="bbox 197 2799 1784 2887">
     <span class='ocr_line' id='line_1_27' title="bbox 197 2799 1784 2887; baseline 0.004 -18"><span class='ocrx_word' id='word_1_227' title='bbox 197 2817 431 2885; x_wconf 89' lang='lat' dir='ltr'><strong>nuntiet,</strong></span> <span class='ocrx_word' id='word_1_228' title='bbox 480 2817 585 2887; x_wconf 89' lang='lat' dir='ltr'><strong>ipsi</strong></span> <span class='ocrx_word' id='word_1_229' title='bbox 613 2799 836 2873; x_wconf 75' lang='lat' dir='ltr'><strong>credere</strong></span> <span class='ocrx_word' id='word_1_230' title='bbox 865 2817 1141 2885; x_wconf 80' lang='lat' dir='ltr'><strong>Oporteat‘l</strong></span> <span class='ocrx_word' id='word_1_231' title='bbox 1180 2818 1372 2872; x_wconf 87' lang='lat' dir='ltr'><strong>Annon</strong></span> <span class='ocrx_word' id='word_1_232' title='bbox 1393 2817 1640 2874; x_wconf 89' lang='lat' dir='ltr'><strong>Christus</strong></span> <span class='ocrx_word' id='word_1_233' title='bbox 1669 2819 1784 2875; x_wconf 69' lang='lat' dir='ltr'><strong>hmo</strong></span> 
     </span>
    </p>
   </div>
   <div class='ocr_carea' id='block_1_28' title="bbox 197 2906 1784 2978">
    <p class='ocr_par' dir='ltr' id='par_1_28' title="bbox 197 2906 1784 2978">
     <span class='ocr_line' id='line_1_28' title="bbox 197 2906 1784 2978; baseline 0.003 -18"><span class='ocrx_word' id='word_1_234' title='bbox 197 2907 363 2962; x_wconf 89' lang='lat' dir='ltr'><strong>omnia</strong></span> <span class='ocrx_word' id='word_1_235' title='bbox 393 2906 557 2962; x_wconf 72' lang='lat' dir='ltr'><strong>fecit?</strong></span> <span class='ocrx_word' id='word_1_236' title='bbox 587 2907 748 2978; x_wconf 88' lang='lat' dir='ltr'><strong>Signa</strong></span> <span class='ocrx_word' id='word_1_237' title='bbox 774 2921 894 2962; x_wconf 92' lang='lat' dir='ltr'><strong>eum</strong></span> <span class='ocrx_word' id='word_1_238' title='bbox 921 2907 1068 2963; x_wconf 89' lang='lat' dir='ltr'><strong>omni</strong></span> <span class='ocrx_word' id='word_1_239' title='bbox 1109 2907 1332 2964; x_wconf 83' lang='lat' dir='ltr'><strong>veritate</strong></span> <span class='ocrx_word' id='word_1_240' title='bbox 1357 2907 1558 2974; x_wconf 90' lang='lat' dir='ltr'><strong>edidit,</strong></span> <span class='ocrx_word' id='word_1_241' title='bbox 1594 2923 1784 2965; x_wconf 87' lang='lat' dir='ltr'><strong>omnes</strong></span> 
     </span>
    </p>
   </div>
   <div class='ocr_carea' id='block_1_29' title="bbox 199 2998 1779 3069">
    <p class='ocr_par' dir='ltr' id='par_1_29' title="bbox 199 2998 1779 3069">
     <span class='ocr_line' id='line_1_29' title="bbox 199 2998 1779 3069; baseline 0.003 -18"><span class='ocrx_word' id='word_1_242' title='bbox 199 2999 426 3054; x_wconf 84' lang='lat' dir='ltr'><strong>traxitad</strong></span> <span class='ocrx_word' id='word_1_243' title='bbox 447 2999 636 3065; x_wconf 89' lang='lat' dir='ltr'><strong>Deum,</strong></span> <span class='ocrx_word' id='word_1_244' title='bbox 653 2998 1028 3069; x_wconf 62' lang='lat' dir='ltr'><strong>praedictiones</strong></span> <span class='ocrx_word' id='word_1_245' title='bbox 1043 3013 1106 3054; x_wconf 89' lang='lat' dir='ltr'><strong>ex</strong></span> <span class='ocrx_word' id='word_1_246' title='bbox 1125 3014 1301 3056; x_wconf 89' lang='lat' dir='ltr'><strong>rerum</strong></span> <span class='ocrx_word' id='word_1_247' title='bbox 1320 3008 1515 3056; x_wconf 88' lang='lat' dir='ltr'><strong>eventu</strong></span> <span class='ocrx_word' id='word_1_248' title='bbox 1531 3000 1779 3057; x_wconf 84' lang='lat' dir='ltr'><strong>asseruit.</strong></span> 
     </span>
    </p>
   </div>
   <div class='ocr_carea' id='block_1_30' title="bbox 199 3090 1783 3162">
    <p class='ocr_par' dir='ltr' id='par_1_30' title="bbox 199 3090 1783 3162">
     <span class='ocr_line' id='line_1_30' title="bbox 199 3090 1783 3162; baseline 0.004 -18"><span class='ocrx_word' id='word_1_249' title='bbox 199 3090 262 3146; x_wconf 80' lang='lat' dir='ltr'><strong>At</strong></span> <span class='ocrx_word' id='word_1_250' title='bbox 289 3090 428 3147; x_wconf 89' lang='lat' dir='ltr'><strong>unde</strong></span> <span class='ocrx_word' id='word_1_251' title='bbox 459 3091 720 3162; x_wconf 83' lang='lat' dir='ltr'><strong>probatur</strong></span> <span class='ocrx_word' id='word_1_252' title='bbox 749 3090 894 3160; x_wconf 88' lang='lat' dir='ltr'><strong>ipsos</strong></span> <span class='ocrx_word' id='word_1_253' title='bbox 921 3090 1074 3146; x_wconf 90' lang='lat' dir='ltr'><strong>alteri</strong></span> <span class='ocrx_word' id='word_1_254' title='bbox 1100 3092 1408 3149; x_wconf 78' lang='lat' dir='ltr'><strong>credituros</strong></span> <span class='ocrx_word' id='word_1_255' title='bbox 1428 3094 1582 3150; x_wconf 78' lang='lat' dir='ltr'><strong>esse?</strong></span> <span class='ocrx_word' id='word_1_256' title='bbox 1615 3095 1691 3149; x_wconf 81' lang='lat' dir='ltr'><strong>Ex</strong></span> <span class='ocrx_word' id='word_1_257' title='bbox 1717 3109 1783 3151; x_wconf 88' lang='lat' dir='ltr'><strong>eo</strong></span> 
     </span>
    </p>
   </div>
   <div class='ocr_carea' id='block_1_31' title="bbox 199 3180 1785 3256">
    <p class='ocr_par' dir='ltr' id='par_1_31' title="bbox 199 3180 1785 3256">
     <span class='ocr_line' id='line_1_31' title="bbox 199 3180 1785 3256; baseline 0.006 -22"><span class='ocrx_word' id='word_1_258' title='bbox 199 3181 328 3250; x_wconf 91' lang='lat' dir='ltr'><strong>quod</strong></span> <span class='ocrx_word' id='word_1_259' title='bbox 349 3180 626 3237; x_wconf 88' lang='lat' dir='ltr'><strong>Christum</strong></span> <span class='ocrx_word' id='word_1_260' title='bbox 649 3181 882 3238; x_wconf 88' lang='lat' dir='ltr'><strong>oderint.</strong></span> <span class='ocrx_word' id='word_1_261' title='bbox 913 3181 1046 3238; x_wconf 86' lang='lat' dir='ltr'><strong>Nam</strong></span> <span class='ocrx_word' id='word_1_262' title='bbox 1075 3184 1163 3254; x_wconf 90' lang='lat' dir='ltr'><strong>qui</strong></span> <span class='ocrx_word' id='word_1_263' title='bbox 1194 3200 1338 3252; x_wconf 91' lang='lat' dir='ltr'><strong>eum,</strong></span> <span class='ocrx_word' id='word_1_264' title='bbox 1366 3187 1455 3256; x_wconf 90' lang='lat' dir='ltr'><strong>qui</strong></span> <span class='ocrx_word' id='word_1_265' title='bbox 1480 3201 1547 3242; x_wconf 84' lang='lat' dir='ltr'><strong>ex</strong></span> <span class='ocrx_word' id='word_1_266' title='bbox 1575 3186 1667 3242; x_wconf 89' lang='lat' dir='ltr'><strong>Dei</strong></span> <span class='ocrx_word' id='word_1_267' title='bbox 1692 3201 1785 3242; x_wconf 88' lang='lat' dir='ltr'><strong>vo-</strong></span> 
     </span>
    </p>
   </div>
   <div class='ocr_carea' id='block_1_32' title="bbox 199 3269 1781 3340">
    <p class='ocr_par' dir='ltr' id='par_1_32' title="bbox 199 3269 1781 3340">
     <span class='ocr_line' id='line_1_32' title="bbox 199 3269 1781 3340; baseline 0.005 -15"><span class='ocrx_word' id='word_1_268' title='bbox 199 3269 389 3328; x_wconf 86' lang='lat' dir='ltr'><strong>luntate</strong></span> <span class='ocrx_word' id='word_1_269' title='bbox 420 3272 603 3336; x_wconf 88' lang='lat' dir='ltr'><strong>venit,</strong></span> <span class='ocrx_word' id='word_1_270' title='bbox 635 3281 970 3340; x_wconf 85' lang='lat' dir='ltr'><strong>aversantur,</strong></span> <span class='ocrx_word' id='word_1_271' title='bbox 1002 3273 1112 3330; x_wconf 90' lang='lat' dir='ltr'><strong>Deo</strong></span> <span class='ocrx_word' id='word_1_272' title='bbox 1140 3274 1503 3331; x_wconf 88' lang='lat' dir='ltr'><strong>adversarium</strong></span> <span class='ocrx_word' id='word_1_273' title='bbox 1538 3276 1654 3333; x_wconf 89' lang='lat' dir='ltr'><strong>sine</strong></span> <span class='ocrx_word' id='word_1_274' title='bbox 1679 3276 1781 3333; x_wconf 61' lang='lat' dir='ltr'><strong>duo</strong></span> 
     </span>
    </p>
   </div>
   <div class='ocr_carea' id='block_1_33' title="bbox 201 3359 1785 3436">
    <p class='ocr_par' dir='ltr' id='par_1_33' title="bbox 201 3359 1785 3436">
     <span class='ocr_line' id='line_1_33' title="bbox 201 3359 1785 3436; baseline 0.008 -22"><span class='ocrx_word' id='word_1_275' title='bbox 201 3359 280 3415; x_wconf 90' lang='lat' dir='ltr'><strong>hio</strong></span> <span class='ocrx_word' id='word_1_276' title='bbox 306 3363 589 3433; x_wconf 81' lang='lat' dir='ltr'><strong>recipient.</strong></span> <span class='ocrx_word' id='word_1_277' title='bbox 627 3361 781 3428; x_wconf 84' lang='lat' dir='ltr'><strong>Quod</strong></span> <span class='ocrx_word' id='word_1_278' title='bbox 819 3364 866 3419; x_wconf 88' lang='lat' dir='ltr'><strong>si</strong></span> <span class='ocrx_word' id='word_1_279' title='bbox 909 3364 1124 3436; x_wconf 86' lang='lat' dir='ltr'><strong>Moysen</strong></span> <span class='ocrx_word' id='word_1_280' title='bbox 1169 3381 1310 3421; x_wconf 92' lang='lat' dir='ltr'><strong>nunc</strong></span> <span class='ocrx_word' id='word_1_281' title='bbox 1347 3366 1614 3436; x_wconf 80' lang='lat' dir='ltr'><strong>proferat,</strong></span> <span class='ocrx_word' id='word_1_282' title='bbox 1660 3369 1785 3426; x_wconf 86' lang='lat' dir='ltr'><strong>licet</strong></span> 
     </span>
    </p>
   </div>
   <div class='ocr_carea' id='block_1_34' title="bbox 200 3449 1784 3529">
    <p class='ocr_par' dir='ltr' id='par_1_34' title="bbox 200 3449 1784 3529">
     <span class='ocr_line' id='line_1_34' title="bbox 200 3449 1784 3529; baseline 0.007 -24"><span class='ocrx_word' id='word_1_283' title='bbox 200 3449 419 3520; x_wconf 81' lang='lat' dir='ltr'><strong>dixerit,</strong></span> <span class='ocrx_word' id='word_1_284' title='bbox 462 3451 580 3525; x_wconf 85' lang='lat' dir='ltr'><strong>Ego</strong></span> <span class='ocrx_word' id='word_1_285' title='bbox 608 3454 670 3507; x_wconf 85' lang='lat' dir='ltr'><strong>ab</strong></span> <span class='ocrx_word' id='word_1_286' title='bbox 696 3449 898 3509; x_wconf 75' lang='lat' dir='ltr'><strong>homine</strong></span> <span class='ocrx_word' id='word_1_287' title='bbox 922 3455 1260 3511; x_wconf 77' lang='lat' dir='ltr'><strong>testimonium</strong></span> <span class='ocrx_word' id='word_1_288' title='bbox 1295 3473 1397 3511; x_wconf 88' lang='lat' dir='ltr'><strong>non</strong></span> <span class='ocrx_word' id='word_1_289' title='bbox 1425 3458 1619 3529; x_wconf 79' lang='lat' dir='ltr'><strong>accipio</strong></span> <span class='ocrx_word' id='word_1_290' title='bbox 1659 3474 1680 3513; x_wconf 88' lang='lat'><strong><em>:</em></strong></span> <span class='ocrx_word' id='word_1_291' title='bbox 1717 3475 1784 3516; x_wconf 88' lang='lat' dir='ltr'><strong>ne</strong></span> 
     </span>
    </p>
   </div>
   <div class='ocr_carea' id='block_1_35' title="bbox 202 3543 1785 3617">
    <p class='ocr_par' dir='ltr' id='par_1_35' title="bbox 202 3543 1785 3617">
     <span class='ocr_line' id='line_1_35' title="bbox 202 3543 1785 3617; baseline 0.008 -23"><span class='ocrx_word' id='word_1_292' title='bbox 202 3543 400 3598; x_wconf 84' lang='lat' dir='ltr'><strong>mireris</strong></span> <span class='ocrx_word' id='word_1_293' title='bbox 431 3560 445 3597; x_wconf 89' lang='lat'><strong>:</strong></span> <span class='ocrx_word' id='word_1_294' title='bbox 478 3558 588 3599; x_wconf 89' lang='lat' dir='ltr'><strong>non</strong></span> <span class='ocrx_word' id='word_1_295' title='bbox 617 3544 758 3599; x_wconf 91' lang='lat' dir='ltr'><strong>enim</strong></span> <span class='ocrx_word' id='word_1_296' title='bbox 785 3544 852 3600; x_wconf 90' lang='lat' dir='ltr'><strong>ad</strong></span> <span class='ocrx_word' id='word_1_297' title='bbox 878 3545 1132 3617; x_wconf 83' lang='lat' dir='ltr'><strong>Moysen,</strong></span> <span class='ocrx_word' id='word_1_298' title='bbox 1160 3546 1254 3602; x_wconf 89' lang='lat' dir='ltr'><strong>sed</strong></span> <span class='ocrx_word' id='word_1_299' title='bbox 1279 3546 1346 3602; x_wconf 91' lang='lat' dir='ltr'><strong>ad</strong></span> <span class='ocrx_word' id='word_1_300' title='bbox 1373 3547 1606 3604; x_wconf 81' lang='lat' dir='ltr'><strong>divinam</strong></span> <span class='ocrx_word' id='word_1_301' title='bbox 1639 3549 1785 3606; x_wconf 84' lang='lat' dir='ltr'><strong>Scri-</strong></span> 
     </span>
    </p>
   </div>
   <div class='ocr_carea' id='block_1_36' title="bbox 202 3635 1781 3710">
    <p class='ocr_par' dir='ltr' id='par_1_36' title="bbox 202 3635 1781 3710">
     <span class='ocr_line' id='line_1_36' title="bbox 202 3635 1781 3710; baseline 0.008 -24"><span class='ocrx_word' id='word_1_302' title='bbox 202 3641 396 3701; x_wconf 88' lang='lat' dir='ltr'><strong>pturam</strong></span> <span class='ocrx_word' id='word_1_303' title='bbox 425 3635 546 3691; x_wconf 88' lang='lat' dir='ltr'><strong>illos</strong></span> <span class='ocrx_word' id='word_1_304' title='bbox 574 3636 814 3691; x_wconf 86' lang='lat' dir='ltr'><strong>remittit.</strong></span> <span class='ocrx_word' id='word_1_305' title='bbox 841 3635 1036 3693; x_wconf 82' lang='lat' dir='ltr'><strong>Verum</strong></span> <span class='ocrx_word' id='word_1_306' title='bbox 1063 3638 1184 3707; x_wconf 88' lang='lat' dir='ltr'><strong>quia</strong></span> <span class='ocrx_word' id='word_1_307' title='bbox 1210 3638 1497 3710; x_wconf 69' lang='lat' dir='ltr'><strong>Scriptura:</strong></span> <span class='ocrx_word' id='word_1_308' title='bbox 1520 3642 1781 3698; x_wconf 90' lang='lat' dir='ltr'><strong>minorem</strong></span> 
     </span>
    </p>
   </div>
   <div class='ocr_carea' id='block_1_37' title="bbox 204 3720 1781 3800">
    <p class='ocr_par' dir='ltr' id='par_1_37' title="bbox 204 3720 1781 3800">
     <span class='ocr_line' id='line_1_37' title="bbox 204 3720 1781 3800; baseline 0.008 -26"><span class='ocrx_word' id='word_1_309' title='bbox 204 3720 299 3777; x_wconf 83' lang='lat' dir='ltr'><strong>illis</strong></span> <span class='ocrx_word' id='word_1_310' title='bbox 323 3736 582 3780; x_wconf 87' lang='lat' dir='ltr'><strong>terrorem</strong></span> <span class='ocrx_word' id='word_1_311' title='bbox 607 3723 930 3791; x_wconf 77' lang='lat' dir='ltr'><strong>aﬂ‘erebant,</strong></span> <span class='ocrx_word' id='word_1_312' title='bbox 973 3727 1334 3798; x_wconf 87' lang='lat' dir='ltr'><strong>iegislatorem</strong></span> <span class='ocrx_word' id='word_1_313' title='bbox 1362 3730 1530 3800; x_wconf 88' lang='lat' dir='ltr'><strong>ipsum</strong></span> <span class='ocrx_word' id='word_1_314' title='bbox 1561 3746 1781 3788; x_wconf 85' lang='lat' dir='ltr'><strong>accusa-</strong></span> 
     </span>
    </p>
   </div>
   <div class='ocr_carea' id='block_1_38' title="bbox 205 3815 1785 3889">
    <p class='ocr_par' dir='ltr' id='par_1_38' title="bbox 205 3815 1785 3889">
     <span class='ocr_line' id='line_1_38' title="bbox 205 3815 1785 3889; baseline 0.009 -24"><span class='ocrx_word' id='word_1_315' title='bbox 205 3820 362 3869; x_wconf 86' lang='lat' dir='ltr'><strong>torem</strong></span> <span class='ocrx_word' id='word_1_316' title='bbox 388 3815 648 3872; x_wconf 87' lang='lat' dir='ltr'><strong>inducens</strong></span> <span class='ocrx_word' id='word_1_317' title='bbox 664 3858 679 3884; x_wconf 98' lang='lat'><strong>,</strong></span> <span class='ocrx_word' id='word_1_318' title='bbox 707 3820 967 3888; x_wconf 88' lang='lat' dir='ltr'><strong>majorem</strong></span> <span class='ocrx_word' id='word_1_319' title='bbox 990 3819 1094 3874; x_wconf 88' lang='lat' dir='ltr'><strong>illis</strong></span> <span class='ocrx_word' id='word_1_320' title='bbox 1112 3828 1311 3875; x_wconf 88' lang='lat' dir='ltr'><strong>metum</strong></span> <span class='ocrx_word' id='word_1_321' title='bbox 1336 3822 1577 3889; x_wconf 87' lang='lat' dir='ltr'><strong>incussit,</strong></span> <span class='ocrx_word' id='word_1_322' title='bbox 1602 3833 1651 3879; x_wconf 88' lang='lat' dir='ltr'><strong>et</strong></span> <span class='ocrx_word' id='word_1_323' title='bbox 1675 3825 1785 3879; x_wconf 91' lang='lat' dir='ltr'><strong>sin-</strong></span> 
     </span>
    </p>
   </div>
   <div class='ocr_carea' id='block_1_39' title="bbox 203 3904 1780 3970">
    <p class='ocr_par' dir='ltr' id='par_1_39' title="bbox 203 3904 1780 3970">
     <span class='ocr_line' id='line_1_39' title="bbox 203 3904 1780 3970; baseline 0.008 -14"><span class='ocrx_word' id='word_1_324' title='bbox 203 3904 312 3970; x_wconf 86' lang='lat' dir='ltr'><strong>gula</strong></span> <span class='ocrx_word' id='word_1_325' title='bbox 335 3919 518 3961; x_wconf 89' lang='lat' dir='ltr'><strong>eorum</strong></span> <span class='ocrx_word' id='word_1_326' title='bbox 541 3905 681 3961; x_wconf 89' lang='lat' dir='ltr'><strong>dicta</strong></span> <span class='ocrx_word' id='word_1_327' title='bbox 702 3906 959 3962; x_wconf 89' lang='lat' dir='ltr'><strong>confutat.</strong></span> <span class='ocrx_word' id='word_1_328' title='bbox 984 3907 1080 3963; x_wconf 86' lang='lat' dir='ltr'><strong>Hic</strong></span> <span class='ocrx_word' id='word_1_329' title='bbox 1099 3921 1276 3965; x_wconf 85' lang='lat' dir='ltr'><strong>autem</strong></span> <span class='ocrx_word' id='word_1_330' title='bbox 1303 3915 1538 3967; x_wconf 88' lang='lat' dir='ltr'><strong>animum</strong></span> <span class='ocrx_word' id='word_1_331' title='bbox 1564 3914 1780 3970; x_wconf 88' lang='lat' dir='ltr'><strong>adhibe.</strong></span> 
     </span>
    </p>
   </div>
   <div class='ocr_carea' id='block_1_40' title="bbox 207 3993 1786 4074">
    <p class='ocr_par' dir='ltr' id='par_1_40' title="bbox 207 3993 1786 4074">
     <span class='ocr_line' id='line_1_40' title="bbox 207 3993 1786 4074; baseline 0.01 -27"><span class='ocrx_word' id='word_1_332' title='bbox 207 3993 449 4053; x_wconf 88' lang='lat' dir='ltr'><strong>Dicebant</strong></span> <span class='ocrx_word' id='word_1_333' title='bbox 486 4013 549 4054; x_wconf 89' lang='lat' dir='ltr'><strong>se</strong></span> <span class='ocrx_word' id='word_1_334' title='bbox 592 4015 657 4053; x_wconf 90' lang='lat' dir='ltr'><strong>ex</strong></span> <span class='ocrx_word' id='word_1_335' title='bbox 703 3999 794 4055; x_wconf 87' lang='lat' dir='ltr'><strong>Dei</strong></span> <span class='ocrx_word' id='word_1_336' title='bbox 828 4015 1011 4057; x_wconf 91' lang='lat' dir='ltr'><strong>amore</strong></span> <span class='ocrx_word' id='word_1_337' title='bbox 1053 4002 1201 4058; x_wconf 91' lang='lat' dir='ltr'><strong>illum</strong></span> <span class='ocrx_word' id='word_1_338' title='bbox 1242 4006 1519 4074; x_wconf 89' lang='lat' dir='ltr'><strong>persequi;</strong></span> <span class='ocrx_word' id='word_1_339' title='bbox 1553 4008 1786 4063; x_wconf 88' lang='lat' dir='ltr'><strong>ostendit</strong></span> 
     </span>
    </p>
   </div>
   <div class='ocr_carea' id='block_1_41' title="bbox 206 4084 1786 4170">
    <p class='ocr_par' dir='ltr' id='par_1_41' title="bbox 206 4084 1786 4170">
     <span class='ocr_line' id='line_1_41' title="bbox 206 4084 1786 4170; baseline 0.01 -33"><span class='ocrx_word' id='word_1_340' title='bbox 206 4084 289 4140; x_wconf 89' lang='lat' dir='ltr'><strong>ille</strong></span> <span class='ocrx_word' id='word_1_341' title='bbox 311 4087 452 4156; x_wconf 87' lang='lat' dir='ltr'><strong>ipsos</strong></span> <span class='ocrx_word' id='word_1_342' title='bbox 481 4104 550 4143; x_wconf 92' lang='lat' dir='ltr'><strong>ex</strong></span> <span class='ocrx_word' id='word_1_343' title='bbox 588 4089 680 4144; x_wconf 88' lang='lat' dir='ltr'><strong>Dei</strong></span> <span class='ocrx_word' id='word_1_344' title='bbox 709 4089 832 4167; x_wconf 73' lang='lat' dir='ltr'><strong>odio</strong></span> <span class='ocrx_word' id='word_1_345' title='bbox 879 4091 931 4145; x_wconf 89' lang='lat' dir='ltr'><strong>id</strong></span> <span class='ocrx_word' id='word_1_346' title='bbox 971 4091 1170 4148; x_wconf 84' lang='lat' dir='ltr'><strong>facere.</strong></span> <span class='ocrx_word' id='word_1_347' title='bbox 1213 4095 1471 4150; x_wconf 85' lang='lat' dir='ltr'><strong>Dicebant</strong></span> <span class='ocrx_word' id='word_1_348' title='bbox 1516 4112 1574 4152; x_wconf 92' lang='lat' dir='ltr'><strong>se</strong></span> <span class='ocrx_word' id='word_1_349' title='bbox 1615 4098 1786 4170; x_wconf 87' lang='lat' dir='ltr'><strong>Moysi</strong></span> 
     </span>
    </p>
   </div>
   <div class='ocr_carea' id='block_1_42' title="bbox 206 4173 1782 4258">
    <p class='ocr_par' dir='ltr' id='par_1_42' title="bbox 206 4173 1782 4258">
     <span class='ocr_line' id='line_1_42' title="bbox 206 4173 1782 4258; baseline 0.012 -33"><span class='ocrx_word' id='word_1_350' title='bbox 206 4173 396 4234; x_wconf 72' lang='lat' dir='ltr'><strong>haerere</strong></span> <span class='ocrx_word' id='word_1_351' title='bbox 421 4220 436 4242; x_wconf 93' lang='lat'><strong>,</strong></span> <span class='ocrx_word' id='word_1_352' title='bbox 471 4179 565 4234; x_wconf 89' lang='lat' dir='ltr'><strong>ille</strong></span> <span class='ocrx_word' id='word_1_353' title='bbox 590 4180 778 4249; x_wconf 89' lang='lat' dir='ltr'><strong>probat</strong></span> <span class='ocrx_word' id='word_1_354' title='bbox 807 4181 950 4251; x_wconf 90' lang='lat' dir='ltr'><strong>ipsos</strong></span> <span class='ocrx_word' id='word_1_355' title='bbox 978 4183 1029 4238; x_wconf 93' lang='lat' dir='ltr'><strong>id</strong></span> <span class='ocrx_word' id='word_1_356' title='bbox 1055 4198 1245 4254; x_wconf 86' lang='lat' dir='ltr'><strong>agere,</strong></span> <span class='ocrx_word' id='word_1_357' title='bbox 1288 4186 1429 4254; x_wconf 86' lang='lat' dir='ltr'><strong>quod</strong></span> <span class='ocrx_word' id='word_1_358' title='bbox 1471 4186 1636 4258; x_wconf 84' lang='lat' dir='ltr'><strong>Moysi</strong></span> <span class='ocrx_word' id='word_1_359' title='bbox 1675 4205 1782 4244; x_wconf 89' lang='lat' dir='ltr'><strong>non</strong></span> 
     </span>
    </p>
   </div>
   <div class='ocr_carea' id='block_1_43' title="bbox 205 4267 1787 4349">
    <p class='ocr_par' dir='ltr' id='par_1_43' title="bbox 205 4267 1787 4349">
     <span class='ocr_line' id='line_1_43' title="bbox 205 4267 1787 4349; baseline 0.011 -30"><span class='ocrx_word' id='word_1_360' title='bbox 205 4267 491 4325; x_wconf 85' lang='lat' dir='ltr'><strong>crederent.</strong></span> <span class='ocrx_word' id='word_1_361' title='bbox 539 4271 674 4326; x_wconf 82' lang='lat' dir='ltr'><strong>Nam</strong></span> <span class='ocrx_word' id='word_1_362' title='bbox 713 4272 758 4328; x_wconf 90' lang='lat' dir='ltr'><strong>si</strong></span> <span class='ocrx_word' id='word_1_363' title='bbox 802 4273 934 4343; x_wconf 88' lang='lat' dir='ltr'><strong>legis</strong></span> <span class='ocrx_word' id='word_1_364' title='bbox 971 4276 1143 4330; x_wconf 90' lang='lat' dir='ltr'><strong>studio</strong></span> <span class='ocrx_word' id='word_1_365' title='bbox 1187 4277 1520 4345; x_wconf 85' lang='lat' dir='ltr'><strong>tenebantur,</strong></span> <span class='ocrx_word' id='word_1_366' title='bbox 1550 4281 1787 4349; x_wconf 90' lang='lat' dir='ltr'><strong>oportuit</strong></span> 
     </span>
    </p>
   </div>
   <div class='ocr_carea' id='block_1_44' title="bbox 207 4354 1783 4444">
    <p class='ocr_par' dir='ltr' id='par_1_44' title="bbox 207 4354 1783 4444">
     <span class='ocr_line' id='line_1_44' title="bbox 207 4354 1783 4444; baseline 0.013 -35"><span class='ocrx_word' id='word_1_367' title='bbox 207 4354 341 4413; x_wconf 89' lang='lat' dir='ltr'><strong>illum</strong></span> <span class='ocrx_word' id='word_1_368' title='bbox 370 4362 615 4432; x_wconf 78' lang='lat' dir='ltr'><strong>recipere</strong></span> <span class='ocrx_word' id='word_1_369' title='bbox 642 4363 733 4432; x_wconf 88' lang='lat' dir='ltr'><strong>qui</strong></span> <span class='ocrx_word' id='word_1_370' title='bbox 764 4364 932 4435; x_wconf 86' lang='lat' dir='ltr'><strong>legem</strong></span> <span class='ocrx_word' id='word_1_371' title='bbox 974 4366 1228 4436; x_wconf 88' lang='lat' dir='ltr'><strong>implebat</strong></span> <span class='ocrx_word' id='word_1_372' title='bbox 1273 4387 1285 4423; x_wconf 93' lang='lat'>:</span> <span class='ocrx_word' id='word_1_373' title='bbox 1328 4370 1371 4423; x_wconf 88' lang='lat' dir='ltr'><strong>si</strong></span> <span class='ocrx_word' id='word_1_374' title='bbox 1400 4369 1566 4425; x_wconf 90' lang='lat' dir='ltr'><strong>Deum</strong></span> <span class='ocrx_word' id='word_1_375' title='bbox 1595 4372 1783 4444; x_wconf 88' lang='lat' dir='ltr'><strong>dilige-</strong></span> 
     </span>
    </p>
   </div>
   <div class='ocr_carea' id='block_1_45' title="bbox 206 4445 1784 4527">
    <p class='ocr_par' dir='ltr' id='par_1_45' title="bbox 206 4445 1784 4527">
     <span class='ocr_line' id='line_1_45' title="bbox 206 4445 1784 4527; baseline 0.012 -25"><span class='ocrx_word' id='word_1_376' title='bbox 206 4445 354 4516; x_wconf 85' lang='lat' dir='ltr'><strong>bant,</strong></span> <span class='ocrx_word' id='word_1_377' title='bbox 386 4452 459 4506; x_wconf 89' lang='lat' dir='ltr'><strong>illi</strong></span> <span class='ocrx_word' id='word_1_378' title='bbox 484 4453 708 4508; x_wconf 80' lang='lat' dir='ltr'><strong>credere</strong></span> <span class='ocrx_word' id='word_1_379' title='bbox 734 4469 830 4524; x_wconf 89' lang='lat' dir='ltr'><strong>par</strong></span> <span class='ocrx_word' id='word_1_380' title='bbox 847 4467 990 4520; x_wconf 91' lang='lat' dir='ltr'><strong>erat,</strong></span> <span class='ocrx_word' id='word_1_381' title='bbox 1018 4459 1107 4527; x_wconf 90' lang='lat' dir='ltr'><strong>qui</strong></span> <span class='ocrx_word' id='word_1_382' title='bbox 1137 4459 1203 4513; x_wconf 90' lang='lat' dir='ltr'><strong>ad</strong></span> <span class='ocrx_word' id='word_1_383' title='bbox 1230 4459 1395 4514; x_wconf 89' lang='lat' dir='ltr'><strong>Deum</strong></span> <span class='ocrx_word' id='word_1_384' title='bbox 1427 4461 1669 4522; x_wconf 84' lang='lat' dir='ltr'><strong>trahebat</strong></span> <span class='ocrx_word' id='word_1_385' title='bbox 1697 4484 1712 4519; x_wconf 88' lang='lat'><strong>:</strong></span> <span class='ocrx_word' id='word_1_386' title='bbox 1738 4467 1784 4521; x_wconf 90' lang='lat' dir='ltr'><strong>si</strong></span> 
     </span>
    </p>
   </div>
   <div class='ocr_carea' id='block_1_46' title="bbox 207 4537 1785 4629">
    <p class='ocr_par' dir='ltr' id='par_1_46' title="bbox 207 4537 1785 4629">
     <span class='ocr_line' id='line_1_46' title="bbox 207 4537 1785 4629; baseline 0.014 -36"><span class='ocrx_word' id='word_1_387' title='bbox 207 4537 358 4612; x_wconf 80' lang='lat' dir='ltr'><strong>Moysi</strong></span> <span class='ocrx_word' id='word_1_388' title='bbox 385 4545 716 4612; x_wconf 87' lang='lat' dir='ltr'><strong>credebant,</strong></span> <span class='ocrx_word' id='word_1_389' title='bbox 747 4549 980 4617; x_wconf 88' lang='lat' dir='ltr'><strong>oportuit</strong></span> <span class='ocrx_word' id='word_1_390' title='bbox 1010 4550 1161 4604; x_wconf 90' lang='lat' dir='ltr'><strong>illum</strong></span> <span class='ocrx_word' id='word_1_391' title='bbox 1199 4551 1426 4608; x_wconf 89' lang='lat' dir='ltr'><strong>adorare</strong></span> <span class='ocrx_word' id='word_1_392' title='bbox 1470 4541 1628 4626; x_wconf 80' lang='lat' dir='ltr'><strong>quem</strong></span> <span class='ocrx_word' id='word_1_393' title='bbox 1672 4558 1785 4629; x_wconf 90' lang='lat' dir='ltr'><strong>ipse</strong></span> 
     </span>
    </p>
   </div>
   <div class='ocr_carea' id='block_1_47' title="bbox 205 4636 1786 4720">
    <p class='ocr_par' dir='ltr' id='par_1_47' title="bbox 205 4636 1786 4720">
     <span class='ocr_line' id='line_1_47' title="bbox 205 4636 1786 4720; baseline 0.013 -35"><span class='ocrx_word' id='word_1_394' title='bbox 205 4636 587 4698; x_wconf 65' lang='lat' dir='ltr'><strong>pranuntiavit.</strong></span> <span class='ocrx_word' id='word_1_395' title='bbox 616 4636 770 4703; x_wconf 86' lang='lat' dir='ltr'><strong>Quod</strong></span> <span class='ocrx_word' id='word_1_396' title='bbox 791 4639 835 4693; x_wconf 88' lang='lat' dir='ltr'><strong>si</strong></span> <span class='ocrx_word' id='word_1_397' title='bbox 862 4638 936 4693; x_wconf 89' lang='lat' dir='ltr'><strong>illi</strong></span> <span class='ocrx_word' id='word_1_398' title='bbox 971 4640 1278 4712; x_wconf 87' lang='lat' dir='ltr'><strong>priusquam</strong></span> <span class='ocrx_word' id='word_1_399' title='bbox 1311 4643 1439 4698; x_wconf 90' lang='lat' dir='ltr'><strong>mihi</strong></span> <span class='ocrx_word' id='word_1_400' title='bbox 1466 4645 1599 4702; x_wconf 83' lang='lat' dir='ltr'><strong>fides</strong></span> <span class='ocrx_word' id='word_1_401' title='bbox 1626 4663 1786 4720; x_wconf 88' lang='lat' dir='ltr'><strong>nega-</strong></span> 
     </span>
    </p>
   </div>
   <div class='ocr_carea' id='block_1_48' title="bbox 207 4727 1784 4804">
    <p class='ocr_par' dir='ltr' id='par_1_48' title="bbox 207 4727 1784 4804">
     <span class='ocr_line' id='line_1_48' title="bbox 207 4727 1784 4804; baseline 0.013 -28"><span class='ocrx_word' id='word_1_402' title='bbox 207 4728 302 4790; x_wconf 88' lang='lat' dir='ltr'><strong>tur,</strong></span> <span class='ocrx_word' id='word_1_403' title='bbox 331 4727 457 4782; x_wconf 89' lang='lat' dir='ltr'><strong>nihil</strong></span> <span class='ocrx_word' id='word_1_404' title='bbox 487 4730 689 4783; x_wconf 89' lang='lat' dir='ltr'><strong>mirum</strong></span> <span class='ocrx_word' id='word_1_405' title='bbox 721 4731 764 4784; x_wconf 90' lang='lat' dir='ltr'><strong>si</strong></span> <span class='ocrx_word' id='word_1_406' title='bbox 790 4745 890 4800; x_wconf 91' lang='lat' dir='ltr'><strong>ego</strong></span> <span class='ocrx_word' id='word_1_407' title='bbox 915 4731 984 4787; x_wconf 90' lang='lat' dir='ltr'><strong>ab</strong></span> <span class='ocrx_word' id='word_1_408' title='bbox 1012 4732 1105 4787; x_wconf 89' lang='lat' dir='ltr'><strong>illo</strong></span> <span class='ocrx_word' id='word_1_409' title='bbox 1133 4736 1520 4804; x_wconf 75' lang='lat' dir='ltr'><strong>prmnuntiatns</strong></span> <span class='ocrx_word' id='word_1_410' title='bbox 1559 4753 1589 4792; x_wconf 91' lang='lat' dir='ltr'><strong>a</strong></span> <span class='ocrx_word' id='word_1_411' title='bbox 1633 4740 1784 4797; x_wconf 90' lang='lat' dir='ltr'><strong>vobis</strong></span> 
     </span>
    </p>
   </div>
   <div class='ocr_carea' id='block_1_49' title="bbox 206 4818 1798 4900">
    <p class='ocr_par' dir='ltr' id='par_1_49' title="bbox 206 4818 1798 4900">
     <span class='ocr_line' id='line_1_49' title="bbox 206 4818 1798 4900; baseline 0.014 -33"><span class='ocrx_word' id='word_1_412' title='bbox 206 4818 453 4886; x_wconf 87' lang='lat' dir='ltr'><strong>expellor.</strong></span> <span class='ocrx_word' id='word_1_413' title='bbox 487 4821 644 4876; x_wconf 88' lang='lat' dir='ltr'><strong>Sicut</strong></span> <span class='ocrx_word' id='word_1_414' title='bbox 670 4837 799 4893; x_wconf 81' lang='lat' dir='ltr'><strong>ergo</strong></span> <span class='ocrx_word' id='word_1_415' title='bbox 826 4825 963 4892; x_wconf 88' lang='lat' dir='ltr'><strong>illos,</strong></span> <span class='ocrx_word' id='word_1_416' title='bbox 1007 4827 1095 4895; x_wconf 89' lang='lat' dir='ltr'><strong>qui</strong></span> <span class='ocrx_word' id='word_1_417' title='bbox 1129 4827 1390 4884; x_wconf 84' lang='lat' dir='ltr'><strong>Joannem</strong></span> <span class='ocrx_word' id='word_1_418' title='bbox 1433 4832 1798 4900; x_wconf 52' lang='lat' dir='ltr'><strong>mirabanturp</strong></span> 
     </span>
    </p>
   </div>
   <div class='ocr_carea' id='block_1_50' title="bbox 207 4909 1786 4992">
    <p class='ocr_par' dir='ltr' id='par_1_50' title="bbox 207 4909 1786 4992">
     <span class='ocr_line' id='line_1_50' title="bbox 207 4909 1786 4992; baseline 0.016 -34"><span class='ocrx_word' id='word_1_419' title='bbox 207 4909 420 4965; x_wconf 90' lang='lat' dir='ltr'><strong>ostendit</strong></span> <span class='ocrx_word' id='word_1_420' title='bbox 440 4913 616 4982; x_wconf 89' lang='lat' dir='ltr'><strong>ipsum</strong></span> <span class='ocrx_word' id='word_1_421' title='bbox 638 4913 895 4970; x_wconf 83' lang='lat' dir='ltr'><strong>Joannem</strong></span> <span class='ocrx_word' id='word_1_422' title='bbox 918 4916 1193 4987; x_wconf 88' lang='lat' dir='ltr'><strong>despicere</strong></span> <span class='ocrx_word' id='word_1_423' title='bbox 1209 4920 1356 4975; x_wconf 89' lang='lat' dir='ltr'><strong>abiis</strong></span> <span class='ocrx_word' id='word_1_424' title='bbox 1377 4938 1494 4992; x_wconf 76' lang='lat' dir='ltr'><strong>qum</strong></span> <span class='ocrx_word' id='word_1_425' title='bbox 1517 4934 1699 4980; x_wconf 91' lang='lat' dir='ltr'><strong>contra</strong></span> <span class='ocrx_word' id='word_1_426' title='bbox 1726 4943 1786 4984; x_wconf 91' lang='lat' dir='ltr'><strong>se</strong></span> 
     </span>
    </p>
   </div>
   <div class='ocr_carea' id='block_1_51' title="bbox 206 5004 1786 5087">
    <p class='ocr_par' dir='ltr' id='par_1_51' title="bbox 206 5004 1786 5087">
     <span class='ocr_line' id='line_1_51' title="bbox 206 5004 1786 5087; baseline 0.015 -38"><span class='ocrx_word' id='word_1_427' title='bbox 206 5007 568 5068; x_wconf 87' lang='lat' dir='ltr'><strong>perpetrarunt</strong></span> <span class='ocrx_word' id='word_1_428' title='bbox 600 5021 614 5058; x_wconf 88' lang='lat'><strong>:</strong></span> <span class='ocrx_word' id='word_1_429' title='bbox 641 5004 720 5060; x_wconf 91' lang='lat' dir='ltr'><strong>sic</strong></span> <span class='ocrx_word' id='word_1_430' title='bbox 743 5005 960 5061; x_wconf 88' lang='lat' dir='ltr'><strong>eosdem</strong></span> <span class='ocrx_word' id='word_1_431' title='bbox 981 5048 996 5072; x_wconf 93' lang='lat'><strong>,</strong></span> <span class='ocrx_word' id='word_1_432' title='bbox 1019 5024 1142 5064; x_wconf 91' lang='lat' dir='ltr'><strong>cum</strong></span> <span class='ocrx_word' id='word_1_433' title='bbox 1166 5025 1224 5065; x_wconf 90' lang='lat' dir='ltr'><strong>se</strong></span> <span class='ocrx_word' id='word_1_434' title='bbox 1250 5010 1416 5082; x_wconf 87' lang='lat' dir='ltr'><strong>Moysi</strong></span> <span class='ocrx_word' id='word_1_435' title='bbox 1443 5015 1666 5071; x_wconf 87' lang='lat' dir='ltr'><strong>credere</strong></span> <span class='ocrx_word' id='word_1_436' title='bbox 1689 5033 1786 5087; x_wconf 86' lang='lat' dir='ltr'><strong>pu-</strong></span> 
     </span>
    </p>
   </div>
   <div class='ocr_carea' id='block_1_52' title="bbox 207 5093 1781 5178">
    <p class='ocr_par' dir='ltr' id='par_1_52' title="bbox 207 5093 1781 5178">
     <span class='ocr_line' id='line_1_52' title="bbox 207 5093 1781 5178; baseline 0.017 -39"><span class='ocrx_word' id='word_1_437' title='bbox 207 5093 554 5161; x_wconf 54' lang='lat' dir='ltr'><strong>tcngipsinon</strong></span> <span class='ocrx_word' id='word_1_438' title='bbox 571 5095 792 5151; x_wconf 87' lang='lat' dir='ltr'><strong>credere</strong></span> <span class='ocrx_word' id='word_1_439' title='bbox 809 5100 1180 5173; x_wconf 86' lang='lat' dir='ltr'><strong>probat,atque</strong></span> <span class='ocrx_word' id='word_1_440' title='bbox 1196 5105 1373 5159; x_wconf 90' lang='lat' dir='ltr'><strong>omnia</strong></span> <span class='ocrx_word' id='word_1_441' title='bbox 1390 5121 1508 5176; x_wconf 74' lang='lat' dir='ltr'><strong>quze</strong></span> <span class='ocrx_word' id='word_1_442' title='bbox 1521 5123 1620 5178; x_wconf 91' lang='lat' dir='ltr'><strong>pro</strong></span> <span class='ocrx_word' id='word_1_443' title='bbox 1634 5125 1693 5165; x_wconf 89' lang='lat' dir='ltr'><strong>se</strong></span> <span class='ocrx_word' id='word_1_444' title='bbox 1708 5111 1781 5166; x_wconf 90' lang='lat' dir='ltr'><strong>illi</strong></span> 
     </span>
    </p>
   </div>
   <div class='ocr_carea' id='block_1_53' title="bbox 205 5180 1780 5272">
    <p class='ocr_par' dir='ltr' id='par_1_53' title="bbox 205 5180 1780 5272">
     <span class='ocr_line' id='line_1_53' title="bbox 205 5180 1780 5272; baseline 0.012 -33"><span class='ocrx_word' id='word_1_445' title='bbox 205 5180 496 5272; x_wconf 52' lang='lat' dir='ltr'><strong>efferebant,</strong></span> <span class='ocrx_word' id='word_1_446' title='bbox 526 5189 582 5244; x_wconf 91' lang='lat' dir='ltr'><strong>in</strong></span> <span class='ocrx_word' id='word_1_447' title='bbox 602 5201 761 5262; x_wconf 88' lang='lat' dir='ltr'><strong>caput</strong></span> <span class='ocrx_word' id='word_1_448' title='bbox 783 5193 1017 5262; x_wconf 87' lang='lat' dir='ltr'><strong>ipsorum</strong></span> <span class='ocrx_word' id='word_1_449' title='bbox 1043 5207 1336 5268; x_wconf 90' lang='lat' dir='ltr'><strong>retorquet.</strong></span> <span class='ocrx_word' id='word_1_450' title='bbox 1362 5199 1589 5256; x_wconf 89' lang='lat' dir='ltr'><strong>Tantum</strong></span> <span class='ocrx_word' id='word_1_451' title='bbox 1610 5203 1780 5272; x_wconf 88' lang='lat' dir='ltr'><strong>abest,</strong></span> 
     </span>
    </p>
   </div>
   <div class='ocr_carea' id='block_1_54' title="bbox 208 5269 1779 5363">
    <p class='ocr_par' dir='ltr' id='par_1_54' title="bbox 208 5269 1779 5363">
     <span class='ocr_line' id='line_1_54' title="bbox 208 5269 1779 5363; baseline 0.018 -40"><span class='ocrx_word' id='word_1_452' title='bbox 208 5269 388 5346; x_wconf 86' lang='lat' dir='ltr'><strong>inquit,</strong></span> <span class='ocrx_word' id='word_1_453' title='bbox 420 5288 476 5335; x_wconf 92' lang='lat' dir='ltr'><strong>ut</strong></span> <span class='ocrx_word' id='word_1_454' title='bbox 502 5295 604 5336; x_wconf 83' lang='lat' dir='ltr'><strong>vos</strong></span> <span class='ocrx_word' id='word_1_455' title='bbox 630 5296 661 5334; x_wconf 88' lang='lat' dir='ltr'><strong>a</strong></span> <span class='ocrx_word' id='word_1_456' title='bbox 691 5282 808 5354; x_wconf 88' lang='lat' dir='ltr'><strong>lege</strong></span> <span class='ocrx_word' id='word_1_457' title='bbox 827 5285 1116 5352; x_wconf 85' lang='lat' dir='ltr'><strong>retraham,</strong></span> <span class='ocrx_word' id='word_1_458' title='bbox 1139 5298 1197 5343; x_wconf 87' lang='lat' dir='ltr'><strong>ut</strong></span> <span class='ocrx_word' id='word_1_459' title='bbox 1223 5289 1395 5360; x_wconf 90' lang='lat' dir='ltr'><strong>ipsum</strong></span> <span class='ocrx_word' id='word_1_460' title='bbox 1425 5269 1779 5363; x_wconf 84' lang='lat' dir='ltr'><strong>legislatorem</strong></span> 
     </span>
    </p>
   </div>
   <div class='ocr_carea' id='block_1_55' title="bbox 205 5374 1780 5454">
    <p class='ocr_par' dir='ltr' id='par_1_55' title="bbox 205 5374 1780 5454">
     <span class='ocr_line' id='line_1_55' title="bbox 205 5374 1780 5454; baseline 0.017 -38"><span class='ocrx_word' id='word_1_461' title='bbox 205 5375 372 5423; x_wconf 87' lang='lat' dir='ltr'><strong>contra</strong></span> <span class='ocrx_word' id='word_1_462' title='bbox 396 5386 490 5427; x_wconf 87' lang='lat' dir='ltr'><strong>vos</strong></span> <span class='ocrx_word' id='word_1_463' title='bbox 522 5380 715 5428; x_wconf 89' lang='lat' dir='ltr'><strong>testem</strong></span> <span class='ocrx_word' id='word_1_464' title='bbox 759 5374 1036 5434; x_wconf 88' lang='lat' dir='ltr'><strong>advocem.</strong></span> <span class='ocrx_word' id='word_1_465' title='bbox 1073 5380 1225 5448; x_wconf 86' lang='lat' dir='ltr'><strong>Quod</strong></span> <span class='ocrx_word' id='word_1_466' title='bbox 1256 5397 1383 5452; x_wconf 89' lang='lat' dir='ltr'><strong>ergo</strong></span> <span class='ocrx_word' id='word_1_467' title='bbox 1412 5384 1698 5454; x_wconf 73' lang='lat' dir='ltr'><strong>Scriptura:</strong></span> <span class='ocrx_word' id='word_1_468' title='bbox 1730 5389 1780 5443; x_wconf 90' lang='lat' dir='ltr'><strong>id</strong></span> 
     </span>
    </p>
   </div>
   <div class='ocr_carea' id='block_1_56' title="bbox 209 5457 1780 5548">
    <p class='ocr_par' dir='ltr' id='par_1_56' title="bbox 209 5457 1780 5548">
     <span class='ocr_line' id='line_1_56' title="bbox 209 5457 1780 5548; baseline 0.018 -41"><span class='ocrx_word' id='word_1_469' title='bbox 209 5457 548 5548; x_wconf 78' lang='lat' dir='ltr'><strong>testiﬁcentur</strong></span> <span class='ocrx_word' id='word_1_470' title='bbox 569 5463 732 5531; x_wconf 88' lang='lat' dir='ltr'><strong>dicit;</strong></span> <span class='ocrx_word' id='word_1_471' title='bbox 776 5467 864 5522; x_wconf 89' lang='lat' dir='ltr'><strong>ubi</strong></span> <span class='ocrx_word' id='word_1_472' title='bbox 899 5483 1076 5525; x_wconf 81' lang='lat' dir='ltr'><strong>autem</strong></span> <span class='ocrx_word' id='word_1_473' title='bbox 1107 5473 1457 5529; x_wconf 79' lang='lat' dir='ltr'><strong>testiﬁcantur</strong></span> <span class='ocrx_word' id='word_1_474' title='bbox 1483 5491 1589 5530; x_wconf 92' lang='lat' dir='ltr'><strong>non</strong></span> <span class='ocrx_word' id='word_1_475' title='bbox 1631 5478 1780 5548; x_wconf 85' lang='lat' dir='ltr'><strong>adje-</strong></span> 
     </span>
    </p>
   </div>
   <div class='ocr_carea' id='block_1_57' title="bbox 207 5546 1780 5640">
    <p class='ocr_par' dir='ltr' id='par_1_57' title="bbox 207 5546 1780 5640">
     <span class='ocr_line' id='line_1_57' title="bbox 207 5546 1780 5640; baseline 0.019 -41"><span class='ocrx_word' id='word_1_476' title='bbox 207 5546 299 5604; x_wconf 86' lang='lat' dir='ltr'><strong>cit:</strong></span> <span class='ocrx_word' id='word_1_477' title='bbox 327 5555 583 5624; x_wconf 85' lang='lat' dir='ltr'><strong>majorem</strong></span> <span class='ocrx_word' id='word_1_478' title='bbox 621 5558 724 5615; x_wconf 89' lang='lat' dir='ltr'><strong>illis</strong></span> <span class='ocrx_word' id='word_1_479' title='bbox 765 5560 1006 5618; x_wconf 89' lang='lat' dir='ltr'><strong>timorem</strong></span> <span class='ocrx_word' id='word_1_480' title='bbox 1047 5564 1286 5621; x_wconf 82' lang='lat' dir='ltr'><strong>incuterc</strong></span> <span class='ocrx_word' id='word_1_481' title='bbox 1327 5569 1510 5623; x_wconf 86' lang='lat' dir='ltr'><strong>volens</strong></span> <span class='ocrx_word' id='word_1_482' title='bbox 1538 5579 1594 5623; x_wconf 93' lang='lat' dir='ltr'><strong>ut</strong></span> <span class='ocrx_word' id='word_1_483' title='bbox 1637 5546 1780 5640; x_wconf 81' lang='lat' dir='ltr'><strong>ipsos</strong></span> 
     </span>
    </p>
   </div>
   <div class='ocr_carea' id='block_1_58' title="bbox 216 5642 1779 5725">
    <p class='ocr_par' dir='ltr' id='par_1_58' title="bbox 216 5642 1779 5725">
     <span class='ocr_line' id='line_1_58' title="bbox 216 5642 1779 5725; baseline 0.015 -30"><span class='ocrx_word' id='word_1_484' title='bbox 216 5642 274 5694; x_wconf 72' lang='lat' dir='ltr'><strong>ad</strong></span> <span class='ocrx_word' id='word_1_485' title='bbox 292 5645 669 5714; x_wconf 83' lang='lat' dir='ltr'><strong>explorandum</strong></span> <span class='ocrx_word' id='word_1_486' title='bbox 698 5659 754 5706; x_wconf 87' lang='lat' dir='ltr'><strong>et</strong></span> <span class='ocrx_word' id='word_1_487' title='bbox 792 5653 1225 5725; x_wconf 82' lang='lat' dir='ltr'><strong>interrogandum</strong></span> <span class='ocrx_word' id='word_1_488' title='bbox 1263 5661 1541 5716; x_wconf 88' lang='lat' dir='ltr'><strong>excitaret.</strong></span> <span class='ocrx_word' id='word_1_489' title='bbox 1574 5661 1705 5718; x_wconf 88' lang='lat' dir='ltr'><strong>Nam</strong></span> <span class='ocrx_word' id='word_1_490' title='bbox 1733 5665 1779 5720; x_wconf 91' lang='lat' dir='ltr'><strong>si</strong></span> 
     </span>
    </p>
   </div>
   <div class='ocr_carea' id='block_1_59' title="bbox 210 5740 1772 5823">
    <p class='ocr_par' dir='ltr' id='par_1_59' title="bbox 210 5740 1772 5823">
     <span class='ocr_line' id='line_1_59' title="bbox 210 5740 1772 5823; baseline 0.017 -40"><span class='ocrx_word' id='word_1_491' title='bbox 210 5740 302 5823; x_wconf 59' lang='lat' dir='ltr'><strong>tton</strong></span> <span class='ocrx_word' id='word_1_492' title='bbox 331 5748 540 5808; x_wconf 85' lang='lat' dir='ltr'><strong>rogatus</strong></span> <span class='ocrx_word' id='word_1_493' title='bbox 569 5740 828 5810; x_wconf 83' lang='lat' dir='ltr'><strong>dixisset,</strong></span> <span class='ocrx_word' id='word_1_494' title='bbox 879 5748 1238 5805; x_wconf 88' lang='lat' dir='ltr'><strong>testimonium</strong></span> <span class='ocrx_word' id='word_1_495' title='bbox 1283 5751 1357 5806; x_wconf 87' lang='lat' dir='ltr'><strong>illi</strong></span> <span class='ocrx_word' id='word_1_496' title='bbox 1401 5755 1715 5823; x_wconf 82' lang='lat' dir='ltr'><strong>rejccissent</strong></span> <span class='ocrx_word' id='word_1_497' title='bbox 1761 5775 1772 5809; x_wconf 90' lang='lat'><strong>:</strong></span> 
     </span>
    </p>
   </div>
   <div class='ocr_carea' id='block_1_60' title="bbox 209 5817 1772 5916">
    <p class='ocr_par' dir='ltr' id='par_1_60' title="bbox 209 5817 1772 5916">
     <span class='ocr_line' id='line_1_60' title="bbox 209 5817 1772 5916; baseline 0.012 -32"><span class='ocrx_word' id='word_1_498' title='bbox 209 5817 298 5889; x_wconf 55' lang='lat' dir='ltr'><strong>iam</strong></span> <span class='ocrx_word' id='word_1_499' title='bbox 324 5841 446 5887; x_wconf 80' lang='lat' dir='ltr'><strong>vero</strong></span> <span class='ocrx_word' id='word_1_500' title='bbox 468 5833 512 5887; x_wconf 89' lang='lat' dir='ltr'><strong>si</strong></span> <span class='ocrx_word' id='word_1_501' title='bbox 538 5832 700 5888; x_wconf 85' lang='lat' dir='ltr'><strong>dictis</strong></span> <span class='ocrx_word' id='word_1_502' title='bbox 726 5838 1076 5894; x_wconf 77' lang='lat' dir='ltr'><strong>attentlissent</strong></span> <span class='ocrx_word' id='word_1_503' title='bbox 1096 5884 1108 5898; x_wconf 93' lang='lat'><strong>.</strong></span> <span class='ocrx_word' id='word_1_504' title='bbox 1137 5852 1260 5899; x_wconf 87' lang='lat' dir='ltr'><strong>ante</strong></span> <span class='ocrx_word' id='word_1_505' title='bbox 1288 5817 1474 5899; x_wconf 62' lang='lat' dir='ltr'><strong>omnia</strong></span> <span class='ocrx_word' id='word_1_506' title='bbox 1494 5847 1772 5916; x_wconf 85' lang='lat' dir='ltr'><strong>oportebat</strong></span> 
     </span>
    </p>
   </div>
   <div class='ocr_carea' id='block_1_61' title="bbox 491 5931 1138 5997">
    <p class='ocr_par' dir='ltr' id='par_1_61' title="bbox 491 5931 1138 5997">
     <span class='ocr_line' id='line_1_61' title="bbox 491 5931 1138 5997; baseline 0.009 -7"><span class='ocrx_word' id='word_1_507' title='bbox 491 5933 766 5993; x_wconf 67' lang='lat' dir='ltr'><strong>PLTBOL.</strong></span> <span class='ocrx_word' id='word_1_508' title='bbox 814 5931 933 5991; x_wconf 82' lang='lat' dir='ltr'><strong>Gn.</strong></span> <span class='ocrx_word' id='word_1_509' title='bbox 983 5935 1138 5997; x_wconf 71' lang='lat' dir='ltr'><strong>LIX.</strong></span> 
     </span>
    </p>
   </div>
   <div class='ocr_carea' id='block_1_62' title="bbox 3387 413 3493 469">
    <p class='ocr_par' dir='ltr' id='par_1_62' title="bbox 3387 413 3493 469">
     <span class='ocr_line' id='line_1_62' title="bbox 3387 413 3493 469; baseline 0.038 -4"><span class='ocrx_word' id='word_1_510' title='bbox 3387 413 3493 469; x_wconf 69' lang='lat'><strong>258</strong></span> 
     </span>
    </p>
   </div>
   <div class='ocr_carea' id='block_1_63' title="bbox 1894 524 3492 594">
    <p class='ocr_par' dir='ltr' id='par_1_63' title="bbox 1894 524 3492 594">
     <span class='ocr_line' id='line_1_63' title="bbox 1894 524 3492 594; baseline 0.005 -14"><span class='ocrx_word' id='word_1_511' title='bbox 1894 524 1961 580; x_wconf 88' lang='lat' dir='ltr'><strong>ah</strong></span> <span class='ocrx_word' id='word_1_512' title='bbox 1986 525 2076 578; x_wconf 89' lang='lat' dir='ltr'><strong>illo</strong></span> <span class='ocrx_word' id='word_1_513' title='bbox 2109 539 2352 594; x_wconf 65' lang='lat' dir='ltr'><strong>quaerere</strong></span> <span class='ocrx_word' id='word_1_514' title='bbox 2380 535 2434 581; x_wconf 86' lang='lat' dir='ltr'><strong>et</strong></span> <span class='ocrx_word' id='word_1_515' title='bbox 2461 525 2722 582; x_wconf 90' lang='lat' dir='ltr'><strong>ediscere.</strong></span> <span class='ocrx_word' id='word_1_516' title='bbox 2766 526 2895 583; x_wconf 83' lang='lat' dir='ltr'><strong>ideo</strong></span> <span class='ocrx_word' id='word_1_517' title='bbox 2931 540 3073 583; x_wconf 87' lang='lat' dir='ltr'><strong>ennu</strong></span> <span class='ocrx_word' id='word_1_518' title='bbox 3119 544 3224 583; x_wconf 91' lang='lat' dir='ltr'><strong>non</strong></span> <span class='ocrx_word' id='word_1_519' title='bbox 3264 529 3492 588; x_wconf 85' lang='lat' dir='ltr'><strong>demon-</strong></span> 
     </span>
    </p>
   </div>
   <div class='ocr_carea' id='block_1_64' title="bbox 1895 614 3494 682">
    <p class='ocr_par' dir='ltr' id='par_1_64' title="bbox 1895 614 3494 682">
     <span class='ocr_line' id='line_1_64' title="bbox 1895 614 3494 682; baseline 0.006 -12"><span class='ocrx_word' id='word_1_520' title='bbox 1895 616 2185 671; x_wconf 87' lang='lat' dir='ltr'><strong>strationes</strong></span> <span class='ocrx_word' id='word_1_521' title='bbox 2213 624 2420 671; x_wconf 89' lang='lat' dir='ltr'><strong>tantum</strong></span> <span class='ocrx_word' id='word_1_522' title='bbox 2437 656 2452 682; x_wconf 93' lang='lat'><strong>,</strong></span> <span class='ocrx_word' id='word_1_523' title='bbox 2485 614 2579 672; x_wconf 86' lang='lat' dir='ltr'><strong>sed</strong></span> <span class='ocrx_word' id='word_1_524' title='bbox 2601 616 2763 673; x_wconf 88' lang='lat' dir='ltr'><strong>etiam</strong></span> <span class='ocrx_word' id='word_1_525' title='bbox 2786 619 3081 674; x_wconf 88' lang='lat' dir='ltr'><strong>sententias</strong></span> <span class='ocrx_word' id='word_1_526' title='bbox 3105 627 3161 675; x_wconf 91' lang='lat' dir='ltr'><strong>et</strong></span> <span class='ocrx_word' id='word_1_527' title='bbox 3188 620 3361 676; x_wconf 90' lang='lat' dir='ltr'><strong>minas</strong></span> <span class='ocrx_word' id='word_1_528' title='bbox 3384 621 3494 679; x_wconf 84' lang='lat' dir='ltr'><strong>fre-</strong></span> 
     </span>
    </p>
   </div>
   <div class='ocr_carea' id='block_1_65' title="bbox 1893 706 3484 776">
    <p class='ocr_par' dir='ltr' id='par_1_65' title="bbox 1893 706 3484 776">
     <span class='ocr_line' id='line_1_65' title="bbox 1893 706 3484 776; baseline 0.004 -15"><span class='ocrx_word' id='word_1_529' title='bbox 1893 714 2134 776; x_wconf 88' lang='lat' dir='ltr'><strong>quentat.</strong></span> <span class='ocrx_word' id='word_1_530' title='bbox 2157 706 2314 763; x_wconf 90' lang='lat' dir='ltr'><strong>utsic</strong></span> <span class='ocrx_word' id='word_1_531' title='bbox 2336 722 2433 765; x_wconf 89' lang='lat' dir='ltr'><strong>eos</strong></span> <span class='ocrx_word' id='word_1_532' title='bbox 2451 707 2536 765; x_wconf 85' lang='lat' dir='ltr'><strong>vel</strong></span> <span class='ocrx_word' id='word_1_533' title='bbox 2559 709 2706 764; x_wconf 84' lang='lat' dir='ltr'><strong>metu</strong></span> <span class='ocrx_word' id='word_1_534' title='bbox 2731 708 2969 765; x_wconf 90' lang='lat' dir='ltr'><strong>reducat.</strong></span> <span class='ocrx_word' id='word_1_535' title='bbox 2999 708 3076 764; x_wconf 90' lang='lat' dir='ltr'><strong>illi</strong></span> <span class='ocrx_word' id='word_1_536' title='bbox 3104 718 3281 767; x_wconf 90' lang='lat' dir='ltr'><strong>tamen</strong></span> <span class='ocrx_word' id='word_1_537' title='bbox 3302 711 3484 769; x_wconf 87' lang='lat' dir='ltr'><strong>silent.</strong></span> 
     </span>
    </p>
   </div>
   <div class='ocr_carea' id='block_1_66' title="bbox 1893 797 3490 878">
    <p class='ocr_par' dir='ltr' id='par_1_66' title="bbox 1893 797 3490 878">
     <span class='ocr_line' id='line_1_66' title="bbox 1893 797 3490 878; baseline 0.006 -24"><span class='ocrx_word' id='word_1_538' title='bbox 1893 797 2037 855; x_wconf 78' lang='lat' dir='ltr'><strong>Talis</strong></span> <span class='ocrx_word' id='word_1_539' title='bbox 2066 799 2209 855; x_wconf 90' lang='lat' dir='ltr'><strong>enim</strong></span> <span class='ocrx_word' id='word_1_540' title='bbox 2242 813 2329 856; x_wconf 89' lang='lat' dir='ltr'><strong>res</strong></span> <span class='ocrx_word' id='word_1_541' title='bbox 2356 807 2441 855; x_wconf 89' lang='lat' dir='ltr'><strong>est</strong></span> <span class='ocrx_word' id='word_1_542' title='bbox 2467 800 2696 868; x_wconf 87' lang='lat' dir='ltr'><strong>malitia;</strong></span> <span class='ocrx_word' id='word_1_543' title='bbox 2727 801 2984 874; x_wconf 85' lang='lat' dir='ltr'><strong>quidquid</strong></span> <span class='ocrx_word' id='word_1_544' title='bbox 3009 803 3218 859; x_wconf 89' lang='lat' dir='ltr'><strong>dicatur</strong></span> <span class='ocrx_word' id='word_1_545' title='bbox 3241 804 3327 861; x_wconf 86' lang='lat' dir='ltr'><strong>vel</strong></span> <span class='ocrx_word' id='word_1_546' title='bbox 3356 805 3448 863; x_wconf 87' lang='lat' dir='ltr'><strong>fiat</strong></span> <span class='ocrx_word' id='word_1_547' title='bbox 3467 846 3490 878; x_wconf 89' lang='lat'><strong>,</strong></span> 
     </span>
    </p>
   </div>
   <div class='ocr_carea' id='block_1_67' title="bbox 1893 890 3114 962">
    <p class='ocr_par' dir='ltr' id='par_1_67' title="bbox 1893 890 3114 962">
     <span class='ocr_line' id='line_1_67' title="bbox 1893 890 3114 962; baseline 0.003 -18"><span class='ocrx_word' id='word_1_548' title='bbox 1893 903 1999 945; x_wconf 92' lang='lat' dir='ltr'><strong>non</strong></span> <span class='ocrx_word' id='word_1_549' title='bbox 2025 891 2293 960; x_wconf 87' lang='lat' dir='ltr'><strong>exsurgit,</strong></span> <span class='ocrx_word' id='word_1_550' title='bbox 2322 890 2414 947; x_wconf 91' lang='lat' dir='ltr'><strong>sed</strong></span> <span class='ocrx_word' id='word_1_551' title='bbox 2447 892 2720 962; x_wconf 90' lang='lat' dir='ltr'><strong>proprium</strong></span> <span class='ocrx_word' id='word_1_552' title='bbox 2749 894 2895 948; x_wconf 90' lang='lat' dir='ltr'><strong>virus</strong></span> <span class='ocrx_word' id='word_1_553' title='bbox 2918 903 3114 949; x_wconf 83' lang='lat' dir='ltr'><strong>servat.</strong></span> 
     </span>
    </p>
   </div>
   <div class='ocr_carea' id='block_1_68' title="bbox 1964 980 3492 1058">
    <p class='ocr_par' dir='ltr' id='par_1_68' title="bbox 1964 980 3492 1058">
     <span class='ocr_line' id='line_1_68' title="bbox 1964 980 3492 1058; baseline 0.006 -23"><span class='ocrx_word' id='word_1_554' title='bbox 1964 981 2018 1036; x_wconf 79' lang='grc'><strong>5.</strong></span> <span class='ocrx_word' id='word_1_555' title='bbox 2048 980 2214 1036; x_wconf 80' lang='lat' dir='ltr'><strong>Dolus</strong></span> <span class='ocrx_word' id='word_1_556' title='bbox 2242 991 2288 1036; x_wconf 84' lang='lat' dir='ltr'><strong>et</strong></span> <span class='ocrx_word' id='word_1_557' title='bbox 2314 983 2538 1054; x_wconf 80' lang='lat' dir='ltr'><strong>nequitia</strong></span> <span class='ocrx_word' id='word_1_558' title='bbox 2566 983 2830 1055; x_wconf 77' lang='lat' dir='ltr'><strong>fugienda.</strong></span> <span class='ocrx_word' id='word_1_559' title='bbox 2871 982 3262 1041; x_wconf 67' lang='lat' dir='ltr'><strong>Virtutem&#39;oera</strong></span> <span class='ocrx_word' id='word_1_560' title='bbox 3288 987 3492 1058; x_wconf 80' lang='lat' dir='ltr'><strong>sapien-</strong></span> 
     </span>
    </p>
   </div>
   <div class='ocr_carea' id='block_1_69' title="bbox 1894 1073 3492 1150">
    <p class='ocr_par' dir='ltr' id='par_1_69' title="bbox 1894 1073 3492 1150">
     <span class='ocr_line' id='line_1_69' title="bbox 1894 1073 3492 1150; baseline 0.004 -24"><span class='ocrx_word' id='word_1_561' title='bbox 1894 1078 1966 1126; x_wconf 85' lang='lat' dir='ltr'><strong>tia</strong></span> <span class='ocrx_word' id='word_1_562' title='bbox 1988 1113 2003 1139; x_wconf 95' lang='lat'><strong>,</strong></span> <span class='ocrx_word' id='word_1_563' title='bbox 2034 1074 2306 1144; x_wconf 82' lang='lat' dir='ltr'><strong>nequitiam</strong></span> <span class='ocrx_word' id='word_1_564' title='bbox 2336 1073 2558 1129; x_wconf 78' lang='lat' dir='ltr'><strong>amentia</strong></span> <span class='ocrx_word' id='word_1_565' title='bbox 2595 1075 2888 1130; x_wconf 69' lang='lat' dir='ltr'><strong>comitatur.</strong></span> <span class='ocrx_word' id='word_1_566' title='bbox 2925 1074 3203 1148; x_wconf 79' lang='lat' dir='ltr'><strong>Jnferentis</strong></span> <span class='ocrx_word' id='word_1_567' title='bbox 3244 1077 3492 1150; x_wconf 84' lang='lat' dir='ltr'><strong>injuriam</strong></span> 
     </span>
    </p>
   </div>
   <div class='ocr_carea' id='block_1_70' title="bbox 1895 1166 3494 1244">
    <p class='ocr_par' dir='ltr' id='par_1_70' title="bbox 1895 1166 3494 1244">
     <span class='ocr_line' id='line_1_70' title="bbox 1895 1166 3494 1244; baseline 0.006 -25"><span class='ocrx_word' id='word_1_568' title='bbox 1895 1166 2039 1236; x_wconf 81' lang='lat' dir='ltr'><strong>pejor</strong></span> <span class='ocrx_word' id='word_1_569' title='bbox 2070 1167 2291 1222; x_wconf 82' lang='lat' dir='ltr'><strong>conditio</strong></span> <span class='ocrx_word' id='word_1_570' title='bbox 2335 1184 2487 1238; x_wconf 87' lang='lat' dir='ltr'><strong>quam</strong></span> <span class='ocrx_word' id='word_1_571' title='bbox 2533 1169 3227 1242; x_wconf 86' lang='lat' dir='ltr'><strong>patientis.-Quapropter</strong></span> <span class='ocrx_word' id='word_1_572' title='bbox 3270 1188 3368 1244; x_wconf 86' lang='lat' dir='ltr'><strong>par</strong></span> <span class='ocrx_word' id='word_1_573' title='bbox 3408 1182 3494 1229; x_wconf 89' lang='lat' dir='ltr'><strong>est</strong></span> 
     </span>
    </p>
   </div>
   <div class='ocr_carea' id='block_1_71' title="bbox 1893 1259 3490 1333">
    <p class='ocr_par' dir='ltr' id='par_1_71' title="bbox 1893 1259 3490 1333">
     <span class='ocr_line' id='line_1_71' title="bbox 1893 1259 3490 1333; baseline 0.004 -19"><span class='ocrx_word' id='word_1_574' title='bbox 1893 1261 2039 1314; x_wconf 89' lang='lat' dir='ltr'><strong>omni</strong></span> <span class='ocrx_word' id='word_1_575' title='bbox 2067 1259 2289 1330; x_wconf 85' lang='lat' dir='ltr'><strong>expulsa</strong></span> <span class='ocrx_word' id='word_1_576' title='bbox 2315 1260 2482 1315; x_wconf 89' lang='lat' dir='ltr'><strong>animi</strong></span> <span class='ocrx_word' id='word_1_577' title='bbox 2513 1261 2749 1333; x_wconf 91' lang='lat' dir='ltr'><strong>nequitia</strong></span> <span class='ocrx_word' id='word_1_578' title='bbox 2769 1303 2784 1328; x_wconf 93' lang='lat'><strong>,</strong></span> <span class='ocrx_word' id='word_1_579' title='bbox 2809 1261 3010 1318; x_wconf 91' lang='lat' dir='ltr'><strong>nullum</strong></span> <span class='ocrx_word' id='word_1_580' title='bbox 3036 1270 3256 1322; x_wconf 78' lang='lat' dir='ltr'><strong>nectere</strong></span> <span class='ocrx_word' id='word_1_581' title='bbox 3283 1263 3490 1320; x_wconf 90' lang='lat' dir='ltr'><strong>dolum.</strong></span> 
     </span>
    </p>
   </div>
   <div class='ocr_carea' id='block_1_72' title="bbox 1892 1353 3487 1426">
    <p class='ocr_par' dir='ltr' id='par_1_72' title="bbox 1892 1353 3487 1426">
     <span class='ocr_line' id='line_1_72' title="bbox 1892 1353 3487 1426; baseline 0.003 -19"><span class='ocrx_word' id='word_1_582' title='bbox 1892 1353 1976 1408; x_wconf 77' lang='lat' dir='ltr'><strong>Ad</strong></span> <span class='ocrx_word' id='word_1_583' title='bbox 2003 1369 2185 1426; x_wconf 81' lang='lat' dir='ltr'><strong>pravos</strong></span> <span class='ocrx_word' id='word_1_584' title='bbox 2208 1354 2350 1409; x_wconf 86' lang='lat' dir='ltr'><strong>enim</strong></span> <span class='ocrx_word' id='word_1_585' title='bbox 2366 1395 2382 1421; x_wconf 94' lang='lat'><strong>,</strong></span> <span class='ocrx_word' id='word_1_586' title='bbox 2407 1353 2611 1425; x_wconf 90' lang='lat' dir='ltr'><strong>inquit,</strong></span> <span class='ocrx_word' id='word_1_587' title='bbox 2636 1369 2820 1425; x_wconf 74' lang='lat' dir='ltr'><strong>praem</strong></span> <span class='ocrx_word' id='word_1_588' title='bbox 2838 1355 2945 1408; x_wconf 80' lang='lat' dir='ltr'><strong>nias</strong></span> <span class='ocrx_word' id='word_1_589' title='bbox 2966 1355 3118 1408; x_wconf 85' lang='lat' dir='ltr'><strong>mittit</strong></span> <span class='ocrx_word' id='word_1_590' title='bbox 3141 1354 3278 1412; x_wconf 82' lang='lat' dir='ltr'><strong>Deus</strong></span> <span class='ocrx_word' id='word_1_591' title='bbox 3305 1354 3487 1426; x_wconf 82' lang='lat' dir='ltr'><strong>(Prov.</strong></span> 
     </span>
    </p>
   </div>
   <div class='ocr_carea' id='block_1_73' title="bbox 1892 1445 3492 1519">
    <p class='ocr_par' dir='ltr' id='par_1_73' title="bbox 1892 1445 3492 1519">
     <span class='ocr_line' id='line_1_73' title="bbox 1892 1445 3492 1519; baseline 0.002 -17"><span class='ocrx_word' id='word_1_592' title='bbox 1892 1445 1982 1502; x_wconf 76' lang='grc'><strong>21.</strong></span> <span class='ocrx_word' id='word_1_593' title='bbox 2013 1445 2120 1514; x_wconf 83' lang='grc'><strong>8);</strong></span> <span class='ocrx_word' id='word_1_594' title='bbox 2150 1456 2237 1516; x_wconf 87' lang='lat' dir='ltr'><strong>et,</strong></span> <span class='ocrx_word' id='word_1_595' title='bbox 2269 1446 2498 1517; x_wconf 82' lang='lat' dir='ltr'><strong>Spiritus</strong></span> <span class='ocrx_word' id='word_1_596' title='bbox 2521 1457 2729 1503; x_wconf 86' lang='lat' dir='ltr'><strong>sanctus</strong></span> <span class='ocrx_word' id='word_1_597' title='bbox 2762 1445 3047 1519; x_wconf 69' lang='lat' dir='ltr'><strong>disciplina:</strong></span> <span class='ocrx_word' id='word_1_598' title='bbox 3083 1446 3289 1518; x_wconf 76' lang='lat' dir='ltr'><strong>c/fugiet</strong></span> <span class='ocrx_word' id='word_1_599' title='bbox 3316 1450 3492 1505; x_wconf 83' lang='lat' dir='ltr'><strong>dolum</strong></span> 
     </span>
    </p>
   </div>
   <div class='ocr_carea' id='block_1_74' title="bbox 1891 1538 3494 1612">
    <p class='ocr_par' dir='ltr' id='par_1_74' title="bbox 1891 1538 3494 1612">
     <span class='ocr_line' id='line_1_74' title="bbox 1891 1538 3494 1612; baseline 0.001 -18"><span class='ocrx_word' id='word_1_600' title='bbox 1891 1547 1940 1594; x_wconf 82' lang='lat' dir='ltr'><strong>et</strong></span> <span class='ocrx_word' id='word_1_601' title='bbox 1967 1540 2161 1610; x_wconf 82' lang='lat' dir='ltr'><strong>auferet</strong></span> <span class='ocrx_word' id='word_1_602' title='bbox 2187 1555 2241 1594; x_wconf 88' lang='lat' dir='ltr'><strong>se</strong></span> <span class='ocrx_word' id='word_1_603' title='bbox 2267 1555 2300 1594; x_wconf 90' lang='lat' dir='ltr'><strong>a</strong></span> <span class='ocrx_word' id='word_1_604' title='bbox 2325 1538 2746 1612; x_wconf 80' lang='lat' dir='ltr'><strong>cogitationibus,</strong></span> <span class='ocrx_word' id='word_1_605' title='bbox 2787 1554 2901 1608; x_wconf 66' lang='lat' dir='ltr'><strong>qua:</strong></span> <span class='ocrx_word' id='word_1_606' title='bbox 2933 1549 3053 1594; x_wconf 86' lang='lat' dir='ltr'><strong>sunt</strong></span> <span class='ocrx_word' id='word_1_607' title='bbox 3090 1539 3202 1595; x_wconf 85' lang='lat' dir='ltr'><strong>sine</strong></span> <span class='ocrx_word' id='word_1_608' title='bbox 3236 1539 3494 1609; x_wconf 82' lang='lat' dir='ltr'><strong>intellectu</strong></span> 
     </span>
    </p>
   </div>
   <div class='ocr_carea' id='block_1_75' title="bbox 1883 1631 3489 1706">
    <p class='ocr_par' dir='ltr' id='par_1_75' title="bbox 1883 1631 3489 1706">
     <span class='ocr_line' id='line_1_75' title="bbox 1883 1631 3489 1706; baseline 0 -18"><span class='ocrx_word' id='word_1_609' title='bbox 1883 1632 2052 1706; x_wconf 29' lang='lat' dir='ltr'><strong>’(Sap.</strong></span> <span class='ocrx_word' id='word_1_610' title='bbox 2084 1633 2135 1689; x_wconf 81' lang='grc'><strong>1.</strong></span> <span class='ocrx_word' id='word_1_611' title='bbox 2165 1631 2245 1706; x_wconf 88' lang='lat'><strong>5).</strong></span> <span class='ocrx_word' id='word_1_612' title='bbox 2276 1631 2417 1688; x_wconf 84' lang='lat' dir='ltr'><strong>Nihil</strong></span> <span class='ocrx_word' id='word_1_613' title='bbox 2444 1634 2589 1690; x_wconf 91' lang='lat' dir='ltr'><strong>enim</strong></span> <span class='ocrx_word' id='word_1_614' title='bbox 2615 1633 2686 1688; x_wconf 90' lang='lat' dir='ltr'><strong>ita</strong></span> <span class='ocrx_word' id='word_1_615' title='bbox 2712 1632 2905 1688; x_wconf 89' lang='lat' dir='ltr'><strong>stultos</strong></span> <span class='ocrx_word' id='word_1_616' title='bbox 2929 1632 3125 1700; x_wconf 88' lang='lat' dir='ltr'><strong>reddit,</strong></span> <span class='ocrx_word' id='word_1_617' title='bbox 3153 1643 3210 1689; x_wconf 90' lang='lat' dir='ltr'><strong>ut</strong></span> <span class='ocrx_word' id='word_1_618' title='bbox 3229 1634 3489 1704; x_wconf 88' lang='lat' dir='ltr'><strong>nequitia.</strong></span> 
     </span>
    </p>
   </div>
   <div class='ocr_carea' id='block_1_76' title="bbox 1893 1724 3494 1798">
    <p class='ocr_par' dir='ltr' id='par_1_76' title="bbox 1893 1724 3494 1798">
     <span class='ocr_line' id='line_1_76' title="bbox 1893 1724 3494 1798; baseline 0.001 -17"><span class='ocrx_word' id='word_1_619' title='bbox 1893 1724 2163 1782; x_wconf 89' lang='lat' dir='ltr'><strong>Subdolus</strong></span> <span class='ocrx_word' id='word_1_620' title='bbox 2191 1725 2333 1781; x_wconf 87' lang='lat' dir='ltr'><strong>enim</strong></span> <span class='ocrx_word' id='word_1_621' title='bbox 2353 1767 2368 1792; x_wconf 93' lang='lat'><strong>,</strong></span> <span class='ocrx_word' id='word_1_622' title='bbox 2402 1724 2699 1797; x_wconf 84' lang='lat' dir='ltr'><strong>improbus,</strong></span> <span class='ocrx_word' id='word_1_623' title='bbox 2727 1725 2966 1796; x_wconf 87' lang='lat' dir='ltr'><strong>ingratus</strong></span> <span class='ocrx_word' id='word_1_624' title='bbox 2999 1724 3118 1798; x_wconf 75' lang='lat' dir='ltr'><strong>(ha:</strong></span> <span class='ocrx_word' id='word_1_625' title='bbox 3139 1726 3338 1797; x_wconf 89' lang='lat' dir='ltr'><strong>quippe</strong></span> <span class='ocrx_word' id='word_1_626' title='bbox 3365 1736 3494 1782; x_wconf 90' lang='lat' dir='ltr'><strong>sunt</strong></span> 
     </span>
    </p>
   </div>
   <div class='ocr_carea' id='block_1_77' title="bbox 1893 1817 3492 1889">
    <p class='ocr_par' dir='ltr' id='par_1_77' title="bbox 1893 1817 3492 1889">
     <span class='ocr_line' id='line_1_77' title="bbox 1893 1817 3492 1889; baseline 0.001 -16"><span class='ocrx_word' id='word_1_627' title='bbox 1893 1817 2145 1889; x_wconf 66' lang='lat' dir='ltr'><strong>nequitiae</strong></span> <span class='ocrx_word' id='word_1_628' title='bbox 2169 1817 2428 1889; x_wconf 88' lang='lat' dir='ltr'><strong>genera),</strong></span> <span class='ocrx_word' id='word_1_629' title='bbox 2471 1818 2516 1874; x_wconf 89' lang='lat' dir='ltr'><strong>si</strong></span> <span class='ocrx_word' id='word_1_630' title='bbox 2564 1817 2695 1873; x_wconf 90' lang='lat' dir='ltr'><strong>nihil</strong></span> <span class='ocrx_word' id='word_1_631' title='bbox 2727 1817 2888 1873; x_wconf 71' lang='lat' dir='ltr'><strong>laesus</strong></span> <span class='ocrx_word' id='word_1_632' title='bbox 2913 1817 3236 1884; x_wconf 80' lang='lat' dir='ltr'><strong>oil‘endatur,</strong></span> <span class='ocrx_word' id='word_1_633' title='bbox 3263 1820 3309 1874; x_wconf 85' lang='lat' dir='ltr'><strong>si</strong></span> <span class='ocrx_word' id='word_1_634' title='bbox 3338 1818 3492 1876; x_wconf 82' lang='lat' dir='ltr'><strong>dolos</strong></span> 
     </span>
    </p>
   </div>
   <div class='ocr_carea' id='block_1_78' title="bbox 1893 1907 3489 1980">
    <p class='ocr_par' dir='ltr' id='par_1_78' title="bbox 1893 1907 3489 1980">
     <span class='ocr_line' id='line_1_78' title="bbox 1893 1907 3489 1980; baseline 0.001 -16"><span class='ocrx_word' id='word_1_635' title='bbox 1893 1917 2094 1978; x_wconf 87' lang='lat' dir='ltr'><strong>nectat,</strong></span> <span class='ocrx_word' id='word_1_636' title='bbox 2118 1924 2296 1965; x_wconf 91' lang='lat' dir='ltr'><strong>annon</strong></span> <span class='ocrx_word' id='word_1_637' title='bbox 2318 1923 2543 1966; x_wconf 69' lang='lat' dir='ltr'><strong>summie</strong></span> <span class='ocrx_word' id='word_1_638' title='bbox 2563 1907 2850 1964; x_wconf 70' lang='lat' dir='ltr'><strong>dementia:</strong></span> <span class='ocrx_word' id='word_1_639' title='bbox 2869 1908 3066 1966; x_wconf 86' lang='lat' dir='ltr'><strong>indicia</strong></span> <span class='ocrx_word' id='word_1_640' title='bbox 3087 1908 3362 1980; x_wconf 82' lang='lat' dir='ltr'><strong>proferat?</strong></span> <span class='ocrx_word' id='word_1_641' title='bbox 3391 1911 3489 1968; x_wconf 86' lang='lat' dir='ltr'><strong>Ni-</strong></span> 
     </span>
    </p>
   </div>
   <div class='ocr_carea' id='block_1_79' title="bbox 1894 2000 3488 2074">
    <p class='ocr_par' dir='ltr' id='par_1_79' title="bbox 1894 2000 3488 2074">
     <span class='ocr_line' id='line_1_79' title="bbox 1894 2000 3488 2074; baseline 0.002 -17"><span class='ocrx_word' id='word_1_642' title='bbox 1894 2001 1967 2057; x_wconf 89' lang='lat' dir='ltr'><strong>hil</strong></span> <span class='ocrx_word' id='word_1_643' title='bbox 1981 2002 2050 2057; x_wconf 88' lang='lat' dir='ltr'><strong>ita</strong></span> <span class='ocrx_word' id='word_1_644' title='bbox 2069 2001 2357 2074; x_wconf 88' lang='lat' dir='ltr'><strong>prudentes</strong></span> <span class='ocrx_word' id='word_1_645' title='bbox 2371 2001 2570 2071; x_wconf 89' lang='lat' dir='ltr'><strong>reddit,</strong></span> <span class='ocrx_word' id='word_1_646' title='bbox 2587 2000 2841 2058; x_wconf 89' lang='lat' dir='ltr'><strong>utvirtus.</strong></span> <span class='ocrx_word' id='word_1_647' title='bbox 2859 2000 3071 2057; x_wconf 87' lang='lat' dir='ltr'><strong>Etenim</strong></span> <span class='ocrx_word' id='word_1_648' title='bbox 3094 2012 3274 2072; x_wconf 84' lang='lat' dir='ltr'><strong>gratos</strong></span> <span class='ocrx_word' id='word_1_649' title='bbox 3290 2003 3462 2060; x_wconf 89' lang='lat' dir='ltr'><strong>reddit</strong></span> <span class='ocrx_word' id='word_1_650' title='bbox 3475 2049 3488 2067; x_wconf 89' lang='lat'><strong>.</strong></span> 
     </span>
    </p>
   </div>
   <div class='ocr_carea' id='block_1_80' title="bbox 1892 2093 3490 2169">
    <p class='ocr_par' dir='ltr' id='par_1_80' title="bbox 1892 2093 3490 2169">
     <span class='ocr_line' id='line_1_80' title="bbox 1892 2093 3490 2169; baseline -0.003 -16"><span class='ocrx_word' id='word_1_651' title='bbox 1892 2097 2112 2169; x_wconf 90' lang='lat' dir='ltr'><strong>probos,</strong></span> <span class='ocrx_word' id='word_1_652' title='bbox 2145 2096 2432 2168; x_wconf 84' lang='lat' dir='ltr'><strong>benignos,</strong></span> <span class='ocrx_word' id='word_1_653' title='bbox 2463 2095 2643 2161; x_wconf 88' lang='lat' dir='ltr'><strong>mites,</strong></span> <span class='ocrx_word' id='word_1_654' title='bbox 2672 2103 3004 2164; x_wconf 86' lang='lat' dir='ltr'><strong>mansuetos,</strong></span> <span class='ocrx_word' id='word_1_655' title='bbox 3035 2093 3310 2151; x_wconf 90' lang='lat' dir='ltr'><strong>modestos</strong></span> <span class='ocrx_word' id='word_1_656' title='bbox 3337 2112 3351 2150; x_wconf 91' lang='lat'><strong>:</strong></span> <span class='ocrx_word' id='word_1_657' title='bbox 3381 2111 3490 2149; x_wconf 67' lang='lat' dir='ltr'><strong>cu!-</strong></span> 
     </span>
    </p>
   </div>
   <div class='ocr_carea' id='block_1_81' title="bbox 1893 2187 3493 2259">
    <p class='ocr_par' dir='ltr' id='par_1_81' title="bbox 1893 2187 3493 2259">
     <span class='ocr_line' id='line_1_81' title="bbox 1893 2187 3493 2259; baseline -0.004 -11"><span class='ocrx_word' id='word_1_658' title='bbox 1893 2202 2008 2248; x_wconf 86' lang='lat' dir='ltr'><strong>tera</strong></span> <span class='ocrx_word' id='word_1_659' title='bbox 2037 2190 2214 2248; x_wconf 91' lang='lat' dir='ltr'><strong>omnia</strong></span> <span class='ocrx_word' id='word_1_660' title='bbox 2247 2190 2386 2246; x_wconf 89' lang='lat' dir='ltr'><strong>bona</strong></span> <span class='ocrx_word' id='word_1_661' title='bbox 2416 2189 2532 2245; x_wconf 64' lang='lat' dir='ltr'><strong>haec</strong></span> <span class='ocrx_word' id='word_1_662' title='bbox 2571 2203 2762 2259; x_wconf 88' lang='lat' dir='ltr'><strong>parere</strong></span> <span class='ocrx_word' id='word_1_663' title='bbox 2797 2189 2955 2244; x_wconf 90' lang='lat' dir='ltr'><strong>solet.</strong></span> <span class='ocrx_word' id='word_1_664' title='bbox 3002 2187 3141 2255; x_wconf 88' lang='lat' dir='ltr'><strong>Quid</strong></span> <span class='ocrx_word' id='word_1_665' title='bbox 3188 2189 3290 2245; x_wconf 92' lang='lat' dir='ltr'><strong>hoc</strong></span> <span class='ocrx_word' id='word_1_666' title='bbox 3329 2187 3493 2243; x_wconf 89' lang='lat' dir='ltr'><strong>modo</strong></span> 
     </span>
    </p>
   </div>
   <div class='ocr_carea' id='block_1_82' title="bbox 1892 2278 3494 2352">
    <p class='ocr_par' dir='ltr' id='par_1_82' title="bbox 1892 2278 3494 2352">
     <span class='ocr_line' id='line_1_82' title="bbox 1892 2278 3494 2352; baseline -0.001 -16"><span class='ocrx_word' id='word_1_667' title='bbox 1892 2282 2097 2339; x_wconf 74' lang='lat' dir='ltr'><strong>affectis</strong></span> <span class='ocrx_word' id='word_1_668' title='bbox 2123 2281 2476 2352; x_wconf 83' lang='lat' dir='ltr'><strong>prudentius?</strong></span> <span class='ocrx_word' id='word_1_669' title='bbox 2502 2278 2646 2335; x_wconf 85' lang='lat' dir='ltr'><strong>Fons</strong></span> <span class='ocrx_word' id='word_1_670' title='bbox 2673 2281 2817 2335; x_wconf 89' lang='lat' dir='ltr'><strong>enim</strong></span> <span class='ocrx_word' id='word_1_671' title='bbox 2847 2294 2975 2336; x_wconf 89' lang='lat' dir='ltr'><strong>vere</strong></span> <span class='ocrx_word' id='word_1_672' title='bbox 3000 2290 3052 2336; x_wconf 88' lang='lat' dir='ltr'><strong>et</strong></span> <span class='ocrx_word' id='word_1_673' title='bbox 3077 2279 3230 2336; x_wconf 88' lang='lat' dir='ltr'><strong>radix</strong></span> <span class='ocrx_word' id='word_1_674' title='bbox 3258 2279 3494 2350; x_wconf 81' lang='lat' dir='ltr'><strong>pruden-</strong></span> 
     </span>
    </p>
   </div>
   <div class='ocr_carea' id='block_1_83' title="bbox 1894 2373 3485 2442">
    <p class='ocr_par' dir='ltr' id='par_1_83' title="bbox 1894 2373 3485 2442">
     <span class='ocr_line' id='line_1_83' title="bbox 1894 2373 3485 2442; baseline -0.002 -10"><span class='ocrx_word' id='word_1_675' title='bbox 1894 2377 1981 2433; x_wconf 72' lang='lat' dir='ltr'><strong>tite</strong></span> <span class='ocrx_word' id='word_1_676' title='bbox 2007 2377 2176 2432; x_wconf 89' lang='lat' dir='ltr'><strong>virtus</strong></span> <span class='ocrx_word' id='word_1_677' title='bbox 2202 2383 2315 2442; x_wconf 91' lang='lat' dir='ltr'><strong>est,</strong></span> <span class='ocrx_word' id='word_1_678' title='bbox 2359 2373 2558 2430; x_wconf 90' lang='lat' dir='ltr'><strong>malitia</strong></span> <span class='ocrx_word' id='word_1_679' title='bbox 2587 2388 2716 2429; x_wconf 91' lang='lat' dir='ltr'><strong>vero</strong></span> <span class='ocrx_word' id='word_1_680' title='bbox 2741 2389 2807 2429; x_wconf 84' lang='lat' dir='ltr'><strong>ex</strong></span> <span class='ocrx_word' id='word_1_681' title='bbox 2836 2375 3068 2430; x_wconf 87' lang='lat' dir='ltr'><strong>amentia</strong></span> <span class='ocrx_word' id='word_1_682' title='bbox 3099 2383 3274 2430; x_wconf 88' lang='lat' dir='ltr'><strong>ortum</strong></span> <span class='ocrx_word' id='word_1_683' title='bbox 3308 2376 3485 2431; x_wconf 84' lang='lat' dir='ltr'><strong>habet.</strong></span> 
     </span>
    </p>
   </div>
   <div class='ocr_carea' id='block_1_84' title="bbox 1891 2463 3491 2540">
    <p class='ocr_par' dir='ltr' id='par_1_84' title="bbox 1891 2463 3491 2540">
     <span class='ocr_line' id='line_1_84' title="bbox 1891 2463 3491 2540; baseline -0.002 -15"><span class='ocrx_word' id='word_1_684' title='bbox 1891 2471 2167 2540; x_wconf 81' lang='lat' dir='ltr'><strong>Arrogans</strong></span> <span class='ocrx_word' id='word_1_685' title='bbox 2190 2468 2334 2523; x_wconf 89' lang='lat' dir='ltr'><strong>enim</strong></span> <span class='ocrx_word' id='word_1_686' title='bbox 2358 2476 2414 2521; x_wconf 93' lang='lat' dir='ltr'><strong>et</strong></span> <span class='ocrx_word' id='word_1_687' title='bbox 2443 2464 2732 2521; x_wconf 87' lang='lat' dir='ltr'><strong>iracundus</strong></span> <span class='ocrx_word' id='word_1_688' title='bbox 2761 2463 3048 2522; x_wconf 81' lang='lat' dir='ltr'><strong>deﬁciente</strong></span> <span class='ocrx_word' id='word_1_689' title='bbox 3085 2465 3365 2535; x_wconf 89' lang='lat' dir='ltr'><strong>prudentia</strong></span> <span class='ocrx_word' id='word_1_690' title='bbox 3405 2466 3491 2522; x_wconf 90' lang='lat' dir='ltr'><strong>his</strong></span> 
     </span>
    </p>
   </div>
   <div class='ocr_carea' id='block_1_85' title="bbox 1891 2557 3488 2631">
    <p class='ocr_par' dir='ltr' id='par_1_85' title="bbox 1891 2557 3488 2631">
     <span class='ocr_line' id='line_1_85' title="bbox 1891 2557 3488 2631; baseline -0.003 -13"><span class='ocrx_word' id='word_1_691' title='bbox 1891 2561 2093 2619; x_wconf 91' lang='lat' dir='ltr'><strong>morbis</strong></span> <span class='ocrx_word' id='word_1_692' title='bbox 2113 2559 2341 2631; x_wconf 87' lang='lat' dir='ltr'><strong>capitur.</strong></span> <span class='ocrx_word' id='word_1_693' title='bbox 2369 2558 2494 2614; x_wconf 89' lang='lat' dir='ltr'><strong>ideo</strong></span> <span class='ocrx_word' id='word_1_694' title='bbox 2519 2557 2781 2628; x_wconf 88' lang='lat' dir='ltr'><strong>propheta</strong></span> <span class='ocrx_word' id='word_1_695' title='bbox 2804 2557 3021 2615; x_wconf 88' lang='lat' dir='ltr'><strong>dicebat</strong></span> <span class='ocrx_word' id='word_1_696' title='bbox 3051 2576 3066 2612; x_wconf 87' lang='lat'><strong>:</strong></span> <span class='ocrx_word' id='word_1_697' title='bbox 3100 2557 3222 2613; x_wconf 84' lang='lat' dir='ltr'><strong>Non</strong></span> <span class='ocrx_word' id='word_1_698' title='bbox 3250 2569 3323 2614; x_wconf 85' lang='lat' dir='ltr'><strong>est</strong></span> <span class='ocrx_word' id='word_1_699' title='bbox 3347 2561 3488 2614; x_wconf 82' lang='lat' dir='ltr'><strong>sani-</strong></span> 
     </span>
    </p>
   </div>
   <div class='ocr_carea' id='block_1_86' title="bbox 1891 2648 3490 2714">
    <p class='ocr_par' dir='ltr' id='par_1_86' title="bbox 1891 2648 3490 2714">
     <span class='ocr_line' id='line_1_86' title="bbox 1891 2648 3490 2714; baseline -0.001 -5"><span class='ocrx_word' id='word_1_700' title='bbox 1891 2661 1967 2709; x_wconf 85' lang='lat' dir='ltr'><strong>tas</strong></span> <span class='ocrx_word' id='word_1_701' title='bbox 1992 2654 2047 2708; x_wconf 86' lang='lat' dir='ltr'><strong>in</strong></span> <span class='ocrx_word' id='word_1_702' title='bbox 2073 2668 2226 2708; x_wconf 84' lang='lat' dir='ltr'><strong>carne</strong></span> <span class='ocrx_word' id='word_1_703' title='bbox 2249 2667 2378 2706; x_wconf 79' lang='lat' dir='ltr'><strong>mea.</strong></span> <span class='ocrx_word' id='word_1_704' title='bbox 2410 2648 2726 2706; x_wconf 83' lang='lat' dir='ltr'><strong>Putruerunt</strong></span> <span class='ocrx_word' id='word_1_705' title='bbox 2745 2659 2792 2705; x_wconf 86' lang='lat' dir='ltr'><strong>et</strong></span> <span class='ocrx_word' id='word_1_706' title='bbox 2813 2661 3067 2714; x_wconf 80' lang='lat' dir='ltr'><strong>corrupr</strong></span> <span class='ocrx_word' id='word_1_707' title='bbox 3089 2659 3208 2706; x_wconf 86' lang='lat' dir='ltr'><strong>sunt</strong></span> <span class='ocrx_word' id='word_1_708' title='bbox 3231 2651 3490 2707; x_wconf 87' lang='lat' dir='ltr'><strong>cicatrices</strong></span> 
     </span>
    </p>
   </div>
   <div class='ocr_carea' id='block_1_87' title="bbox 1891 2739 3488 2816">
    <p class='ocr_par' dir='ltr' id='par_1_87' title="bbox 1891 2739 3488 2816">
     <span class='ocr_line' id='line_1_87' title="bbox 1891 2739 3488 2816; baseline -0.001 -17"><span class='ocrx_word' id='word_1_709' title='bbox 1891 2759 2016 2799; x_wconf 65' lang='lat' dir='ltr'><strong>mete</strong></span> <span class='ocrx_word' id='word_1_710' title='bbox 2041 2759 2074 2797; x_wconf 86' lang='grc' dir='ltr'><em>α</em></span> <span class='ocrx_word' id='word_1_711' title='bbox 2102 2743 2233 2816; x_wconf 81' lang='lat' dir='ltr'><strong>facie</strong></span> <span class='ocrx_word' id='word_1_712' title='bbox 2259 2742 2563 2814; x_wconf 69' lang='lat' dir='ltr'><strong>insipientia</strong></span> <span class='ocrx_word' id='word_1_713' title='bbox 2589 2757 2712 2797; x_wconf 76' lang='lat' dir='ltr'><strong>mete</strong></span> <span class='ocrx_word' id='word_1_714' title='bbox 2745 2739 2927 2812; x_wconf 82' lang='lat' dir='ltr'><strong>(Psal.</strong></span> <span class='ocrx_word' id='word_1_715' title='bbox 2955 2741 3044 2797; x_wconf 75' lang='lat'><strong>37.</strong></span> <span class='ocrx_word' id='word_1_716' title='bbox 3073 2741 3130 2798; x_wconf 73' lang='grc' dir='ltr'><strong>ι.</strong></span> <span class='ocrx_word' id='word_1_717' title='bbox 3165 2741 3274 2815; x_wconf 84' lang='lat'><strong>6);</strong></span> <span class='ocrx_word' id='word_1_718' title='bbox 3303 2753 3488 2799; x_wconf 89' lang='lat' dir='ltr'><strong>osten-</strong></span> 
     </span>
    </p>
   </div>
   <div class='ocr_carea' id='block_1_88' title="bbox 1890 2833 3486 2909">
    <p class='ocr_par' dir='ltr' id='par_1_88' title="bbox 1890 2833 3486 2909">
     <span class='ocr_line' id='line_1_88' title="bbox 1890 2833 3486 2909; baseline -0.003 -13"><span class='ocrx_word' id='word_1_719' title='bbox 1890 2839 2025 2896; x_wconf 91' lang='lat' dir='ltr'><strong>dens</strong></span> <span class='ocrx_word' id='word_1_720' title='bbox 2050 2846 2326 2909; x_wconf 85' lang='lat' dir='ltr'><strong>peccatum</strong></span> <span class='ocrx_word' id='word_1_721' title='bbox 2357 2833 2583 2907; x_wconf 89' lang='lat' dir='ltr'><strong>quodvis</strong></span> <span class='ocrx_word' id='word_1_722' title='bbox 2614 2851 2682 2892; x_wconf 88' lang='lat' dir='ltr'><strong>ex</strong></span> <span class='ocrx_word' id='word_1_723' title='bbox 2707 2835 3011 2908; x_wconf 88' lang='lat' dir='ltr'><strong>insipientia</strong></span> <span class='ocrx_word' id='word_1_724' title='bbox 3037 2844 3214 2892; x_wconf 90' lang='lat' dir='ltr'><strong>ortum</strong></span> <span class='ocrx_word' id='word_1_725' title='bbox 3237 2835 3439 2895; x_wconf 89' lang='lat' dir='ltr'><strong>habere</strong></span> <span class='ocrx_word' id='word_1_726' title='bbox 3472 2856 3486 2892; x_wconf 88' lang='lat'><strong>:</strong></span> 
     </span>
    </p>
   </div>
   <div class='ocr_carea' id='block_1_89' title="bbox 1889 2926 3488 3006">
    <p class='ocr_par' dir='ltr' id='par_1_89' title="bbox 1889 2926 3488 3006">
     <span class='ocr_line' id='line_1_89' title="bbox 1889 2926 3488 3006; baseline -0.001 -20"><span class='ocrx_word' id='word_1_727' title='bbox 1889 2940 2078 2986; x_wconf 90' lang='lat' dir='ltr'><strong>contra</strong></span> <span class='ocrx_word' id='word_1_728' title='bbox 2116 2942 2246 2985; x_wconf 89' lang='lat' dir='ltr'><strong>vero</strong></span> <span class='ocrx_word' id='word_1_729' title='bbox 2287 2927 2486 2984; x_wconf 86' lang='lat' dir='ltr'><strong>virtute</strong></span> <span class='ocrx_word' id='word_1_730' title='bbox 2527 2926 2811 3006; x_wconf 55' lang='lat' dir='ltr'><strong>praeditum</strong></span> <span class='ocrx_word' id='word_1_731' title='bbox 2851 2942 2916 2984; x_wconf 91' lang='lat' dir='ltr'><strong>ac</strong></span> <span class='ocrx_word' id='word_1_732' title='bbox 2956 2929 3234 2986; x_wconf 87' lang='lat' dir='ltr'><strong>timentem</strong></span> <span class='ocrx_word' id='word_1_733' title='bbox 3280 2928 3446 2985; x_wconf 89' lang='lat' dir='ltr'><strong>Deum</strong></span> <span class='ocrx_word' id='word_1_734' title='bbox 3469 2968 3488 2996; x_wconf 91' lang='lat'><strong>,</strong></span> 
     </span>
    </p>
   </div>
   <div class='ocr_carea' id='block_1_90' title="bbox 1889 3020 3490 3096">
    <p class='ocr_par' dir='ltr' id='par_1_90' title="bbox 1889 3020 3490 3096">
     <span class='ocr_line' id='line_1_90' title="bbox 1889 3020 3490 3096; baseline 0.002 -17"><span class='ocrx_word' id='word_1_735' title='bbox 1889 3024 2128 3079; x_wconf 91' lang='lat' dir='ltr'><strong>omnium</strong></span> <span class='ocrx_word' id='word_1_736' title='bbox 2155 3036 2277 3078; x_wconf 89' lang='lat' dir='ltr'><strong>esse</strong></span> <span class='ocrx_word' id='word_1_737' title='bbox 2305 3021 2778 3092; x_wconf 88' lang='lat' dir='ltr'><strong>sapientissimum.</strong></span> <span class='ocrx_word' id='word_1_738' title='bbox 2803 3020 3008 3079; x_wconf 88' lang='lat' dir='ltr'><strong>ideirco</strong></span> <span class='ocrx_word' id='word_1_739' title='bbox 3033 3024 3248 3094; x_wconf 90' lang='lat' dir='ltr'><strong>sapiens</strong></span> <span class='ocrx_word' id='word_1_740' title='bbox 3271 3023 3490 3096; x_wconf 83' lang='lat' dir='ltr'><strong>quidam</strong></span> 
     </span>
    </p>
   </div>
   <div class='ocr_carea' id='block_1_91' title="bbox 1889 3114 3486 3190">
    <p class='ocr_par' dir='ltr' id='par_1_91' title="bbox 1889 3114 3486 3190">
     <span class='ocr_line' id='line_1_91' title="bbox 1889 3114 3486 3190; baseline 0.003 -19"><span class='ocrx_word' id='word_1_741' title='bbox 1889 3116 2052 3182; x_wconf 90' lang='lat' dir='ltr'><strong>dicit,</strong></span> <span class='ocrx_word' id='word_1_742' title='bbox 2079 3114 2298 3169; x_wconf 84' lang='lat' dir='ltr'><strong>Initium</strong></span> <span class='ocrx_word' id='word_1_743' title='bbox 2323 3115 2619 3183; x_wconf 71' lang='lat' dir='ltr'><strong>sapientiae,</strong></span> <span class='ocrx_word' id='word_1_744' title='bbox 2647 3115 2799 3170; x_wconf 88' lang='lat' dir='ltr'><strong>timor</strong></span> <span class='ocrx_word' id='word_1_745' title='bbox 2821 3114 3033 3172; x_wconf 88' lang='lat' dir='ltr'><strong>Domini</strong></span> <span class='ocrx_word' id='word_1_746' title='bbox 3060 3115 3258 3189; x_wconf 78' lang='lat' dir='ltr'><strong>(Prov.</strong></span> <span class='ocrx_word' id='word_1_747' title='bbox 3303 3118 3354 3173; x_wconf 78' lang='lat' dir='ltr'><strong>l.</strong></span> <span class='ocrx_word' id='word_1_748' title='bbox 3386 3119 3420 3173; x_wconf 89' lang='lat'><strong>7</strong></span> <span class='ocrx_word' id='word_1_749' title='bbox 3443 3117 3486 3190; x_wconf 90' lang='lat'><strong>).</strong></span> 
     </span>
    </p>
   </div>
   <div class='ocr_carea' id='block_1_92' title="bbox 1888 3205 3492 3276">
    <p class='ocr_par' dir='ltr' id='par_1_92' title="bbox 1888 3205 3492 3276">
     <span class='ocr_line' id='line_1_92' title="bbox 1888 3205 3492 3276; baseline 0.003 -15"><span class='ocrx_word' id='word_1_750' title='bbox 1888 3205 1944 3262; x_wconf 92' lang='lat' dir='ltr'><strong>Si</strong></span> <span class='ocrx_word' id='word_1_751' title='bbox 1971 3220 2099 3276; x_wconf 88' lang='lat' dir='ltr'><strong>ergo</strong></span> <span class='ocrx_word' id='word_1_752' title='bbox 2136 3205 2329 3262; x_wconf 90' lang='lat' dir='ltr'><strong>timere</strong></span> <span class='ocrx_word' id='word_1_753' title='bbox 2359 3205 2531 3261; x_wconf 91' lang='lat' dir='ltr'><strong>Deum</strong></span> <span class='ocrx_word' id='word_1_754' title='bbox 2569 3214 2653 3262; x_wconf 91' lang='lat' dir='ltr'><strong>est</strong></span> <span class='ocrx_word' id='word_1_755' title='bbox 2690 3207 3007 3276; x_wconf 82' lang='lat' dir='ltr'><strong>sapientiam</strong></span> <span class='ocrx_word' id='word_1_756' title='bbox 3036 3207 3276 3274; x_wconf 89' lang='lat' dir='ltr'><strong>habere;</strong></span> <span class='ocrx_word' id='word_1_757' title='bbox 3319 3209 3492 3266; x_wconf 86' lang='lat' dir='ltr'><strong>malus</strong></span> 
     </span>
    </p>
   </div>
   <div class='ocr_carea' id='block_1_93' title="bbox 1889 3297 3491 3370">
    <p class='ocr_par' dir='ltr' id='par_1_93' title="bbox 1889 3297 3491 3370">
     <span class='ocr_line' id='line_1_93' title="bbox 1889 3297 3491 3370; baseline 0.003 -16"><span class='ocrx_word' id='word_1_758' title='bbox 1889 3315 1996 3354; x_wconf 91' lang='lat' dir='ltr'><strong>non</strong></span> <span class='ocrx_word' id='word_1_759' title='bbox 2027 3299 2098 3354; x_wconf 88' lang='lat' dir='ltr'><strong>ita</strong></span> <span class='ocrx_word' id='word_1_760' title='bbox 2127 3297 2383 3366; x_wconf 76' lang='lat' dir='ltr'><strong>allectus,</strong></span> <span class='ocrx_word' id='word_1_761' title='bbox 2411 3313 2540 3354; x_wconf 83' lang='lat' dir='ltr'><strong>vere</strong></span> <span class='ocrx_word' id='word_1_762' title='bbox 2564 3299 2824 3369; x_wconf 82' lang='lat' dir='ltr'><strong>sapientia</strong></span> <span class='ocrx_word' id='word_1_763' title='bbox 2854 3299 3094 3370; x_wconf 73' lang='lat' dir='ltr'><strong>privatur</strong></span> <span class='ocrx_word' id='word_1_764' title='bbox 3117 3321 3131 3356; x_wconf 89' lang='lat'><strong>:</strong></span> <span class='ocrx_word' id='word_1_765' title='bbox 3153 3317 3279 3359; x_wconf 86' lang='lat' dir='ltr'><strong>vera</strong></span> <span class='ocrx_word' id='word_1_766' title='bbox 3310 3315 3491 3359; x_wconf 89' lang='lat' dir='ltr'><strong>autem</strong></span> 
     </span>
    </p>
   </div>
   <div class='ocr_carea' id='block_1_94' title="bbox 1891 3374 3490 3470">
    <p class='ocr_par' dir='ltr' id='par_1_94' title="bbox 1891 3374 3490 3470">
     <span class='ocr_line' id='line_1_94' title="bbox 1891 3374 3490 3470; baseline 0.003 -28"><span class='ocrx_word' id='word_1_767' title='bbox 1891 3389 2130 3459; x_wconf 89' lang='lat' dir='ltr'><strong>privatus</strong></span> <span class='ocrx_word' id='word_1_768' title='bbox 2153 3389 2435 3458; x_wconf 88' lang='lat' dir='ltr'><strong>sapientia,</strong></span> <span class='ocrx_word' id='word_1_769' title='bbox 2461 3388 2700 3442; x_wconf 88' lang='lat' dir='ltr'><strong>omnium</strong></span> <span class='ocrx_word' id='word_1_770' title='bbox 2722 3399 2804 3444; x_wconf 87' lang='lat' dir='ltr'><strong>est</strong></span> <span class='ocrx_word' id='word_1_771' title='bbox 2823 3374 3310 3470; x_wconf 50' lang='lat' dir='ltr'><strong>insipientissimu&#39;s.</strong></span> <span class='ocrx_word' id='word_1_772' title='bbox 3334 3387 3490 3464; x_wconf 79' lang='lat' dir='ltr'><strong>Atqui</strong></span> 
     </span>
    </p>
   </div>
   <div class='ocr_carea' id='block_1_95' title="bbox 1890 3480 3494 3554">
    <p class='ocr_par' dir='ltr' id='par_1_95' title="bbox 1890 3480 3494 3554">
     <span class='ocr_line' id='line_1_95' title="bbox 1890 3480 3494 3554; baseline 0.004 -18"><span class='ocrx_word' id='word_1_773' title='bbox 1890 3483 2101 3553; x_wconf 83' lang='lat' dir='ltr'><strong>plurimi</strong></span> <span class='ocrx_word' id='word_1_774' title='bbox 2132 3481 2406 3552; x_wconf 90' lang='lat' dir='ltr'><strong>improbos</strong></span> <span class='ocrx_word' id='word_1_775' title='bbox 2432 3480 2787 3548; x_wconf 86' lang='lat' dir='ltr'><strong>admirantur,</strong></span> <span class='ocrx_word' id='word_1_776' title='bbox 2820 3491 2880 3537; x_wconf 90' lang='lat' dir='ltr'><strong>ut</strong></span> <span class='ocrx_word' id='word_1_777' title='bbox 2919 3483 3009 3554; x_wconf 90' lang='lat' dir='ltr'><strong>qui</strong></span> <span class='ocrx_word' id='word_1_778' title='bbox 3050 3485 3257 3553; x_wconf 88' lang='lat' dir='ltr'><strong>possint</strong></span> <span class='ocrx_word' id='word_1_779' title='bbox 3293 3485 3494 3542; x_wconf 80' lang='lat' dir='ltr'><strong>lmdere</strong></span> 
     </span>
    </p>
   </div>
   <div class='ocr_carea' id='block_1_96' title="bbox 1890 3571 3493 3644">
    <p class='ocr_par' dir='ltr' id='par_1_96' title="bbox 1890 3571 3493 3644">
     <span class='ocr_line' id='line_1_96' title="bbox 1890 3571 3493 3644; baseline 0.001 -14"><span class='ocrx_word' id='word_1_780' title='bbox 1890 3589 1954 3630; x_wconf 89' lang='lat' dir='ltr'><strong>ac</strong></span> <span class='ocrx_word' id='word_1_781' title='bbox 1981 3588 2212 3639; x_wconf 83' lang='lat' dir='ltr'><strong>nocere;</strong></span> <span class='ocrx_word' id='word_1_782' title='bbox 2257 3587 2362 3628; x_wconf 91' lang='lat' dir='ltr'><strong>non</strong></span> <span class='ocrx_word' id='word_1_783' title='bbox 2393 3571 2755 3643; x_wconf 87' lang='lat' dir='ltr'><strong>intelligentes</strong></span> <span class='ocrx_word' id='word_1_784' title='bbox 2794 3575 2939 3644; x_wconf 89' lang='lat' dir='ltr'><strong>ipsos</strong></span> <span class='ocrx_word' id='word_1_785' title='bbox 2971 3577 3209 3631; x_wconf 89' lang='lat' dir='ltr'><strong>omnium</strong></span> <span class='ocrx_word' id='word_1_786' title='bbox 3255 3577 3493 3633; x_wconf 86' lang='lat' dir='ltr'><strong>miserri-</strong></span> 
     </span>
    </p>
   </div>
   <div class='ocr_carea' id='block_1_97' title="bbox 1891 3663 3493 3736">
    <p class='ocr_par' dir='ltr' id='par_1_97' title="bbox 1891 3663 3493 3736">
     <span class='ocr_line' id='line_1_97' title="bbox 1891 3663 3493 3736; baseline 0.002 -15"><span class='ocrx_word' id='word_1_787' title='bbox 1891 3681 2008 3721; x_wconf 89' lang='lat' dir='ltr'><strong>mos</strong></span> <span class='ocrx_word' id='word_1_788' title='bbox 2045 3663 2346 3722; x_wconf 88' lang='lat' dir='ltr'><strong>censendos</strong></span> <span class='ocrx_word' id='word_1_789' title='bbox 2389 3679 2511 3722; x_wconf 89' lang='lat' dir='ltr'><strong>esse</strong></span> <span class='ocrx_word' id='word_1_790' title='bbox 2535 3706 2551 3730; x_wconf 93' lang='lat'><strong>,</strong></span> <span class='ocrx_word' id='word_1_791' title='bbox 2595 3664 2740 3736; x_wconf 89' lang='lat' dir='ltr'><strong>quod</strong></span> <span class='ocrx_word' id='word_1_792' title='bbox 2769 3665 2897 3720; x_wconf 87' lang='lat' dir='ltr'><strong>dum</strong></span> <span class='ocrx_word' id='word_1_793' title='bbox 2936 3677 3163 3722; x_wconf 72' lang='lat' dir='ltr'><strong>cmteros</strong></span> <span class='ocrx_word' id='word_1_794' title='bbox 3197 3681 3258 3723; x_wconf 90' lang='lat' dir='ltr'><strong>se</strong></span> <span class='ocrx_word' id='word_1_795' title='bbox 3296 3668 3493 3726; x_wconf 75' lang='lat' dir='ltr'><strong>lmdere</strong></span> 
     </span>
    </p>
   </div>
   <div class='ocr_carea' id='block_1_98' title="bbox 1892 3756 3494 3828">
    <p class='ocr_par' dir='ltr' id='par_1_98' title="bbox 1892 3756 3494 3828">
     <span class='ocr_line' id='line_1_98' title="bbox 1892 3756 3494 3828; baseline 0.002 -16"><span class='ocrx_word' id='word_1_796' title='bbox 1892 3765 2114 3828; x_wconf 88' lang='lat' dir='ltr'><strong>putant,</strong></span> <span class='ocrx_word' id='word_1_797' title='bbox 2147 3759 2199 3812; x_wconf 92' lang='lat' dir='ltr'><strong>in</strong></span> <span class='ocrx_word' id='word_1_798' title='bbox 2231 3757 2438 3828; x_wconf 85' lang='lat' dir='ltr'><strong>seipsos</strong></span> <span class='ocrx_word' id='word_1_799' title='bbox 2466 3756 2701 3828; x_wconf 87' lang='lat' dir='ltr'><strong>gladium</strong></span> <span class='ocrx_word' id='word_1_800' title='bbox 2740 3765 2953 3813; x_wconf 84' lang='lat' dir='ltr'><strong>vertant</strong></span> <span class='ocrx_word' id='word_1_801' title='bbox 2993 3776 3007 3812; x_wconf 90' lang='lat'><strong>:</strong></span> <span class='ocrx_word' id='word_1_802' title='bbox 3056 3757 3198 3828; x_wconf 86' lang='lat' dir='ltr'><strong>quod</strong></span> <span class='ocrx_word' id='word_1_803' title='bbox 3237 3767 3494 3816; x_wconf 84' lang='lat' dir='ltr'><strong>extremae</strong></span> 
     </span>
    </p>
   </div>
   <div class='ocr_carea' id='block_1_99' title="bbox 1891 3850 3493 3922">
    <p class='ocr_par' dir='ltr' id='par_1_99' title="bbox 1891 3850 3493 3922">
     <span class='ocr_line' id='line_1_99' title="bbox 1891 3850 3493 3922; baseline 0.001 -14"><span class='ocrx_word' id='word_1_804' title='bbox 1891 3852 2174 3909; x_wconf 63' lang='lat' dir='ltr'><strong>dementia:</strong></span> <span class='ocrx_word' id='word_1_805' title='bbox 2200 3860 2302 3907; x_wconf 90' lang='lat' dir='ltr'><strong>est.</strong></span> <span class='ocrx_word' id='word_1_806' title='bbox 2331 3850 2462 3906; x_wconf 88' lang='lat' dir='ltr'><strong>Nam</strong></span> <span class='ocrx_word' id='word_1_807' title='bbox 2491 3850 2646 3907; x_wconf 88' lang='lat' dir='ltr'><strong>inscii</strong></span> <span class='ocrx_word' id='word_1_808' title='bbox 2671 3850 2881 3922; x_wconf 89' lang='lat' dir='ltr'><strong>seipsos</strong></span> <span class='ocrx_word' id='word_1_809' title='bbox 2907 3850 3239 3918; x_wconf 78' lang='lat' dir='ltr'><strong>confodiunt,</strong></span> <span class='ocrx_word' id='word_1_810' title='bbox 3273 3862 3328 3909; x_wconf 90' lang='lat' dir='ltr'><strong>et</strong></span> <span class='ocrx_word' id='word_1_811' title='bbox 3365 3854 3493 3910; x_wconf 89' lang='lat' dir='ltr'><strong>dum</strong></span> 
     </span>
    </p>
   </div>
   <div class='ocr_carea' id='block_1_100' title="bbox 1891 3943 3494 4015">
    <p class='ocr_par' dir='ltr' id='par_1_100' title="bbox 1891 3943 3494 4015">
     <span class='ocr_line' id='line_1_100' title="bbox 1891 3943 3494 4015; baseline 0.001 -16"><span class='ocrx_word' id='word_1_812' title='bbox 1891 3945 2043 4000; x_wconf 86' lang='lat' dir='ltr'><strong>alteri</strong></span> <span class='ocrx_word' id='word_1_813' title='bbox 2068 3960 2128 4000; x_wconf 89' lang='lat' dir='ltr'><strong>se</strong></span> <span class='ocrx_word' id='word_1_814' title='bbox 2157 3958 2353 4000; x_wconf 88' lang='lat' dir='ltr'><strong>nocere</strong></span> <span class='ocrx_word' id='word_1_815' title='bbox 2383 3951 2601 4013; x_wconf 88' lang='lat' dir='ltr'><strong>putant,</strong></span> <span class='ocrx_word' id='word_1_816' title='bbox 2630 3943 2839 4014; x_wconf 89' lang='lat' dir='ltr'><strong>seipsos</strong></span> <span class='ocrx_word' id='word_1_817' title='bbox 2857 3944 3121 4015; x_wconf 87' lang='lat' dir='ltr'><strong>jugulant.</strong></span> <span class='ocrx_word' id='word_1_818' title='bbox 3148 3943 3275 4001; x_wconf 89' lang='lat' dir='ltr'><strong>ldeo</strong></span> <span class='ocrx_word' id='word_1_819' title='bbox 3297 3945 3494 4002; x_wconf 76' lang='lat' dir='ltr'><strong>Paulus</strong></span> 
     </span>
    </p>
   </div>
   <div class='ocr_carea' id='block_1_101' title="bbox 1890 4039 3493 4108">
    <p class='ocr_par' dir='ltr' id='par_1_101' title="bbox 1890 4039 3493 4108">
     <span class='ocr_line' id='line_1_101' title="bbox 1890 4039 3493 4108; baseline 0.001 -16"><span class='ocrx_word' id='word_1_820' title='bbox 1890 4053 2088 4108; x_wconf 83' lang='lat' dir='ltr'><strong>gnarus</strong></span> <span class='ocrx_word' id='word_1_821' title='bbox 2114 4050 2232 4100; x_wconf 89' lang='lat' dir='ltr'><strong>nos,</strong></span> <span class='ocrx_word' id='word_1_822' title='bbox 2265 4050 2386 4091; x_wconf 89' lang='lat' dir='ltr'><strong>cum</strong></span> <span class='ocrx_word' id='word_1_823' title='bbox 2414 4045 2641 4092; x_wconf 69' lang='grc' dir='ltr'><strong>οωιοι-οε</strong></span> <span class='ocrx_word' id='word_1_824' title='bbox 2664 4045 2944 4107; x_wconf 85' lang='lat' dir='ltr'><strong>perculere</strong></span> <span class='ocrx_word' id='word_1_825' title='bbox 2961 4039 3232 4107; x_wconf 79' lang='lat' dir='ltr'><strong>volumus,</strong></span> <span class='ocrx_word' id='word_1_826' title='bbox 3253 4049 3493 4095; x_wconf 87' lang='lat' dir='ltr'><strong>nosmet-</strong></span> 
     </span>
    </p>
   </div>
   <div class='ocr_carea' id='block_1_102' title="bbox 1891 4127 3494 4204">
    <p class='ocr_par' dir='ltr' id='par_1_102' title="bbox 1891 4127 3494 4204">
     <span class='ocr_line' id='line_1_102' title="bbox 1891 4127 3494 4204; baseline 0.002 -20"><span class='ocrx_word' id='word_1_827' title='bbox 1891 4131 2038 4201; x_wconf 90' lang='lat' dir='ltr'><strong>ipsos</strong></span> <span class='ocrx_word' id='word_1_828' title='bbox 2078 4127 2402 4196; x_wconf 78' lang='lat' dir='ltr'><strong>interﬁcere,</strong></span> <span class='ocrx_word' id='word_1_829' title='bbox 2431 4128 2646 4184; x_wconf 90' lang='lat' dir='ltr'><strong>dicebat</strong></span> <span class='ocrx_word' id='word_1_830' title='bbox 2674 4146 2687 4182; x_wconf 91' lang='lat'><strong>:</strong></span> <span class='ocrx_word' id='word_1_831' title='bbox 2729 4129 2902 4197; x_wconf 82' lang='lat' dir='ltr'><strong>Quare</strong></span> <span class='ocrx_word' id='word_1_832' title='bbox 2929 4147 3030 4186; x_wconf 89' lang='lat' dir='ltr'><strong>non</strong></span> <span class='ocrx_word' id='word_1_833' title='bbox 3058 4133 3226 4201; x_wconf 78' lang='lat' dir='ltr'><strong>potius</strong></span> <span class='ocrx_word' id='word_1_834' title='bbox 3250 4133 3494 4204; x_wconf 86' lang='lat' dir='ltr'><strong>injuriam</strong></span> 
     </span>
    </p>
   </div>
   <div class='ocr_carea' id='block_1_103' title="bbox 1891 4220 3491 4294">
    <p class='ocr_par' dir='ltr' id='par_1_103' title="bbox 1891 4220 3491 4294">
     <span class='ocr_line' id='line_1_103' title="bbox 1891 4220 3491 4294; baseline 0.003 -20"><span class='ocrx_word' id='word_1_835' title='bbox 1891 4221 2162 4290; x_wconf 84' lang='lat' dir='ltr'><strong>accipitis?</strong></span> <span class='ocrx_word' id='word_1_836' title='bbox 2186 4235 2345 4291; x_wconf 83' lang='lat' dir='ltr'><strong>quare</strong></span> <span class='ocrx_word' id='word_1_837' title='bbox 2368 4236 2471 4275; x_wconf 86' lang='lat' dir='ltr'><strong>non</strong></span> <span class='ocrx_word' id='word_1_838' title='bbox 2496 4221 2658 4292; x_wconf 87' lang='lat' dir='ltr'><strong>magis</strong></span> <span class='ocrx_word' id='word_1_839' title='bbox 2697 4220 2932 4290; x_wconf 75' lang='lat' dir='ltr'><strong>fraudem</strong></span> <span class='ocrx_word' id='word_1_840' title='bbox 2962 4224 3196 4292; x_wconf 85' lang='lat' dir='ltr'><strong>patimini</strong></span> <span class='ocrx_word' id='word_1_841' title='bbox 3236 4223 3255 4294; x_wconf 90' lang='lat'>(</span> <span class='ocrx_word' id='word_1_842' title='bbox 3278 4226 3329 4281; x_wconf 80' lang='lat' dir='ltr'><strong>l.</strong></span> <span class='ocrx_word' id='word_1_843' title='bbox 3370 4223 3491 4281; x_wconf 77' lang='lat' dir='ltr'><strong>Cor.</strong></span> 
     </span>
    </p>
   </div>
   <div class='ocr_carea' id='block_1_104' title="bbox 1892 4312 3494 4386">
    <p class='ocr_par' dir='ltr' id='par_1_104' title="bbox 1892 4312 3494 4386">
     <span class='ocr_line' id='line_1_104' title="bbox 1892 4312 3494 4386; baseline 0.002 -18"><span class='ocrx_word' id='word_1_844' title='bbox 1892 4312 1946 4368; x_wconf 88' lang='lat'><strong>6.</strong></span> <span class='ocrx_word' id='word_1_845' title='bbox 1978 4313 2086 4384; x_wconf 83' lang='lat'><strong>7)?</strong></span> <span class='ocrx_word' id='word_1_846' title='bbox 2116 4312 2367 4384; x_wconf 89' lang='lat' dir='ltr'><strong>lnjuriam</strong></span> <span class='ocrx_word' id='word_1_847' title='bbox 2396 4313 2540 4369; x_wconf 89' lang='lat' dir='ltr'><strong>enim</strong></span> <span class='ocrx_word' id='word_1_848' title='bbox 2568 4328 2674 4369; x_wconf 88' lang='lat' dir='ltr'><strong>non</strong></span> <span class='ocrx_word' id='word_1_849' title='bbox 2705 4315 2899 4386; x_wconf 90' lang='lat' dir='ltr'><strong>accipit</strong></span> <span class='ocrx_word' id='word_1_850' title='bbox 2925 4316 3014 4386; x_wconf 91' lang='lat' dir='ltr'><strong>qui</strong></span> <span class='ocrx_word' id='word_1_851' title='bbox 3048 4324 3153 4372; x_wconf 87' lang='lat' dir='ltr'><strong>non</strong></span> <span class='ocrx_word' id='word_1_852' title='bbox 3186 4317 3362 4384; x_wconf 89' lang='lat' dir='ltr'><strong>infert,</strong></span> <span class='ocrx_word' id='word_1_853' title='bbox 3393 4334 3494 4373; x_wconf 78' lang='lat' dir='ltr'><strong>nec</strong></span> 
     </span>
    </p>
   </div>
   <div class='ocr_carea' id='block_1_105' title="bbox 1893 4403 3497 4478">
    <p class='ocr_par' dir='ltr' id='par_1_105' title="bbox 1893 4403 3497 4478">
     <span class='ocr_line' id='line_1_105' title="bbox 1893 4403 3497 4478; baseline 0.003 -20"><span class='ocrx_word' id='word_1_854' title='bbox 1893 4405 2034 4459; x_wconf 87' lang='lat' dir='ltr'><strong>malo</strong></span> <span class='ocrx_word' id='word_1_855' title='bbox 2058 4403 2309 4471; x_wconf 80' lang='lat' dir='ltr'><strong>afﬁcitur,</strong></span> <span class='ocrx_word' id='word_1_856' title='bbox 2342 4404 2434 4476; x_wconf 91' lang='lat' dir='ltr'><strong>qui</strong></span> <span class='ocrx_word' id='word_1_857' title='bbox 2465 4404 2666 4460; x_wconf 90' lang='lat' dir='ltr'><strong>malum</strong></span> <span class='ocrx_word' id='word_1_858' title='bbox 2693 4421 2803 4461; x_wconf 92' lang='lat' dir='ltr'><strong>non</strong></span> <span class='ocrx_word' id='word_1_859' title='bbox 2835 4418 3091 4477; x_wconf 86' lang='lat' dir='ltr'><strong>operatur</strong></span> <span class='ocrx_word' id='word_1_860' title='bbox 3121 4426 3134 4461; x_wconf 88' lang='lat'><strong>:</strong></span> <span class='ocrx_word' id='word_1_861' title='bbox 3167 4411 3410 4478; x_wconf 84' lang='lat' dir='ltr'><strong>quamvis</strong></span> <span class='ocrx_word' id='word_1_862' title='bbox 3440 4408 3497 4465; x_wconf 92' lang='lat' dir='ltr'><strong>id</strong></span> 
     </span>
    </p>
   </div>
   <div class='ocr_carea' id='block_1_106' title="bbox 1892 4498 3490 4570">
    <p class='ocr_par' dir='ltr' id='par_1_106' title="bbox 1892 4498 3490 4570">
     <span class='ocr_line' id='line_1_106' title="bbox 1892 4498 3490 4570; baseline 0.001 -16"><span class='ocrx_word' id='word_1_863' title='bbox 1892 4498 2075 4554; x_wconf 89' lang='lat' dir='ltr'><strong>multis</strong></span> <span class='ocrx_word' id='word_1_864' title='bbox 2101 4498 2326 4569; x_wconf 68' lang='lat' dir='ltr'><strong>aenigma</strong></span> <span class='ocrx_word' id='word_1_865' title='bbox 2355 4511 2476 4553; x_wconf 88' lang='lat' dir='ltr'><strong>esse</strong></span> <span class='ocrx_word' id='word_1_866' title='bbox 2498 4499 2745 4554; x_wconf 87' lang='lat' dir='ltr'><strong>videatur</strong></span> <span class='ocrx_word' id='word_1_867' title='bbox 2770 4500 2860 4570; x_wconf 91' lang='lat' dir='ltr'><strong>qui</strong></span> <span class='ocrx_word' id='word_1_868' title='bbox 2893 4501 3257 4570; x_wconf 86' lang='lat' dir='ltr'><strong>philosophari</strong></span> <span class='ocrx_word' id='word_1_869' title='bbox 3285 4501 3490 4556; x_wconf 90' lang='lat' dir='ltr'><strong>nolunt.</strong></span> 
     </span>
    </p>
   </div>
   <div class='ocr_carea' id='block_1_107' title="bbox 1893 4590 3493 4664">
    <p class='ocr_par' dir='ltr' id='par_1_107' title="bbox 1893 4590 3493 4664">
     <span class='ocr_line' id='line_1_107' title="bbox 1893 4590 3493 4664; baseline 0.003 -20"><span class='ocrx_word' id='word_1_870' title='bbox 1893 4591 2018 4645; x_wconf 75' lang='lat' dir='ltr'><strong>Hmc</strong></span> <span class='ocrx_word' id='word_1_871' title='bbox 2039 4605 2159 4646; x_wconf 91' lang='lat' dir='ltr'><strong>cum</strong></span> <span class='ocrx_word' id='word_1_872' title='bbox 2181 4591 2431 4655; x_wconf 89' lang='lat' dir='ltr'><strong>sciamus,</strong></span> <span class='ocrx_word' id='word_1_873' title='bbox 2457 4603 2680 4646; x_wconf 89' lang='lat' dir='ltr'><strong>noneos</strong></span> <span class='ocrx_word' id='word_1_874' title='bbox 2719 4591 2807 4661; x_wconf 92' lang='lat' dir='ltr'><strong>qui</strong></span> <span class='ocrx_word' id='word_1_875' title='bbox 2830 4590 3115 4657; x_wconf 73' lang='lat' dir='ltr'><strong>hrduntur,</strong></span> <span class='ocrx_word' id='word_1_876' title='bbox 3141 4593 3222 4648; x_wconf 90' lang='lat' dir='ltr'><strong>vel</strong></span> <span class='ocrx_word' id='word_1_877' title='bbox 3249 4593 3493 4664; x_wconf 87' lang='lat' dir='ltr'><strong>injuriam</strong></span> 
     </span>
    </p>
   </div>
   <div class='ocr_carea' id='block_1_108' title="bbox 1892 4679 3502 4755">
    <p class='ocr_par' dir='ltr' id='par_1_108' title="bbox 1892 4679 3502 4755">
     <span class='ocr_line' id='line_1_108' title="bbox 1892 4679 3502 4755; baseline 0.002 -19"><span class='ocrx_word' id='word_1_878' title='bbox 1892 4681 2180 4750; x_wconf 89' lang='lat' dir='ltr'><strong>accipiunt,</strong></span> <span class='ocrx_word' id='word_1_879' title='bbox 2209 4679 2304 4736; x_wconf 89' lang='lat' dir='ltr'><strong>sed</strong></span> <span class='ocrx_word' id='word_1_880' title='bbox 2332 4680 2453 4736; x_wconf 84' lang='lat' dir='ltr'><strong>illos</strong></span> <span class='ocrx_word' id='word_1_881' title='bbox 2469 4682 2556 4752; x_wconf 92' lang='lat' dir='ltr'><strong>qui</strong></span> <span class='ocrx_word' id='word_1_882' title='bbox 2581 4681 2830 4751; x_wconf 89' lang='lat' dir='ltr'><strong>injnriam</strong></span> <span class='ocrx_word' id='word_1_883' title='bbox 2848 4681 3106 4750; x_wconf 86' lang='lat' dir='ltr'><strong>inferunt,</strong></span> <span class='ocrx_word' id='word_1_884' title='bbox 3125 4684 3349 4740; x_wconf 86' lang='lat' dir='ltr'><strong>miseros</strong></span> <span class='ocrx_word' id='word_1_885' title='bbox 3366 4699 3502 4755; x_wconf 63' lang='lat' dir='ltr'><strong>prir-</strong></span> 
     </span>
    </p>
   </div>
   <div class='ocr_carea' id='block_1_109' title="bbox 1891 4771 3492 4842">
    <p class='ocr_par' dir='ltr' id='par_1_109' title="bbox 1891 4771 3492 4842">
     <span class='ocr_line' id='line_1_109' title="bbox 1891 4771 3492 4842; baseline 0.004 -16"><span class='ocrx_word' id='word_1_886' title='bbox 1891 4771 2130 4828; x_wconf 89' lang='lat' dir='ltr'><strong>dicemus</strong></span> <span class='ocrx_word' id='word_1_887' title='bbox 2169 4781 2225 4828; x_wconf 89' lang='lat' dir='ltr'><strong>et</strong></span> <span class='ocrx_word' id='word_1_888' title='bbox 2263 4772 2631 4842; x_wconf 90' lang='lat' dir='ltr'><strong>deploremus.</strong></span> <span class='ocrx_word' id='word_1_889' title='bbox 2669 4773 2731 4827; x_wconf 77' lang='lat' dir='ltr'><strong>lli</strong></span> <span class='ocrx_word' id='word_1_890' title='bbox 2762 4774 2906 4829; x_wconf 89' lang='lat' dir='ltr'><strong>enim</strong></span> <span class='ocrx_word' id='word_1_891' title='bbox 2940 4776 3172 4832; x_wconf 90' lang='lat' dir='ltr'><strong>maxime</strong></span> <span class='ocrx_word' id='word_1_892' title='bbox 3202 4776 3492 4840; x_wconf 72' lang='lat' dir='ltr'><strong>la-duntur,</strong></span> 
     </span>
    </p>
   </div>
   <div class='ocr_carea' id='block_1_110' title="bbox 1892 4864 3495 4940">
    <p class='ocr_par' dir='ltr' id='par_1_110' title="bbox 1892 4864 3495 4940">
     <span class='ocr_line' id='line_1_110' title="bbox 1892 4864 3495 4940; baseline 0.004 -22"><span class='ocrx_word' id='word_1_893' title='bbox 1892 4865 1980 4934; x_wconf 90' lang='lat' dir='ltr'><strong>qui</strong></span> <span class='ocrx_word' id='word_1_894' title='bbox 1998 4865 2106 4920; x_wconf 88' lang='lat' dir='ltr'><strong>Deo</strong></span> <span class='ocrx_word' id='word_1_895' title='bbox 2128 4864 2327 4920; x_wconf 88' lang='lat' dir='ltr'><strong>bellum</strong></span> <span class='ocrx_word' id='word_1_896' title='bbox 2346 4865 2602 4931; x_wconf 84' lang='lat' dir='ltr'><strong>inferunt,</strong></span> <span class='ocrx_word' id='word_1_897' title='bbox 2623 4874 2677 4920; x_wconf 88' lang='lat' dir='ltr'><strong>et</strong></span> <span class='ocrx_word' id='word_1_898' title='bbox 2701 4866 2850 4921; x_wconf 90' lang='lat' dir='ltr'><strong>mille</strong></span> <span class='ocrx_word' id='word_1_899' title='bbox 2865 4877 3238 4924; x_wconf 87' lang='lat' dir='ltr'><strong>accusatorum</strong></span> <span class='ocrx_word' id='word_1_900' title='bbox 3260 4885 3353 4925; x_wconf 88' lang='lat' dir='ltr'><strong>ora</strong></span> <span class='ocrx_word' id='word_1_901' title='bbox 3374 4884 3495 4940; x_wconf 83' lang='lat' dir='ltr'><strong>ape-</strong></span> 
     </span>
    </p>
   </div>
   <div class='ocr_carea' id='block_1_111' title="bbox 1893 4956 3496 5034">
    <p class='ocr_par' dir='ltr' id='par_1_111' title="bbox 1893 4956 3496 5034">
     <span class='ocr_line' id='line_1_111' title="bbox 1893 4956 3496 5034; baseline 0.004 -22"><span class='ocrx_word' id='word_1_902' title='bbox 1893 4958 2056 5021; x_wconf 88' lang='lat' dir='ltr'><strong>riunt,</strong></span> <span class='ocrx_word' id='word_1_903' title='bbox 2077 4958 2321 5028; x_wconf 85' lang='lat' dir='ltr'><strong>malaque</strong></span> <span class='ocrx_word' id='word_1_904' title='bbox 2339 4956 2478 5014; x_wconf 86' lang='lat' dir='ltr'><strong>fama</strong></span> <span class='ocrx_word' id='word_1_905' title='bbox 2501 4960 2551 5014; x_wconf 94' lang='lat' dir='ltr'><strong>in</strong></span> <span class='ocrx_word' id='word_1_906' title='bbox 2574 4957 2676 5014; x_wconf 87' lang='lat' dir='ltr'><strong>hac</strong></span> <span class='ocrx_word' id='word_1_907' title='bbox 2699 4960 2805 5014; x_wconf 84' lang='lat' dir='ltr'><strong>vita</strong></span> <span class='ocrx_word' id='word_1_908' title='bbox 2828 4961 3100 5017; x_wconf 88' lang='lat' dir='ltr'><strong>laborant:</strong></span> <span class='ocrx_word' id='word_1_909' title='bbox 3123 4971 3284 5032; x_wconf 89' lang='lat' dir='ltr'><strong>atque</strong></span> <span class='ocrx_word' id='word_1_910' title='bbox 3305 4963 3496 5034; x_wconf 82' lang='lat' dir='ltr'><strong>ingens</strong></span> 
     </span>
    </p>
   </div>
   <div class='ocr_carea' id='block_1_112' title="bbox 1892 5047 3492 5124">
    <p class='ocr_par' dir='ltr' id='par_1_112' title="bbox 1892 5047 3492 5124">
     <span class='ocr_line' id='line_1_112' title="bbox 1892 5047 3492 5124; baseline 0.004 -22"><span class='ocrx_word' id='word_1_911' title='bbox 1892 5047 1946 5103; x_wconf 91' lang='lat' dir='ltr'><strong>in</strong></span> <span class='ocrx_word' id='word_1_912' title='bbox 1974 5048 2152 5103; x_wconf 89' lang='lat' dir='ltr'><strong>futuro</strong></span> <span class='ocrx_word' id='word_1_913' title='bbox 2177 5048 2278 5103; x_wconf 90' lang='lat' dir='ltr'><strong>sibi</strong></span> <span class='ocrx_word' id='word_1_914' title='bbox 2306 5058 2494 5119; x_wconf 88' lang='lat' dir='ltr'><strong>parant</strong></span> <span class='ocrx_word' id='word_1_915' title='bbox 2522 5049 2841 5121; x_wconf 88' lang='lat' dir='ltr'><strong>supplicium</strong></span> <span class='ocrx_word' id='word_1_916' title='bbox 2867 5068 2882 5106; x_wconf 89' lang='lat'><strong>:</strong></span> <span class='ocrx_word' id='word_1_917' title='bbox 2907 5061 2964 5106; x_wconf 92' lang='lat' dir='ltr'><strong>ut</strong></span> <span class='ocrx_word' id='word_1_918' title='bbox 2991 5063 3177 5108; x_wconf 88' lang='lat' dir='ltr'><strong>contra</strong></span> <span class='ocrx_word' id='word_1_919' title='bbox 3201 5053 3236 5108; x_wconf 92' lang='lat' dir='ltr'><strong>ii</strong></span> <span class='ocrx_word' id='word_1_920' title='bbox 3263 5054 3353 5124; x_wconf 89' lang='lat' dir='ltr'><strong>qui</strong></span> <span class='ocrx_word' id='word_1_921' title='bbox 3379 5053 3492 5110; x_wconf 56' lang='lat' dir='ltr'><strong>laesi</strong></span> 
     </span>
    </p>
   </div>
   <div class='ocr_carea' id='block_1_113' title="bbox 1892 5139 3493 5218">
    <p class='ocr_par' dir='ltr' id='par_1_113' title="bbox 1892 5139 3493 5218">
     <span class='ocr_line' id='line_1_113' title="bbox 1892 5139 3493 5218; baseline 0.003 -23"><span class='ocrx_word' id='word_1_922' title='bbox 1892 5139 2115 5210; x_wconf 85' lang='lat' dir='ltr'><strong>injurias</strong></span> <span class='ocrx_word' id='word_1_923' title='bbox 2142 5139 2356 5196; x_wconf 84' lang='lat' dir='ltr'><strong>fortiter</strong></span> <span class='ocrx_word' id='word_1_924' title='bbox 2384 5141 2560 5197; x_wconf 88' lang='lat' dir='ltr'><strong>ferunt</strong></span> <span class='ocrx_word' id='word_1_925' title='bbox 2584 5184 2599 5210; x_wconf 97' lang='lat'><strong>,</strong></span> <span class='ocrx_word' id='word_1_926' title='bbox 2633 5144 2798 5198; x_wconf 89' lang='lat' dir='ltr'><strong>Deum</strong></span> <span class='ocrx_word' id='word_1_927' title='bbox 2826 5143 3024 5200; x_wconf 90' lang='lat' dir='ltr'><strong>habent</strong></span> <span class='ocrx_word' id='word_1_928' title='bbox 3047 5146 3361 5218; x_wconf 84' lang='lat' dir='ltr'><strong>prepitium,</strong></span> <span class='ocrx_word' id='word_1_929' title='bbox 3385 5161 3493 5201; x_wconf 83' lang='lat' dir='ltr'><strong>om-</strong></span> 
     </span>
    </p>
   </div>
   <div class='ocr_carea' id='block_1_114' title="bbox 1891 5237 3492 5307">
    <p class='ocr_par' dir='ltr' id='par_1_114' title="bbox 1891 5237 3492 5307">
     <span class='ocr_line' id='line_1_114' title="bbox 1891 5237 3492 5307; baseline 0.004 -20"><span class='ocrx_word' id='word_1_930' title='bbox 1891 5247 2093 5303; x_wconf 90' lang='lat' dir='ltr'><strong>nesque</strong></span> <span class='ocrx_word' id='word_1_931' title='bbox 2120 5248 2180 5289; x_wconf 92' lang='lat' dir='ltr'><strong>se</strong></span> <span class='ocrx_word' id='word_1_932' title='bbox 2205 5237 2668 5303; x_wconf 87' lang='lat' dir='ltr'><strong>commiserantes,</strong></span> <span class='ocrx_word' id='word_1_933' title='bbox 2692 5238 3070 5307; x_wconf 67' lang='lat' dir='ltr'><strong>approbantes,</strong></span> <span class='ocrx_word' id='word_1_934' title='bbox 3095 5239 3394 5295; x_wconf 86' lang='lat' dir='ltr'><strong>laudantes.</strong></span> <span class='ocrx_word' id='word_1_935' title='bbox 3429 5241 3492 5294; x_wconf 91' lang='lat' dir='ltr'><strong>lli</strong></span> 
     </span>
    </p>
   </div>
   <div class='ocr_carea' id='block_1_115' title="bbox 1891 5323 3491 5401">
    <p class='ocr_par' dir='ltr' id='par_1_115' title="bbox 1891 5323 3491 5401">
     <span class='ocr_line' id='line_1_115' title="bbox 1891 5323 3491 5401; baseline 0.004 -24"><span class='ocrx_word' id='word_1_936' title='bbox 1891 5323 1944 5377; x_wconf 88' lang='lat' dir='ltr'><strong>in</strong></span> <span class='ocrx_word' id='word_1_937' title='bbox 1976 5324 2076 5379; x_wconf 89' lang='lat' dir='ltr'><strong>hac</strong></span> <span class='ocrx_word' id='word_1_938' title='bbox 2121 5325 2227 5378; x_wconf 89' lang='lat' dir='ltr'><strong>vita</strong></span> <span class='ocrx_word' id='word_1_939' title='bbox 2265 5326 2552 5381; x_wconf 89' lang='lat' dir='ltr'><strong>admodum</strong></span> <span class='ocrx_word' id='word_1_940' title='bbox 2596 5328 2839 5383; x_wconf 85' lang='lat' dir='ltr'><strong>celebres</strong></span> <span class='ocrx_word' id='word_1_941' title='bbox 2880 5337 3070 5395; x_wconf 89' lang='lat' dir='ltr'><strong>erunt,</strong></span> <span class='ocrx_word' id='word_1_942' title='bbox 3109 5330 3199 5401; x_wconf 89' lang='lat' dir='ltr'><strong>qui</strong></span> <span class='ocrx_word' id='word_1_943' title='bbox 3241 5345 3491 5401; x_wconf 85' lang='lat' dir='ltr'><strong>magnum</strong></span> 
     </span>
    </p>
   </div>
   <div class='ocr_carea' id='block_1_116' title="bbox 1891 5415 3489 5490">
    <p class='ocr_par' dir='ltr' id='par_1_116' title="bbox 1891 5415 3489 5490">
     <span class='ocr_line' id='line_1_116' title="bbox 1891 5415 3489 5490; baseline 0.006 -20"><span class='ocrx_word' id='word_1_944' title='bbox 1891 5415 2247 5486; x_wconf 63' lang='lat' dir='ltr'><strong>philosophiae</strong></span> <span class='ocrx_word' id='word_1_945' title='bbox 2276 5419 2581 5490; x_wconf 88' lang='lat' dir='ltr'><strong>exemplum</strong></span> <span class='ocrx_word' id='word_1_946' title='bbox 2614 5421 2924 5490; x_wconf 69' lang='lat' dir='ltr'><strong>pra-beant,</strong></span> <span class='ocrx_word' id='word_1_947' title='bbox 2973 5432 3027 5478; x_wconf 90' lang='lat' dir='ltr'><strong>et</strong></span> <span class='ocrx_word' id='word_1_948' title='bbox 3067 5423 3118 5477; x_wconf 91' lang='lat' dir='ltr'><strong>in</strong></span> <span class='ocrx_word' id='word_1_949' title='bbox 3164 5422 3339 5479; x_wconf 91' lang='lat' dir='ltr'><strong>futura</strong></span> <span class='ocrx_word' id='word_1_950' title='bbox 3385 5425 3489 5480; x_wconf 81' lang='lat' dir='ltr'><strong>vita</strong></span> 
     </span>
    </p>
   </div>
   <div class='ocr_carea' id='block_1_117' title="bbox 1889 5508 3487 5587">
    <p class='ocr_par' dir='ltr' id='par_1_117' title="bbox 1889 5508 3487 5587">
     <span class='ocr_line' id='line_1_117' title="bbox 1889 5508 3487 5587; baseline 0.006 -26"><span class='ocrx_word' id='word_1_951' title='bbox 1889 5509 2107 5562; x_wconf 73' lang='lat' dir='ltr'><strong>mternis</strong></span> <span class='ocrx_word' id='word_1_952' title='bbox 2133 5508 2383 5564; x_wconf 80' lang='lat' dir='ltr'><strong>fruuntur</strong></span> <span class='ocrx_word' id='word_1_953' title='bbox 2410 5511 2565 5565; x_wconf 89' lang='lat' dir='ltr'><strong>bonis</strong></span> <span class='ocrx_word' id='word_1_954' title='bbox 2599 5531 2611 5566; x_wconf 89' lang='lat'><strong>:</strong></span> <span class='ocrx_word' id='word_1_955' title='bbox 2646 5529 2767 5583; x_wconf 77' lang='lat' dir='ltr'><strong>quae.</strong></span> <span class='ocrx_word' id='word_1_956' title='bbox 2783 5530 2891 5569; x_wconf 85' lang='lat' dir='ltr'><strong>.nos</strong></span> <span class='ocrx_word' id='word_1_957' title='bbox 2917 5529 3108 5570; x_wconf 84' lang='lat' dir='ltr'><strong>omnes</strong></span> <span class='ocrx_word' id='word_1_958' title='bbox 3128 5516 3339 5587; x_wconf 88' lang='lat' dir='ltr'><strong>assequi</strong></span> <span class='ocrx_word' id='word_1_959' title='bbox 3362 5531 3487 5571; x_wconf 77' lang='lat' dir='ltr'><strong>con-</strong></span> 
     </span>
    </p>
   </div>
   <div class='ocr_carea' id='block_1_118' title="bbox 1890 5600 3485 5674">
    <p class='ocr_par' dir='ltr' id='par_1_118' title="bbox 1890 5600 3485 5674">
     <span class='ocr_line' id='line_1_118' title="bbox 1890 5600 3485 5674; baseline 0.008 -20"><span class='ocrx_word' id='word_1_960' title='bbox 1890 5600 2075 5670; x_wconf 89' lang='lat' dir='ltr'><strong>tingat,</strong></span> <span class='ocrx_word' id='word_1_961' title='bbox 2099 5603 2267 5671; x_wconf 79' lang='lat' dir='ltr'><strong>gratia</strong></span> <span class='ocrx_word' id='word_1_962' title='bbox 2293 5614 2347 5658; x_wconf 91' lang='lat' dir='ltr'><strong>et</strong></span> <span class='ocrx_word' id='word_1_963' title='bbox 2373 5603 2699 5674; x_wconf 90' lang='lat' dir='ltr'><strong>benignitate</strong></span> <span class='ocrx_word' id='word_1_964' title='bbox 2739 5607 2949 5663; x_wconf 90' lang='lat' dir='ltr'><strong>Domini</strong></span> <span class='ocrx_word' id='word_1_965' title='bbox 2988 5610 3158 5665; x_wconf 91' lang='lat' dir='ltr'><strong>nostri</strong></span> <span class='ocrx_word' id='word_1_966' title='bbox 3184 5609 3310 5665; x_wconf 90' lang='lat' dir='ltr'><strong>Jesu</strong></span> <span class='ocrx_word' id='word_1_967' title='bbox 3333 5609 3485 5666; x_wconf 67' lang='lat' dir='ltr'><strong>Chrio</strong></span> 
     </span>
    </p>
   </div>
   <div class='ocr_carea' id='block_1_119' title="bbox 1888 5691 3487 5772">
    <p class='ocr_par' dir='ltr' id='par_1_119' title="bbox 1888 5691 3487 5772">
     <span class='ocr_line' id='line_1_119' title="bbox 1888 5691 3487 5772; baseline 0.007 -26"><span class='ocrx_word' id='word_1_968' title='bbox 1888 5691 1980 5758; x_wconf 89' lang='lat' dir='ltr'><strong>sti,</strong></span> <span class='ocrx_word' id='word_1_969' title='bbox 1998 5692 2210 5762; x_wconf 90' lang='lat' dir='ltr'><strong>quicum</strong></span> <span class='ocrx_word' id='word_1_970' title='bbox 2237 5694 2381 5750; x_wconf 85' lang='lat' dir='ltr'><strong>Patri</strong></span> <span class='ocrx_word' id='word_1_971' title='bbox 2405 5704 2462 5750; x_wconf 91' lang='lat' dir='ltr'><strong>et</strong></span> <span class='ocrx_word' id='word_1_972' title='bbox 2485 5697 2644 5751; x_wconf 88' lang='lat' dir='ltr'><strong>simul</strong></span> <span class='ocrx_word' id='word_1_973' title='bbox 2672 5697 2890 5767; x_wconf 88' lang='lat' dir='ltr'><strong>Spiritui</strong></span> <span class='ocrx_word' id='word_1_974' title='bbox 2917 5710 3105 5756; x_wconf 91' lang='lat' dir='ltr'><strong>sancto</strong></span> <span class='ocrx_word' id='word_1_975' title='bbox 3129 5700 3319 5772; x_wconf 84' lang='lat' dir='ltr'><strong>gloria,</strong></span> <span class='ocrx_word' id='word_1_976' title='bbox 3347 5717 3487 5757; x_wconf 90' lang='lat' dir='ltr'><strong>nunc</strong></span> 
     </span>
    </p>
   </div>
   <div class='ocr_carea' id='block_1_120' title="bbox 1891 5788 3201 5855">
    <p class='ocr_par' dir='ltr' id='par_1_120' title="bbox 1891 5788 3201 5855">
     <span class='ocr_line' id='line_1_120' title="bbox 1891 5788 3201 5855; baseline 0.007 -16"><span class='ocrx_word' id='word_1_977' title='bbox 1891 5792 1946 5839; x_wconf 88' lang='lat' dir='ltr'><strong>et</strong></span> <span class='ocrx_word' id='word_1_978' title='bbox 1975 5799 2210 5855; x_wconf 86' lang='lat' dir='ltr'><strong>semper,</strong></span> <span class='ocrx_word' id='word_1_979' title='bbox 2241 5797 2294 5842; x_wconf 89' lang='lat' dir='ltr'><strong>et</strong></span> <span class='ocrx_word' id='word_1_980' title='bbox 2324 5789 2376 5844; x_wconf 91' lang='lat' dir='ltr'><strong>in</strong></span> <span class='ocrx_word' id='word_1_981' title='bbox 2409 5788 2606 5845; x_wconf 70' lang='lat' dir='ltr'><strong>smcuia</strong></span> <span class='ocrx_word' id='word_1_982' title='bbox 2633 5791 2974 5847; x_wconf 59' lang='lat' dir='ltr'><strong>saeculorum.</strong></span> <span class='ocrx_word' id='word_1_983' title='bbox 3008 5794 3201 5850; x_wconf 82' lang='lat' dir='ltr'><strong>Amen.</strong></span> 
     </span>
    </p>
   </div>
   <div class='ocr_carea' id='block_1_121' title="bbox 3057 5941 3130 6000">
    <p class='ocr_par' dir='ltr' id='par_1_121' title="bbox 3057 5941 3130 6000">
     <span class='ocr_line' id='line_1_121' title="bbox 3057 5941 3130 6000; baseline 0.055 -4"><span class='ocrx_word' id='word_1_984' title='bbox 3057 5941 3130 6000; x_wconf 74' lang='grc'><strong>15</strong></span> 
     </span>
    </p>
   </div>
  </div>
