4102 6540
658 385 762 472 ιω

1359 383 1414 438 S.
1453 377 1726 437 JOANNIS
1761 370 2225 434 CHRYSOSTOMI
2264 370 2575 432 ARCHIEP.
2616 375 3140 437 CONSTANTINOP.

3795 381 3898 438 2w

658 545 660 547 ἱ
668 526 3885 558 M

2007 616 2350 680 HOMILIA
2394 623 2586 687 XLII.

652 776 777 838 Car.
819 780 875 836 6.
903 796 956 835 v.
991 782 1040 836 i.
1086 777 1210 835 Post
1255 779 1362 833 [nec
1405 776 1524 832 abiit
1551 772 1700 830 Iesus
1729 781 1868 826 trans
1893 785 2030 823 mare
2065 766 2213 822 Gali-

719 874 826 927 ιωω
853 873 905 926 in
937 882 1103 940 partes
1127 869 1402 925 Tiberiadis
1420 884 1439 932 ,°
1458 868 1511 922 2.
1534 877 1580 922 et
1607 865 1899 936 sequebatur
1932 877 2043 914 ettm
2078 859 2211 911 ntul-

718 965 878 1017 titudo
899 980 1080 1035 magna
1097 1004 1111 1028 ,
1134 962 1252 1032 quia
1275 960 1502 1013 uidebant
1529 958 1675 1030 signa
1694 971 1806 1026 qua:
1834 954 2045 1024 faciebat
2066 965 2215 1018 super

715 1055 778 1108 iis
802 1054 887 1124 qui
909 1051 1312 1121 inﬁrmabantur.
1340 1050 1394 1104 5.
1423 1049 1558 1103 Abiit
1581 1064 1698 1119 ergo
1721 1047 1775 1100 in
1801 1054 2014 1098 montem
2039 1040 2208 1102 Jestts,

714 1157 762 1202 et
785 1148 854 1201 ibi
873 1145 1070 1201 sedebat
1095 1161 1210 1200 cum
1237 1143 1498 1212 discipulis
1517 1142 1642 1197 suis.
1670 1143 1725 1196 4.
1751 1139 1876 1195 Erat
1895 1147 2058 1191 autem
2088 1150 2208 1204 pro.

711 1243 900 1296 ximam
932 1237 1133 1293 Pascha
1155 1237 1475 1293 Judtzarum.

711 1333 762 1386 l.
805 1329 938 1386 Cum
966 1329 1221 1401 improbis
1251 1328 1527 1396 noxiisque
1551 1326 1681 1381 viris
1705 1339 1771 1380 ne
1798 1337 2091 1389 versemur,
2122 1319 2206 1375 di-

643 1422 796 1484 lecti;
837 1421 926 1476 sed
971 1419 1183 1489 quando
1213 1421 1459 1474 virtutem
1488 1426 1723 1473 nostram
1753 1430 1858 1470 non
1891 1413 2118 1478 laedent,
2151 1411 2202 1466 id

636 1530 901 1577 curemus,
920 1529 994 1567 ne
1011 1528 1193 1568 eorum
1215 1509 1420 1565 insidiis
1438 1524 1504 1565 ac
1527 1509 1774 1579 nequitias
1797 1508 1970 1562 locum
1995 1505 2199 1560 demus.

639 1605 709 1657 Ita
735 1605 874 1657 enim
901 1603 1317 1671 omnisimpetus
1345 1600 1621 1670 frangitur.
1652 1600 1729 1653 Ac
1756 1595 2198 1668 quemadmodum

630 1689 803 1756 jacnla
835 1687 1041 1755 quando
1069 1686 1132 1740 lin
1158 1687 1348 1742 durum
1386 1684 1698 1754 ﬁrmumque
1725 1682 1897 1736 locum
1941 1678 2194 1744 incidunt,

635 1793 823 1847 magno
850 1778 1044 1846 impetu
1067 1777 1117 1832 in
1139 1791 1230 1832 eos
1254 1776 1341 1846 qui
1366 1775 1664 1846 iaculantur
1687 1773 1958 1837 resiliunt;
1985 1769 2199 1841 quando

631 1876 807 1922 autem
835 1867 1094 1922 violenter
1121 1866 1354 1922 immissa
1386 1865 1514 1921 nihil
1542 1863 1729 1919 durum
1755 1871 1809 1919 et
1837 1877 2078 1933 asperum
2109 1875 2198 1917 re-

632 1959 841 2026 periunt
865 1999 880 2024 ,
911 1961 1018 2013 cito
1047 1957 1296 2013 sedantur
1319 1966 1374 2012 et
1398 1956 1647 2012 desinunt
1676 1974 1690 2012 :
1723 1953 1792 2009 ita
1821 1953 1917 2009 feri
1948 1952 2198 2040 audaces-

629 2067 733 2121 que
753 2050 1014 2118 homines,
1044 2065 1166 2108 cum
1186 2057 1560 2120 repugnamus,
1588 2047 1756 2118 magis
1780 2053 2191 2114 exasperentur;

629 2159 747 2196 cum
783 2157 913 2198 vero
953 2142 1217 2208 cedimus,
1252 2142 1457 2196 illorum
1499 2140 1729 2194 furorem
1772 2137 1878 2193 cito
1921 2136 2190 2192 sedamus.

626 2234 825 2288 idcirco
851 2232 1111 2301 Christus,
1143 2246 1261 2287 cum
1291 2231 1564 2286 audissent
1593 2227 1843 2285 Pharisaei
1875 2229 2044 2298 ipsum
2073 2227 2190 2297 pltt-

623 2339 711 2380 res
756 2339 912 2396 quam
954 2323 1210 2380 Joannem
1251 2321 1539 2392 discipulos
1580 2319 1863 2390 colligere,
1911 2319 2193 2387 pluresque

624 2417 910 2486 baptizare,
953 2415 1106 2476 venit.
1146 2414 1197 2470 in
1245 2413 1538 2480 Galilaeam,
1585 2421 1642 2467 ut
1687 2410 1935 2466 invidiam
1981 2409 2190 2463 illorum

619 2516 1006 2580 exstingueret,
1038 2516 1092 2564 et
1127 2506 1360 2563 furorem
1380 2548 1395 2576 ,
1427 2521 1584 2576 quem
1614 2506 1757 2577 ipsos
1785 2518 1853 2559 ex
1883 2516 1945 2558 ea
1975 2516 2035 2556 re
2059 2514 2189 2556 con-

617 2600 822 2669 cepisse
853 2599 1138 2655 verisimile
1165 2606 1300 2664 erat,
1330 2612 1427 2669 per
1453 2611 1723 2654 secessum
1749 2592 1973 2649 sedavit.
2020 2589 2193 2646 Cane-

617 2708 735 2747 rum
778 2693 830 2748 in
880 2692 1148 2748 Galilaeam
1190 2705 1454 2758 reversus,
1492 2704 1596 2745 non
1648 2687 1832 2743 eadem
1871 2683 1981 2739 adit
2025 2682 2182 2739 loca:

620 2798 723 2838 non
751 2785 892 2838 enim
919 2784 970 2839 in
999 2782 1142 2839 Cana
1174 2781 1350 2846 venit,
1384 2780 1476 2837 sed
1506 2790 1650 2836 trans
1677 2794 1842 2835 mare.
1873 2777 2078 2833 Idcirco
2104 2791 2193 2832 se-

607 2873 915 2942 quebantur
954 2873 1100 2927 illum
1143 2872 1308 2927 turbae
1351 2871 1552 2936 multae,
1591 2885 1710 2924 cum
1757 2868 1995 2924 viderent
2036 2867 2184 2938 signa

614 2979 733 3033 quae
777 2962 1018 3020 faciebat.
1069 2963 1197 3032 Quae
1245 2963 1436 3033 signa?
1479 2977 1575 3019 cur
1619 2962 1706 3016 illa
1750 2977 1852 3016 non
1905 2962 2184 3016 recenset?

614 3055 744 3124 Quia
779 3055 862 3110 hic
883 3057 1203 3128 evangelista
1229 3070 1471 3127 magnam
1495 3055 1614 3110 libri
1638 3055 1717 3108 sui
1745 3063 1946 3124 partem
1972 3055 2186 3109 concio-

606 3150 770 3204 nibus
794 3150 1038 3219 replevit.
1068 3149 1198 3205 Vide
1219 3165 1444 3220 namque
1468 3147 1737 3220 quomodo
1760 3163 1854 3218 per
1882 3162 2076 3202 annum
2104 3146 2184 3200 in-

607 3249 852 3310 tegrum,
890 3240 998 3297 imo
1031 3241 1084 3296 in
1122 3240 1260 3296 festo
1295 3240 1510 3296 l’aschae
1553 3255 1656 3296 non
1686 3239 1825 3294 aliud
1871 3238 2179 3294 miraculum

613 3342 899 3402 memoret,
923 3348 1078 3406 quam
1111 3335 1456 3405 paralyticum
1484 3344 1536 3390 et
1567 3333 1730 3388 ﬁlium
1754 3331 1919 3404 reguli
1946 3340 2175 3388 curatos.

611 3424 793 3496 Neque
813 3425 954 3480 enim
982 3427 1158 3481 omnia
1188 3440 1404 3480 narrare
1435 3425 1619 3491 voluit,
1651 3424 1701 3479 id
1729 3425 1866 3494 quod
1895 3433 2038 3480 certe
2064 3423 2177 3478 ﬁeri

611 3531 719 3570 non
752 3524 989 3585 poterat;
1022 3515 1114 3572 sed
1154 3531 1218 3572 ex
1260 3516 1445 3571 multis
1473 3516 1782 3586 magnisque
1818 3530 1976 3585 pauca
2022 3515 2174 3570 dixit.

612 3605 678 3659 Et
701 3607 1015 3675 sequebatur,
1049 3607 1219 3678 inqutt
1237 3649 1252 3673 ,
1280 3624 1391 3661 eum
1422 3609 1567 3661 turba
1593 3608 1781 3672 multa,
1804 3608 1922 3678 quia
1948 3607 2178 3662 uidebant

610 3682 753 3769 signa
780 3714 890 3764 qua:
913 3699 1144 3768 faciebat.
1175 3698 1291 3753 Non
1313 3699 1461 3753 ﬁrma
1489 3709 1676 3754 mente.
1692 3698 2047 3769 sequebantur
2073 3713 2087 3751 :
2111 3697 2177 3752 ad

611 3799 811 3845 tantam
850 3792 990 3847 enim
1034 3790 1328 3846 doctrinam
1357 3806 1418 3846 ex
1449 3791 1613 3861 signis
1645 3790 1818 3860 potius
1856 3789 2180 3845 induceban-

610 3891 723 3946 tur;
752 3881 892 3951 quod
923 3882 1200 3937 crassioris
1228 3889 1344 3936 erat
1367 3880 1550 3934 animi.
1583 3879 1746 3950 Signa
1772 3881 1902 3933 enim
1923 3921 1936 3944 ,
1971 3879 2174 3949 inquit,

609 3990 710 4026 non
737 3973 989 4042 ﬁdelibus,
1018 3974 1108 4028 sed
1137 3973 1414 4027 incredulis
1453 3971 1528 4042 (i.
1564 3970 1681 4028 Cor.
1713 3973 1799 4027 14.
1826 3970 1942 4041 22).
1980 3971 2048 4026 At
2070 3987 2174 4026 non

610 4064 908 4134 huiusmodi
955 4065 1177 4134 p0pulus
1213 4063 1350 4133 apud
1388 4064 1690 4118 Matthteum
1725 4081 1738 4118 :
1774 4063 1867 4118 sed
1895 4062 2016 4117 audi
2045 4077 2178 4132 quo-

608 4157 766 4212 modo
796 4155 1116 4226 :Stupebant
1139 4173 1309 4210 omnes
1335 4157 1396 4210 de
1423 4158 1650 4210 doctrina
1678 4157 1786 4226 ejus
1805 4198 1820 4223 ,
1867 4157 1985 4225 quia
2028 4155 2176 4210 doce-

607 4249 689 4301 bat
717 4263 800 4302 eos
826 4256 1078 4318 tamquam
1099 4256 1386 4318 potestatem
1408 4246 1594 4302 habens
1616 4245 1829 4317 (Matth.
1856 4247 1906 4300 7.
1932 4245 2024 4301 28.
2047 4245 2167 4313 29).

606 4341 711 4394 Cur
760 4349 935 4395 autem
984 4348 1226 4394 montem
1272 4355 1412 4394 nunc
1435 4340 1584 4405 adiit,
1615 4347 1669 4394 et
1701 4339 1771 4393 ibi
1799 4339 2020 4394 sedebat
2053 4355 2175 4394 cum

605 4431 914 4500 discipulis?
948 4430 1028 4486 0b
1067 4430 1299 4485 futurum
1350 4413 1577 4500 signum.
1625 4428 1773 4495 Quod
1804 4438 1980 4485 autem
2011 4429 2174 4486 disci-

607 4521 716 4589 puli
759 4529 960 4576 tantum
998 4521 1355 4586 ascenderint,
1397 4521 1486 4576 illa
1533 4521 1712 4592 populi
1755 4536 1860 4575 non
1904 4522 2175 4593 sequentis

605 4617 760 4686 culpa
783 4623 882 4670 est.
911 4615 1091 4686 Neque
1118 4614 1217 4670 hac
1243 4615 1414 4670 solum
1439 4613 1506 4670 de
1530 4629 1689 4670 causa
1720 4625 1954 4670 montem
1982 4615 2170 4685 petiit,

602 4708 693 4762 sed
725 4709 883 4762 etiam
917 4714 972 4761 ut
999 4721 1096 4762 nos
1122 4706 1367 4774 doceret,
1406 4707 1687 4762 tumultum
1715 4717 1768 4762 et
1811 4707 2015 4763 turbam
2055 4722 2174 4764 esse

603 4797 870 4852 vitandam
892 4838 906 4864 ,
935 4807 1093 4867 atque
1129 4797 1371 4852 idoneam
1410 4797 1760 4868 philosophia:
1787 4815 1907 4856 esse
1932 4800 2176 4855 solitudi-

604 4903 746 4942 nem.
779 4887 933 4956 Sarpe
973 4896 1147 4942 autem
1188 4889 1300 4957 ipse
1343 4890 1489 4944 solus
1531 4899 1764 4945 montem
1809 4891 2076 4956 ascendit,
2121 4899 2175 4947 et

595 4987 874 5049 pertractat
906 4991 1084 5042 orans,
1110 4988 1164 5032 ut
1195 4995 1289 5034 nos
1314 4980 1520 5046 doceat,
1550 4996 1670 5036 eum
1695 4982 1781 5052 qui
1803 4983 1866 5037 ad
1893 4983 2056 5038 Deum
2084 4997 2173 5038 ac-

602 5069 761 5135 cedit,
790 5069 934 5124 omni
965 5070 1186 5124 tumultu
1217 5085 1437 5126 vacuum
1470 5087 1607 5138 esse,
1642 5081 1696 5128 et
1724 5074 2062 5144 tranquillum
2093 5074 2173 5129 lo-

605 5177 723 5215 tum
753 5178 993 5232 quaerere
1021 5161 1238 5218 debere.
1273 5163 1395 5218 Erat
1421 5175 1583 5218 autem
1615 5167 1898 5234 proximum
1927 5165 2130 5219 Pascha
2153 5207 2167 5231 ,

606 5254 710 5305 dies
736 5255 892 5321 [estus
923 5251 1241 5308 Judwarum.
1267 5253 1391 5320 Cur,
1425 5256 1648 5324 inquies,
1682 5273 1784 5310 non
1825 5257 2063 5313 aseendit
2107 5257 2171 5311 ad

605 5343 744 5396 diem
791 5342 1015 5408 festum,
1047 5345 1140 5400 sed
1180 5361 1299 5400 cum
1340 5361 1525 5400 omnes
1562 5347 1945 5419 Jerosolymatn
1991 5365 2176 5420 perge-

606 5446 744 5504 rent,
785 5439 986 5508 ipse-in
1027 5439 1294 5496 Galilaeam
1333 5443 1511 5497 venit:
1547 5457 1717 5512 neque
1748 5443 1858 5511 ipse
1886 5443 2050 5506 solus,
2081 5443 2173 5496 sed

607 5543 728 5583 cum
759 5527 1062 5599 discipulis,
1093 5539 1148 5585 et
1177 5530 1298 5587 inde
1327 5532 1376 5586 in
1399 5529 1780 5602 Capernaum?
1807 5531 2063 5612 Paulatim
2099 5531 2170 5586 le-

608 5632 727 5688 gem
758 5620 933 5687 solvit,
978 5638 1045 5678 ex
1091 5621 1394 5678 Iudaeorum
1438 5625 1668 5696 nequitia
1715 5625 2048 5679 occasionem
2092 5640 2187 5680 ea»

614 5718 787 5776 ptans.
841 5711 893 5767 5.
947 5711 1012 5767 Et
1059 5730 1172 5769 cum
1219 5714 1516 5770 sublevasset
1569 5717 1757 5782 oculos,
1811 5715 1930 5769 uidit
1984 5717 2179 5770 turbam

611 5799 843 5858 multant.
896 5803 990 5861 llic
1028 5806 1263 5861 ostendit
1310 5806 1477 5875 ipsum
1525 5823 1805 5878 numquam
1858 5811 1971 5866 sine
2021 5827 2178 5865 causa

2318 767 2521 824 sedisse
2557 786 2674 828 cum
2719 775 3024 846 discipulis;
3071 783 3164 838 sed
3209 784 3449 844 fortassis
3487 797 3545 844 ut
3587 793 3890 850 accuratius

2317 856 2460 925 ipsos
2481 860 2840 932 alloqueretttr
2865 875 2920 922 ct
2943 868 3174 937 doceret,
3201 889 3400 946 eosque
3423 878 3522 933 sibi
3548 879 3848 940 devinciret
3873 900 3888 938 :

2317 950 2456 1005 unde
2488 952 2738 1011 discimus
2781 969 3030 1026 quantam
3071 963 3283 1022 illorum
3316 971 3703 1037 providentiam
3734 955 3893 1045 gere-

2316 1049 2423 1136 ret,
2458 1058 2632 1136 quam
2677 1057 2737 1099 se
2773 1048 3098 1121 demitteret,
3145 1065 3203 1111 ut
3248 1072 3307 1114 se
3334 1059 3440 1115 illis
3477 1071 3886 1136 attemperaret.

2314 1131 2581 1225 Sedebant
2609 1152 2735 1192 vero
2759 1138 2936 1206 simul,
2969 1159 3087 1200 sese
3117 1146 3342 1204 fortasse
3370 1161 3554 1208 mutuo
3583 1131 3888 1225 respicien-

2313 1233 2410 1278 tes.
2449 1224 2638 1281 Deinde
2670 1232 2938 1299 respiciens
2977 1236 3107 1291 videt
3141 1241 3512 1296 multitudinem
3541 1224 3884 1301 accedentem.

2381 1313 2715 1387 Evangelista:
2743 1323 3091 1380 conciliantur.
3125 1343 3195 1368 -‘-
3218 1329 3408 1386 Caeteri
3432 1335 3768 1404 evangelista:
3792 1336 3848 1392 di
3865 1366 3885 1378 ο

2307 1414 2434 1458 cunt
2475 1405 2759 1487 discipulos
2797 1413 3107 1471 accedentes
3145 1432 3360 1489 rogasse
3390 1429 3446 1476 et
3473 1423 3782 1481 obsecrasse
3809 1427 3886 1482 il-

2306 1493 2416 1549 lum
2463 1512 2530 1553 ne
2567 1498 2854 1556 dimitteret
2895 1518 2987 1558 eos
3025 1505 3274 1575 jejunos;
3307 1508 3393 1565 hic
3419 1527 3548 1568 vero
3575 1513 3880 1587 Philippum

2306 1586 2506 1643 inducit
2547 1605 2575 1644 a
2620 1591 2830 1648 Christo
2861 1595 3262 1667 interrogatum.
3301 1601 3597 1676 Utrumque
3622 1586 3752 1664 mihi
3781 1625 3883 1667 ve-

2311 1693 2427 1732 rum
2461 1681 2682 1746 videtur,
2713 1685 2806 1738 sed
2847 1701 2970 1770 non-
2992 1688 3178 1744 eodem
3212 1691 3326 1760 ipso
3367 1701 3604 1765 tempore
3631 1706 3876 1769 gestum;

2303 1770 2397 1826 sed
2446 1774 2586 1829 aliud
2633 1777 2854 1833 alterum
2902 1784 3259 1850 prtecessisse,
3301 1785 3372 1840 ita
3417 1796 3473 1841 ut
3523 1803 3610 1845 res
3647 1789 3876 1849 diversze

2304 1873 2605 1924 narrentur.
2635 1867 2741 1922 Cur
2788 1884 2917 1940 ergo
2961 1870 3259 1942 Philippum
3302 1874 3632 1948 interrogat?
3661 1879 3878 1937 Sciebat

2300 1954 2387 2022 qui
2415 1954 2658 2025 discipuli
2693 1959 2811 2027 plus
2836 1959 3075 2016 doctrina
3106 1972 3341 2033 egerent.
3371 1965 3468 2022 Hic
3495 1969 3638 2023 enim
3667 1980 3750 2025 est
3778 1973 3874 2042 qui

2302 2056 2479 2114 postea
2511 2047 2678 2104 dicit:
2712 2050 2930 2107 Ostende
2972 2055 3111 2108 nobis
3156 2053 3382 2122 Patrem,
3419 2067 3465 2112 et
3501 2060 3681 2130 suﬁcit
3729 2063 3876 2117 nobis

2303 2136 2477 2205 (Joan.
2537 2140 2623 2193 Η.
2675 2141 2750 2209 8).
2799 2142 2923 2198 ldco
2966 2144 3111 2213 prius
3153 2144 3298 2200 illum
3346 2147 3593 2203 instituit.
3633 2147 3768 2205 Nam
3825 2153 3872 2205 si

2289 2230 2498 2300 absque
2545 2232 2653 2286 ullo
2691 2244 2945 2303 apparatu
2986 2235 3194 2305 signum
3234 2237 3434 2292 editum
3481 2239 3702 2309 fuisset,
3760 2258 3872 2298 non

2299 2328 2499 2376 tantum
2539 2326 2872 2392 apparuisset
2908 2327 3217 2382 miraculum
3249 2347 3262 2382 :
3292 2328 3400 2397 jam
3438 2346 3572 2387 vero
3602 2333 3750 2401 prius
3769 2348 3871 2390 cu-

2288 2421 2377 2467 rat
2398 2423 2454 2467 ut
2483 2415 2754 2483 penuriam
2781 2416 3116 2485 conﬁteatur,
3149 2427 3205 2472 ut
3234 2418 3356 2474 hinc
3384 2421 3554 2492 majus
3583 2422 3681 2492 ipsi
3711 2423 3870 2479 vide-

2291 2516 2442 2559 retur
2471 2506 2805 2562 miraculum.
2854 2506 2986 2564 Vide
3031 2509 3155 2579 quid
3188 2509 3329 2566 dicat
3359 2511 3448 2567 ille
3482 2529 3496 2569 :
3541 2511 3688 2568 Unde
3718 2516 3868 2569 nobis

2292 2602 2364 2649 tot
2385 2611 2559 2664 panes,
2605 2608 2660 2652 ut
2695 2596 2996 2651 manducent
3037 2599 3131 2652 hi.’
3160 2599 3250 2655 Sic
3280 2601 3330 2655 in
3361 2602 3525 2657 veteri
3555 2603 3669 2674 lege
3694 2603 3867 2677 Moysi

2291 2687 2532 2753 dicebat,
2568 2687 2726 2759 idque
2761 2696 3041 2760 antequam
3069 2691 3378 2747 miraculum
3417 2701 3652 2763 patraret
3681 2713 3696 2749 :
3727 2694 3870 2762 Quid

2290 2787 2364 2833 est
2387 2779 2440 2834 in
2466 2795 2619 2833 manu
2644 2780 2774 2850 tua(
2805 2780 2973 2836 Exod.
2997 2783 3050 2837 ι.
3080 2783 3202 2855 2)?
3245 2785 3377 2852 Quia
3418 2786 3560 2840 cnim
3601 2787 3862 2851 miracula

2287 2885 2406 2940 qua:
2435 2879 2654 2940 repente
2679 2863 2944 2940 accidunt,
2976 2872 3213 2942 priorum
3241 2874 3394 2931 nobis
3424 2874 3744 2932 oblivionem
3783 2877 3871 2933 in-

2287 2960 2483 3016 ducere
2509 2962 2700 3029 solent,
2736 2964 2908 3032 primo
2929 2964 3438 3021 illumconfessione
3466 2982 3559 3022 sua
3581 2967 3860 3039 alligavit,

2286 3062 2342 3107 ut
2374 3069 2476 3108 non
2506 3053 2697 3114 deinde
2721 3066 2937 3126 stupore
2962 3059 3236 3127 perculsus
3262 3058 3520 3114 confessa:
3544 3059 3620 3114 rei
3648 3075 3864 3114 memo—

2286 3144 2417 3198 riam
2459 3145 2733 3215 ahjiccret,
2771 3155 2826 3202 et
2867 3147 2990 3203 hinc
3025 3149 3424 3219 comparatione
3452 3147 3588 3204 facta
3617 3149 3860 3206 miraculi

2285 3237 2700 3306 magnitudinem
2755 3237 3050 3305 edisceret;
3105 3239 3244 3310 quod
3299 3239 3384 3294 hic
3432 3240 3589 3294 etiam
3641 3239 3855 3301 accidit.

2284 3327 2669 3399 Interrogatus,
2701 3329 2788 3383 ille
2808 3331 3093 3404 respondet
3123 3349 3136 3384 :
3170 3332 3222 3386 7.
3255 3332 3595 3387 Ducentorum
3616 3333 3857 3388 denario-

2281 3437 2396 3475 rum
2423 3438 2576 3491 panes
2602 3439 2701 3476 non
2727 3423 2974 3494 sufficiunt
3000 3424 3124 3491 illis,
3157 3435 3213 3477 ut
3241 3425 3578 3495 unusquisque
3603 3424 3859 3479 modicum

2281 3515 2402 3581 quid
2440 3515 2675 3584 accipiat.
2721 3516 2773 3570 6.
2825 3515 2937 3570 Hoc
2967 3528 3132 3572 autem
3171 3517 3363 3573 dicebat
3411 3526 3610 3572 tentans
3649 3517 3798 3572 illum
3837 3532 3859 3572 .'

2280 3605 2389 3675 ipse
2424 3607 2556 3660 enim
2592 3607 2774 3661 sciebat
2818 3607 2942 3677 quid
2977 3617 3098 3662 esset
3146 3610 3394 3678 facturus.
3433 3608 3566 3678 Quid
3590 3609 3690 3664 sibi
3720 3610 3857 3676 vult,

2285 3695 2502 3750 Tentans
2539 3696 2719 3751 illum?
2757 3711 2882 3752 num
2922 3696 3198 3767 ignorabat
3235 3697 3360 3768 quid
3397 3697 3636 3754 dicturus
3672 3700 3853 3756 esset?

2284 3785 2394 3841 Hoc
2421 3786 2525 3841 dici
2555 3787 2755 3857 nequit.

2350 3878 2403 3933 2.
2446 3879 2696 3947 Quantam
2747 3893 2874 3952 ergo
2923 3888 3007 3937 est
3053 3881 3180 3936 dicti
3232 3881 3536 3937 sententia?
3563 3881 3643 3937 Ex
3685 3883 3859 3938 veteri

2281 3970 2397 4042 lege
2424 3986 2706 4042 possumus
2742 3972 2886 4028 illam
2912 3971 3172 4030 ediscere.
3203 3973 3334 4029 Nam
3368 3974 3438 4028 ibi
3478 3989 3690 4046 quoque
3718 3974 3859 4031 dici-

2281 4071 2366 4117 tur
2395 4082 2408 4117 :
2450 4062 2568 4117 Post
2614 4063 2719 4118 hate
2756 4064 2958 4118 tentavit
2987 4063 3126 4119 Deus
3159 4064 3436 4128 Abraham,
3465 4066 3633 4120 dicens
3663 4081 3680 4119 :
3711 4064 3860 4120 Tolle
3931 4129 3938 4136 _

2280 4155 2445 4224 [ilium
2474 4164 2612 4208 tuum
2638 4155 2968 4225 unigenitum,
2997 4173 3142 4224 quem
3171 4156 3364 4227 diligis,
3399 4155 3548 4210 Isaac
3578 4155 3726 4227 (Gen.
3760 4155 3854 4211 22.

2280 4249 2330 4302 1.
2352 4247 2428 4317 2).
2449 4246 2628 4315 Neque
2659 4247 2798 4301 enim
2818 4245 2870 4300 id
2883 4247 3031 4313 dixit,
3057 4256 3112 4300 ut
3141 4247 3476 4316 experiretur
3495 4263 3562 4301 an
3585 4246 3859 4319 obsequu-

2283 4347 2431 4393 turus
2478 4348 2638 4404 esset,
2684 4355 2880 4405 necne;
2915 4347 3096 4409 utpote
3134 4340 3223 4410 qui
3264 4341 3440 4395 omnia
3480 4339 3660 4396 videat
3699 4349 3860 4397 ante-

2281 4445 2436 4500 quam
2457 4430 2582 4484 ﬁant
2598 4429 2760 4501 (Dan.
2782 4433 2865 4486 l3.
2890 4430 2982 4501 i2)
3009 4449 3022 4486 :
3047 4431 3139 4486 sed
3160 4433 3393 4488 humano
3410 4448 3559 4489 more
3573 4441 3858 4504 utrumque

2280 4520 2474 4575 dictum
2505 4529 2605 4575 cst.
2633 4520 2699 4576 Ut
2734 4535 2854 4575 cum
2897 4521 3044 4586 dicit,
3089 4520 3359 4576 Scrutatur
3399 4525 3554 4577 corda
3596 4524 3858 4579 hominum

2280 4609 2451 4682 (Rom.
2486 4610 2538 4666 8.
2571 4611 2693 4682 27),
2730 4626 2835 4667 non
2875 4613 3224 4682 ignorantiam
3257 4653 3272 4679 ,
3304 4614 3398 4670 sed
3428 4625 3730 4670 accuratam
3761 4631 3859 4672 co-

2278 4705 2566 4776 gnitionem
2593 4704 2826 4772 indicat;
2853 4707 2930 4761 sic
2953 4720 3073 4761 cum
3097 4704 3244 4772 dicit,
3273 4707 3524 4776 Tentavit,
3553 4707 3682 4762 nihil
3709 4709 3855 4765 aliud

2278 4796 2376 4850 sibi
2422 4796 2554 4862 vult,
2607 4809 2764 4865 quam
2812 4797 2983 4867 ipsum
3029 4806 3277 4852 accurate
3322 4799 3532 4854 novisse
3582 4797 3680 4854 Vel
3709 4797 3858 4854 aliud

2277 4889 2378 4944 dici
2426 4889 2611 4960 possit,
2661 4889 2832 4958 ipsum
2880 4903 3072 4958 nempe
3106 4889 3463 4959 probatiorem
3507 4905 3627 4945 eum
3675 4890 3859 4946 reddi—

2277 4980 2440 5046 disse,
2470 4979 2593 5034 dum
2625 4988 2673 5033 et
2709 4990 2831 5034 tunc
2857 4980 3243 5046 Abrahamum,
3282 4988 3335 5034 et
3375 4993 3515 5034 nunc
3551 4979 3857 5051 Philippum

2277 5090 2372 5144 per
2401 5070 2868 5142 interrogationem
2901 5074 2952 5126 in
2996 5071 3253 5141 majorem
3300 5070 3438 5142 signi
3483 5071 3726 5127 notitiam
3759 5071 3861 5129 de-

2281 5170 2450 5225 duxit.
2480 5166 2811 5237 Quapropter
2849 5165 3200 5234 evangeltSta,
3235 5179 3302 5218 ne
3328 5178 3395 5217 ex
3421 5163 3565 5217 verbi
3597 5163 3861 5234 simplici-

2282 5271 2389 5316 tate
2410 5261 2535 5331 quid
2564 5258 2850 5313 absurdum
2877 5259 3225 5326 suspicareris
3249 5297 3264 5322 ,
3290 5254 3494 5310 addidit
3526 5267 3540 5309 :
3576 5253 3694 5325 Ipse
3723 5257 3860 5310 enim

2281 5356 2465 5408 sciebat
2490 5355 2609 5422 quid
2629 5361 2754 5405 esset
2784 5343 3029 5422 facturus.
3061 5347 3322 5404 Cteterum
3353 5347 3478 5402 illud
3506 5347 3735 5402 maxime
3764 5349 3862 5403 oh-

2287 5444 2637 5509 servandum,
2682 5441 2949 5512 quomodo
2993 5455 3116 5494 cum
3168 5454 3330 5509 prava
3384 5438 3618 5509 suspicio
3670 5437 3858 5504 adest,

2284 5537 2460 5591 statim
2489 5549 2606 5588 eam
2635 5531 2957 5602 evangelista
2987 5529 3266 5600 diligenter
3289 5537 3551 5583 amoveat.
3605 5527 3673 5585 Ut
3702 5528 3865 5599 igitur

2287 5626 2386 5680 hoc
2410 5626 2533 5680 loco
2561 5641 2626 5679 ne
2649 5623 2774 5694 quid
2801 5621 2976 5678 simile
3003 5615 3402 5690 suspicarentur
3421 5618 3713 5681 auditores,
3741 5634 3865 5675 cor-

2287 5717 2575 5772 reCtionem
2616 5715 2750 5769 hanc
2790 5713 2995 5768 addidit
3029 5729 3042 5766 :
3076 5710 3196 5784 Ipse
3221 5711 3352 5766 enim
3377 5705 3566 5766 sciebat
3586 5709 3708 5784 quid
3736 5721 3864 5769 esset

2289 5813 2556 5882 facturus;
2583 5811 2657 5865 sic
2683 5817 2736 5864 et
2766 5808 2866 5876 ibi,
2895 5822 3015 5863 cum
3046 5805 3117 5861 ait
3150 5822 3163 5860 :
3192 5804 3362 5862 ιιιάωί
3392 5791 3537 5861 illum
3571 5819 3863 5876 pcrseque~
