4102 6490
637 399 735 454 2H

1286 400 1344 454 S.
1381 399 1667 458 JOANNIS
1702 397 2188 457 CHRYSOSTOMI
2229 397 2552 458 ARCIHEP.
2591 397 3142 460 CONSTANTINOP.

3783 402 3893 458 ειε

631 517 714 580 είς
741 516 839 587 τήν
864 515 1066 588 ἀκριδῆ
1095 513 1189 569 τοῦ
1219 517 1444 589 σημείου
1477 517 1698 586 γνῶσιν.
1725 517 1824 572 Διά
1846 518 2087 590 δήτοῦτο
2108 517 2201 571 καὶ
2306 516 2510 581 εὐθέως
2539 517 2850 573 ἀναπεσεῖν.
2874 517 3033 572 Οὕτω
3063 520 3158 574 καὶ
3179 518 3266 573 διά
3292 517 3484 572 τούτου
3511 517 3610 587 τὴν
3637 516 3878 571 διάνοιαν

631 599 662 651 6
691 598 1096 670 εύαγγελιστής,
1127 598 1214 653 ἵνα
1257 599 1331 672 μὴ
1358 602 1423 673 τῇ
1469 601 1724 674 ἀσθενείᾳ
1752 599 1852 672 τῆς
1884 601 2079 666 λέξεως
2113 602 2197 652 ἐν·

634 682 950 752 απομείνας,
979 679 1321 755 ὑποπτεύσῃς
1345 700 1398 737 τι
1425 683 1577 758 [250]
1600 686 1799 741 ἄτοπον
1823 685 1953 756 περὶ
1984 682 2092 737 τῶν
2118 682 2195 736 εῖ-

636 763 904 835 ρημένων,
951 764 1246 835 ἐπήγαγεν·
1295 766 1482 834 Αὐτὸς
1527 770 1638 838 γὰρ
1689 768 1818 837 ᾔδει
1867 768 1924 822 τί
1981 767 2198 837 ἔμελλε

631 845 840 900 ποιεῖν.
887 846 1034 918 Πλὴν
1067 849 1245 901 ἐκεῖνο
1297 853 1632 921 παρατηρεῖν
1683 850 2000 921 ἀναγκαῖον,
2057 849 2194 915 πῶς,

628 930 757 985 ὅταν
853 930 1076 986 ὑπόνοια
1103 933 1335 1003 πονηρὰ,
1360 933 1522 996 εὐθὺς
1547 933 1718 1004 αὐτὴν
1749 936 1778 988 6
1807 933 2197 1003 εύαγγελιστὴς

633 1012 772 1083 μετὰ
818 1013 1016 1085 πολλῆς
1060 1013 1453 1087 ἐπιδιορθοῦται
1493 1026 1526 1056 ι
1571 1015 1667 1086 τῆς
1708 1017 1965 1087 σπουδῆς.
1985 1015 2194 1086 Ὠσπερ

627 1093 721 1152 οὖν
770 1097 1019 1162 ἐνταῦθα,
1061 1099 1147 1152 ινα
1191 1099 1266 1170 μή
1309 1116 1363 1152 τι
1404 1099 1644 1154 τοιοῦτον
1689 1099 2099 1154 ὑποπτεύσωσιν
2144 1099 2193 1152 οί

628 1180 932 1244 ἀκούοντες,
963 1182 1272 1253 προσέθηκε
1302 1181 1400 1254 τὴν
1429 1182 1829 1256 ἐπιδιορθωσιν,
1862 1181 2048 1237 εἰπών·
2080 1184 2196 1236 Αὐ-

627 1264 730 1330 τὸς
761 1265 872 1333 γὰρ
903 1263 1032 1334 ᾔδει
1060 1264 1117 1318 τί
1147 1264 1367 1334 ἔμελλε
1399 1265 1612 1319 ποιεῖν·
1650 1265 1794 1319 οὕτω
1835 1265 1934 1320 καὶ
1963 1268 2078 1319 ἐκεῖ
2109 1265 2195 1320 λέ-

627 1365 756 1416 γων,
779 1349 861 1402 ὅτι
893 1348 1112 1402 ἐδίωκον
1149 1349 1311 1403 αὑτὸν
1355 1351 1405 1403 οἱ
1447 1349 1710 1417 Ἰουδαῖοι,
1764 1352 1848 1405 Οὐ
1878 1350 2069 1420 μόνον
2105 1349 2195 1402 ὅτι

623 1432 766 1486 ἔλυε
801 1432 868 1486 τό
919 1431 1241 1498 σάϐϐατον,
1289 1433 1428 1489 au
1475 1432 1564 1488 ὅτι
1612 1435 1709 1488 καί
1765 1434 1995 1504 Πατέρα
2038 1432 2194 1488 ιδιον

621 1514 793 1585 ἔλεγε
836 1515 944 1570 τὸν
979 1516 1146 1581 Θεὸν,
1174 1516 1315 1571 ἴσον
1348 1515 1560 1572 ἑαυτὸν
1602 1515 1791 1572 ποιῶν
1820 1518 1898 1584 τῷ
1939 1514 2094 1582 Θεῷ·
2142 1517 2194 1571 ει

627 1599 701 1668 μὴ
743 1599 1016 1665 ἀπόφασις
1053 1595 1122 1670 ἦν
1151 1598 1316 1652 αὑτοῦ
1347 1599 1443 1653 τοῦ
1493 1600 1728 1672 Χριστοῦ
1745 1599 1848 1654 ’διὰ
1875 1599 1985 1654 τῶν
2016 1599 2194 1670 ἔργων

625 1681 1000 1753 βεδαιουμένη,
1034 1682 1372 1753 προσέθηκεν
1401 1682 1467 1736 ἂν
1496 1685 1657 1737 κάκεῖ
1687 1682 1784 1754 τὴν
1816 1682 2193 1754 ἐπιδιόρθωσιν

620 1765 842 1836 ταύτην.
871 1766 933 1818 El
971 1764 1080 1837 7&9
1106 1765 1162 1818 ἐν
1187 1759 1268 1828 οἷς
1297 1766 1456 1830 αὑτὸς
1483 1765 1652 1835 λέγει,
1689 1767 1954 1837 ὑφορᾶται
1978 1769 2006 1820 6
2031 1765 2194 1836 εὑαγ-

619 1848 888 1918 γελιστὴς,
943 1848 1015 1920 μή
1051 1864 1135 1911 τις
1179 1838 1526 1920 ὑποπτεύσῃ·
1563 1848 1743 1920 πολλῷ
1786 1849 1985 1920 μᾶλλον
2019 1851 2078 1903 ἐν
2110 1843 2193 1912 οἷς

619 1933 793 2004 ἕτεροι
820 1931 948 2004 περὶ
986 1929 1149 1984 αὑτοῦ
1191 1930 1350 1986 τοῦτο
1381 1932 1586 2000 ἔλεγον,
1620 1931 1868 1986 ὑπείδετο
1891 1931 1980 1997 ἂν,
2025 1933 2075 1985 εί
2114 1931 2188 2003 μή

619 2015 999 2087 προσήκουσαν
1032 2013 1177 2086 ἐώρα
1209 2014 1337 2086 περὶ
1375 2015 1540 2068 αὑτοῦ
1573 2014 1880 2087 κρατοῦσαν
1901 2014 2187 2073 ὑπόνοιαν.

628 2096 767 2150 Ἀλλ’
799 2097 900 2151 οὑκ
933 2097 1204 2168 ἐποίησεν·
1236 2097 1351 2168 ᾔδει
1383 2097 1491 2168 7&9
1523 2097 1689 2153 αὑτοῦ
1722 2096 1822 2168 τὴν
1847 2096 2074 2168 γνώμην
2099 2093 2191 2150 οὖ-

617 2197 718 2234 σαν
738 2179 896 2234 τοῦτο
919 2180 1010 2234 καὶ
1028 2178 1204 2250 ψῆφον
1225 2179 1500 2250 ἀκίνητον.
1525 2179 1624 2234 Διά
1642 2180 1800 2234 τοῦτο
1816 2179 2189 2243 είταὶιν,Ἰσον

614 2261 837 2317 ἑαυτὸν
863 2261 1050 2318 ποιῶν
1074 2261 1154 2328 τῷ
1183 2260 1324 2328 Θεῷ,
1368 2263 1468 2316 οὑκ
1501 2263 1771 2335 ἐχρήσατο
1810 2261 2186 2335 ἐπιδιορθώσει

614 2347 723 2401 τινὶ
751 2345 992 2419 τοιαύτῃ·
1015 2347 1075 2400 ού
1099 2346 1208 2418 γὰρ
1233 2347 1452 2402 ἐκείνων
1479 2343 1548 2417 ἦν
1575 2346 1795 2400 ὑπόνοια
1818 2345 2186 2418 διεφθαρμένη

613 2429 676 2483 τὸ
710 2428 1021 2500 λεγόμενον,
1069 2428 1183 2482 ἀλλ⁹
1218 2431 1488 2500 ἀπόφασις
1517 2428 1679 2484 αὑτοῦ
1713 2430 2073 2502 κεκυρωμένη
2100 2429 2188 2484 διά

612 2512 721 2566 τῶν
753 2513 948 2583 ἔργων.
987 2512 1383 2584 Ἐρωτηθέντος
1427 2514 1607 2566 τοίνυν
1634 2512 1728 2566 τοῦ
1757 2512 2042 2576 Φιλίππου,
2070 2516 2188 2582 Φη·

613 2594 720 2650 σίν
753 2594 1022 2665 Ἀνδρέας
1043 2599 1076 2650 ό
1107 2594 1368 2665 ἀδελφὸς
1398 2595 1664 2664 Σίμωνος
1691 2594 1915 2663 Πέτρου
1933 2611 1948 2626 ·
1983 2597 2188 2649 Ἔστιν

611 2670 728 2732 ὦδε
756 2677 1070 2746 παιδάριον
1099 2677 1246 2748 ἔχον
1289 2677 1467 2732 πέντε
1495 2677 1714 2746 ἇρτους
1744 2678 2064 2747 κριθίνους,
2089 2676 2189 2731 καί

614 2762 724 2817 δύο
751 2764 986 2831 ὀψάρια·
1022 2763 1184 2817 ἀλλὰ
1222 2762 1406 2816 ταῦτα
1435 2764 1490 2817 τί
1520 2763 1691 2817 ἐστιν
1715 2763 1802 2829 εις
1825 2762 2185 2826 τοσούτους;

625 2847 986 2918 ’Υψηλότερος
1026 2847 1124 2917 μὲν
1168 2846 1261 2900 τοῦ
1292 2846 1559 2900 Φιλίππου
1588 2848 1617 2899 6
1654 2845 1925 2916 Ἀνδρέας,
1963 2845 2023 2898 οὑ
2076 2843 2183 2914 μὴν

612 2933 692 2995 είς
719 2930 781 2984 τὸ
816 2931 923 2985 πᾶν
973 2929 1195 3000 ἔφθασε.
1243 2925 1410 3000 Οἶμαι
1449 2929 1504 2983 δέ
1546 2929 1680 3001 μηδὲ
1716 2928 1900 2993 ἁπλῶς
1928 2927 2084 2982 τοῦτο
2110 2927 2185 2979 εί-

613 3015 754 3074 πεῖν,
785 3013 900 3067 ἀλλ’
939 3015 1214 3086 ἀκηκοότα
1251 3013 1412 3066 αὑτὸν
1439 3012 1548 3066 τῶν
1576 3012 1869 3084 προφητῶν
1893 3012 1920 3052 δ
1954 3013 2022 3067 τά
2062 3010 2188 3066 θαύ-

615 3112 782 3166 ματα,
817 3097 912 3149 καὶ
940 3096 1056 3159 πῶς
1095 3096 1396 3158 Ἐλισσαῖος
1423 3095 1644 3165 ἐποίησε
1673 3095 1732 3147 τὸ
1761 3094 1854 3147 ἐπὶ
1882 3093 1988 3147 τῶν
2008 3094 2187 3162 ἀρτων

614 3181 858 3250 σημεῖον.
899 3180 997 3232 Διά
1037 3179 1101 3250 δὴ
1132 3179 1289 3232 τοῦτο
1317 3179 1484 3250 ἀνέϐη
1517 3179 1613 3250 μὲν
1637 3178 1729 3231 ἐπί
1759 3194 1813 3230 τι
1839 3176 1973 3248 ὕψος
2004 3188 2056 3243 ο,
2087 3178 2186 3232 οὑκ

610 3261 800 3333 ισχυσε
836 3263 894 3316 δὲ
934 3262 1068 3333 πρὸς
1104 3261 1271 3334 αὐτὴν
1298 3261 1498 3332 φθάσαι
1530 3259 1629 3332 τὴν
1654 3261 1919 3333 κορυφήν.

682 3345 958 3415 Μάθωμεν
990 3344 1235 3398 ἐντεῦθεν
1259 3345 1309 3397 οί
1351 3347 1418 3415 τῇ
1438 3340 1626 3415 ’τρυφῇ
1655 3343 2035 3414 προσέχοντες,
2062 3341 2182 3396 τίνα

609 3427 886 3482 ἐσιτοῦντο
924 3429 972 3480 οί
1017 3427 1318 3499 θαυμαστοὶ
1349 3428 1538 3498 ἀνδρες
1577 3428 1772 3480 ἐκεῖνοι
1802 3427 1896 3480 καὶ
1933 3425 2180 3496 μεγάλοι,

610 3512 706 3566 καὶ
732 3514 797 3583 τῇ
831 3511 1088 3580 ποσότητι
1113 3509 1140 3548 ἀ
1163 3511 1267 3564 τῶν
1287 3509 1696 3580 ἐπιφερομένων
1723 3509 1818 3563 καὶ
1845 3512 1912 3580 τῇ
1938 3510 2181 3579 ποιότητι

609 3596 708 3666 τὴν
746 3595 1019 3648 εὐτέλειαν
1061 3595 1241 3652 αὐτῶν
1287 3596 1388 3666 τῆς
1440 3594 1720 3666 τραπέζης
1770 3593 1966 3664 ἴδωμέν
1995 3611 2056 3647 τε
2088 3593 2184 3648 καί⁹

611 3677 1000 3749 μιμησώμεθα.
1037 3679 1119 3732 Τά
1165 3678 1295 3746 γοῦν
1344 3679 1471 3748 ἑξῆς
1512 3678 1716 3732 τούτων
1759 3678 1959 3749 πολλῆς
2025 3676 2185 3731 ἀσθε-

610 3762 777 3824 νείας.
803 3761 956 3815 Μετά
981 3762 1088 3832 γὰρ
1114 3761 1174 3814 τὸ
1197 3763 1390 3824 εἰπεῖν,
1424 3762 1582 3832 ’Έχει
1611 3759 1790 3815 πέντε
1813 3761 2032 3828 ἄρτους
2060 3778 2184 3829 κρι-

612 3847 836 3911 θίνους,
871 3847 1166 3916 ἐπήγαγεν·
1207 3847 1376 3908 Ἀλλὰ
1434 3844 1620 3899 ταῦτα
1657 3845 1715 3898 τί
1764 3845 1934 3900 ἐστιν
1965 3848 2049 3909 εις
2087 3860 2182 3898 το·

611 3929 902 3993 σούτους;
935 3927 1178 3998 Ἐνόμιξε
1196 3927 1303 3999 7&9
1328 3929 1406 3982 ὅτι
1441 3928 1549 3981 ἀπὸ
1584 3929 1680 3999 μὲν
1705 3928 2001 3982 ἐλαττόνων
2026 3927 2180 3981 ἐλάτ-

611 4028 758 4075 τονα,
783 4011 892 4064 ἀπὸ
920 4010 975 4064 δὲ
1019 4011 1274 4064 πλειόνων
1311 4011 1529 4064 πλείονα
1559 4011 1750 4082 ἔμελλε
1794 4013 1968 4064 ποιεῖν
1991 4015 2019 4065 6
2051 4011 2181 4064 θαυ-

616 4093 958 4164 ματουργῶν·
994 4095 1129 4164 ὅπερ
1159 4094 1256 4146 οὑκ
1294 4089 1380 4165 ἦν,
1412 4094 1652 4164 ’Ὁμοίως
1675 4094 1781 4164 7&9
1817 4089 1886 4166 ἦν
1910 4093 2059 4164 αὐτῷ
2085 4091 2178 4146 εὑ·

612 4175 767 4230 κολον
803 4177 910 4229 ἀπό
957 4194 1016 4229 τε
1049 4177 1325 4240 πλειόνων,
1367 4177 1474 4230 ἀπό
1517 4194 1574 4230 τε
1619 4177 1915 4230 ἐλαττόνων
1959 4177 2181 4249 ποιῆσαι

613 4260 857 4330 πηγάσαι
887 4260 992 4312 τῶν
1028 4259 1207 4331 ἄρτων
1246 4264 1344 4330 τήν
1383 4260 1564 4330 φύσιν.
1613 4261 1687 4313 Οὐ
1713 4261 1823 4332 γὰρ
1851 4260 1983 4333 ὖλης
2016 4261 2182 4314 ἐδεῖτο

611 4344 710 4414 τῆς
743 4343 1127 4413 ὑποκειμένης·
1161 4343 1273 4397 ἀλλ’
1303 4345 1442 4396 ῶστε
1483 4343 1557 4414 μὴ
1588 4343 1736 4406 δόξαι
1763 4345 1862 4416 τὴν
1884 4345 2061 4398 κτίσιν
2091 4345 2185 4398 ἀλ-

613 4425 829 4497 λοτρίαν
859 4422 996 4479 εἶναι
1035 4425 1136 4494 τῆς
1183 4425 1346 4478 αὑτοῦ
1393 4426 1601 4494 σοφίας,
1630 4425 1706 4488 ὡς
1729 4428 1797 4497 Λοί
1845 4427 1983 4496 μετά
2014 4428 2183 4481 ταῦτα

613 4495 990 4572 διαϐάλλοντες
1029 4509 1078 4562 οί
1119 4508 1188 4560 τά
1225 4509 1548 4580 Μαρκίωνος
1597 4495 1924 4580 νοσήσαντες
1976 4509 2180 4578 ἔλεγον,

614 4593 752 4664 αὐτῇ
782 4595 846 4663 τῇ
878 4591 1052 4645 κτίσει
1079 4592 1340 4664 κέχρηται
1367 4591 1497 4661 πρὸς
1519 4590 1617 4662 τὴν
1646 4591 1897 4645 ὑπόθεσιν
1927 4591 2035 4646 τῶν
2059 4586 2184 4647 θαυο

619 4678 823 4748 μάτων.
860 4677 1010 4728 Ἐπεὶ
1039 4673 1132 4729 οὖν
1157 4675 1478 4744 ἀπέγνωσαν
1513 4675 1810 4745 ἀμφότεροι
1839 4677 1887 4728 οί
1921 4675 2180 4746 μαθηταὶ,

613 4760 735 4812 τότε
771 4759 1174 4828 θαυματουργεῖ
1205 4758 1418 4810 λοιπόν·
1457 4756 1598 4810 οὑτω
1628 4757 1738 4826 γὰρ
1790 4757 1986 4827 μᾶλλον
2026 4759 2183 4830 ἐκέρο

612 4843 801 4903 δαναν,
840 4840 1098 4911 πρότερον
1131 4840 1561 4909 ὁμολογήσαντες
1594 4839 1687 4892 τοῦ
1734 4841 2054 4912 πράγματος
2085 4843 2183 4910 τὴν

615 4924 919 4988 δυσκολίαν,
963 4925 1048 4976 ἵνα
1083 4925 1209 4977 ὅταν
1244 4923 1486 4994 γένηται,
1527 4921 1738 4993 μάθωσι
1780 4922 1872 4976 τοῦ
1916 4923 2048 4976 Θεοῦ
2084 4925 2184 4993 τὴν

616 5008 862 5078 δύναμιν.
913 5005 1128 5078 Ἐπειδὴ
1175 5005 1282 5076 γὰρ
1324 5005 1564 5072 γίνεσθαι
1615 5008 1838 5076 σημεῖον
1887 5007 2077 5077 ἔμελλε
2123 5009 2186 5061 τὸ

618 5092 713 5144 καὶ
742 5091 1043 5162 προφήταις
1064 5089 1426 5161 ωτορθωθέν,
1448 5089 1496 5141 εί
1519 5089 1614 5141 καὶ
1646 5089 1720 5158 μὴ
1745 5089 1962 5160 ὁμοίως·
1993 5090 2184 5161 ἔμελλε

618 5173 795 5227 δὲκαὶ
837 5174 1237 5244 εὐχαριστήσας
1286 5172 1420 5226 αὑτὸ
1459 5171 1724 5242 πρότερον
1761 5176 1955 5226 ποιεῖν·
1987 5173 2072 5226 ἵνα
2111 5174 2185 5244 μή

619 5259 700 5318 είς
749 5255 948 5326 ἀσθενῆ
1002 5273 1124 5310 τινα
1174 5257 1555 5310 καταπέσωσιν
1602 5254 1878 5318 ὑπόνοιαν,
1928 5256 2030 5326 ὅρα
2069 5257 2185 5319 πῶς

618 5338 750 5392 αὑτὸ
779 5340 872 5392 καὶ
905 5339 983 5409 τῷ
1011 5340 1194 5409 τρόπῳ
1231 5339 1318 5393 διὰ
1337 5338 1489 5412 [251]
1517 5337 1733 5392 πάντων
1761 5339 1932 5409 ἐπῆρε
1965 5339 2060 5393 καὶ
2087 5340 2183 5411 τὴν

615 5422 880 5492 διαφοράν
923 5422 1139 5486 ἔδειξεν.
1181 5420 1346 5474 Οὒπω
1378 5423 1485 5491 7&9
1529 5422 1636 5474 τῶν
1665 5421 1844 5490 ἀρτων
1883 5422 2182 5491 φανέντων,

621 5507 680 5558 τὸ
713 5506 896 5576 θαῦμα
939 5508 1099 5569 ποιεῖ,
1134 5507 1220 5558 ἵνα
1256 5503 1431 5575 μάθῃς
1459 5505 1540 5557 ὅτι
1577 5503 1645 5557 τά
1682 5505 1756 5575 μὴ
1785 5504 1913 5558 ὄντα
1953 5505 2027 5568 ὼς
2057 5506 2182 5559 ὂντα

623 5589 772 5660 αὑτῷ
819 5591 1109 5660 ὑφέστηκε.
1153 5587 1402 5658 καθάπερ
1434 5589 1463 5640 ό
1496 5586 1702 5650 Παῦλός
1742 5603 1926 5657 φησιν·
1966 5588 2031 5641 Ὃ
2083 5606 2186 5642 κα-

621 5675 747 5729 λῶν
793 5674 862 5728 τὰ
903 5673 989 5742 μὴ
1039 5673 1181 5726 ὄντα
1216 5673 1296 5738 ὡς
1352 5673 1515 5725 ὄντα.
1554 5671 1641 5734 Ὠς
1695 5671 1910 5742 ἑτοίμου
1952 5673 2061 5743 γάρ
2094 5675 2184 5728 καὶ

623 5754 1139 5825 παρεσκευασμένης
1181 5755 1279 5826 τῆς
1326 5753 1624 5825 τραπέζης,
1676 5754 1956 5809 ἐκέλευσεν
1989 5757 2184 5823 αὐτοὺς

706 5870 733 5898 ⁸
765 5869 904 5932 Anus
955 5868 1283 5932 ἀποκρούεται.
1440 5865 1696 5932 Αλιίἱηοῖμα

621 5931 980 5999 ληλυθέναιτῶν
999 5930 1136 5999 προφ.
1206 5933 1226 5960 °
1256 5930 1607 5999 ροὶιίοπιάνέϐη
1733 5932 2008 5999 περαιτέρω.
2037 5932 2184 5999 Paulo

1610 6006 1677 6036 JH

625 5998 734 6055 post
768 5991 915 6039 Savil.
955 5988 1169 6054 μάθωμεν
1206 5994 1354 6038 τοίνυν
1397 5994 1454 6038 οί.
1520 5988 1545 6028 ἀ
1571 5988 1715 6038 δαςη.
1742 5988 1819 6038 καὶ
1866 5988 2184 6052 τ-,ξποσοτητι

628 6071 708 6102 και
732 6071 806 6114 τῃ.

1699 5886 1712 5915 ι
1752 5869 1841 5930 γὰρ
1880 5869 2019 5916 αὑτὸν
2063 5873 2186 5920 εἰσε-

2302 596 2410 652 τῶν
2458 599 2717 672 μαθητῶν
2761 600 3076 672 ἀνέστησεν.
3111 601 3232 655 Ὀτι
3271 601 3329 655 δέ
3379 611 3402 640 ο
3441 600 3535 653 καὶ
3581 600 3879 670 ἐκέρδαναν

2299 682 2409 736 ἀπὸ
2455 683 2556 754 τῆς
2593 685 2934 756 ἐρωτήσεως,
2980 684 3181 748 εὐθέως
3227 685 3562 756 ὑπήκουσαν,
3621 684 3719 737 καὶ
3780 683 3880 736 οὐκ

2286 765 2727 838 ἐθορυϐήθησαν.
2763 766 2885 820 οὐδὲ
2934 765 3106 822 εἷπον·
3138 768 3192 822 τί
3222 786 3353 823 ποτε
3388 768 3551 822 τοῦτό
3573 769 3721 832 tau;
3756 765 3880 827 πῶς

2297 849 2537 914 κελεύεις
2573 851 2886 913 ἀναπεσεῖν,
2913 851 3126 917 οὐδενὸς
3151 854 3209 906 ἐν
3234 851 3314 923 τῷ
3338 851 3490 922 μέσῳ
3513 849 3877 920 φαινομένους

2297 931 2455 988 Οὕτω
2479 935 2574 988 καὶ
2603 928 2709 1005 πρὸ
2731 933 2832 1004 τῆς
2854 935 3032 1002 ὅψεως
3067 933 3162 988 τοῦ
3195 935 3426 1004 σημείου
3457 931 3736 986 πιστεύειν
3777 931 3879 1000 179-

2299 1013 2457 1080 ξαντο
2489 1016 2508 1055 ί
2539 1018 2588 1070 οί
2625 1015 2776 1086 παρά
2821 1017 2919 1087 τὴν
2961 1017 3136 1088 ἀρχήν
3178 1015 3431 1070 τοσοῦτον
3471 1016 3881 1086 ἀπιστήσαντες

2295 1097 2371 1162 ὡς
2396 1099 2587 1163 εἰπεῖν,
2612 1101 2804 1154 Πόθεν
2821 1098 3200 1168 ἀγοράσομεν
3222 1098 3477 1166 άρτους;
3512 1099 3594 1151 ὅτι
3620 1097 3713 1149 καὶ
3739 1093 3880 1165 μετά

2295 1179 2604 1252 προθυμίας
2644 1181 2928 1235 ἀνέκλιναν
2966 1181 3092 1246 τοὺς
3141 1181 3351 1252 δχλους.
3386 1179 3546 1234 ’Δλλά
3575 1179 3629 1233 τί
3674 1179 3877 1250 δήποτε

2291 1261 2384 1317 τὸν
2410 1263 2778 1335 παραλυτικὸν
2801 1263 3008 1336 μέλλων
3039 1263 3300 1334 ἀνορθοῦν
3336 1263 3437 1317 οὑκ
3479 1262 3720 1333 εὔχεται,
3755 1259 3878 1314 οὐδὲ

2291 1347 2384 1401 τὸν
2409 1347 2600 1419 νεκρὸν
2627 1347 2878 1420 ἐγείρων,
2909 1347 3029 1402 οὑδέ
3053 1347 3152 1420 τὴν
3185 1346 3456 1402 θάλατταν
3491 1345 3744 1417 χαλινῶν·
3789 1347 3878 1398 ἐν-

2291 1428 2466 1485 ταῦθα
2497 1430 2555 1484 δὲ
2593 1431 2687 1483 ἐπὶ
2723 1430 2832 1484 τῶν
2874 1430 3051 1501 ἀρτων
3099 1430 3259 1484 τοῦτο
3302 1432 3474 1499 ποιεῖς
3531 1428 3758 1491 Δεικνὺς
3790 1429 3876 1482 ὅτι

2290 1513 2419 1580 τοὺς
2445 1513 2654 1587 τροφῆς
2678 1514 3012 1586 ἀρχομένους
3035 1515 3374 1586 εὐχαριστεῖν
3394 1513 3475 1568 δεῖ
3494 1512 3573 1585 τῷ
3591 1511 3730 1583 Θεῷ.
3762 1511 3876 1566 Καὶ

2291 1597 2464 1661 ἄλλως
2487 1598 2563 1663 δὲ,
2596 1597 2690 1650 ἐπὶ
2721 1595 2830 1651 τῶν
2857 1596 3152 1651 ἐλαττόνων
3184 1596 3315 1652 αὑτὸ
3366 1596 3600 1669 μάλιστα
3643 1593 3878 1667 ἐργάζε-

2288 1698 2399 1745 ται,
2435 1680 2522 1734 ῖνα
2553 1679 2734 1754 μάθῃς
2777 1680 2859 1733 ὅτι
2891 1678 2951 1732 οὑ
2987 1679 3240 1750 δεόμενος
3277 1679 3409 1733 αὐτὸ
3457 1681 3622 1733 ποιεῖ.
3669 1673 3733 1731 El
3764 1676 3876 1748 γάρ

2289 1765 2562 1833 δεόμενος,
2603 1761 2787 1833 πολλῷ
2831 1761 3031 1833 μᾶλλον
3064 1761 3294 1815 ἐπὶτῶν
3327 1760 3589 1832 μειζόνων
3629 1761 3698 1815 ἀν
3739 1759 3878 1813 αὑτὸ

2292 1845 2565 1916 ἐποίησεν.
2605 1843 2664 1897 '0
2712 1844 2770 1898 δέ
2821 1845 3006 1898 ἐκεῖνα
3055 1843 3311 1915 αὑθεντία
3357 1845 3612 1914 ποιήσας,
3648 1843 3874 1916 εῠδηλον

2288 1930 2368 1984 δτι
2404 1929 2496 1982 καὶ
2515 1927 2690 1982 ταῦτα
2728 1927 3212 1996 συγκαταδατικῶς
3239 1927 3525 1999 ἔπραττεν.

2359 2012 2557 2082 γ’.Ἔτι
2579 2027 2640 2065 τε
2663 2011 2756 2066 καὶ
2773 2011 2854 2064 δτι
2877 2011 3032 2082 δχλος
3052 2011 3217 2075 πολὺς
3230 2007 3297 2082 ἦν
3314 2011 3502 2083 παρὼν
3521 2011 3571 2074 ⁸,
3594 2011 3688 2064 καὶ
3703 2011 3875 2083 ἐχρῆν

2283 2095 2484 2158 αὐτοὺς
2532 2094 2840 2164 πεισθῆναι,
2881 2095 2964 2148 δτι
3015 2093 3158 2148 κατά
3202 2093 3426 2165 γνώμην
3457 2093 3592 2148 Θεοῦ
3633 2093 3872 2166 παρεγέο

2287 2192 2427 2231 νετο.
2453 2178 2553 2232 Διά
2581 2177 2739 2230 τοῦτο
2769 2177 2898 2231 ὅταν
2930 2177 3029 2247 μὲν
3061 2177 3220 2249 μόνος
3245 2180 3370 2248 ποιῇ
3406 2194 3459 2231 τι
3499 2179 3745 2248 σημεῖον,
3779 2176 3875 2228 ού-

2287 2257 2374 2312 δέν
2399 2258 2634 2313 τοιοῦτον
2679 2257 3066 2312 ἐπιδείκνυται·
3102 2259 3230 2312 ὅταν
3273 2259 3331 2312 δὲ
3360 2260 3455 2312 ἐπὶ
3493 2259 3703 2312 πολλῶν
3735 2257 3873 2312 αὑτὸ

2286 2345 2436 2414 ποιῇ,
2489 2341 2630 2395 ὥστε
2659 2341 2946 2395 πιστεῦσαι
2993 2343 3190 2406 αὐτοὺς
3242 2343 3323 2396 ὅτι
3366 2344 3466 2396 οὑκ
3511 2341 3757 2405 ἀντίθεός
3783 2341 3872 2402 τίς

2285 2427 2453 2492 ἐστιν,
2487 2425 2605 2479 οὑδὶ
2632 2424 2870 2488 ἐναντίος
2891 2425 2968 2497 τῷ
2988 2426 3362 2497 γεγεννηκότι,
3392 2427 3480 2480 διὰ
3519 2429 3619 2498 τῆς
3649 2427 3872 2498 εὐχαρι-

2284 2509 2441 2572 στίας
2467 2510 2681 2580 ἀναιρεῖ
2713 2511 2810 2579 τὴν
2840 2509 3094 2578 ὑποψίαν.
3128 2509 3234 2564 Καὶ
3263 2509 3448 2564 ἔδωκε
3479 2510 3604 2577 τοῖς
3630 2511 3872 2564 ἀνακει-

2282 2593 2513 2662 μένοις,
2561 2593 2659 2646 καί
2706 2592 3201 2660 ἐνεπλήσθησαν.
3258 2592 3412 2656 Εἶδες
3462 2593 3625 2646 πόσον
3678 2591 3869 2646 δούλου

2287 2675 2382 2728 καὶ
2407 2674 2667 2730 δεσπότου
2697 2675 2758 2728 τὸ
2809 2675 3002 2746 μέσον;
3051 2676 3278 2729 Ἐκεῖνοι
3308 2676 3407 2747 μὲν
3432 2675 3539 2748 7&9
3573 2677 3635 2729 ἐκ
3666 2676 3869 2749 μέτρου

2285 2758 2499 2829 έχοντες
2521 2757 2619 2830 τὴν
2642 2758 2820 2829 χάριν,
2856 2757 3030 2822 οὕτως
3063 2757 3565 2831 ἐθαυματούργουν·
3596 2761 3624 2814 ό
3647 2760 3705 2813 δὲ
3733 2760 3870 2826 Θεὸς

2285 2841 2658 2913 ἀπολελυμένη
2704 2842 2928 2913 δυνάμει
2973 2842 3164 2908 ποιῶν,
3221 2845 3363 2914 μετὰ
3408 2843 3608 2915 πολλῆς
3651 2845 3871 2899 ἄπαντα

2287 2923 2568 2996 εἰργάζετο
2590 2924 2690 2994 τῆς
2719 2924 3055 2996 περιουσίας.
3095 2926 3204 2980 Καὶ
3229 2921 3360 2981 εἶπε
3388 2926 3514 2994 τοῖς
3550 2928 3863 2997 μαθηταῖς·

2287 3008 2660 3078 Συναγάγετε
2700 3010 2772 3062 τὰ
2819 3011 3311 3076 περισσεύσαντα
3344 3011 3662 3081 κλάσματα
3700 3011 3754 3065 δ.
3801 3013 3870 3066 ul

2287 3092 2355 3146 δὲ
2406 3092 2775 3162 συνήγαγον,
2819 3092 2918 3145 καὶ
2955 3091 3243 3163 ἐγέμισαν
3283 3093 3512 3149 δώδεκα
3550 3095 3864 3164 κοφίνους.

2288 3176 2401 3229 Οὑκ
2430 3174 2688 3239 ἐπίδειξις
2736 3170 2804 3246 ἦν
2843 3174 3002 3228 τοῦτο
3035 3176 3282 3248 περιττὴ,
3314 3177 3430 3232 ἀλλ’
3451 3177 3592 3233 ὥστε
3626 3179 3701 3251 μὴ
3731 3196 3872 3248 φανο

2283 3259 2474 3312 τασίαν
2507 3257 2827 3328 νομισθῆναι
2860 3258 2922 3312 τὸ
2951 3260 3207 3331 πρᾶγμα·
3237 3259 3324 3314 διά
3373 3260 3449 3332 δὴ.
3479 3261 3637 3316 τοῦτο
3679 3263 3774 3316 καὶ
3805 3261 3870 3330 ἐξ

2283 3341 2647 3412 ὑποκειμένης
2705 3340 2839 3412 ὑλης
2883 3341 3228 3413 δημιουργεῖ.
3264 3343 3420 3408 Τίνος
3463 3344 3522 3398 δέ
3560 3344 3747 3398 ῑνεκεν
3801 3345 3867 3400 οὑ

2282 3427 2395 3487 τοῖς
2422 3423 2599 3495 δχλοις
2645 3423 2842 3478 ἔδωκεν
2893 3425 3179 3496 βαστάσαι,
3221 3426 3358 3480 ἀλλά
3404 3415 3865 3499 τοῖς’μαθηταῖς;

2286 3510 2408 3562 Ὅτι
2441 3509 2674 3580 μάλιστα
2704 3509 2928 3574 τούτους
2962 3509 3251 3564 παιδεῦσαι
3283 3509 3544 3581 ἠϐούλετο
3567 3511 3693 3575 τοὺς
3736 3511 3870 3582 μέλι

2283 3593 2474 3657 λοντας
2501 3587 2641 3646 εἶναι
2665 3592 3013 3657 διδασκάλους
3038 3593 3140 3664 τῆς
3167 3593 3512 3665 οίκουμένης.
3537 3592 3611 3648 Τὸ
3635 3593 3735 3665 μὲν
3754 3595 3868 3666 γὰρ

2284 3677 2489 3748 πλῆθος
2515 3677 2666 3731 οὐδὲν
2697 3677 2839 3748 μέγα
2865 3677 3056 3748 ἔμελλε
3081 3677 3480 3746 καρπώσασθαι
3507 3679 3572 3733 ἐκ
3599 3679 3710 3733 τῶν
3734 3680 3870 3736 θαυ-

2286 3761 2468 3830 μάτων
2496 3759 2650 3822 τέως·
2686 3759 2890 3824 εὐθέως
2933 3761 3062 3829 γοῦν
3111 3760 3532 3816 ἐπελανθάνοντο
3559 3762 3737 3827 αὑτοὶ,
3771 3765 3869 3818 καὶ

2277 3843 2443 3914 ᾔτουν
2472 3843 2658 3913 ἐτερον
2692 3841 2896 3913 θαῦμα·
2943 3838 3089 3898 οὗτοι
3114 3845 3172 3899 δὲ
3198 3845 3260 3898 οὑ
3287 3846 3356 3899 τὰ
3382 3846 3614 3916 τυχόντα
3644 3847 3865 3917 κερδαί-

2282 3943 2392 3979 νειν
2431 3925 2672 3996 ἔμελλον.
2697 3921 2808 3978 Ἦν
2840 3925 2896 3978 δέ
2925 3926 3021 3979 καὶ
3045 3926 3123 3997 τῷ
3154 3927 3323 4000 Ἰούδᾳ
3349 3928 3667 4001 κατάκριμα
3688 3929 3749 3984 τὸ
3775 3947 3866 3999 για-

2283 4010 2504 4080 νόμενον
2531 4010 2591 4062 οὑ
2615 4009 2677 4062 τὸ
2706 4009 2887 4079 τυχὸν,
2917 4009 3238 4080 βαστάζοντι
3271 4011 3361 4066 τὸν
3391 4013 3629 4080 κόφινον.
3651 4014 3774 4069 Ὅτι
3805 4016 3866 4072 δδ

2280 4092 2383 4163 τῆς
2413 4091 2590 4146 αὐτῶν
2620 4091 2956 4155 παιδεύσεως
2993 4093 3179 4148 ἕνεκεν
3209 4094 3385 4150 ταῦτα
3415 4096 3653 4165 ἐγένετο,
3676 4098 3741 4152 ἐκ
3767 4099 3865 4153 τοῦ

2283 4176 2572 4249 εἰρημένου
2618 4175 2843 4247 ὓστερον
2883 4176 3062 4248 δῆλον,
3100 4171 3267 4251 οὗπερ
3311 4180 3617 4252 ἀνέμνησεν
3666 4183 3868 4248 αὐτοὺς

2282 4260 2474 4327 λέγων·
2516 4259 2689 4312 Οὔπω
2731 4256 2923 4314 νοεῖτε
2967 4261 3202 4326 πόσους
3245 4261 3537 4330 κοφίνους
3583 4263 3866 4330 ἀλάϐετες

2285 4344 2394 4397 Καὶ
2425 4343 2485 4395 τὸ
2536 4341 2851 4414 ἰσαρίθμους
2897 4339 3036 4396 εἶναι
3082 4345 3196 4407 τοῖς
3242 4334 3511 4416 μαθηταῖς
3543 4347 3670 4412 τοὺς
3712 4350 3866 4418 κοφί-

2286 4442 2407 4489 νους
2437 4425 2543 4478 τῶν
2563 4425 2851 4495 λειψάνων,
2879 4426 2977 4496 τῆς
2999 4425 3169 4496 αὑτῆς
3197 4425 3381 4480 ἐνεκεν
3407 4430 3588 4494 αἰτίας
3615 4432 3860 4500 γέγονεν.

2286 4509 2549 4579 ’Ὕστερον
2568 4509 2634 4562 δὲ
2659 4508 2844 4580 ἐπειδὴ
2874 4508 3294 4579 ὲπαιδεύθησαν,
3313 4512 3413 4564 οὑκ
3444 4512 3526 4566 ἐτι
3555 4515 3863 4581 τοσούτους,

2282 4589 2417 4644 ἀλλά
2452 4591 2716 4662 σπυρίδας
2744 4591 2905 4644 ἑπτά.
2944 4590 3087 4659 Ἐγὼ
3115 4591 3172 4644 δὲ
3202 4593 3262 4645 οὐ
3289 4593 3350 4646 τὸ
3377 4593 3580 4664 πλῆθος
3603 4595 3870 4668 θαυμάζω

2282 4674 2392 4752 τῶν
2436 4674 2734 4742 γεγονότων
2778 4673 2958 4743 ἀρτων
2989 4673 3142 4747 [252]
3179 4676 3360 4746 μόνον,
3402 4677 3537 4731 ἀλλά
3585 4681 3689 4750 μὴν
3727 4681 3871 4752 μετά

2283 4748 2379 4812 τοῦ
2406 4757 2640 4828 πλήθους
2671 4757 2764 4810 καὶ
2783 4758 2883 4830 τὴν
2907 4757 3192 4829 ἀκρίϐειαν
3221 4760 3316 4814 τοῦ
3348 4748 3786 4834 περισσεύματος
3815 4762 3865 4831 ι,

2284 4840 2366 4894 δτι
2396 4838 2517 4892 οὔτε
2548 4840 2728 4894 πλεῖον
2754 4839 2878 4894 οὗτε
2914 4841 3134 4898 ἔλαττον
3155 4844 3380 4915 ἐποίησε
3411 4848 3866 4918 περισσευθῆναι,

2284 4924 2416 4978 ἀλλά
2441 4923 2693 4977 τοσοῦτον
2723 4925 2844 4979 ὅσον
2869 4926 3139 4993 ἐϐούλετο,
3178 4929 3442 5000 προειδὼς
3479 4929 3619 4983 πόσα
3649 4929 3868 4984 ἀναλὼ-

2289 5025 2487 5061 σουσιν·
2520 5007 2657 5079 ὅπερ
2701 5009 2912 5076 ἀφάτου
2945 5011 3224 5081 δυνάμεως
3256 5008 3340 5083 ἦν.
3392 5014 3710 5085 Ἐπιστοῦτο
3763 5017 3868 5085 μὲν

2287 5087 2378 5144 οὖν
2404 5093 2471 5144 τά
2511 5091 2796 5161 κλάσματα
2823 5093 2887 5146 τὸ
2919 5095 3163 5163 γεγονὸς,
3195 5082 3476 5169 ἀμφότερα
3495 5082 3866 5168 ἐμφαίνοντα.

2287 5175 2378 5228 καὶ
2411 5177 2493 5228 ὅτι
2523 5177 2581 5228 οὑ
2619 5176 2892 5244 φαντασία
2919 5195 3000 5242 τις
3047 5173 3115 5249 ἦν
3162 5179 3232 5232 τά
3261 5181 3620 5252 γεγενημένα,
3664 5183 3757 5236 κα)⁸
3781 5184 3868 5237 ὅτι

2287 5257 2344 5321 ἐξ
2387 5258 2607 5311 ἐκείνων
2636 5254 2704 5327 ἦν
2749 5253 2825 5313 ὧν
2873 5262 3209 5332 ἐτράφησαν.
3266 5261 3340 5316 T6
3383 5263 3438 5316 δέ
3487 5264 3598 5317 τῶν
3643 5264 3866 5336 ἰχθύων,

2283 5341 2404 5422 τότε
2442 5341 2540 5412 μὲν
2565 5342 2941 5412 ὑποκειμένων
2969 5345 3205 5413 ἐγένετο·
3239 5343 3466 5416 ὕστερον
3497 5346 3553 5400 δὲ
3595 5350 3732 5417 μετά
3768 5350 3871 5422 τῂν

2284 5421 2598 5484 ἀνάστασιν,
2629 5422 2730 5474 οὐκ
2767 5421 2846 5475 ἐτι
2878 5423 2938 5488 ἐξ
2982 5422 3115 5494 ὕλης
3141 5424 3524 5496 ὑποκειμένης.
3557 5427 3712 5492 Τίνος
3747 5421 3870 5483 ἐνε-

2289 5517 2418 5579 κενς
2457 5500 2573 5552 Ἵνα
2602 5500 2780 5572 μάθῃς
2819 5503 2900 5555 ὅτι
2930 5503 3024 5557 καὶ
3047 5503 3142 5557 νῦν
3165 5507 3231 5575 τῇ
3262 5503 3365 5579 ὕλῃ
3389 5505 3672 5576 ἐκέχρητο,
3701 5510 3760 5561 οὑ
3799 5510 3870 5562 δι’

2285 5577 2511 5631 ἔνδειαν.
2543 5579 2661 5631 οὑδὲ
2684 5579 2938 5648 δεόμενος
2973 5579 3314 5651 ὑποϐάθρας,
3338 5577 3461 5640 ἀλλ’
3492 5583 3632 5636 ὥστε
3663 5585 3732 5638 τὰ
3758 5587 3872 5641 τῶν

2286 5655 2574 5734 αἱρετικῶν
2599 5658 2871 5728 ἐμφράξαι
2903 5661 3170 5729 στόματα.
3204 5663 3266 5714 Οί
3293 5660 3361 5714 δὲ
3391 5663 3559 5732 ὄχλοι
3582 5665 3796 5734 ἔλεγον
3819 5677 3867 5731 ι,

2287 5735 2374 5788 ὅτι
2402 5731 2588 5800 Οὗτός
2620 5738 2792 5788 ἐστιν
2828 5738 3068 5806 άληθῶς
3106 5743 3140 5794 ό
3181 5731 3512 5810 προφήτης.
3551 5744 3615 5795 Ὢ
3645 5731 3872 5815 γαστρι-

2354 5832 2376 5859 σ
2412 5818 2615 5888 Λιὶἱ-ὅτι
2646 5820 2752 5883 γάρ.
2790 5815 3075 5888 ῌιῖιΐειτλότε
3097 5825 3174 5888 δέ.
3246 5823 3392 5888 (Alii
3429 5824 3515 5873 τοῦ
3551 5830 3754 5888 σημείου
3788 5834 3878 5886 τῆς

2286 5882 2489 5952 πίστεως
2509 5882 2739 5952 ἤρξαντο..
2797 5885 2821 5922 ε
2847 5885 2998 5952 Savi|_.
3034 5886 3189 5952 ἄλλως
3219 5887 3367 5952 δὲκαὶ
3393 5889 3419 5935 ὁ
3446 5889 3584 5950 ὄχλος
3603 5882 3878 5952 π.νὴνόπζ

2290 5941 2314 5978 h
2339 5943 2538 6018 Uuidal}:
2562 5943 3053 6018 {labent‘neptouaiag
3093 5949 3186 5995 Καὶ
3212 5941 3538 6018 ἐπερίσσευέἐ,
3566 5941 3878 6018 ﬁdaﬁda-ﬁ

2287 6021 2425 6064 ματα.
2491 6004 2519 6068 ,ιγ
2550 6007 2648 6068 Alii
2680 6005 2764 6052 τοῦ
2810 6004 3224 6068 περισσεύσαντος.
3296 6004 3310 6060 ἱ
3363 6004 3534 6060 Μυτρι.
3576 6004 3627 6059 ὀί
3669 6011 3750 6058 ούν
3791 6014 3879 6060 ἀν-

2290 6069 2464 6127 θρωποι
2488 6066 2661 6121 ἰδόντες
2687 6069 2739 6116 τὸ
2765 6066 2980 6132 σημεῖον,
3008 6071 3185 6136 ελεγον.
