4102 6484
222 450 318 510 «ιιι

223 567 440 629 bantur,
473 558 600 615 Non
625 558 789 615 solum
817 557 934 630 quia
962 552 1182 611 solvebat
1205 553 1469 609 sabbatum
1489 594 1505 620 ,
1545 550 1635 608 sed
1672 551 1822 604 etiam

221 659 339 724 quia
383 652 604 709 Patrem
637 669 785 708 suum
824 651 1019 706 diccbat
1063 648 1220 704 Deum
1239 689 1256 716 ,
1282 648 1526 718 aqualem
1551 663 1604 704 se
1631 647 1825 720 faciens

223 748 330 802 Deo
371 762 391 800 :
431 747 537 800 nisi
564 761 630 802 ea
656 754 801 802 esset
830 744 994 814 ipsius
1027 741 1226 798 ChriSti
1260 743 1526 798 sententia
1567 741 1824 811 operibus

224 838 581 902 conﬁrmata,
635 837 930 892 addidisset
983 842 1038 889 et
1091 834 1162 890 ibi
1206 834 1596 890 correctionem
1654 833 1818 888 illam.

221 929 350 984 Nam
391 928 440 983 si
487 931 544 983 in
581 928 756 983 verbis
785 926 912 982 Jesu
945 925 1096 982 timet
1134 926 1459 996 evangelista
1491 940 1560 981 ne
1585 926 1706 995 quis
1729 939 1821 980 su-

221 1021 525 1090 spicionem
559 1020 747 1075 habeat
773 1059 789 1086 ,
816 1019 983 1072 multo
1015 1017 1185 1089 magis
1207 1017 1260 1073 in
1285 1017 1348 1073 iis
1370 1033 1492 1089 qua:
1513 1017 1582 1073 de
1608 1017 1703 1072 illo
1728 1014 1822 1071 alii

219 1113 468 1171 dicerent
498 1115 800 1185 suspicatus
826 1113 1044 1176 luisset,
1074 1113 1119 1167 si
1149 1123 1253 1167 non
1285 1111 1507 1168 vidisset
1535 1126 1712 1167 veram
1748 1109 1820 1166 de

220 1205 312 1260 illo
338 1205 654 1274 opinionem
686 1203 888 1259 haberi.
920 1197 1026 1279 sed
1063 1204 1192 1258 nihil
1220 1201 1353 1257 dixit
1373 1244 1389 1269 ,
1431 1203 1635 1264 sciebat
1675 1201 1820 1257 enim

219 1295 421 1351 Christi
471 1295 796 1352 sententiam
832 1304 887 1350 et
933 1296 1207 1351 immobile
1246 1295 1542 1351 decretum.
1590 1293 1821 1364 Ideoque

217 1403 339 1444 cum
368 1388 624 1451 dixisset,
656 1385 939 1458 Equalem
967 1404 1021 1442 se
1049 1388 1246 1458 faciens
1279 1386 1407 1454 Deo,
1443 1403 1548 1442 non
1581 1401 1708 1442 usus
1737 1394 1822 1442 est

219 1480 306 1534 illa
352 1483 734 1546 correctione;
793 1495 898 1534 non
949 1480 1091 1535 enim
1137 1491 1387 1549 corrupta
1435 1480 1649 1535 illorum
1703 1488 1822 1536 erat

219 1572 426 1641 opinio,
449 1570 551 1626 sed
577 1586 701 1626 vera
723 1570 792 1626 de
813 1570 905 1626 illo
928 1572 1192 1626 sententia
1218 1572 1465 1640 Operibus
1483 1571 1820 1627 conﬁrmata.

218 1661 352 1716 Cum
395 1678 532 1732 ergo
558 1661 863 1732 Philippum
897 1663 1300 1734 interrogasset,
1343 1663 1396 1719 8.
1429 1662 1566 1718 Dicit
1590 1662 1821 1718 Andreas

219 1755 380 1823 frater
402 1754 635 1810 Simonis
671 1754 814 1810 Petri
843 1773 862 1810 :
893 1757 946 1812 9.
981 1755 1076 1810 Est
1107 1775 1233 1828 puer
1254 1774 1386 1812 unus
1411 1759 1516 1822 hic,
1550 1759 1637 1828 qui
1670 1759 1820 1813 habet

218 1850 440 1918 quinque
461 1865 620 1919 panes
646 1851 969 1917 hordeaceus,
993 1861 1037 1906 et
1062 1853 1192 1906 duos
1219 1854 1379 1923 pisces
1406 1869 1423 1917 ,'
1446 1855 1536 1907 sed
1564 1856 1670 1908 lucc
1697 1853 1826 1924 quid

217 1950 333 1994 sunt
372 1940 512 1996 inter
541 1942 748 1995 tantos?
791 1941 1085 1998 Sublimius
1127 1944 1328 2012 cogitat
1369 1944 1614 1999 Andreas
1659 1959 1822 2016 qnam-

221 2030 527 2102 l‘bilippus,
556 2048 729 2103 neque
771 2043 946 2089 tamen
975 2036 1185 2104 penitus
1216 2051 1329 2092 rem
1363 2036 1649 2092 intellexit.
1683 2037 1819 2092 Puto

218 2131 400 2178 autem
438 2123 593 2178 illum
624 2141 730 2179 non
757 2125 873 2181 sine
902 2141 1063 2180 causa
1096 2127 1165 2181 ita
1195 2127 1338 2197 loqui
1367 2144 1382 2192 ;
1422 2128 1517 2184 sed
1559 2143 1679 2184 cum
1725 2143 1821 2182 au-

219 2212 386 2268 disset
418 2215 804 2284 prophetarum
834 2218 1111 2286 miracula,
1146 2229 1202 2274 ut
1241 2220 1417 2276 Elismi
1445 2221 1584 2278 circa
1618 2236 1816 2290 panes;

221 2307 344 2362 hinc
369 2309 612 2364 ascendit
631 2309 848 2380 quidem
866 2310 934 2366 ad
961 2311 1251 2382 quamdam
1281 2312 1691 2381 sublimitatem,
1721 2313 1816 2370 sed

221 2412 325 2454 non
348 2398 416 2454 ad
443 2401 660 2457 culmen
691 2404 954 2472 pervenit.

300 2491 479 2549 Victus
518 2495 789 2566 frugalitas
823 2497 1224 2552 commendatur.
1256 2498 1702 2554 Marcionistarum
1725 2515 1816 2553 er-

219 2603 322 2642 ror.
345 2587 577 2642 —ﬂinc
609 2587 879 2644 discamus
909 2591 998 2660 qui
1038 2591 1245 2646 deliciis
1271 2606 1456 2646 sumus
1476 2591 1660 2658 dediti,
1698 2593 1817 2663 quis

219 2680 368 2736 cibus
410 2691 563 2738 esset
603 2690 713 2737 tam
759 2684 1084 2740 mirabilium
1131 2687 1391 2753 virorum,
1425 2703 1582 2757 quam
1619 2689 1810 2755 tenuis,

218 2777 367 2841 cujus
395 2775 640 2843 generis,
672 2775 920 2845 ipsosque
954 2776 1006 2830 in
1038 2793 1235 2832 mensa:
1263 2779 1563 2849 frugalitate
1587 2791 1640 2834 et
1681 2797 1814 2836 cou—

217 2865 419 2920 ditione
446 2867 741 2921 imitemur.
769 2867 1055 2938 Sequentia
1089 2870 1306 2924 multam
1336 2871 1613 2926 declarant
1641 2873 1813 2928 imbe-

217 2958 518 3013 cillitatem.
543 2958 677 3014 Nam
708 2970 986 3030 postquam
1013 2962 1244 3028 dixerat,
1279 2961 1444 3017 [latret
1471 2966 1691 3034 quinque
1717 2983 1814 3035 pa-

218 3064 300 3104 nes
329 3049 657 3112 hordeaceus,
689 3050 895 3106 addidit
927 3069 943 3105 :
975 3050 1082 3106 Sed
1108 3053 1215 3107 hac
1239 3055 1362 3124 quid
1390 3065 1509 3109 sunt
1535 3058 1666 3110 inter
1693 3067 1810 3112 tan-

217 3142 324 3194 tos?
361 3141 593 3195 Putabat
622 3142 763 3196 enim
795 3144 1179 3198 miraculorum
1204 3145 1465 3201 editorcm
1497 3163 1561 3202 ex
1594 3150 1812 3217 paucio-

219 3233 360 3287 ribus
390 3234 666 3301 pauciora,
700 3251 765 3290 ex
796 3235 1035 3304 pluribus
1058 3236 1209 3306 plura
1241 3235 1505 3294 facturum
1528 3254 1684 3307 esse;
1714 3239 1808 3296 Sed

219 3340 320 3380 non
353 3327 425 3380 ita
454 3343 544 3382 res
572 3342 631 3382 se
655 3327 904 3383 habebat.
927 3328 1060 3385 Nam
1092 3330 1312 3398 perinde
1346 3332 1418 3385 illi
1445 3343 1560 3387 erat
1596 3348 1659 3388 ex
1691 3334 1808 3403 plu-

217 3419 358 3473 ribus
385 3427 443 3474 et
469 3435 537 3475 ex
581 3422 923 3491 paucioribus
953 3423 1223 3494 ingentem
1254 3439 1446 3493 panum
1474 3427 1683 3496 copiam
1714 3443 1809 3497 pa-

217 3528 349 3568 rcre.
377 3513 566 3584 Neque
611 3515 754 3569 enim
803 3515 1042 3584 subjecta
1084 3519 1306 3572 materia
1361 3533 1496 3588 opus
1539 3519 1803 3588 habebat;

213 3604 305 3658 sed
352 3619 420 3660 ne
460 3615 706 3660 creatura
748 3605 1021 3661 videretur
1064 3607 1238 3662 aliena
1270 3623 1389 3664 esse
1425 3610 1493 3664 ab
1523 3611 1688 3680 ipsius
1722 3627 1809 3666 sa-

216 3697 428 3764 pientia,
459 3697 512 3752 id
539 3698 679 3768 quod
712 3715 991 3769 perperam
1015 3699 1368 3757 Marcionista:
1389 3704 1659 3770 dicebant,
1693 3707 1804 3776 ipsa

213 3799 455 3843 creatura
502 3789 568 3843 ad
609 3790 865 3844 miracula
911 3793 1169 3861 patranda
1214 3809 1339 3849 usus
1378 3807 1491 3869 est.
1512 3797 1646 3852 Cum
1675 3815 1804 3870 ergo

211 3879 364 3933 ambo
394 3878 647 3948 discipuli
679 3895 784 3933 non
813 3893 1114 3951 sperarent,
1150 3892 1277 3940 tunc
1305 3886 1619 3943 miraculum
1647 3890 1757 3944 edit
1785 3907 1800 3946 :

210 3971 284 4026 sic
311 3973 458 4026 enim
491 3973 659 4042 magis
687 3972 760 4027 illi
791 3973 977 4029 lucrati
1006 3986 1131 4030 sunt
1153 4019 1166 4040 ,
1202 3992 1321 4032 eum
1357 3982 1503 4049 prius
1542 3983 1618 4038 rei
1665 3983 1803 4038 dim-

208 4063 458 4120 cultatem
489 4064 721 4119 confessi
750 4074 954 4132 essent,
988 4077 1046 4121 ut
1075 4084 1131 4123 re
1156 4080 1369 4139 peracta
1412 4073 1504 4128 Dei
1549 4075 1798 4132 virtutem

209 4167 446 4214 nossent.
495 4157 630 4224 Quia
669 4160 811 4214 enim
855 4159 1091 4215 futurum
1125 4162 1332 4232 signum
1379 4178 1528 4229 erat,
1571 4168 1713 4237 quod
1768 4185 1796 4224 a

209 4248 485 4317 prophetis
521 4247 726 4303 editum
759 4249 926 4305 fuerat
953 4292 968 4310 .
1001 4253 1210 4307 etiamsi
1242 4270 1344 4307 non
1377 4256 1490 4325 pari
1522 4257 1702 4324 modo,
1745 4268 1801 4314 et

209 4343 482 4408 prtemissa
528 4342 819 4412 gratiarum
849 4345 1061 4399 actione
1090 4345 1261 4414 ipsum
1290 4347 1531 4403 editurus
1555 4359 1700 4418 erat,
1732 4368 1799 4407 ne

208 4430 456 4488 imbecilli
502 4432 554 4486 in
593 4433 952 4502 suspicionem
1000 4436 1327 4502 inciderent;
1377 4439 1498 4494 \ude
1526 4442 1797 4509 quomodo

206 4536 296 4589 per
319 4522 501 4577 omnia
546 4533 752 4579 mentes
796 4524 965 4594 erigat
1017 4536 1070 4579 et
1122 4527 1472 4584 dill‘crcntiam
1523 4534 1792 4589 Ostendat.

203 4610 326 4668 Cum
345 4616 492 4670 enim
512 4614 744 4669 nondum
770 4630 932 4684 panes
955 4627 1289 4685 apparerent,
1318 4620 1628 4677 miraculum
1652 4624 1791 4693 edit;

203 4715 256 4760 ut
282 4709 551 4778 intelligas
576 4724 639 4764 ea
668 4725 788 4779 qua:
819 4711 1256 4772 noncxsistunt‘.
1289 4722 1346 4767 ut
1386 4728 1447 4767 ea
1487 4732 1605 4784 qua:
1630 4728 1790 4786 sunt,

204 4801 295 4868 ipsi
324 4802 541 4858 subdita
563 4817 705 4870 esse,
738 4814 794 4856 ut
824 4803 1017 4858 Paulus
1047 4804 1121 4858 ait
1155 4821 1168 4858 :
1200 4803 1299 4869 Qui
1319 4816 1458 4860 uocat
1479 4823 1536 4860 ea
1557 4825 1668 4878 qum
1690 4827 1791 4865 non

201 4903 309 4947 sunt
338 4935 352 4958 ,
395 4910 464 4946 ac
493 4893 536 4947 si
581 4902 740 4947 essent
770 4893 942 4963 (Rom.
971 4906 1021 4947 λι.
1051 4897 1162 4965 17).
1192 4899 1270 4951 Ac
1298 4897 1342 4950 si
1373 4898 1514 4952 enim
1539 4912 1786 4970 apparata

201 4998 375 5039 mensa
404 4993 573 5049 esset,
625 4985 785 5054 jussit
827 5001 923 5040 cos
963 4988 1142 5042 statim
1188 4989 1552 5058 discumbere,
1607 4995 1794 5065 sicque

199 5075 578 5147 discipulorum
607 5087 842 5134 mentem
866 5082 1056 5136 erexit.
1091 5081 1223 5136 Cum
1256 5093 1433 5140 autem
1463 5101 1526 5140 ex
1558 5087 1785 5142 interro-

200 5168 403 5237 gatione
431 5171 620 5226 lucrati
647 5181 850 5239 essent,
882 5175 1060 5228 statim
1091 5185 1412 5244 paruerunt,
1463 5195 1562 5236 nec
1592 5182 1786 5237 turbati

200 5271 332 5327 sunt,
363 5277 544 5330 neque
569 5261 819 5318 dixerunt
847 5281 859 5317 :
889 5264 1026 5332 Quid
1057 5266 1156 5321 hoc
1186 5269 1304 5321 est?
1326 5285 1421 5323 cur
1445 5268 1786 5329 discumbere

197 5348 368 5421 iubes,
417 5368 541 5407 cum
585 5353 714 5408 nihil
755 5356 806 5409 in
839 5356 1014 5411 medio
1045 5361 1338 5426 appareat?
1381 5360 1468 5416 Sic
1497 5373 1782 5433 antequam

197 5442 395 5512 signum
421 5444 688 5510 viderent,
711 5447 932 5503 credere
957 5460 1255 5517 eruperunt,
1279 5454 1366 5521 qui
1397 5453 1548 5508 initio
1577 5457 1644 5509 ita
1675 5473 1780 5513 non

198 5537 502 5606 credebant,
557 5538 929 5605 ut‘dicerent,
981 5541 1129 5597 Unde
1167 5561 1384 5600 ememus
1429 5550 1630 5615 panes?
1671 5549 1782 5605 lmo

201 5625 437 5683 alacriter
483 5629 668 5685 turbas
709 5629 1046 5688 discumbere
1087 5634 1384 5704 jusserunt.
1419 5639 1524 5695 Sed
1556 5657 1654 5696 cur
1683 5658 1779 5713 pa-

202 5718 466 5789 ralyticum
511 5731 819 5791 sanaturus,
879 5734 1148 5781 mortuum
1192 5730 1572 5795 suscitaturus,
1630 5749 1779 5790 mare

203 5809 500 5883 scdaturns,
532 5828 639 5868 non
670 5825 959 5885 precatur;
998 5818 1085 5874 hic
1115 5835 1275 5888 vero,
1308 5836 1428 5877 cum
1457 5824 1523 5879 dc
1549 5825 1777 5894 panibus

203 5900 377 5973 agitur,
419 5906 472 5962 id
515 5905 677 5963 facit?
711 5905 778 5963 Ut
822 5908 1032 5985 doceat,
1061 5926 1184 5974 ante
1214 5918 1390 5974 cibum
1426 5920 1624 5991 gratias
1651 5931 1775 5974 esse

1299 439 1364 493 lN
1402 434 1716 495 JOANNEM
1759 434 1993 492 lIOMlL.
2037 437 2200 498 ηιι,
2238 439 2307 492 al.
2349 440 2487 495 XLI.

3421 444 3544 499 212-

1932 551 2044 608 Deo
2083 553 2334 625 agendas.
2379 553 2628 624 Alioquin
2668 564 2847 612 autem
2887 556 2939 610 in
2987 557 3222 612 minimis
3254 558 3303 610 id
3351 559 3535 614 facere.

1927 647 2101 714 solet,
2133 657 2189 702 nt
2217 647 2395 704 discas
2424 649 2570 705 illum
2599 664 2704 704 non
2751 643 2892 719 quod
2926 649 3189 720 indigeat,
3220 649 3294 704 ita
3325 647 3522 704 facere.

1928 739 1985 797 Si
2027 742 2168 796 enim
2212 741 2560 812 indiguisset,
2591 743 2764 813 potius
2795 742 2846 798 id
2877 743 2926 796 in
2959 743 3252 814 majoribus
3285 744 3523 797 fecisset.

1926 828 2026 899 Qui
2063 846 2192 888 vero
2237 832 2328 887 illa
2363 848 2484 888 cum
2516 835 2832 890 auctoritate
2863 833 3017 901 fecit,
3061 834 3176 891 lure
3214 849 3338 892 sese
3381 833 3531 889 haud

1924 925 2086 982 dubie
2112 925 2444 983 demittenda
2469 929 2699 998 peregit.

1996 1020 2050 1076 ὅ.
2092 1018 2172 1076 Ad
2205 1019 2321 1075 bzec
2351 1034 2480 1076 vero
2508 1020 2661 1076 turba
2699 1037 2888 1092 magna
2918 1021 3140 1088 aderat,
3176 1020 3262 1076 cui
3296 1035 3519 1092 persua-

1923 1109 2156 1168 dendum
2189 1120 2304 1167 erat
2331 1151 2344 1174 ,
2377 1126 2437 1166 sc
2474 1112 2768 1168 secundum
2799 1112 2890 1169 Dei
2932 1112 3260 1167 voluntatem
3286 1111 3518 1168 venisse.

1923 1205 2262 1276 Quapropter
2311 1207 2526 1277 quando
2577 1208 2726 1262 solus
2771 1207 2982 1277 signum
3029 1205 3318 1276 quodpiam
3373 1204 3522 1271 edit,

1925 1296 2056 1352 nihil
2085 1297 2389 1366 bujusmodi
2425 1297 2678 1353 exhibet:
2712 1298 2926 1370 quando
2956 1306 3134 1352 autem
3170 1295 3351 1350 multis
3384 1310 3526 1365 pra:-

1925 1389 2168 1444 sentibns
2191 1388 2242 1444 id
2282 1389 2428 1459 agit,
2463 1397 2520 1443 ut
2556 1389 2662 1444 illis
2687 1389 2909 1445 suadeat
2930 1403 2989 1444 se
3017 1403 3123 1442 non
3151 1401 3273 1443 esse
3293 1386 3403 1442 Deo
3424 1384 3524 1440 ad-

1929 1482 2224 1535 versarium
2249 1523 2263 1545 ,
2294 1496 2470 1551 neque
2519 1480 2663 1536 Patri
2696 1481 3022 1536 contrarimn
3044 1521 3058 1541 ,
3107 1495 3202 1550 per
3226 1477 3524 1549 gratiarum

1925 1574 2192 1626 actionem
2243 1572 2390 1626 illam
2431 1572 2790 1642 suspicionem
2837 1571 2993 1648 tollit.
3027 1571 3115 1625 11.
3147 1567 3216 1622 Ει
3254 1568 3392 1624 dedit
3419 1567 3526 1621 dis-

1922 1665 2284 1728 cumbentibus,
2309 1675 2356 1719 et
2385 1664 2583 1734 impleti
2606 1674 2742 1719 sunt.
2774 1662 2960 1718 Viden’
2991 1660 3355 1716 dill‘ercntiam
3383 1659 3525 1713 inter

1923 1773 2137 1814 servum
2160 1767 2216 1814 ct
2242 1758 2518 1813 dominum
2549 1758 2579 1812 τ
2603 1758 2680 1813 Illi
2717 1771 2969 1826 namque,
2996 1762 3058 1810 ut
3086 1754 3174 1826 qui
3206 1752 3270 1808 ad
3301 1768 3520 1808 mensu-

1924 1865 2038 1906 ram
2061 1850 2286 1922 gratiam
2321 1852 2596 1918 ltaberent,
2629 1850 2708 1905 sic
2736 1848 2990 1904 miracula
3018 1841 3300 1918 patrabant
3329 1861 3344 1910 ;
3382 1844 3522 1898 Deus

1923 1955 2101 2001 autem
2156 1945 2398 2001 absoluta
2449 1959 2612 2016 agens
2670 1950 2976 2012 potestate,
3025 1955 3146 1996 cum
3199 1938 3523 1994 auctoritate

1921 2038 2101 2093 onmia
2161 2036 2495 2108 operabatur.
2534 2036 2620 2090 12.
2671 2033 2736 2088 Et
2765 2034 2894 2088 dixit
2943 2031 3254 2102 discipulis:
3284 2028 3524 2102 Colligite

1921 2131 2228 2201 fragmenta.
2260 2131 2348 2185 13.
2397 2128 2487 2184 Illi
2541 2143 2658 2182 uero
2711 2127 3060 2198 collegerunt,
3101 2133 3149 2179 et
3188 2123 3522 2194 impleverunt

1922 2216 2187 2279 duodecim
2211 2215 2478 2286 cophinos.
2516 2213 2641 2268 llzcc
2672 2227 2776 2268 non
2818 2219 2935 2266 erat
2977 2207 3251 2278 superﬂua
3280 2215 3520 2262 ostenta-

1923 2309 1997 2364 tio
2021 2325 2036 2374 ;
2064 2309 2156 2364 sed
2188 2309 2309 2364 ideo
2340 2308 2534 2362 laetmn
2561 2348 2574 2371 ,
2612 2322 2678 2360 ne
2708 2304 2989 2375 praestigiae
3016 2302 3327 2357 viderentur
3349 2314 3468 2354 esse
3503 2319 3518 2363 ;

1922 2403 2150 2474 ideoque
2193 2417 2256 2459 ex
2300 2403 2537 2467 subjecta
2571 2399 2792 2454 materia
2836 2408 3003 2453 creat.
3036 2395 3146 2451 Cur
3195 2410 3300 2451 non
3350 2393 3521 2449 turbis

1919 2496 2177 2567 gestanda
2209 2496 2350 2550 dedit
2384 2495 2492 2555 illa.
2527 2493 2620 2548 scd
2650 2491 2925 2562 discipulis
2952 2490 2975 2543 ?
3000 2489 3133 2556 Quia
3167 2487 3264 2541 hos
3288 2487 3521 2561 maxime

1922 2591 2199 2645 illSlllttCl'c
2229 2587 2482 2653 volebat,
2510 2587 2601 2657 qui
2644 2585 2802 2639 luturi
2853 2590 3008 2639 erant
3057 2580 3310 2636 doctores
3349 2577 3514 2634 orbis.

1920 2679 2202 2735 Multitudo
2252 2694 2484 2749 namque
2529 2693 2635 2731 non
2685 2690 2934 2745 magnum
2982 2673 3156 2728 adlmc
3202 2672 3405 2726 lucrum
3451 2685 3516 2725 ex

1920 2772 2190 2827 miraculis
2214 2778 2547 2841 rcportatura
2574 2777 2691 2824 erat
2716 2784 2731 2833 ;
2755 2767 2935 2822 statim
2963 2764 3163 2836 quippe
3186 2771 3313 2818 sunt
3341 2760 3517 2823 obliti,

1917 2863 2167 2932 aliudque
2197 2860 2511 2916 miraculum
2541 2857 2905 2930 requisierunt
2933 2875 2946 2911 :
2979 2855 3225 2925 discipuli
3253 2868 3384 2909 vero
3409 2869 3517 2907 non

1919 2969 2134 3023 parVam
2187 2954 2313 3008 hinc
2359 2953 2638 3007 utilitatem
2688 2947 2961 3020 accepturi
2995 2956 3170 3005 erant.
3209 2945 3319 3002 Nec
3353 2962 3516 3016 parva

1919 3045 2044 3101 hinc
2075 3047 2348 3101 damnatio
2378 3045 2529 3101 ludar
2555 3045 2686 3111 fuit,
2730 3044 2871 3114 quod
2917 3041 3210 3112 cophinum
3257 3047 3515 3111 gestaret.

1915 3140 2067 3207 Quod
2098 3147 2276 3194 autem
2308 3137 2438 3193 illud
2465 3139 2531 3193 ad
2557 3152 2743 3193 eorum
2773 3135 3164 3192 institutionem
3199 3132 3398 3188 factum
3422 3133 3514 3199 sit,

1915 3233 2082 3304 liquet
2101 3247 2170 3288 ex
2199 3248 2266 3288 eo
2290 3231 2430 3303 quod
2463 3239 2733 3300 postremo
2753 3229 2980 3295 dicitur,
3010 3226 3155 3298 quod
3182 3225 3291 3283 illis
3318 3225 3372 3280 in
3402 3241 3518 3281 mc-

1916 3325 2140 3380 moriam
2191 3324 2525 3379 revocaverit
2565 3322 2751 3378 dicens
2783 3339 2796 3376 :
2831 3319 3082 3374 Nondum
3118 3319 3352 3392 cogitatis
3396 3327 3518 3389 quot

1913 3419 2160 3488 cap/tinos
2205 3417 2468 3488 accepistis
2510 3413 2741 3489 (Matth.
2787 3415 2874 3471 16.
2923 3415 2956 3470 9
2984 3415 3052 3487 )7
3093 3415 3403 3486 Eademque
3446 3413 3517 3469 de

1912 3527 2073 3566 causa
2095 3511 2289 3565 factum
2332 3519 2415 3563 est
2465 3516 2523 3563 ut
2548 3507 2767 3578 cephini
2799 3507 3077 3577 discipulis
3103 3521 3331 3562 numero
3357 3520 3516 3575 pares

1911 3613 2113 3659 essent.
2145 3603 2347 3658 Deinde
2383 3616 2513 3658 vero
2543 3603 2796 3674 quoniam
2831 3602 3056 3656 instituti
3093 3601 3308 3656 fuerant
3341 3639 3357 3666 ,
3403 3614 3510 3654 non

1912 3708 1989 3753 tot
2028 3695 2454 3766 superfuerunt,
2493 3695 2589 3751 sed
2634 3702 2832 3765 sporta:
2872 3703 3078 3764 septem
3121 3692 3232 3762 (td.
3265 3692 3352 3748 15.
3393 3691 3510 3763 57).

1910 3791 2021 3860 Ego
2052 3805 2180 3844 vero
2209 3805 2313 3845 non
2349 3788 2508 3842 tundo
2539 3787 2706 3842 miror
2747 3802 2944 3858 panum
2986 3786 3192 3858 cepiam
3215 3827 3230 3852 ,
3263 3784 3355 3839 scd
3386 3800 3507 3838 cum

1907 3883 2060 3954 copia
2103 3881 2522 3952 lragmentorum
2561 3879 2770 3935 numeri
2815 3893 3028 3949 quoque
3069 3877 3464 3933 accurationcm
3493 3918 3507 3937 .

1907 3974 2048 4045 quod
2078 3988 2254 4044 neque
2296 3973 2414 4042 plus
2437 3987 2613 4042 neque
2641 3971 2818 4025 minus
2846 3968 3151 4026 redundare
3191 3967 3459 4023 curaverit
3487 4009 3503 4034 ,

1905 4070 1999 4124 sed
2022 4077 2280 4138 quantum
2304 4066 2512 4132 voluit,
2545 4064 2690 4137 quod
2734 4065 3011 4135 prtescirct
3049 4072 3304 4133 quantum
3354 4062 3504 4116 insu-

1905 4159 2158 4215 mendum
2186 4157 2362 4222 l‘orct;
2395 4157 2537 4227 quod
2568 4156 2854 4212 inell‘abilis
2879 4164 2996 4212 erat
3029 4155 3329 4224 potestatis.
3356 4154 3502 4208 Cou-

1905 4254 2184 4306 lirmarunt
2211 4250 2391 4320 itaque
2418 4249 2717 4319 fragmenta
2749 4257 3036 4316 utrumque
3066 4247 3382 4302 miraculum
3406 4289 3420 4314 ,
3451 4259 3505 4304 ct

1902 4343 2196 4414 probarunt
2225 4357 2339 4396 rem
2374 4356 2478 4395 non
2510 4355 2632 4396 esse
2674 4338 3079 4410 imaginariam,
3109 4347 3164 4393 et
3195 4356 3260 4393 ex
3291 4339 3354 4394 iis
3383 4355 3502 4411 qua:

1900 4435 2247 4490 comedcraut
2313 4431 2662 4504 superfuisse.
2718 4431 2949 4486 Piscium
2995 4445 3125 4486 vero
3180 4432 3498 4487 miraculum

1902 4538 2028 4582 tunc
2049 4543 2113 4582 ex
2154 4527 2407 4597 subjectis
2433 4525 2667 4595 piscibus
2708 4524 2903 4579 factum
2929 4533 3007 4580 est
3039 4541 3052 4575 :
3084 4533 3206 4595 post
3251 4539 3499 4580 resurre-

1897 4622 2132 4677 ctionem
2165 4635 2311 4684 vero,
2345 4635 2448 4673 nou
2501 4633 2565 4671 ex
2617 4617 2855 4688 subjecta
2906 4617 3149 4672 materia.
3185 4616 3400 4685 Quare?
3432 4617 3502 4674 Ut

1897 4713 2074 4769 discas
2115 4714 2287 4783 ipsum
2316 4713 2475 4766 ctiam
2520 4726 2663 4766 nunc
2706 4710 2923 4764 materia
2965 4725 3120 4764 usum
3157 4709 3356 4774 luisse;
3390 4727 3496 4764 non

1895 4806 2036 4875 quod
2065 4805 2153 4859 illa
2189 4814 2244 4858 ut
2278 4804 2623 4860 lttndamcnto
2649 4814 2827 4874 egeret
2855 4844 2869 4869 ,
2912 4804 3006 4858 sed
3033 4812 3089 4858 ut
3117 4801 3494 4858 hatrcticorum

1895 4913 1987 4953 ora
2013 4898 2336 4951 Obstrueret.

1966 4991 2136 5044 Judtci
2178 5007 2277 5044 non
2318 5001 2420 5044 tam
2453 5007 2515 5044 ex
2561 4990 2810 5044 evidentia
2855 4990 3086 5044 miraculi
3114 5007 3266 5061 quant
3291 5008 3318 5045 e
3345 5002 3490 5045 satu-

1893 5085 2104 5138 ratiom's
2129 5085 2318 5155 gaudio
2343 5082 2691 5137 ad‘Christunt
2734 5083 2979 5137 conversi.
3024 5082 3308 5153 Dignitatcs
3350 5101 3492 5154 sper-

1892 5179 2081 5232 nendus
2107 5179 2249 5231 ducet
2271 5176 2518 5231 Christus.
2544 5205 2615 5216 -——
2638 5176 2723 5230 14.
2766 5174 2954 5229 Turba
2983 5185 3151 5229 autem
3182 5176 3412 5230 dicebant
3449 5180 3488 5244 ⁸,

1893 5272 2023 5338 Quia
2044 5273 2124 5324 hic
2136 5283 2205 5325 est
2226 5286 2336 5324 uere
2365 5271 2630 5340 prapheta.
2651 5267 2694 5323 Ο
2717 5267 2854 5337 gula:
2875 5267 3180 5322 aviditatem
3203 5267 3216 5322 Ι
3239 5267 3489 5324 Innume-

1889 5380 1946 5418 ra
1981 5364 2223 5419 ediderat
2254 5363 2334 5416 his
2365 5361 2688 5416 mirabiliora
2715 5402 2729 5425 ,
2759 5369 2812 5414 et
2841 5374 3101 5430 nusquam
3122 5358 3224 5416 hoc
3249 5361 3484 5417 confessi

1888 5466 2045 5522 sunt,
2081 5458 2181 5510 nisi
2227 5472 2347 5511 cum
2387 5466 2573 5512 essent
2612 5455 2927 5511 exsaturati.
2963 5455 3092 5510 Inde
3140 5470 3270 5526 ergo
3319 5456 3488 5527 liquet

1889 5553 2033 5620 ipsos
2077 5551 2390 5620 prophetam
2426 5549 2710 5621 quemdam
2762 5549 3014 5603 eximium
3061 5550 3484 5619 cxspectavisse.

1887 5645 2019 5698 Nam
2051 5645 2125 5699 illi
2157 5642 2408 5697 dicebant
2433 5685 2447 5710 ,
2483 5642 2558 5695 Ta
2581 5659 2630 5696 es
2656 5643 2978 5710 prop/tela’?
3005 5640 3056 5696 hi
3083 5658 3210 5696 vero
3239 5683 3255 5707 ,
3285 5641 3380 5696 llic
3409 5654 3482 5699 est

1952 5804 1968 5871 ξ
2003 5800 2177 5871 alorci:
2196 5798 2365 5871 habet,
2386 5799 2721 5871 turbmantcm
2745 5796 2959 5871 uidentes
2983 5800 3445 5871 signatur-licebant.

1882 5863 2140 5985 pugil‘fl'll
2165 5862 2287 5924 legit
2312 5873 2324 5909 :
2355 5869 2519 5924 Itaque
2542 5860 2615 5913 illi
2636 5860 2858 5912 dicebam
2895 5873 2914 5912 .°
2945 5880 2968 5908 ιι
2992 5869 3153 5913 Nonne
3176 5861 3255 5914 hic
3276 5871 3347 5915 cst
3370 5877 3476 5929 pro-
