4102 6504
585 465 690 521 2-55

585 569 851 640 propheta.
883 569 968 622 l5.
1001 566 1150 620 Jrsus
1178 572 1339 616 mtrem
1365 602 1379 625 ,
1414 577 1525 614 cum
1553 561 1859 630 cognovisset
1888 559 2007 628 quia
2038 573 2156 610 ven-

583 662 685 715 turi
714 670 854 715 erant
880 669 934 710 ut
958 664 1184 725 raperent
1211 669 1322 706 eum
1347 693 1360 714 ,
1397 662 1442 706 et
1467 652 1689 720 facerent
1707 666 1816 704 eum
1845 665 2007 719 regem
2031 689 2046 712 ,
2075 663 2154 702 se-

588 753 734 806 cessit
759 752 936 804 iterum
963 749 1012 799 in
1035 755 1267 798 montem.
1301 744 1476 811 Papm,
1500 751 1692 812 quanta
1723 741 1857 811 gula:
1881 739 2151 810 tyrannis!

587 853 779 907 quanta
822 838 1116 892 volubilitas
1176 835 1386 889 animi!
1427 834 1541 888 Non
1582 833 1718 887 ultra
1765 831 1932 902 legem
1981 829 2154 884 vindi-

584 941 708 986 rant.
737 973 750 995 ,
782 947 884 984 non
929 929 1070 983 ultra
1119 929 1368 982 violatum
1397 927 1412 956 ί
1445 924 1719 978 sabbatum
1767 931 1956 977 curant
1980 962 1996 987 ,
2047 935 2154 974 non

587 1025 720 1078 ultra
754 1022 845 1076 Dei
869 1021 983 1075 zelo
1027 1027 1306 1074 moventur
1334 1058 1349 1082 ,
1398 1015 1490 1070 sed
1521 1015 1723 1084 repleto
1750 1023 1933 1070 ventre
1978 1012 2155 1066 omnia

583 1117 908 1185 abjecernut.
939 1113 1071 1166 Tum
1112 1109 1367 1182 propheta
1394 1106 1534 1176 apud
1558 1106 1676 1160 illos
1711 1113 1859 1170 erat,
1897 1113 1950 1160 et
1975 1118 2151 1174 regem

583 1215 736 1262 erant
776 1202 1077 1260 coronaturi
1107 1215 1118 1254 :
1148 1201 1387 1256 Christus
1429 1208 1605 1254 autem
1643 1197 1794 1268 fugit.
1834 1196 2050 1264 Quare?
2089 1194 2155 1251 Ut

586 1315 682 1353 nos
707 1299 895 1352 doceat
936 1294 1261 1365 spernendas
1315 1307 1435 1347 esse
1474 1292 1759 1362 dignitates
1783 1333 1798 1356 ,
1828 1300 1882 1345 et
1911 1289 2156 1344 ostendat

584 1409 642 1446 se
672 1391 810 1445 nulla
851 1404 916 1444 ex
960 1388 1184 1442 terrenis
1237 1385 1396 1441 rebus
1444 1400 1579 1454 opus
1627 1384 1844 1438 habere.
1885 1381 2015 1437 Nam
2065 1383 2152 1452 qui

584 1483 758 1536 omnia
797 1480 919 1535 vilia
946 1480 1142 1550 elegit,
1178 1487 1232 1533 et
1271 1487 1491 1532 tnatrem
1510 1519 1525 1541 ,
1554 1485 1607 1531 et
1637 1476 1850 1530 domum
1879 1515 1893 1540 ,
1923 1475 2110 1529 urbem
2135 1515 2150 1540 ,

584 1571 971 1634 educationem,
1002 1571 1336 1634 vestimenta,
1368 1583 1470 1622 non
1491 1582 1556 1624 ex
1583 1568 1809 1623 terrenis
1838 1566 2154 1635 conspicuus

583 1663 788 1718 futurus
828 1673 962 1719 erat.
993 1662 1123 1717 Nam
1169 1661 1401 1716 cmlestia
1443 1660 1585 1714 clara
1619 1673 1909 1729 magnaque
1953 1667 2104 1712 erant
2136 1699 2152 1724 ,

582 1755 789 1825 angeli,
817 1753 969 1809 stella
989 1794 1003 1819 ,
1033 1753 1190 1807 Pater
1235 1752 1472 1806 clamans
1496 1790 1512 1815 ,
1543 1749 1771 1819 Spiritus
1819 1749 2109 1804 teStillcans
2135 1789 2152 1814 ,

587 1849 857 1919 propheta:
879 1848 987 1918 jam
1014 1846 1140 1902 olim
1163 1845 1548 1915 praedicantes:
1582 1843 1633 1897 in
1663 1852 1805 1898 terra
1832 1850 2009 1897 autem
2032 1840 2154 1895 vilia

590 1943 767 1997 omnia
799 1950 971 2007 erant,
1019 1950 1077 1995 ut
1124 1940 1202 1994 sic
1231 1939 1345 2007 ejus
1383 1946 1617 2007 potestas
1646 1935 1812 2006 magis
1853 1941 2155 2004 appareret.

584 2033 740 2090 Venit
781 2041 926 2089 certe
965 2046 1061 2086 nos
1104 2030 1472 2094 instituturus,
1503 2036 1558 2081 ut
1597 2035 2001 2082 contemnamus
2023 2041 2159 2095 pra:-

583 2125 775 2189 sentia,
804 2137 978 2193 neque
1014 2121 1337 2176 admiremur
1363 2134 1424 2174 ea
1465 2133 1582 2186 qua:
1613 2117 1664 2171 in
1696 2116 1794 2171 hac
1836 2115 1942 2169 vita
1975 2115 2156 2184 splen-

583 2216 704 2271 dida
733 2214 1013 2278 videntur;
1054 2211 1148 2266 sed
1190 2226 1251 2266 ea
1290 2210 1467 2264 omnia
1507 2207 1845 2272 irrideamus,
1875 2207 2157 2275 futuraque

583 2322 841 2362 amemus.
864 2304 994 2361 Nam
1022 2305 1110 2375 qui
1141 2303 1422 2374 praisentia
1447 2302 1668 2355 miratur
1693 2341 1707 2364 ,
1731 2315 1838 2354 non
1879 2299 2158 2354 mirabitur

585 2411 645 2451 ea
671 2411 786 2466 qua:
817 2396 868 2449 in
894 2395 1037 2450 caelis
1077 2402 1221 2449 sunt.
1261 2392 1383 2448 Ideo
1436 2391 1648 2447 dicebat
1690 2390 1896 2445 Pilato:
1928 2390 2158 2460 Regnum

585 2507 748 2543 meum
774 2500 964 2544 nonest
1003 2488 1066 2541 de
1091 2488 1186 2541 ltoc
1216 2485 1404 2540 mundo
1435 2483 1612 2555 (Joan.
1643 2483 1729 2538 18.
1757 2480 1869 2553 '56);
1901 2496 1967 2536 ne
2009 2481 2158 2536 vide-

586 2591 732 2635 retur
772 2580 1001 2634 humano
1049 2587 1193 2633 metu
1236 2586 1291 2632 et
1339 2576 1574 2646 potentia
1625 2574 1692 2629 ad
1732 2572 2158 2644 persuadendum

587 2674 681 2726 uti.
711 2671 817 2726 Cur
843 2685 971 2742 ergo
997 2670 1124 2724 dicit
1155 2669 1410 2740 prepbcta
1442 2685 1454 2722 :
1493 2667 1621 2720 Ecce
1648 2681 1737 2720 rea:
1763 2675 1878 2718 tuus
1913 2665 2042 2718 venit
2074 2665 2162 2718 tibi

586 2773 876 2816 mansuetus
895 2803 910 2828 ,
929 2762 1106 2816 sedens
1131 2777 1280 2830 super
1299 2757 1616 2830 subjugalem
1644 2756 1829 2828 (Zaclt.
1857 2755 1910 2812 9.
1934 2756 1990 2826 9)
2012 2757 2035 2809 ?
2065 2755 2163 2811 Hic

587 2862 656 2908 de
687 2868 849 2922 regno
877 2853 1108 2921 loquitur
1137 2852 1335 2906 ca-lesti
1358 2891 1370 2913 ,
1401 2866 1504 2903 non
1535 2849 1600 2904 de
1625 2859 1856 2902 terreno.
1891 2847 2013 2901 ideo
2044 2863 2162 2901 rur-

586 2960 703 2999 stnn
734 2943 941 2998 diccbat
965 2960 977 2993 :
1009 2942 1234 2997 Gloriam
1261 2942 1323 2994 ab
1350 2941 1550 2993 homine
1571 2955 1669 2992 non
1691 2937 1906 3008 accipio.

659 3037 712 3088 4.
759 3033 934 3087 Gloria
957 3050 1058 3087 non
1083 3033 1250 3102 ﬂuxa,
1274 3032 1361 3085 sed
1378 3031 1676 3083 immortalis
1699 3029 1941 3082 amanda.
1974 3026 2164 3083 Contra

587 3123 896 3192 spectacula.
918 3151 988 3163 —-
1014 3123 1288 3178 Discamus
1312 3137 1439 3188 ergo
1457 3164 1469 3184 ,
1503 3121 1719 3185 dilecti,
1754 3119 2014 3174 humanos
2065 3120 2165 3174 bo-

589 3231 750 3270 nores
807 3228 1081 3283 spernere,
1133 3227 1238 3268 non
1296 3211 1622 3266 desiderare.
1679 3211 1892 3266 llonore
1937 3225 2164 3280 namque

591 3320 784 3374 magno
827 3303 1107 3366 afficiatur,
1159 3303 1244 3358 cui
1293 3312 1631 3372 comparatus
1675 3303 1936 3357 humanus
1993 3304 2167 3357 honor

589 3396 906 3453 contumelia
947 3404 1028 3450 est
1050 3437 1064 3460 ,
1097 3396 1234 3449 risus
1261 3403 1315 3450 et
1340 3395 1599 3450 comoedia
1627 3411 1641 3459 ;
1677 3406 1732 3448 ut
1758 3404 1813 3450 et
1837 3395 2032 3450 divitia:
2059 3403 2167 3449 ter-

592 3503 736 3544 rena:
786 3487 889 3544 illis
933 3497 1251 3557 comparata:
1297 3496 1581 3557 paupertas
1617 3495 1783 3549 sunt,
1816 3493 1869 3542 et
1909 3487 2014 3540 vita
2053 3486 2166 3540 haec

592 3584 707 3638 sine
746 3581 831 3636 illa
883 3597 1028 3636 mors
1068 3590 1149 3636 est
1192 3580 1398 3653 (Sine'.
1433 3580 1620 3651 inquit,
1676 3590 1901 3633 mortuos
1946 3580 2166 3649 sepelire

593 3687 816 3730 mortuos
853 3692 969 3730 suos
996 3674 1207 3748 [Mattln
1247 3675 1301 3729 8.
1326 3673 1458 3748 22])
1486 3692 1498 3726 :
1529 3674 1609 3728 sic
1633 3674 1798 3744 gloria
1832 3675 1946 3728 harc
1972 3715 1985 3738 ,
2027 3674 2072 3729 si
2102 3672 2168 3727 ad

594 3767 736 3820 illam
765 3765 1070 3820 conferatur
1095 3805 1110 3832 ,
1140 3765 1310 3835 pudor
1352 3774 1432 3819 est
1460 3773 1514 3819 et
1553 3765 1712 3819 risus.
1741 3764 1818 3819 Ne
1848 3766 2004 3835 igitur
2032 3764 2171 3819 hanc

595 3872 942 3926 aucupentur.
969 3856 1097 3910 Nam
1125 3857 1168 3911 si
1193 3854 1228 3909 ii
1259 3856 1354 3929 qui
1385 3856 1512 3909 dant
1542 3847 1682 3909 illam
1717 3857 1898 3911 umbra
1929 3868 1982 3911 et
2024 3871 2170 3911 som-

604 3950 707 4002 niis
750 3959 874 4002 sunt
920 3948 1131 4003 viliores
1157 3989 1169 4012 ,
1214 3947 1380 4001 multo
1426 3949 1593 4017 magis
1622 3950 1732 4017 ipsa
1763 3950 1926 4017 gloria
1958 3967 1970 4002 :
1999 3948 2173 4002 Gloria

599 4041 728 4094 enim
748 4041 962 4094 hominis
985 4051 1238 4106 tamquam
1258 4041 1354 4108 [los
1375 4040 1493 4110 {teni
1511 4039 1663 4108 (1δαί.
1684 4039 1771 4094 40.
1789 4041 1864 4108 6).
1889 4039 2024 4107 Quid
2043 4039 2172 4094 ﬂore

599 4134 724 4190 [tnui
756 4135 908 4188 vilius
938 4135 1094 4188 fuerit
1115 4131 1338 4202 (LPetr.
1371 4133 1420 4185 l.
1442 4130 1559 4204 25)?
1583 4132 1684 4186 Sed
1701 4133 1907 4187 etiamsi
1928 4133 2173 4188 diuturna

604 4234 782 4286 esset,
838 4223 962 4293 quid
1011 4222 1134 4277 hinc
1183 4223 1372 4277 anima:
1413 4224 1584 4277 lucri?
1614 4223 1797 4287 Nihil;
1851 4223 1955 4276 imo
1991 4223 2176 4278 admo-

598 4317 721 4370 dum
750 4325 904 4371 uocet
923 4357 937 4381 ,
965 4325 1018 4370 et
1043 4329 1227 4371 servos
1247 4315 1408 4370 elﬁcit
1426 4357 1440 4383 ,
1472 4314 1726 4384 emptitiis
1748 4317 1915 4370 servis
1939 4316 2173 4370 deterio-

601 4423 707 4474 res,
741 4407 828 4478 qni
856 4422 958 4462 non
992 4407 1079 4461 uni
1107 4405 1324 4460 domino
1349 4447 1363 4465 .
1392 4405 1486 4459 sed
1526 4406 1731 4460 duobus
1757 4445 1774 4470 ,
1813 4406 1978 4459 tribus
2006 4447 2021 4471 ,
2053 4407 2173 4460 mil-

603 4503 741 4555 libus
766 4543 779 4563 ,
827 4501 1038 4554 diversa
1073 4498 1446 4553 mandantibus
1473 4498 1726 4552 serviant.
1754 4496 1961 4564 Quanto
1983 4498 2172 4554 melius

601 4604 686 4649 est
717 4593 940 4648 liberum
969 4605 1111 4658 esse,
1145 4606 1300 4660 quam
1329 4605 1539 4644 servum
1566 4606 1579 4644 :
1614 4590 1836 4646 liberum
1863 4591 2076 4660 quidem
2105 4591 2174 4645 ab

602 4686 873 4741 hominum
923 4684 1180 4739 servitute
1205 4723 1219 4750 ,
1249 4698 1459 4738 servum
1491 4683 1773 4754 imperanti
1817 4683 1968 4739 Deo?
2008 4684 2061 4739 Si
2093 4684 2172 4739 vis

602 4777 813 4834 tandem
841 4792 1020 4832 amare
1047 4777 1269 4847 gloriam
1293 4817 1307 4841 ,
1333 4790 1448 4830 ama
1467 4817 1482 4840 ,
1514 4775 1605 4830 sed
1635 4776 2009 4831 immortalem.
2039 4774 2171 4829 Nam

602 4873 720 4942 cjns
743 4881 794 4926 et
819 4871 1176 4940 spectaculum
1204 4868 1531 4938 splendidius
1567 4878 1649 4922 est
1677 4910 1691 4933 ,
1725 4877 1781 4924 et
1824 4870 2027 4923 lucrum
2055 4883 2171 4922 ma-

603 4963 708 5033 jus.
741 4961 800 5015 Hi
843 4971 892 5015 te
927 4959 1117 5029 jubent
1152 4959 1429 5029 dispendio
1459 4959 1702 5033 tuoipsis
1732 4960 1978 5028 placere:
2021 4959 2171 5014 Chri-

607 5032 720 5110 stus
747 5069 872 5109 vero
898 5062 1080 5108 contra
1107 5051 1406 5120 centuplum
1428 5032 1686 5106 donorum
1714 5052 1807 5106 tibi
1828 5051 2092 5117 retribuit,
2121 5061 2176 5106 et

607 5147 688 5202 bis
719 5145 876 5200 vitam
904 5153 1158 5199 teternam
1187 5141 1353 5196 addit.
1381 5141 1514 5210 Quid
1541 5155 1670 5212 ergo
1695 5141 1920 5206 melius,
1953 5141 2004 5196 in
2036 5151 2173 5196 terra

607 5252 673 5290 an
725 5236 778 5289 in
825 5235 1007 5299 ccelis,
1041 5234 1343 5290 hominibus
1385 5246 1450 5286 an
1494 5231 1603 5286 Deo
1649 5231 1986 5287 admirationi
2011 5231 2175 5288 esse?

607 5328 802 5384 damno
823 5341 889 5379 an
913 5325 1059 5382 lucro
1086 5325 1219 5381 tuo?
1247 5323 1493 5380 coronari
1517 5323 1584 5378 ad
1608 5339 1764 5379 unam
1803 5325 1941 5380 diem
1965 5365 1982 5393 ,
2012 5339 2078 5378 an
2107 5322 2173 5378 ad

675 5440 687 5470 ¹
727 5436 812 5487 Alli
841 5437 1030 5499 legunt,
1055 5435 1272 5499 solutum,
1298 5449 1402 5499 pro,
1429 5434 1669 5487 violation.

672 5502 692 5534 ³
713 5500 852 5551 savii.
873 5498 1012 5560 legit,
1037 5498 1193 5550 sinite.

1355 451 1408 504 S.
1451 448 1722 504 JOANNIS
1759 441 2233 501 CllllYSOSTOMl
2275 442 2586 497 ARClllEP.
2627 441 3156 497 CONSTANTINOP.

3738 443 3838 504 2“

2267 557 2466 612 inlinita
2495 559 2732 612 saecula?
2765 559 2834 614 Da
2856 562 3027 631 egenti
3049 604 3063 625 ,
3096 577 3198 615 non
3232 561 3535 629 tripudianti
3558 606 3572 629 ,
3621 581 3691 621 ne
3718 581 3840 622 cum

2264 650 2503 717 pecuniis
2548 652 2652 705 tuis
2702 651 2931 706 animam
2978 653 3118 706 illius
3165 654 3376 722 perdas.
3407 653 3486 709 Tu
3510 657 3652 710 enim
3699 658 3843 726 quod

2269 739 2378 795 hmc
2418 742 2659 797 studiose
2687 752 2741 796 et
2787 744 3156 813 intempestive
3200 745 3344 800 colas
3370 788 3384 810 ,
3418 746 3672 814 perniciei
3705 747 3844 803 illius

2261 845 2447 887 auctor
2471 847 2548 887 es.
2599 832 2653 887 Si
2697 833 2896 888 scirent
2934 834 3076 886 enim
3109 833 3205 898 illi,
3239 835 3327 903 qni
3374 835 3665 890 orchestrae
3715 837 3843 890 dant

2261 939 2499 994 operam,
2532 941 2602 980 ex
2646 935 2761 979 arte
2803 924 2935 980 nihil
2965 925 3066 980 sibi
3116 924 3229 979 fore
3275 927 3454 992 lucri,
3495 926 3842 996 jampridem

2261 1015 2585 1072 destitissent
2608 1033 2620 1070 :
2649 1032 2769 1071 cum
2792 1025 2969 1072 autem
2998 1025 3049 1071 te
3070 1016 3249 1070 vident
3271 1017 3629 1086 plaudentem,
3656 1035 3845 1075 accur.

2261 1118 2488 1175 rentem,
2519 1120 2763 1179 sumptus
2791 1108 3196 1179 profundentem
3228 1150 3242 1173 ,
3277 1118 3363 1162 tua
3394 1111 3797 1165 exhaurientem
3821 1154 3837 1175 ,

2260 1200 2472 1255 etiamsi
2501 1201 2704 1254 nollent
2733 1214 2953 1269 pergere
2971 1230 2994 1266 -,
3026 1199 3157 1255 lucri
3189 1199 3436 1268 cupidine
3480 1207 3746 1255 tenentur.
3783 1200 3840 1256 Si

2259 1293 2459 1347 scirent
2488 1335 2503 1360 ,
2548 1293 2812 1348 neminem
2858 1307 2951 1347 sua
2983 1292 3318 1346 laudaturum
3365 1308 3485 1347 esse
3507 1334 3521 1356 ,
3554 1295 3660 1348 cito
3694 1294 3842 1349 deSi-

2261 1394 2466 1441 stcrent
2515 1400 2545 1439 a
2577 1385 2846 1440 laboribus
2871 1426 2886 1451 ,
2919 1384 3068 1440 lucro
3103 1393 3348 1439 cessante
3377 1402 3392 1439 :
3419 1400 3538 1438 cum
3567 1401 3693 1440 vero
3721 1401 3838 1441 rem

2260 1475 2599 1532 admirationi
2627 1479 2807 1532 multis
2828 1491 2948 1532 esse
2978 1476 3162 1531 vident
3187 1517 3201 1540 ,
3235 1477 3541 1531 inescantur
3568 1477 3836 1532 laudibus.

2257 1568 2541 1626 Cessemus
2565 1570 2818 1624 inutiliter
2839 1569 3180 1640 impendere:
3202 1569 3468 1626 discamus
3494 1585 3595 1639 qua
3619 1570 3670 1623 in
3698 1585 3755 1623 re
3785 1579 3841 1624 et

2259 1661 2470 1729 quando
2517 1660 2827 1731 impendere
2868 1668 3116 1730 oporteat
3143 1676 3157 1712 :
3184 1674 3252 1714 ne
3294 1661 3546 1730 utrinque
3577 1661 3742 1714 Deum
3770 1659 3839 1714 ad

2259 1752 2390 1806 iram
2416 1767 2783 1822 provocemus,
2812 1762 2865 1807 et
2890 1751 3261 1822 congregando
3289 1751 3429 1807 unde
3456 1768 3559 1806 non
3589 1752 3712 1806 licet
3740 1793 3755 1817 ,
3783 1762 3840 1806 et

2259 1843 2613 1914 dispergendo
2644 1845 2697 1898 in
2725 1860 2843 1914 qua:
2879 1860 2985 1899 non
3009 1853 3300 1913 oporteret.
3325 1843 3438 1911 Qua
3469 1843 3698 1898 vindicta
3731 1861 3838 1900 non

2260 1937 2449 2008 dignus
2477 1952 2537 1993 es
2570 1979 2584 2004 ,
2614 1951 2735 1992 cum
2782 1951 3067 2007 pauperem
3112 1946 3529 2007 prartercurrens
3568 1939 3840 1992 meretrici

2263 2028 2471 2098 largiris
2495 2029 2518 2081 ?
2545 2028 2765 2082 Etiamsi
2792 2029 2934 2082 enim
2964 2042 3030 2083 ex
3055 2026 3221 2096 justis
3251 2027 3516 2089 laboribus
3543 2041 3794 2097 erogares
3823 2069 3844 2095 ,

2263 2136 2440 2178 annon
2460 2123 2611 2191 culpa
2637 2130 2817 2189 esset,
2847 2121 3098 2192 nequitiis
3137 2120 3437 2176 mercedem
3464 2119 3593 2176 dare
3616 2162 3631 2186 ,
3661 2130 3716 2176 et
3746 2135 3845 2189 pro

2261 2213 2450 2266 merita
2505 2227 2662 2281 paena
2713 2212 2971 2267 honorem
3016 2211 3326 2282 impendere
3352 2212 3375 2265 ?
3402 2209 3534 2266 Cum
3563 2226 3690 2267 vero
3715 2227 3846 2281 spo-

2261 2303 2401 2358 liatis
2427 2304 2657 2373 pupillis,
2686 2305 3008 2374 senibusque
3033 2303 3268 2368 nudatis,
3300 2303 3527 2358 lascivos
3551 2303 3668 2368 alis,
3697 2304 3846 2373 cogi-

2262 2398 2460 2466 taquis
2519 2398 2654 2467 ignis
2709 2405 2858 2450 tanto
2909 2395 3102 2450 sceleri
3127 2395 3198 2449 sit
3236 2403 3474 2464 paratus.
3529 2394 3667 2448 Audi
3713 2395 3852 2464 quid

2261 2490 2403 2545 dicat
2448 2489 2679 2544 Paulus:
2717 2488 2838 2543 Non
2875 2497 3070 2542 tantum
3111 2489 3196 2558 qui
3241 2488 3347 2541 licet:
3376 2487 3613 2559 faciunt,
3645 2488 3732 2540 sed
3759 2505 3847 2555 qui

2263 2582 2474 2637 laudant
2522 2582 2762 2652 facientes
2797 2581 2972 2653 (Rom.
3006 2582 3057 2634 l.
3087 2579 3211 2648 32).
3243 2579 3492 2634 Fortasse
3539 2578 3714 2633 acrius
3744 2591 3850 2632 vos

2265 2674 2619 2739 incessimus;
2654 2674 2746 2730 sed
2785 2676 2828 2728 si
2875 2688 2972 2728 nos
3004 2689 3109 2727 non
3158 2673 3527 2738 inccssamus,
3583 2672 3848 2741 supplicia

2264 2774 2482 2821 manent
2511 2781 2603 2820 eos
2631 2766 2718 2835 qui
2752 2779 3039 2834 numquam
3067 2764 3441 2820 emendantur.
3471 2763 3608 2830 Quid
3633 2766 3850 2833 jnvaret

2258 2851 2359 2910 vos
2392 2857 2623 2927 gratiose
2655 2855 2851 2923 alloqui
2878 2896 2892 2921 ,
2947 2857 3118 2925 reipsa
3141 2855 3402 2925 supplicio
3431 2864 3654 2925 prepter
3681 2869 3847 2923 opera

2263 2947 2614 3002 afﬁciendos?
2655 2947 2862 3002 Laudas
2913 2946 3192 3000 saltantem
3224 2987 3238 3009 ,
3267 2947 3508 3001 celebras
3538 2987 3552 3010 ,
3587 2946 3804 3002 miraris
3825 2947 3851 3000 ?

2265 3040 2403 3111 Ergo
2431 3039 2522 3094 illo
2554 3038 2721 3093 iactus
2749 3055 2808 3094 es
2828 3038 3084 3094 deterior.
3108 3039 3261 3092 Illum
3288 3046 3570 3108 paupertas
3591 3053 3856 3094 excusare

2265 3130 2495 3192 videtur.
2549 3131 2758 3184 etiamsi
2807 3147 2912 3184 non
2958 3130 3111 3198 Culpa
3165 3130 3232 3184 sit
3276 3129 3565 3194 immunis;
3619 3138 3672 3182 tu
3721 3144 3856 3183 vero

2265 3221 2425 3276 etiam
2467 3221 2568 3275 hac
2607 3220 2917 3276 defensione
2965 3235 3136 3275 cares.
3184 3219 3335 3272 Illum
3387 3219 3431 3273 si
3481 3219 3805 3289 interrogem
3833 3259 3850 3284 ,

2267 3312 2371 3368 Cur
2422 3313 2539 3367 aliis
2581 3312 2782 3367 relictis
2819 3313 3022 3366 artibus
3048 3350 3063 3377 ,
3125 3309 3262 3364 hanc
3293 3310 3553 3379 impuram
3594 3319 3648 3365 et
3689 3325 3854 3365 exse-

2265 3403 2518 3460 crandam
2563 3403 2828 3458 sectaris?
2875 3399 3244 3470 respondebit,
3278 3400 3410 3467 Quia
3442 3415 3658 3470 possum
3686 3415 3855 3469 parvo

2268 3495 2452 3551 labore
2483 3495 2705 3550 multum
2739 3493 2959 3548 lucrari.
2987 3491 3064 3548 Te
3093 3506 3218 3546 vero
3246 3491 3292 3546 si
3333 3491 3656 3560 interrogem
3681 3530 3696 3556 ,
3743 3489 3856 3546 Cur
3942 3555 3964 3572 ο

2269 3589 2526 3644 lascivum
2557 3587 2766 3641 miraris
2795 3627 2810 3652 ,
2839 3585 2928 3655 qui
2957 3584 3023 3638 ad
3049 3584 3334 3638 multorum
3359 3584 3648 3653 perniciem
3679 3585 3847 3637 vitam

2270 3679 2462 3735 ducit?
2497 3694 2599 3732 non
2631 3677 2829 3748 poteris
2862 3676 2928 3732 ad
2969 3675 3212 3732 eamdem
3243 3674 3610 3731 defensionem
3659 3673 3856 3730 confu-

2273 3787 2399 3842 gere
2427 3811 2444 3839 ,
2477 3770 2570 3826 sed
2600 3770 2811 3840 cogeris
2835 3768 3072 3823 demisso
3090 3766 3235 3821 vultu
3261 3766 3598 3822 erubescere.
3626 3765 3779 3832 Quod
3809 3766 3860 3819 si

2273 3862 2427 3917 nobis
2454 3861 2711 3916 rationem
2740 3859 3095 3930 exigentibus,
3130 3873 3198 3912 ne
3222 3858 3415 3912 mntire
3432 3857 3646 3926 quidem
3677 3866 3856 3924 potes:

2273 3955 2483 4027 quando
2515 3952 2840 4008 horrendum
2869 3950 3002 4006 illud
3027 3961 3080 4004 ct
3106 3949 3413 4004 inevitabile
3436 3947 3664 4001 tribunal
3694 3962 3862 4018 appa-

2275 4047 2448 4113 rebit,
2484 4047 2571 4101 ubi
2623 4053 2676 4099 et
2720 4044 3102 4114 cogitationum
3129 4051 3184 4096 et
3221 4051 3432 4096 actuum
3463 4040 3718 4094 reddituri
3768 4055 3864 4095 su-

2277 4157 2392 4195 mus
2422 4141 2682 4196 rationem
2712 4180 2729 4204 ,
2775 4136 3042 4206 quomodo
3097 4144 3239 4190 stare
3289 4135 3625 4205 poterimus?
3663 4135 3862 4204 quibus

2277 4231 2444 4286 oculis
2484 4230 2718 4300 judicem
2771 4225 3164 4296 respiciemus?
3217 4225 3343 4294 quid
3386 4224 3667 4279 dicemus?
3698 4240 3862 4294 quam

2277 4323 2640 4377 defensionem
2683 4317 3057 4390 proferemus?
3105 4331 3262 4386 quam
3313 4315 3713 4369 excusationem
3763 4330 3864 4385 ap-

2278 4423 2386 4468 tam
2413 4456 2426 4479 ,
2459 4414 2690 4483 ineptam
2720 4409 3076 4466 habebimus?
3119 4425 3187 4462 an
3221 4423 3317 4464 nos
3345 4407 3394 4460 id
3427 4410 3603 4462 facere
3630 4422 3729 4477 pro
3757 4409 3864 4461 im-

2282 4523 2460 4578 pensa,
2491 4521 2587 4577 pro
2619 4506 2913 4575 voluptate,
2941 4519 3040 4572 pro
3065 4502 3289 4556 aliarum
3319 4499 3557 4568 pernicie
3579 4540 3592 4564 ,
3623 4514 3761 4568 quos
3811 4499 3864 4553 in

2279 4599 2366 4655 illa
2392 4607 2506 4654 arte
2535 4597 2710 4667 perire
2757 4597 2996 4666 cogimus
3023 4594 3045 4646 ?
3074 4593 3215 4648 Nihil
3247 4603 3394 4647 certe
3431 4591 3728 4661 poterimus
3779 4593 3866 4646 di-

2277 4707 2438 4757 cere;
2473 4690 2564 4746 sed
2595 4689 2897 4744 necessario
2929 4688 3210 4756 punientur
3230 4727 3244 4750 ,
3276 4683 3540 4754 supplicio
3569 4699 3864 4754 numquam

2281 4781 2516 4838 finiendo
2543 4822 2556 4846 ,
2590 4795 2879 4849 numquam
2910 4775 3263 4833 terminantlo.
3297 4774 3450 4842 Quod
3502 4789 3569 4830 ne
3615 4776 3864 4840 accidat,

2284 4875 2369 4928 hic
2393 4874 2502 4943 jam
2531 4886 2741 4926 summo
2783 4869 2957 4925 studio
2981 4881 3266 4923 caveamus
3289 4908 3304 4932 ,
3357 4875 3415 4920 ut
3441 4882 3562 4921 cum
3591 4865 3726 4920 bona
3771 4882 3867 4938 Spe

2283 4967 2406 5022 hinc
2457 4966 2789 5035 migrantes,
2837 4971 3032 5017 :nterna
3079 4962 3216 5015 bona
3266 4973 3660 5026 consequamur
3698 4976 3710 5011 :
3745 4974 3867 5028 qua:

2283 5062 2478 5114 utinam
2510 5073 2698 5113 omnes
2718 5058 3096 5127 adipiscamur,
3121 5053 3287 5122 gratia
3314 5062 3367 5105 et
3395 5050 3724 5120 benignitate
3759 5052 3866 5104 Dn-

2282 5153 2406 5208 mini
2431 5152 2594 5207 nostri
2621 5151 2745 5206 Jesn
2774 5149 2970 5205 Christi
2997 5188 3013 5213 ,
3048 5162 3141 5216 per
3166 5161 3322 5216 quem
3353 5153 3407 5200 et
3436 5159 3559 5198 cum
3585 5159 3690 5213 quo
3722 5143 3865 5198 Patri

2283 5246 2446 5316 gloria
2470 5285 2487 5312 ,
2519 5244 2782 5314 simulque
2809 5241 3028 5312 Spiritui
3057 5249 3247 5294 sancto
3271 5278 3285 5304 ,
3315 5251 3459 5292 nunc
3484 5245 3539 5291 et
3567 5251 3788 5306 semper
3812 5245 3868 5292 et

2283 5338 2334 5392 in
2364 5335 2553 5392 smcula
2598 5335 2938 5390 saeculorum.
2973 5334 3165 5386 Amen.
