4102 6498
1257 443 1326 504 1N
1359 442 1671 504 JOANNEM
1710 440 1941 500 lIOMIL.
1983 442 2167 502 XLIII.
2207 447 2281 502 al.
2322 444 2485 505 XLll.

3412 458 3521 518 266

234 592 3512 626 "MM

1556 669 1907 736 HOMILIA
1947 668 2178 738 XLIII.

230 825 356 888 Gn.
383 826 442 887 ϐ.
484 845 541 885 ν.
567 825 656 886 16.
689 824 760 887 Ut
784 834 952 882 autent
971 838 1083 880 sero
1105 823 1296 896 factum
1311 829 1383 876 est
1399 861 1416 889 ,
1453 819 1821 875 descenderunt

297 921 542 994 discipuli
569 922 682 992 ejus
709 918 778 973 ad
802 933 958 972 mare.
988 915 1076 970 17.
1113 913 1315 968 Etcum
1345 909 1689 994 ascendissent
1726 924 1822 962 na-

473 1020 713 1066 oenerunt
739 1019 1057 1073 transmare
1090 1005 1144 1059 in
1179 1000 1520 1072 Capernaum.
1568 992 1637 1054 Et
1678 1008 1818 1054 tene-

297 1104 404 1158 brat
440 1106 557 1174 jam
597 1107 748 1173 facta
786 1108 950 1166 erant,
979 1107 1028 1152 et
1049 1113 1149 1151 non
1176 1103 1378 1150 uenerat
1404 1093 1472 1147 ad
1504 1091 1622 1147 illos
1645 1091 1816 1146 Iesus.

297 1197 387 1253 18.
427 1195 577 1250 Mare
601 1201 770 1248 autem
788 1232 804 1261 ,
835 1200 982 1246 uento
1007 1204 1191 1259 magna
1215 1188 1374 1258 ﬂante
1400 1227 1416 1253 ,
1444 1181 1764 1256 exsurgebat.

297 1288 351 1342 1.
383 1286 616 1342 Christus
637 1285 788 1337 etiam
809 1282 985 1336 absens
1006 1285 1211 1335 tuorum
1239 1277 1448 1332 utilitati
1469 1276 1656 1331 studet.
1692 1273 1820 1341 Qua:

226 1379 370 1450 signa
388 1375 631 1446 discipuli
654 1374 750 1429 soli
763 1370 1188 1428 viderint—Non
1214 1381 1453 1442 praesens
1475 1375 1676 1423 tantum
1699 1380 1820 1422 cor-

227 1468 482 1540 poraliter
500 1466 776 1536 discipulis
795 1465 975 1532 Jesus,
1009 1462 1108 1519 sed
1136 1463 1296 1518 etiam
1322 1460 1518 1542 absens
1542 1466 1599 1515 et
1624 1457 1809 1529 procul

225 1575 452 1617 versans
478 1601 494 1627 ,
525 1572 713 1614 eorum
748 1556 929 1613 studet
953 1554 1188 1610 utilitati.
1209 1549 1344 1608 Cum
1370 1552 1514 1625 enim
1540 1558 1594 1606 et
1623 1558 1816 1620 potens

225 1654 295 1709 sit
336 1660 392 1708 et
441 1666 636 1722 sagax,
684 1664 782 1720 per
831 1647 1100 1704 contraria
1141 1643 1285 1700 idem
1327 1643 1500 1714 ipsum
1541 1649 1814 1711 operatur.

227 1742 616 1800 Animadverte
643 1754 875 1810 namque
895 1736 1024 1808 quid
1052 1736 1139 1792 hic
1167 1742 1307 1806 agat.
1330 1733 1556 1789 Relictis
1584 1731 1818 1802 discipu-

225 1837 288 1894 lis
311 1879 327 1904 ,
356 1834 609 1892 ascendit
631 1833 684 1888 in
714 1840 971 1888 montem.
1001 1829 1083 1885 Illi
1110 1843 1269 1896 vero,
1297 1827 1516 1882 absente
1536 1825 1812 1896 magistro,

223 1938 281 1983 ut
303 1942 434 1986 sero
459 1926 660 1983 factum
689 1933 804 1991 est,
837 1916 1232 1979 descenderunt
1259 1917 1328 1974 ad
1350 1932 1498 1974 mare
1526 1931 1542 1983 ;
1571 1925 1626 1971 et
1646 1930 1815 1986 usque

223 2019 287 2075 ad
330 2032 619 2090 gesperam
659 2022 972 2072 manserunt
1010 2011 1184 2068 donec
1223 2008 1442 2065 rediret.
1477 2005 1813 2062 Adveniente

221 2075 451 2181 vesp‘ra.
470 2151 488 2177 ,
517 2123 626 2165 non
657 2107 796 2162 ultra
818 2120 877 2161 se
900 2101 1179 2160 continere
1203 2104 1489 2171 potuerunt
1515 2140 1530 2165 ,
1559 2098 1682 2168 quia
1725 2097 1811 2167 ip-

222 2217 340 2258 sum
382 2207 691 2272 quaererent
724 2215 739 2252 ε
769 2203 916 2252 tanto
958 2194 1075 2265 ejus
1120 2206 1303 2248 amore
1344 2189 1657 2261 flagrabant.
1694 2188 1812 2243 Non

223 2293 407 2349 dicunt
428 2334 445 2359 ,
475 2292 716 2361 Vespera
740 2289 848 2360 jam
879 2296 962 2343 est
973 2327 995 2358 ,
1023 2301 1133 2340 nox
1161 2283 1350 2349 adest,
1381 2297 1488 2352 quo
1529 2295 1671 2336 nunc
1715 2278 1814 2334 ibi-

222 2384 372 2440 mus?
395 2383 573 2448 locus,
599 2381 732 2435 liora
756 2377 992 2449 periculo
1018 2389 1128 2431 nou
1155 2382 1348 2431 vacant
1381 2389 1396 2427 :
1429 2371 1526 2429 sed
1545 2370 1812 2427 desiderio

222 2476 462 2544 incensi,
495 2488 688 2529 navem
715 2469 1103 2528 conscendunt.
1130 2467 1316 2539 Neque
1341 2466 1483 2522 enim
1509 2464 1625 2520 sine
1651 2477 1812 2520 causa

222 2566 554 2639 evangelista
585 2575 797 2636 tempus
821 2562 1017 2618 indicat
1041 2601 1055 2627 ,
1089 2559 1183 2616 sed
1207 2567 1267 2614 ut
1291 2558 1394 2614 hoc
1422 2564 1576 2627 pacto
1597 2556 1812 2612 ferven-

224 2669 323 2715 tem
346 2659 571 2714 illorum
599 2671 840 2712 amorem
866 2653 1125 2710 declaret.
1153 2652 1260 2707 Cur
1287 2664 1415 2721 ergo
1440 2647 1677 2703 dimissis
1707 2645 1812 2701 illis

223 2750 367 2808 nbit?
389 2751 504 2806 imo
529 2764 626 2805 cur
655 2749 804 2804 solus
826 2760 1038 2802 rursum
1064 2751 1284 2814 apparet
1312 2755 1471 2811 supra
1504 2753 1652 2795 mare
1689 2753 1810 2793 am-

224 2843 452 2898 bulans?
482 2843 684 2907 Primo,
717 2848 776 2894 ut
801 2839 1020 2895 doceret
1040 2836 1195 2901 illos,
1245 2848 1405 2905 quam
1456 2846 1618 2904 grave
1665 2837 1812 2887 esset

223 2933 361 2991 solos
379 2934 637 3003 relinqui,
665 2942 827 3001 atque
847 2931 969 2986 hinc
991 2927 1312 2984 desiderium
1360 2933 1646 2995 augeretur
1679 2941 1693 2978 :
1719 2938 1810 2978 se-

220 3025 394 3081 cundo
417 3063 438 3090 .
469 3033 530 3078 ut
553 3023 844 3093 potentiam
895 3020 1204 3076 ostenderet
1244 3031 1420 3072 suam.
1451 3013 1811 3084 Quemadmoc

223 3114 342 3168 dum
369 3114 520 3169 enim
548 3128 655 3168 non
684 3126 902 3167 omnem
933 3110 1230 3166 doctrinam
1268 3122 1388 3163 cum
1427 3105 1580 3161 turba
1621 3103 1808 3160 audie-

225 3205 379 3272 bant,
415 3206 499 3259 sic
523 3219 630 3259 non
660 3203 838 3259 omnia
866 3203 1015 3271 signa
1033 3214 1152 3256 cum
1169 3199 1327 3271 plebe
1346 3197 1616 3252 videbant.
1640 3195 1810 3264 Opor-

228 3297 367 3352 tebat
415 3297 564 3351 enim
610 3308 741 3358 eos,
795 3292 990 3363 quibus
1035 3289 1448 3346 committendus
1484 3287 1629 3343 orbis
1656 3294 1808 3350 erat,

222 3362 415 3458 aliquid
445 3385 682 3454 amplius
713 3362 913 3438 habere
937 3397 1098 3453 quam
1120 3388 1367 3436 caeteros.
1397 3381 1576 3449 Ecqua
1618 3378 1771 3447 signa
1790 3418 1807 3444 ,

224 3479 429 3548 inquies
454 3519 470 3545 ,
517 3476 621 3530 soli
649 3474 933 3530 viderunt?
962 3472 1502 3543 '[ransligurationem
1526 3472 1578 3524 in
1605 3477 1808 3536 monte,

225 3570 322 3625 hoc
345 3569 669 3625 miraculum
693 3569 747 3622 in
777 3567 950 3634 mari,
981 3566 1146 3621 multa
1176 3573 1231 3620 et
1267 3563 1509 3619 miranda
1549 3571 1670 3632 post
1720 3575 1812 3616 re-

223 3661 650 3726 surrectionem;
682 3667 845 3728 atque
867 3699 882 3723 ,
918 3666 976 3712 ut
999 3656 1262 3724 arbitror,
1294 3654 1459 3710 multa
1485 3653 1608 3708 alia.
1641 3652 1814 3708 Vene-

223 3763 342 3806 runt
359 3761 543 3807 autem
565 3751 929 3820 Capernaum,
960 3764 1069 3805 non
1095 3747 1249 3820 gnari
1274 3745 1491 3817 quidem
1510 3789 1524 3814 ,
1553 3746 1648 3803 sed
1679 3760 1806 3816 spe-

224 3849 398 3899 rantes
426 3857 487 3899 se
513 3843 688 3911 ipsum
718 3839 792 3896 ibi
823 3847 1128 3911 reperturos
1177 3853 1298 3894 esse
1341 3838 1430 3894 vel
1481 3837 1623 3893 inter
1663 3836 1815 3892 navi-

225 3932 471 4003 gandum.
504 3932 621 3989 Hoc
649 3931 1005 3988 subindicavit
1032 3929 1267 3987 Joannes
1291 3971 1306 3998 ,
1354 3943 1476 3985 cum
1520 3928 1657 3983 dixit
1699 3929 1813 3999 jam

227 4039 499 4094 vesperam
530 4023 729 4088 fuisse,
762 4021 988 4078 necdum
1033 4023 1246 4078 venisse
1292 4021 1516 4088 Jesum,
1565 4028 1621 4076 et
1663 4035 1813 4087 mare

227 4131 414 4187 magno
451 4115 679 4172 reﬂante
714 4124 872 4171 vento
920 4115 1255 4171 intumuisse.
1284 4115 1390 4170 Cur
1419 4129 1548 4186 ergo
1580 4113 1812 4170 turbam

230 4207 346 4260 tur?
373 4207 540 4263 multa
571 4215 719 4262 certe
752 4200 906 4263 era’nt
945 4223 1065 4278 qua:
1111 4207 1232 4263 illos
1283 4207 1767 4278 perterrefacerent
1795 4224 1810 4261 :

228 4306 461 4369 tempus,
491 4297 734 4354 tenebrae
764 4313 993 4368 namque
1035 4307 1229 4365 erant;
1283 4309 1572 4369 tempestas
1599 4341 1616 4368 ,
1664 4314 1813 4356 mare

228 4405 449 4463 namque
478 4392 844 4458 intumuerat;
873 4393 1023 4448 locus
1043 4433 1058 4461 ,
1090 4408 1196 4448 non
1222 4393 1364 4448 enim
1396 4409 1565 4465 prope
1611 4403 1812 4450 terram

226 4493 372 4539 erant
394 4525 410 4551 ,
439 4485 536 4542 sed
559 4525 576 4552 ,
599 4485 691 4541 {9.
720 4483 847 4539 Cum
873 4488 1202 4558 remigassenl
1246 4489 1391 4556 quasi
1429 4490 1597 4546 stadia
1639 4491 1814 4563 viginti

224 4575 466 4646 quinque;
501 4576 719 4632 tandem
737 4576 888 4632 adest
908 4592 996 4633 res
1023 4579 1388 4649 inexspectata
1418 4599 1431 4636 :
1469 4581 1651 4638 Vident
1667 4585 1812 4640 enim

225 4684 332 4722 ann
359 4670 707 4724 ambulantem
735 4685 887 4739 super
924 4687 1095 4740 mare,
1145 4671 1318 4744 iisque
1362 4674 1651 4730 admodum
1700 4693 1816 4748 per-

227 4759 443 4815 turbatis
464 4760 605 4815 dixit
633 4777 646 4814 :
669 4759 759 4816 20.
795 4759 902 4832 Ego
928 4777 1042 4816 sum
1065 4804 1082 4830 ,
1106 4763 1261 4817 nolite
1294 4763 1489 4819 timere.
1532 4766 1638 4822 Cur
1684 4783 1814 4838 ergo

226 4844 498 4921 apparuit?
527 4849 605 4908 Ut
631 4851 944 4908 ostenderet
983 4868 1043 4909 se
1074 4856 1408 4925 tempestatis
1444 4857 1695 4914 sedandae
1721 4875 1816 4915 au-

150 4974 158 4983 ο
225 4945 440 4997 ctoreni.
461 4942 579 4998 lloc
601 4942 868 5014 significat
895 4945 1221 5017 evangelista
1243 4962 1365 5002 cum
1388 4947 1518 5004 dicit
1545 4966 1560 5004 :
1587 4949 1679 5006 2t.
1714 4950 1815 5006 Vo-

229 5030 422 5088 luerunt
446 5035 681 5103 accipere
703 5050 818 5089 eum
846 5035 902 5089 in
929 5038 1098 5090 navim
1115 5051 1136 5102 ;
1165 5047 1212 5092 et
1257 5041 1428 5094 statim
1477 5043 1620 5097 nauis
1657 5059 1816 5115 prape

229 5131 403 5178 terram
430 5127 547 5198 fuit.
575 5125 690 5182 Non
719 5127 881 5183 modo
905 5129 1049 5184 enim
1083 5138 1252 5186 tutam
1271 5171 1288 5196 ,
1316 5132 1412 5188 sed
1438 5134 1600 5190 etiam
1623 5152 1816 5194 secun-

229 5211 342 5270 dam
368 5217 500 5287 ipsis
521 5219 920 5289 navigationem
952 5221 1198 5292 prmbuit.
1243 5223 1437 5281 Turbae
1477 5220 1676 5286 autem
1705 5247 1813 5289 non

229 5318 283 5360 se
318 5308 681 5364 ambulantem
730 5325 894 5381 super
932 5327 1082 5368 mare
1132 5316 1570 5385 conSpiciendum
1616 5321 1810 5379 dedit:

231 5409 345 5451 nam
372 5400 550 5468 majus
589 5400 800 5470 signum
848 5411 995 5469 erat,
1043 5419 1202 5476 quam
1244 5422 1430 5464 eorum
1471 5412 1816 5474 imbecillitas

229 5482 405 5578 ferret.
433 5488 543 5547 Sed
565 5507 740 5562 neque
762 5492 1039 5567 discipulis
1065 5512 1125 5552 se
1151 5497 1224 5553 ita
1250 5499 1338 5555 diu
1361 5502 1649 5561 videndum
1678 5524 1814 5578 pra:-

233 5575 338 5634 buit
365 5598 380 5635 :
409 5583 504 5639 sed
553 5585 715 5639 simul
754 5594 809 5641 et
855 5587 1004 5642 visus
1045 5599 1162 5656 est,
1209 5601 1264 5645 et
1307 5596 1552 5650 recessit.
1586 5575 1812 5656 Videtur

233 5683 383 5737 porro
404 5674 536 5730 mihi
564 5676 708 5732 aliud
736 5676 805 5732 ab
825 5689 890 5733 eo
915 5679 1125 5751 signum
1156 5697 1275 5741 esse
1300 5726 1314 5751 ,
1347 5688 1487 5757 quod
1510 5691 1650 5760 apud
1682 5692 1814 5750 Mat-

235 5761 421 5822 tbaum
447 5777 703 5824 narratur
729 5783 746 5835 ;
770 5769 880 5826 imo
903 5772 1068 5828 multa
1095 5776 1324 5846 probant
1363 5779 1637 5838 diversum
1667 5800 1810 5844 esse.

233 5849 486 5916 Ceterum
511 5875 657 5933 saepe
678 5860 870 5920 eadem
896 5863 1044 5934 signa
1075 5865 1239 5936 facit,
1269 5878 1328 5926 ut
1357 5886 1423 5928 ne
1471 5873 1688 5934 insolita
1729 5881 1813 5936 vi-

1927 816 2186 874 derentnr
2213 814 2601 891 spectantibus,
2629 823 2727 881 sed
2757 825 2846 881 illa
2873 840 2995 882 cum
3021 825 3125 883 fide
3170 842 3362 899 magna
3401 842 3525 884 sus-

1924 908 2186 980 ciperem.
2214 909 2328 983 Ego
2348 930 2481 982 sum,
2509 916 2665 986 nolite
2691 917 2885 972 timere.
2932 918 3110 974 Verbo
3156 919 3404 976 timorem
3452 936 3518 976 ex

1924 1013 2113 1056 eorum
2141 1003 2323 1058 animo
2359 1005 2512 1074 pellit
2540 1023 2555 1060 :
2583 1022 2691 1062 non
2729 1008 2801 1063 ita
2830 1009 2986 1074 alibi,
3020 1023 3152 1064 cum
3191 1009 3383 1065 Petrus
3434 1010 3519 1064 di-

1924 1090 2120 1147 cebat:
2150 1091 2388 1162 Domine,
2417 1097 2462 1152 si
2490 1106 2545 1151 tu
2570 1115 2642 1163 es,
2662 1097 2792 1170 jube
2830 1115 2908 1154 me
2932 1102 3098 1154 uenire
3123 1101 3192 1154 ad
3218 1110 3266 1155 te
3288 1099 3514 1172 (Matth.

1923 1182 2013 1239 ιιι.
2035 1183 2108 1240 28
2129 1185 2171 1254 ).
2200 1182 2309 1240 Cur
2335 1201 2464 1260 ergo
2492 1198 2617 1245 tunc
2647 1206 2753 1245 non
2779 1192 2960 1246 statim
3005 1191 3110 1246 hoc
3149 1203 3476 1261 acceperunt
3501 1232 3516 1256 ,

1923 1290 2070 1333 nunc
2095 1287 2273 1334 autem
2302 1280 2684 1339 crediderunt?
2731 1283 2995 1352 Quoniam
3049 1293 3176 1339 tunc
3225 1295 3518 1354 tempestas

1924 1373 2304 1441 perseverabat
2341 1375 2681 1447 agitabatque
2718 1392 2954 1443 navem;
3007 1391 3150 1432 nunc
3188 1386 3368 1432 autem
3414 1393 3516 1432 vox

1924 1450 2358 1536 tranquillitatem
2384 1469 2612 1539 peperit.
2635 1469 2689 1526 Si
2720 1485 2806 1527 res
2854 1485 2960 1526 non
3002 1471 3071 1526 ita
3113 1472 3220 1538 sit,
3269 1471 3321 1526 id
3370 1482 3519 1528 certe

1923 1557 2029 1612 erit
2048 1559 2188 1628 quod
2219 1574 2380 1632 supra
2408 1561 2517 1616 dixi
2540 1604 2556 1629 ,
2593 1563 2740 1619 illum
2769 1579 2912 1635 saepe
2936 1565 3121 1621 eadem
3154 1564 3314 1621 edere
3344 1566 3516 1636 signa,

1925 1655 1985 1702 ut
2013 1663 2078 1704 ex
2106 1650 2374 1720 prioribus
2402 1652 2634 1708 secunda
2662 1653 3004 1710 credibiliora
3030 1656 3157 1710 sint.
3196 1655 3303 1710 Cur
3336 1666 3515 1710 autem

1919 1755 2027 1797 non
2045 1743 2287 1800 ascendit
2306 1744 2358 1798 in
2389 1759 2578 1801 navem
2595 1747 2620 1799 7
2650 1745 2717 1802 Ut
2736 1746 2948 1818 signum
2974 1747 3147 1816 majus
3173 1756 3513 1818 operaretur,

1919 1833 2188 1905 simulque
2207 1833 2540 1894 divinitatem
2568 1854 2718 1894 suam
2745 1839 2946 1895 clarius
2976 1839 3320 1905 ostenderet,
3353 1851 3514 1912 atque

1921 1923 2351 1996 demonstraret,
2382 1943 2442 1987 se
2467 1945 2587 1986 cum
2614 1931 2811 2002 gratias
2842 1933 2979 2002 egit,
3010 1948 3115 1987 non
3143 1933 3286 2003 quod
3316 1933 3516 1990 auxilio

1919 2026 2105 2088 egeret
2125 2017 2178 2074 id
2204 2019 2419 2090 fecisse,
2446 2022 2542 2079 sed
2567 2031 2626 2098 ut
2653 2038 2712 2080 se
2740 2025 2846 2080 illis
2872 2034 3281 2096 attemperaret.
3308 2027 3516 2082 Permi-

1918 2109 2096 2179 sitque
2126 2120 2496 2182 tempestatem
2522 2117 2782 2183 excitari,
2827 2127 2886 2172 ut
2931 2132 2990 2173 se
3039 2133 3257 2189 semper
3305 2135 3515 2190 quaere-

1917 2210 2076 2269 rent;
2107 2205 2396 2277 statimque
2420 2207 2665 2276 sedavit,
2701 2217 2762 2264 ut
2797 2211 3034 2281 potentia
3075 2227 3171 2267 sua
3222 2226 3514 2284 cognosce-

1917 2300 2105 2360 retur;
2139 2309 2247 2350 non
2275 2297 2518 2352 ascendit
2544 2307 2721 2354 autem
2747 2299 2800 2354 in
2829 2301 3007 2355 navim
3035 2345 3050 2369 ,
3084 2310 3143 2357 ut
3186 2303 3360 2373 majus
3409 2303 3512 2358 mi-

1917 2386 2154 2441 raculum
2168 2385 2390 2444 faceret.
2422 2389 2512 2446 22.
2538 2390 2714 2447 Altera
2737 2402 2908 2447 autem
2934 2393 3016 2450 die
3035 2394 3183 2449 turba
3206 2412 3320 2468 qua
3343 2398 3510 2452 stabat

1914 2475 2016 2544 ibi,
2046 2477 2217 2532 videns
2235 2481 2355 2550 quia
2376 2482 2611 2536 nauicula
2631 2484 2736 2537 alia
2759 2501 2861 2540 non
2881 2495 2999 2558 erat,
3016 2486 3087 2540 ibi
3104 2527 3119 2554 ,
3153 2487 3250 2542 nisi
3279 2504 3418 2556 una,
3455 2488 3510 2544 in

1915 2582 2066 2637 quam
2091 2571 2420 2625 ascenderant
2441 2571 2676 2644 discipuli
2699 2577 2843 2646 ejus,
2872 2586 2919 2631 et
2943 2579 3064 2647 quia
3093 2577 3246 2634 Iesus
3289 2596 3391 2635 non
3431 2582 3514 2636 in-

1916 2660 2117 2714 troisset
2145 2676 2261 2722 cum
2283 2663 2548 2734 discipulis
2576 2667 2683 2722 suis
2716 2668 2769 2722 in
2799 2669 2968 2722 navim
3001 2686 3020 2724 :
3055 2670 3414 2730 ascenderunt
3460 2680 3511 2729 et

1915 2751 2015 2821 ipsi
2037 2753 2090 2808 in
2118 2753 2253 2809 alias
2281 2756 2555 2812 naviculas
2602 2774 2723 2829 qua:
2771 2772 3030 2817 venerant
3079 2778 3147 2819 ex
3196 2763 3508 2823 Tiberiadc.

1913 2843 2024 2898 Cur
2063 2843 2182 2901 lure
2208 2848 2510 2904 minutatim
2538 2850 2772 2907 Joannes
2795 2865 3076 2922 recenset;
3119 2857 3227 2913 imo
3266 2872 3364 2914 cur
3402 2874 3510 2914 non

1913 2935 2086 3005 dixit,
2119 2938 2286 2994 altera
2316 2940 2406 2997 die
2438 2943 2620 2998 turbas
2649 2947 3058 3004 transfretantes
3080 2949 3322 3006 abiisse?
3352 2952 3512 3008 Aliud

1914 3028 2188 3099 quidpiam
2221 3046 2320 3087 nos
2349 3033 2464 3088 vult
2493 3035 2708 3092 docere.
2734 3037 2870 3105 Quid
2900 3040 3029 3096 illud
3052 3043 3076 3095 l
3105 3041 3376 3100 Christum
3413 3046 3515 3100 etsi

1913 3127 2022 3174 non
2048 3121 2245 3191 palam,
2279 3124 2584 3180 clanculum
2611 3136 2787 3184 tamen
2821 3132 2993 3188 turbis
3036 3134 3087 3188 id
3133 3137 3514 3207 suspicandum

1914 3212 2200 3284 reliquisse
2232 3233 2246 3270 :
2277 3232 2399 3272 nam
2427 3219 2503 3273 ait
2531 3236 2546 3273 :
2587 3219 2721 3275 Vidit
2752 3224 2899 3278 turba
2920 3267 2934 3290 ,
2963 3228 3084 3296 quia
3130 3231 3370 3284 nauicula
3411 3232 3517 3286 alia

1915 3320 2017 3358 non
2045 3315 2153 3360 erat
2177 3307 2245 3360 ibi
2271 3348 2286 3375 ,
2312 3309 2409 3363 nisi
2441 3326 2544 3365 una
2561 3327 2582 3376 ;
2609 3322 2663 3368 et
2691 3315 2833 3383 quod
2861 3315 3019 3372 Jesus
3047 3335 3154 3375 non
3183 3323 3517 3380 ascendisset

1915 3409 2036 3451 cum
2081 3397 2188 3453 illis
2213 3439 2228 3464 ,
2269 3409 2324 3455 et
2349 3403 2658 3457 conscensis
2685 3406 2946 3462 naviculis
2973 3425 3040 3463 ex
3080 3411 3382 3482 Tiberiade,
3415 3415 3512 3471 2L

1923 3484 2180 3543 Venerunt
2233 3489 2555 3562 Capernaum
2602 3508 2882 3565 querentes
2924 3499 3127 3560 Iesum.
3186 3505 3322 3573 Quid
3371 3509 3514 3564 enim

1915 3577 2062 3634 aliud
2091 3583 2468 3651 suspicandum
2499 3587 2907 3658 relinquebatur
2929 3634 2942 3658 ,
2972 3610 3132 3665 quam
3178 3601 3322 3668 quod
3368 3618 3517 3659 mare

1916 3668 2143 3739 pedibus
2172 3673 2487 3743 trajiciendo
2517 3680 2796 3736 venisset?
2839 3682 2958 3738 Non
2986 3687 3129 3740 enim
3161 3687 3265 3743 dici
3307 3701 3519 3761 poterat

1916 3761 2090 3831 ipsum
2145 3764 2198 3818 in
2245 3765 2351 3821 alia
2393 3768 2515 3823 navi
2566 3771 2841 3841 trajecisse
2875 3792 2888 3828 :
2918 3791 3042 3830 nam
3094 3777 3249 3844 Una,
3302 3781 3514 3854 inquit,

1916 3864 2034 3910 erat
2082 3856 2137 3911 in
2179 3873 2336 3928 quam
2392 3860 2621 3932 ingressi
2665 3877 2792 3921 sunt
2820 3867 3067 3939 discipuli
3089 3870 3227 3941 ejus.
3263 3875 3515 3934 Attamen

1916 3957 2039 4017 post
2061 3957 2263 4005 tantum
2295 3955 2609 4010 miraculum
2643 3972 2750 4012 non
2780 3959 3180 4034 interrogarunt
3213 3981 3336 4022 eum
3376 3984 3516 4039 qun-

1917 4040 2079 4097 modo
2108 4043 2450 4113 trajecisset,
2482 4063 2584 4104 nec
2635 4050 2705 4106 de
2754 4060 2904 4108 tanto
2951 4058 3214 4115 miraculo
3265 4062 3520 4132 inquisie-

1915 4142 2044 4187 runt
2073 4147 2088 4186 :
2121 4134 2213 4189 sed
2245 4136 2370 4202 quid
2402 4137 2632 4196 dicunt?
2656 4141 2748 4199 25.
2793 4145 2959 4200 llabbi
2979 4190 2993 4214 ,
3025 4152 3232 4217 quando
3276 4154 3375 4207 huc
3419 4171 3520 4210 ve-

1917 4224 2087 4281 nisti?
2113 4225 2226 4283 Nisi
2252 4230 2371 4300 quis
2397 4232 2629 4291 fortasse
2653 4235 2798 4294 dicat
2839 4240 2927 4297 hic
2977 4241 3196 4310 Quando
3244 4247 3370 4318 poni
3419 4264 3518 4320 pro

1916 4320 2207 4388 quomodo.

1987 4414 2042 4469 2.
2073 4413 2263 4486 Operae
2290 4421 2522 4490 pretium
2545 4432 2724 4481 autem
2753 4437 2838 4483 est
2859 4427 2948 4485 hic
2980 4433 3318 4502 perpendere
3362 4437 3516 4493 voln-

1917 4506 2079 4562 bilem
2112 4507 2326 4564 illorum
2361 4512 2708 4571 voluntatem.
2760 4517 2896 4575 Nam
2936 4522 3026 4592 qui
3073 4522 3325 4580 dixerant
3351 4570 3365 4595 ,
3415 4529 3519 4585 llic

1917 4606 1989 4652 est
2012 4599 2420 4673 propheta;qui
2451 4604 2769 4664 studuerant
2795 4611 2944 4665 illum
2992 4628 3186 4683 rapere
3235 4627 3288 4673 et
3335 4635 3517 4690 regem

1918 4705 2072 4745 suum
2101 4694 2432 4750 constituere
2457 4738 2472 4764 ,
2501 4708 2786 4770 postquam
2820 4703 2965 4758 illum
2995 4705 3352 4778 invenerunt,
3384 4712 3519 4769 nihil

1920 4780 2228 4852 huiusmodi
2255 4787 2532 4857 cogitant,
2562 4791 2659 4847 sed
2683 4793 2890 4864 abjecta
2937 4797 3180 4854 miraculi
3221 4804 3480 4859 memoria
3508 4851 3519 4865 .

1918 4882 1977 4928 ut
2023 4883 2191 4944 puto,
2254 4893 2361 4934 non
2409 4879 2560 4936 illum
2614 4883 2682 4938 ita
2728 4885 2956 4943 ulterius
2987 4891 3270 4948 mirantur.
3304 4895 3370 4950 Et
3397 4897 3521 4954 ideo

1919 4962 2164 5022 fortassis
2213 4969 2362 5025 illum
2393 4973 2832 5044 vperquirebant,
2886 4989 2944 5034 ut
2990 4980 3115 5038 cibo
3169 4984 3518 5058 fruerentur,

1919 5054 2059 5111 sicut
2096 5067 2274 5115 antea.
2306 5061 2451 5118 Mare
2475 5062 2718 5121 Rubrum
2747 5069 3073 5140 trajecerunt
3098 5117 3112 5141 ,
3138 5075 3323 5150 Moyse
3348 5054 3518 5151 duce,

1919 5144 2130 5216 Judmi;
2163 5151 2258 5207 sed
2285 5168 2477 5226 magna
2507 5155 2594 5212 hic
2637 5168 2753 5213 ent
2780 5153 3113 5222 differentia.
3155 5144 3248 5225 Ille
3288 5144 3523 5245 namque

1921 5255 2148 5311 premens
2197 5252 2256 5299 ut
2301 5260 2489 5303 servus
2546 5250 2728 5307 omnia
2778 5252 3042 5326 faciebat;
3093 5259 3181 5318 hic
3226 5279 3357 5322 vero
3399 5282 3522 5326 cum

1921 5334 2067 5393 omni
2099 5344 2390 5404 potestate.
2424 5337 2539 5396 lllic
2566 5341 2730 5399 flante
2756 5355 2885 5402 noto
2907 5350 3072 5406 cessit
3117 5368 3258 5425 aqua
3279 5398 3293 5423 ,
3347 5359 3418 5413 ita
3469 5370 3526 5417 ut

1921 5438 2018 5496 per
2047 5426 2247 5482 siccum
2280 5431 2509 5488 transire
2535 5436 2839 5505 potuerint;
2871 5438 2959 5496 hic
2989 5454 3167 5500 autem
3209 5449 3384 5520 majus
3426 5451 3527 5508 fuit

1922 5518 2265 5576 miraculum.
2297 5524 2447 5593 Aqua
2476 5527 2621 5580 enim
2645 5527 2698 5582 in
2740 5543 2837 5584 sua
2885 5548 3114 5591 manens
3162 5518 3350 5596 natura
3376 5583 3392 5608 ,
3447 5545 3525 5600 sic

1922 5607 2207 5667 Dominum
2239 5613 2402 5670 dorso
2425 5629 2525 5672 suo
2571 5620 2839 5689 gestavit,
2890 5623 3092 5681 dictum
3146 5628 3274 5686 illud
3321 5607 3524 5689 confir-

1921 5717 2075 5759 mans
2098 5719 2112 5756 :
2133 5705 2412 5762 Ambulans
2436 5725 2598 5778 supra
2621 5728 2763 5768 mare
2787 5723 3043 5784 tamquam
3068 5737 3226 5791 supra
3254 5724 3520 5793 pavimen-

1920 5803 2028 5848 tum
2057 5794 2195 5869 (Job
2222 5797 2274 5853 9.
2320 5799 2415 5871 8.)
2443 5798 2573 5857 Jure
2607 5812 2786 5860 autem
2835 5808 2889 5863 in
2933 5809 3270 5883 Capernaum
3317 5815 3525 5887 ingres~

1920 5899 2079 5944 surus
2105 5927 2119 5949 .
2149 5887 2338 5947 duram
2360 5901 2417 5949 et
2436 5891 2840 5968 immorigeram
2866 5900 3170 5978 civitatem,
3199 5907 3516 5969 miraculum
