4084 6466
608 433 711 491 N1

610 564 805 618 panum
829 544 994 604 edidit
1019 564 1033 614 ;
1064 554 1118 600 ut
1148 559 1251 600 non
1280 542 1439 598 modo
1465 558 1532 598 ex
1559 541 1827 597 miraculis
1852 554 1972 610 quae
2003 538 2053 592 in
2097 537 2176 592 ci-

607 636 770 694 vitate
792 679 810 706 ,
840 638 932 693 sed
961 637 1118 694 etiam
1147 636 1307 690 exiis
1336 650 1456 704 qua:
1476 645 1629 690 estra
1651 633 1915 688 civitatem
1943 629 2170 694 iecerat,

610 736 723 800 ejus
749 730 939 784 civium
983 727 1382 798 lmmorigerum
1429 726 1664 780 animum
1713 722 1996 777 emolliret.
2043 719 2172 775 Nam

615 820 746 888 quod
778 828 935 875 tanta:
971 819 1136 874 turba:
1159 820 1212 872 in
1241 819 1506 874 civitatem
1525 815 1667 869 illam
1686 813 2171 868 adventarentcum

611 919 752 965 tanto
777 911 1021 977 fervore,
1051 927 1210 980 quem
1254 909 1478 980 lapidem
1522 923 1630 962 non
1677 905 2064 961 emollivisset‘l
2107 906 2173 959 At

607 1003 678 1056 illi
708 1002 838 1056 nihil
866 1001 1162 1071 huiusmodi
1202 1000 1341 1069 passi
1388 1008 1550 1063 sunt;
1601 997 1694 1053 sed
1744 997 1919 1052 cibum
1968 996 2172 1051 solum-

605 1091 765 1146 modo
790 1106 1103 1159 corporeum
1127 1089 1438 1158 cupiebant;
1469 1087 1694 1156 ideoque
1729 1103 1758 1141 a
1805 1087 1931 1142 Jesu
1977 1101 2166 1155 repre-

605 1180 922 1236 henduntur.
941 1180 1065 1234 Hice
1084 1195 1203 1234 cum
1225 1180 1474 1243 sciamus,
1503 1178 1702 1243 dilecti,
1734 1178 1929 1248 gratias
1953 1190 2170 1247 agamus

607 1271 714 1324 Deo
736 1310 750 1332 ,
801 1285 905 1323 non
955 1268 1112 1323 modo
1150 1283 1246 1338 pro
1283 1268 1656 1332 sensibilibus,
1688 1267 1782 1322 sed
1813 1267 1977 1320 multo
2003 1266 2170 1335 magis

606 1373 699 1428 pro
749 1358 1108 1427 spiritualibus
1154 1358 1327 1413 donis.
1376 1356 1462 1412 Sic
1512 1357 1655 1412 enim
1705 1365 1763 1411 et
1815 1355 1902 1411 ille
1943 1355 2170 1417 vult,et

604 1457 818 1518 propter
847 1447 959 1502 htnc
989 1449 1073 1502 illa
1109 1463 1316 1517 quoque
1345 1448 1433 1501 dat
1455 1489 1468 1510 ,
1495 1447 1933 1514 sensibilihusque
1975 1446 2165 1513 imper-

603 1536 850 1592 fectiores
869 1539 1030 1592 allicit
1055 1551 1108 1592 et
1139 1549 1453 1608 prtentonet,
1490 1547 1668 1607 utpote
1689 1538 1776 1607 qui
1809 1535 1963 1604 hujus
1985 1535 2165 1589 mundi

600 1630 757 1684 rebus
781 1628 949 1682 adhuc
978 1630 1198 1684 inhient.
1225 1628 1418 1682 Verum
1441 1630 1491 1703 si
1509 1628 1590 1683 bis
1613 1629 1863 1697 acceptis,
1898 1628 1948 1681 in
1978 1627 2164 1681 iisdem

601 1735 633 1788 p
669 1730 972 1794 rsevcrcnt,
1025 1718 1482 1789 reprehenduntur
1523 1729 1578 1774 et
1617 1719 1980 1787 increpantur.
2029 1717 2163 1772 Nam

599 1811 882 1881 paralytico
912 1813 1035 1866 illud
1068 1813 1289 1879 primum
1322 1813 1449 1866 dare
1492 1812 1690 1875 voluit;
1741 1811 1834 1866 sed
1883 1813 1970 1881 qui
2023 1826 2162 1880 prte-

592 1913 771 1956 scutes
795 1911 966 1968 erant,
1000 1903 1047 1957 id
1072 1919 1175 1956 non
1209 1904 1556 1972 patiebantur.
1583 1901 1716 1957 Cum
1747 1902 1889 1956 enim
1918 1901 2160 1968 dixisset,

595 1991 916 2046 Rcutittuuttu
976 1993 1063 2046 tibi
1108 2005 1342 2064 peccata,
1395 1994 1683 2049 dicebant:
1718 1993 1816 2046 llic
1851 1993 2161 2063 blaspltemat

590 2083 814 2153 (.llattlt.
843 2087 899 2142 9.
926 2085 978 2139 2.
1015 2087 1046 2140 δ
1069 2087 1110 2146 ).

663 2177 904 2244 Ωαιτηαυι
933 2195 964 2230 a
997 2177 1098 2231 Deo
1128 2181 1338 2247 petenda
1367 2181 1481 2234 siut.
1501 2209 1573 2221 -—
1600 2179 1706 2244 Ne,
1740 2196 1919 2250 quaeso
1940 2223 1954 2242 ,
1987 2181 2158 2236 simile

588 2268 857 2338 quidpiam
910 2271 1208 2338 patiantur;
1258 2271 1608 2339 spiritualium
1660 2273 1812 2326 nobis
1867 2274 2039 2341 potior
2089 2275 2158 2327 sit

587 2362 744 2416 ratio.
770 2361 983 2428 Quare?
1012 2361 1140 2429 Quia
1170 2363 1212 2416 si
1244 2362 1533 2431 spiritualia
1563 2364 1772 2431 adsint,
1803 2364 1931 2417 nihil
1975 2363 2152 2418 damni

587 2471 654 2511 ex
679 2455 1027 2525 corporalium
1057 2457 1344 2524 privatione
1371 2466 1659 2525 sequetur;
1689 2457 1732 2510 si
1784 2456 1986 2521 absint,
2037 2473 2154 2526 qua:

535 2580 548 2600 .
591 2544 746 2599 nobis
771 2545 872 2599 erit
901 2545 1068 2613 spes?
1093 2561 1210 2613 qua:
1237 2544 1570 2598 consolatio?
1598 2546 1931 2615 Quapropter
1959 2561 2052 2615 pro
2075 2547 2156 2601 his

587 2650 800 2703 semper
825 2635 984 2690 Deum
1015 2650 1199 2704 rogare
1224 2643 1467 2704 Oportet,
1491 2645 1543 2690 et
1568 2635 1677 2690 haec
1702 2637 1989 2707 postulare.
2034 2638 2157 2692 Il:t-c

588 2727 812 2796 petenda
843 2742 961 2781 esse
987 2727 1225 2782 Christus
1246 2727 1445 2782 docuit.
1485 2728 1550 2782 Et
1589 2728 1634 2782 si
1673 2729 1818 2782 illam
1857 2731 2152 2785 orationem

585 2819 942 2880 excutiamus,
997 2817 1127 2871 nihil
1171 2819 1222 2872 in
1263 2819 1346 2872 illa
1389 2820 1604 2873 carnale
1649 2821 2010 2889 reperiemus,
2057 2821 2150 2874 sed

582 2909 759 2962 omnia
788 2909 1100 2978 spiritualia.
1132 2910 1261 2963 Illud
1296 2923 1452 2978 porro
1479 2910 1741 2964 modicum
1769 2911 1962 2964 sensile
2009 2911 2150 2980 quod

583 2999 654 3052 ibi
684 2999 909 3070 petitur,
945 3015 1010 3054 ex
1038 3000 1196 3055 modo
1226 3002 1502 3070 spirituale
1547 3000 1792 3065 efﬁcitur.
1840 3001 1970 3055 Nam
2020 3003 2151 3057 nihil

583 3091 808 3160 amplius
878 3102 1058 3160 petere
1124 3108 1281 3161 quam
1352 3108 1538 3160 panem
1591 3093 2150 3161 supersubstantialem

584 3183 816 3254 (Matth.
855 3184 906 3237 6.
943 3182 1083 3253 ll),
1117 3182 1216 3237 hoc
1263 3194 1380 3248 est,
1419 3182 1814 3253 quotidianum,
1865 3185 2152 3254 spiritualis

1278 432 1334 488 S.
1372 428 1646 487 NANNIS
1684 423 2154 484 CHRYSOSTOMI
2195 425 2509 483 ARCIIIEP.
2547 424 3077 488 CONSTANTINOP.

3760 437 3867 493 εις

2284 547 2338 591 et
2377 538 2723 609 philosophici
2767 542 2928 611 animi
2985 542 3165 599 fuerit.
3214 542 3345 611 Qua:
3388 559 3515 600 vero
3555 550 3865 617 praecedunt

2282 630 2560 684 considera
2591 649 2605 684 :
2639 630 2995 701 Sancti/icetur
3036 649 3217 690 nomen
3272 646 3454 700 tuum;
3506 640 3742 695 adveniat
3779 660 3864 695 re.

2277 737 2436 791 gnum
2463 731 2640 789 tuum;
2668 724 2758 793 ﬁat
2787 726 3016 782 voluntas
3056 741 3144 783 tua
3167 773 3183 797 ,
3235 732 3363 786 sicut
3403 735 3458 787 in
3503 737 3626 790 caelo
3651 778 3672 803 τ
3713 748 3762 791 et
3811 740 3862 793 in

2281 820 2412 864 terra
2450 810 2596 884 (Luc.
2624 814 2711 868 tt.
2735 816 2789 871 δ.
2820 814 3007 872 Matth.
3038 818 3090 875 α
3120 819 3172 876 9.
3206 821 3320 892 10).
3355 823 3553 880 Deinde
3577 836 3859 897 postquam

2279 899 2408 955 illud
2437 903 2686 959 sensibile
2713 908 2924 974 posuit,
2954 909 3057 966 hoc
3082 914 3351 980 prazteritn
3377 917 3556 971 statim
3586 919 3652 972 ad
3697 920 3862 988 spiri-

2280 993 2473 1048 tualem
2500 995 2795 1052 doctrinam
2825 1000 2962 1055 redit
2992 1019 3006 1054 :
3047 1001 3258 1060 Dimitte
3284 1007 3426 1062 nobis
3455 1009 3621 1064 debita
3647 1021 3823 1066 nostra
3842 1055 3857 1072 .

2275 1084 2403 1138 sicut
2432 1095 2476 1138 et
2505 1103 2594 1140 nos
2624 1087 2920 1146 dimittimus
2945 1093 3249 1152 debitoribus
3285 1101 3470 1154 nostris
3522 1102 3540 1174 (
3565 1101 3761 1158 Matth.
3800 1105 3856 1160 6.

2278 1175 2408 1241 12).
2438 1174 2551 1231 Non
2581 1179 2930 1250 principatum
2956 1228 2970 1251 ,
3000 1203 3105 1241 non
3135 1188 3348 1246 divitias
3371 1233 3391 1259 ,
3433 1208 3538 1248 non
3585 1195 3812 1266 gloriam
3833 1237 3850 1262 ,

2275 1277 2380 1318 non
2411 1269 2699 1335 potentiam
2725 1313 2740 1337 ,
2772 1274 2868 1328 sed
2899 1278 3075 1332 omnia
3107 1295 3226 1349 qua:
3254 1282 3320 1336 ad
3349 1284 3630 1340 utilitatem
3660 1289 3857 1344 animae

2273 1357 2618 1414 conferebant
2641 1403 2654 1424 ,
2688 1362 2737 1416 in
2765 1366 3006 1421 oratione
3035 1370 3211 1437 posuit
3240 1388 3255 1424 :
3285 1372 3415 1427 nihil
3439 1383 3736 1444 terrenum,
3757 1379 3855 1435 sed

2271 1449 2450 1503 omnia
2479 1451 2732 1507 etclestia.
2761 1454 2813 1510 Si
2840 1471 2968 1525 ergo
2987 1459 3238 1528 jubemur
3263 1464 3532 1523 abstinere
3559 1483 3586 1523 a
3620 1487 3856 1539 prasen-

2273 1538 2411 1594 tibus
2441 1541 2594 1610 hujus
2624 1546 2745 1600 vita:
2767 1549 2958 1616 rebus,
2987 1568 3146 1622 quam
3175 1557 3354 1612 miseri
3385 1559 3586 1615 erimus
3607 1538 3630 1628 ,ί
3668 1578 3712 1616 st
3760 1564 3852 1620 illa

2271 1640 2514 1700 petamus
2533 1650 2561 1688 a
2587 1635 2714 1704 Deo,
2747 1655 2865 1709 quin
2886 1643 2929 1696 si
2957 1642 3268 1714 habeamus,
3304 1649 3393 1705 ille
3414 1651 3849 1723 jussitabjicerc,

2270 1736 2326 1778 ut
2357 1742 2452 1782 nos
2479 1743 2507 1782 a
2536 1732 2679 1787 curis
2708 1736 2934 1803 eximat;
2977 1748 3030 1793 et
3067 1741 3110 1794 si
3145 1757 3263 1811 qua:
3304 1744 3392 1799 ille
3436 1755 3617 1815 petere
3651 1747 3847 1817 jussit,

2270 1818 2416 1873 nullo
2440 1821 2596 1876 modo
2625 1839 2894 1894 curemus,
2924 1831 3030 1886 imo
3051 1849 3118 1887 ne
3138 1835 3412 1904 cupiamus
3437 1839 3651 1907 quidem
3674 1841 3846 1896 ?llltnl

2267 1919 2412 1966 certe
2437 1924 2517 1968 est
2533 1918 2799 1984 superﬂue
2816 1920 2979 1992 loqui.
3000 1925 3335 1997 Quapropter
3349 1930 3551 1986 orando
3574 1932 3701 1986 nihil
3727 1949 3848 2004 per-

2267 2002 2492 2058 licimus.
2517 2006 2795 2074 Quomodo
2823 2028 2970 2083 ergo,
3003 2017 3210 2088 inquies
3235 2061 3248 2085 ,
3283 2020 3507 2091 improbi
3536 2002 3848 2079 ditescant?

2266 2095 2534 2160 quomodo
2557 2099 2756 2169 iniqui,
2787 2105 3039 2172 scelesti,
3078 2120 3354 2178 raptores,
3398 2123 3523 2168 sunt
3561 2117 3847 2184 opulenti?

2263 2181 2376 2275 I-Von
2425 2185 2531 2240 Deo
2558 2189 2829 2256 prtebente
2853 2236 2867 2259 ,
2897 2197 3053 2251 absit.
3083 2199 3148 2252 Et
3169 2215 3264 2254 cur
3290 2203 3339 2256 id
3375 2204 3514 2258 Deus
3542 2181 3846 2275 permittit!

2263 2270 2508 2329 Permisit
2533 2289 2588 2332 et
2613 2279 2788 2347 diviti,
2825 2286 2964 2340 utad
2995 2289 3163 2358 majus
3186 2291 3331 2347 illum
3362 2270 3664 2352 reservaret
3709 2315 3844 2370 sup.

2263 2363 2496 2430 pliciutn.
2524 2369 2660 2424 Audi
2688 2374 2811 2442 quid
2841 2375 3050 2432 dicatur
3097 2381 3169 2434 illi
3204 2399 3218 2435 :
3249 2381 3388 2450 Fili,
3430 2389 3668 2456 accepisti
3712 2363 3844 2443 bona

2262 2463 2377 2516 tua,
2406 2466 2450 2510 et
2480 2457 2707 2514 Lazarus
2743 2466 2878 2519 mula
2905 2483 2923 2518 :
2951 2485 3084 2522 nunc
3111 2484 3280 2526 autem
3309 2475 3389 2528 hic
3413 2479 3706 2533 consolatur
3728 2521 3742 2543 ,
3786 2491 3842 2533 tu

2261 2561 2375 2599 vero
2406 2551 2645 2605 cruciaris
2678 2553 2840 2623 (Luc.
2868 2557 2953 2612 lG.
2980 2559 3050 2614 ‘35
3072 2559 3112 2629 ).
3147 2561 3222 2618 Nc
3249 2573 3424 2620 autem
3468 2576 3521 2621 ct
3563 2583 3661 2622 nos
3703 2569 3843 2625 hanc

2264 2632 2446 2692 v'ncetu
2472 2639 2781 2709 audiamus,
2815 2648 2901 2715 qui
2935 2648 2985 2702 iu
3031 2649 3234 2707 deliciis
3278 2655 3471 2712 frustra
3513 2659 3742 2715 vivimus
3786 2670 3843 2716 ct

2263 2737 2472 2794 peccata
2505 2734 2736 2798 peccatis
2762 2737 3009 2794 addimus
3029 2783 3043 2806 ,
3077 2759 3229 2799 veras
3254 2746 3465 2803 divitias
3487 2790 3504 2816 ,
3533 2762 3839 2807 accuratam

2260 2817 2647 2888 philosotiltiam
2677 2834 2984 2894 sectemur,
3035 2844 3088 2886 ttt
3140 2838 3398 2902 promissa
3446 2855 3843 2912 consequamur

2261 2907 2431 2975 bona;
2463 2929 2688 2982 quorum
2721 2918 2917 2972 utinam
2946 2937 3222 2980 consortes
3249 2928 3437 2994 simus,
3468 2932 3635 3002 gratia
3662 2943 3718 2989 et
3748 2935 3844 2990 bc-

2261 3004 2515 3073 niguitate
2552 3008 2754 3064 Domini
2789 3018 2954 3070 nostri
2985 3016 3111 3071 Jesu
3141 3020 3336 3076 Christi
3365 3063 3379 3087 ,
3433 3039 3528 3093 per
3573 3041 3731 3097 quem
3785 3040 3841 3085 et

2259 3107 2378 3147 cum
2403 3113 2507 3164 quo
2536 3097 2675 3153 Patri
2703 3102 2868 3171 gloria
2899 3147 2913 3171 ,
2947 3123 3156 3178 unaque
3181 3123 3368 3168 sancto
3394 3114 3648 3186 Spiritui,
3697 3114 3841 3178 nunc

2258 3193 2312 3238 et
2340 3200 2553 3256 semper
2577 3231 2592 3256 ,
2622 3202 2674 3244 et
2701 3193 2750 3246 in
2781 3197 2972 3250 stecula
3002 3202 3342 3258 saeculorum.
3367 3211 3560 3262 Amen.

1930 3393 2274 3454 HOMILIA
2319 3392 2539 3458 XLIV.

581 3530 710 3589 Car.
751 3533 805 3589 6.
846 3551 896 3589 v.
926 3535 1015 3590 26.
1049 3534 1327 3606 Respondit
1370 3534 1441 3587 eis
1463 3535 1634 3599 Jesus,
1672 3545 1721 3590 et
1758 3536 1884 3589 dixit
1909 3553 1928 3589 :
1954 3535 2106 3588 Amen
2133 3576 2147 3600 ,

650 3639 793 3677 amen
815 3623 926 3677 dico
946 3624 1102 3689 vobis,
1123 3625 1344 3695 quwritis
1365 3640 1462 3690 me,
1486 3641 1584 3678 nou
1611 3627 1732 3694 quia
1758 3626 1954 3679 uidistis
1983 3626 2150 3694 signa,

651 3717 739 3769 sed
767 3717 882 3785 quia
912 3716 1250 3769 mauducastis
1295 3732 1356 3768 ex
1393 3717 1603 3784 panibus
1623 3759 1636 3781 ,
1683 3726 1731 3770 et
1777 3717 1989 3770 satttrati
2015 3717 2150 3771 estis.

649 3812 740 3865 27.
776 3810 1066 3879 Operemini
1106 3827 1205 3863 non
1235 3809 1400 3862 cibum
1425 3811 1507 3879 qui
1530 3812 1692 3880 perit,
1720 3813 1813 3865 sed
1835 3811 1922 3881 qui
1950 3828 2148 3881 permu-

651 3913 732 3956 uet
759 3903 812 3956 in
840 3903 991 3956 vitam
1020 3910 1275 3954 teteruam.

655 3995 704 4049 l.
732 3993 1020 4047 Clementia
1049 4000 1104 4046 ct
1143 3992 1333 4046 lenitas
1377 4009 1478 4047 nou
1518 3993 1710 4064 ubique
1740 3994 1884 4049 utilis
1912 3995 2148 4061 est,scd

583 4085 848 4142 interdum
878 4083 1129 4153 magister
1158 4084 1363 4140 acriore
1391 4101 1524 4154 opus
1547 4086 1704 4142 habet
1723 4103 1993 4144 sermone.
2018 4089 2147 4143 Nam

581 4193 700 4231 cum
750 4176 968 4246 ignavus
1019 4175 1350 4246 crassiorque
1392 4188 1474 4232 est
1511 4178 1835 4248 discipulus,
1896 4182 2147 4238 utendum

580 4267 815 4329 stuuulo,
845 4267 931 4335 qui
963 4275 1157 4320 tantam
1187 4266 1441 4337 ignaviam
1487 4279 1703 4339 pungat.
1735 4270 1788 4324 Id
1818 4271 1900 4327 hic
1927 4282 1981 4327 et
2025 4275 2149 4328 alihi

580 4373 723 4426 stupe
757 4356 876 4411 fecit
920 4357 1082 4410 Filius
1134 4357 1245 4410 Dei.
1291 4359 1680 4414 Accedentibus
1707 4363 1846 4416 enim
1875 4365 1942 4416 ad
1967 4363 2148 4418 Jesutn

582 4450 750 4503 tut-his
772 4489 785 4511 ,
833 4447 1165 4502 adulantibus
1191 4491 1204 4514 ,
1242 4449 1644 4521 dicentibusque
1678 4469 1691 4506 :
1727 4454 1888 4507 Rabbi
1907 4495 1921 4522 ,
1951 4458 2151 4525 quando

581 4542 678 4593 huc
707 4539 922 4593 venisti?
952 4546 1007 4593 ut
1033 4541 1277 4595 ostendat
1315 4555 1374 4596 se
1405 4541 1637 4598 honores
1674 4554 2014 4601 contemnere
2044 4548 2144 4602 ho-

580 4633 782 4687 miuum
807 4672 821 4694 ,
850 4639 904 4685 et
947 4645 1129 4685 eorum
1177 4641 1377 4686 tantum
1410 4633 1636 4688 salutem
1679 4648 1919 4706 spectare
1941 4681 1956 4704 ,
1987 4654 2146 4710 aspe-

578 4723 688 4776 rius
720 4720 1036 4788 respondet,
1069 4736 1172 4775 non
1199 4730 1255 4776 ut
1280 4724 1510 4792 corrigat
1532 4725 1722 4789 modo;
1759 4727 1852 4782 sed
1882 4737 1938 4782 ut
1963 4744 2147 4783 eorum

581 4819 814 4864 mentem
837 4810 1034 4864 revelet
1065 4820 1117 4864 et
1143 4811 1194 4865 in
1223 4813 1452 4867 medium
1476 4813 1688 4869 referat.
1715 4815 1851 4881 Quid
1879 4833 2020 4873 enim
2043 4819 2150 4874 ait?

581 4901 736 4952 Amen
758 4941 771 4963 ,
803 4915 946 4954 amen
969 4900 1081 4957 dico
1107 4901 1262 4966 vobis,
1295 4902 1594 4959 deﬁnientis
1619 4914 1673 4961 et
1698 4907 2007 4965 allirmantis
2032 4926 2150 4966 mo-

580 5005 658 5050 re.
687 4992 907 5061 quieritis
928 5008 1004 5045 me
1023 5033 1035 5054 ,
1065 5009 1164 5047 non
1186 4994 1304 5063 quia
1330 4995 1523 5051 vidistis
1562 4997 1727 5069 signa,
1757 5000 1845 5053 sed
1869 5002 1989 5071 quia
2015 5018 2152 5056 com-

580 5082 750 5135 edistis
793 5083 854 5134 de
892 5083 1138 5152 panibus,
1180 5093 1227 5138 et
1276 5089 1486 5140 saturati
1529 5090 1665 5142 estis.
1714 5089 1829 5145 Non
1889 5090 1960 5147 ita
1993 5095 2154 5151 vehe-

584 5180 819 5237 menter,
852 5172 944 5227 sed
983 5188 1104 5228 cum
1151 5173 1477 5246 indulgentia
1506 5180 1632 5249 agit.
1665 5180 1777 5235 Non
1807 5183 1950 5237 enim
1976 5184 2150 5239 dixit:

581 5261 626 5316 Ο
656 5261 900 5316 lurcones
923 5304 938 5325 ,
970 5280 1002 5318 ο
1031 5267 1286 5321 voraces!
1329 5275 1406 5322 tot
1449 5269 1698 5325 miracula
1727 5273 1905 5338 edidi,
1938 5290 2036 5331 nec
2064 5290 2153 5331 se-

581 5355 729 5426 quuti
761 5370 846 5410 me
871 5397 886 5421 ,
919 5371 1016 5411 nec
1054 5359 1287 5430 prodigia
1314 5361 1558 5417 admirati
1603 5365 1761 5430 estis;
1790 5366 1882 5422 sed
1909 5368 2153 5425 modera-

583 5445 687 5499 tius
715 5454 769 5499 ct
811 5445 1156 5511 clementius,
1213 5450 1447 5517 Quaeritis
1495 5471 1611 5522 me,
1657 5473 1756 5511 non
1793 5459 1914 5527 quia
1960 5461 2152 5517 uidistis

585 5536 751 5604 signa,
778 5537 865 5589 sed
888 5537 1006 5605 quia
1034 5540 1318 5595 comedistis
1341 5543 1403 5595 de
1430 5545 1661 5612 panibus,
1690 5557 1736 5601 et
1763 5551 1977 5604 saturati
1997 5553 2113 5607 estis
2131 5593 2146 5618 ,

587 5642 689 5678 Ittm
719 5625 783 5680 de
815 5629 1092 5696 prmteritis
1117 5630 1310 5699 solum,
1336 5634 1429 5688 sed
1452 5636 1611 5690 etiam
1637 5637 1704 5692 de
1727 5642 1972 5709 praesenti
2001 5642 2152 5713 signo

588 5716 843 5786 loquens;
873 5733 934 5774 ac
961 5721 1006 5775 si
1032 5720 1232 5778 diceret
1263 5741 1275 5776 :
1307 5722 1422 5780 Non
1445 5741 1539 5782 vos
1563 5729 1876 5785 miraculum
1904 5733 2151 5803 perculit,

592 5807 684 5862 sed
713 5808 834 5880 quia
858 5813 1077 5869 saturati
1123 5815 1252 5872 estis
1275 5856 1290 5884 ,
1317 5820 1587 5876 acceditis.
1621 5821 1772 5890 Quod
1819 5835 1994 5883 autem
2024 5826 2152 5885 illud

2260 3553 2363 3633 non
2394 3555 2487 3609 per
2513 3543 2872 3613 conjecturam
2904 3553 3124 3624 diceret,
3148 3565 3324 3619 statim
3358 3567 3432 3622 illi
3461 3573 3838 3633 ostenderunt.

2258 3628 2389 3727 l‘lam
2431 3633 2552 3690 ideo
2580 3654 2787 3698 rursum
2815 3659 3155 3706 accesserunt
3175 3696 3191 3720 ,
3236 3666 3293 3710 ut
3318 3660 3505 3716 eodem
3537 3664 3842 3727 fruerentur

2259 3719 2416 3776 buuu.
2453 3725 2574 3780 Ideo
2599 3744 2826 3803 namque
2860 3736 3108 3794 dicebant
3147 3719 3378 3802 {Patres
3417 3756 3576 3807 nostri
3609 3762 3842 3814 comeda-

2257 3823 2372 3866 rnut
2397 3821 2650 3874 mammia
2677 3823 2872 3880 deserto
2904 3828 3078 3896 (Joau.
3111 3833 3164 3888 6.
3188 3836 3298 3907 51).
3335 3839 3540 3898 Rursus
3569 3850 3838 3905 carnalem

2255 3905 2429 3960 cihutn
2461 3923 2733 3980 expetunt,
2768 3934 2878 3973 rem
2913 3935 3041 3978 sane
3091 3929 3254 3983 multa
3299 3935 3720 4003 reprehensione
3749 3944 3840 3999 di-

2255 4011 2432 4064 gnam.
2457 4000 2649 4058 Vertun
2674 4008 2762 4062 ille
2783 4026 2887 4065 non
2917 4014 2968 4068 in
2992 4018 3410 4086 reprehensione
3431 4029 3568 4084 sistit
3587 4035 3836 4103 gradum,

2256 4088 2348 4142 sed
2379 4089 2674 4150 doctrinam
2703 4098 2885 4168 adjicit
2929 4104 3014 4160 his
3058 4109 3234 4166 verbis
3265 4127 3278 4161 :
3317 4088 3619 4185 Operemini
3635 4141 3739 4180 non
3766 4088 3843 4182 ei:-

2257 4180 2371 4234 buut
2420 4185 2507 4249 qui
2556 4188 2702 4254 perit,
2731 4192 2820 4243 sed
2853 4195 2940 4261 qui
2976 4213 3232 4265 permanet
3267 4204 3319 4256 iu
3363 4208 3514 4262 vitam
3557 4223 3798 4271 teternam
3822 4262 3837 4282 ,

2255 4287 2404 4377 quem
2427 4273 2596 4330 Filius
2621 4279 2837 4334 hominis
2859 4285 2944 4337 dat
2964 4289 3118 4342 vobis.
3152 4289 3302 4347 llum:
3328 4298 3459 4351 enim
3490 4299 3644 4356 Pater
3665 4273 3840 4377 signa:

2257 4363 2324 4413 vit
2353 4361 2609 4461 Deus.__ld
2639 4378 2721 4422 est
2745 4410 2759 4432 ,
2804 4371 2881 4427 Ne
2913 4375 3070 4430 talem
3114 4382 3290 4437 cibum
3318 4427 3333 4451 ,
3378 4389 3471 4443 sed
3503 4361 3837 4461 spirituuiiem

2257 4454 2472 4507 curetis.
2521 4456 2712 4511 Verum
2742 4464 2861 4532 quia
2910 4470 3182 4535 nonnulli,
3214 4486 3272 4528 ut
3301 4478 3469 4535 otiose
3494 4454 3704 4552 vivant,
3735 4489 3840 4546 hoc

2255 4557 2502 4601 sermone
2518 4549 2823 4620 abutuntur,
2846 4572 2908 4611 ac
2935 4559 2981 4613 si
3007 4561 3250 4622 Christus
3272 4583 3405 4638 opus
3431 4549 3837 4638 mauuumvsuso

2257 4637 2476 4746 tulerit:
2498 4652 2796 4741 Opportune
2834 4649 2959 4717 ipsis
2997 4637 3416 4729 respondeatur;
3447 4673 3612 4723 tntum
3640 4674 3838 4746 quippe

2255 4725 2716 4787 Christianismum
2756 4738 3179 4810 calumniantur,
3215 4756 3270 4804 et
3298 4750 3350 4806 id
3380 4725 3835 4827 efﬁciunt,‘utr;;

2256 4815 2456 4911 desidia
2503 4823 2822 4880 traducatur.
2869 4830 2973 4886 Sed
3022 4836 3195 4904 primo
3258 4840 3452 4900 Paulus
3515 4815 3834 4911 audiendus:

2256 4906 2392 4974 Quid
2423 4911 2513 4966 ille
2560 4915 2672 4969 ait?
2719 4918 3077 4980 Recordamini
3111 4927 3316 4986 Domini
3342 4935 3572 5008 dicentis,

2257 5009 2325 5054 est
2379 5003 2502 5059 dare
2537 5024 2687 5075 quam
2729 5014 2958 5083 accipere
2986 5018 3139 5090 (Act.
3181 5023 3270 5080 20.
3302 5028 3433 5100 35).
3494 5003 3652 5107 Atqui
3694 5041 3838 5098 unde

2256 5094 2346 5150 det
2371 5099 2462 5167 qui
2495 5101 2623 5154 nihil
2659 5104 2855 5161 habet?
2879 5108 3159 5177 Quomodo
3187 5133 3316 5190 ergo
3343 5094 3560 5182 Martha:
3580 5094 3718 5186 dicit
3745 5094 3839 5190 le:

2255 5203 2347 5244 sus
2371 5207 2385 5244 :
2412 5191 2647 5247 Sollicita
2675 5213 2726 5250 es
2751 5208 2799 5252 et
2820 5205 3036 5258 turbaris
3057 5222 3174 5277 erga
3203 5211 3424 5278 plurima
3454 5232 3473 5270 :
3500 5236 3653 5289 porro
3679 5240 3837 5281 unum

2257 5291 2328 5335 est
2348 5287 2712 5352 necessarium;
2735 5288 2904 5346 Maria
2921 5296 3164 5364 optimam
3186 5312 3376 5366 portent
3397 5287 3545 5378 elegit
3567 5311 3717 5380 (Luc.
3749 5317 3836 5372 l0.

2257 5373 2346 5426 41.
2378 5374 2526 5446 42)?
2553 5385 2606 5431 et
2649 5395 2832 5436 rursus
2854 5424 2868 5448 ,
2917 5383 3093 5442 Nolite
3136 5391 3342 5446 solliciti
3385 5373 3493 5450 esse
3530 5373 3592 5454 de
3617 5407 3840 5461 crastino

2258 5463 2278 5536 (
2307 5464 2490 5522 Matth.
2527 5468 2580 5525 6.
2607 5471 2735 5545 54)?
2760 5473 2951 5545 Opera:
2981 5482 3204 5548 pretium
3233 5483 3394 5541 fuerit
3420 5490 3486 5544 ad
3516 5491 3629 5548 lucc
3658 5500 3839 5552 omnia

2258 5560 2601 5652 respondere,
2633 5580 2736 5620 non
2762 5568 2922 5624 modo
2949 5582 3004 5627 ut
3031 5576 3210 5645 pigros
3238 5581 3554 5652 excitemus,
3585 5588 3632 5642 si
3659 5596 3837 5646 tamen

2258 5648 2454 5715 velint;
2478 5654 2571 5708 sed
2597 5657 2756 5711 etiam
2785 5675 2852 5715 ne
2879 5661 3152 5734 Scriptura
3180 5667 3365 5726 divina
3391 5648 3574 5730 secum
3601 5691 3841 5750 pugnare

2259 5737 2520 5797 videatur.
2551 5743 2763 5803 Etenim
2791 5750 2916 5808 alibi
2941 5753 3015 5809 ait
3037 5760 3307 5826 apostolus
3333 5777 3348 5814 :
3379 5737 3641 5834 Rogamus
3668 5737 3840 5826 autem

2260 5848 2345 5890 eos
2376 5845 2431 5890 ut
2454 5839 2753 5912 abundetis,
2777 5853 2822 5900 et
2843 5860 3048 5917 operam
3076 5849 3203 5908 detis
3243 5861 3295 5909 ut
3317 5855 3472 5927 quieti
3506 5857 3647 5926 sitis,
3679 5871 3730 5916 et
3754 5878 3844 5919 κε-
