4084 6486
52 0 519 269 [δνκιᾲρι-..ὴή-
546 12 725 21 ,η---ι

216 466 316 522 247

212 584 324 644 οῖας
374 579 473 634 καὶ
508 581 796 651 πρότερον.
828 579 1101 647 Διέϐησαν
1133 579 1231 650 μὲν
1271 580 1367 635 οὖν
1414 582 1515 651 τὴν
1559 581 1798 654 ἐρυθράν

211 666 490 719 θάλασσαν
513 666 613 719 καὶ
656 664 918 727 Ἰουδαῖοι,
959 663 1239 727 Μωῦσέως
1281 664 1610 735 ἡγουμένου,
1660 663 1804 718 ἀλλὰ.

212 748 340 800 πολὺ
386 748 449 801 τὸ
505 747 672 817 μέσον
701 745 954 800 ἐνταῦθα.
990 746 1050 799 '0
1099 746 1198 817 μὲν
1229 746 1338 819 γὰρ
1374 747 1669 818 εὐχόμενος
1706 747 1800 801 καὶ

208 831 281 894 ὡς
337 830 527 894 δοῦλος
563 830 745 884 πάντα
778 829 1062 901 εἰργάζετο
1087 845 1103 860 θ
1150 821 1307 895 οὗτος
1348 830 1427 896 δὲ,
1481 829 1622 900 μετὰ
1650 830 1801 898 ἐξου-

211 917 328 977 σίας
365 918 612 987 ἀπάσης.
649 918 827 971 Κάκεῖ
863 916 985 988 μὲν,
1022 918 1177 970 νότου
1213 918 1338 971 τότε
1376 917 1655 983 πνέοντος,
1689 914 1800 984 εῐξε

207 1000 265 1053 τὺ
291 999 461 1072 ὕδωρ,
482 1001 624 1055 ὥστε
645 1001 737 1055 ἐπὶ
765 1000 939 1072 ξηρᾶς
958 1002 1183 1072 ποιῆσαι
1206 1001 1497 1073 παρελθεῖν
1519 1018 1535 1032 ⁸
1563 1000 1799 1055 ἐνταῦθα

206 1084 343 1138 δὲτὸ
385 1085 576 1157 θαῦμα
604 1086 789 1157 μεῖζον
828 1084 1060 1153 ἐγίνετο.
1114 1084 1371 1140 Μένουσα
1419 1085 1530 1157 γὰρ
1574 1085 1668 1139 ἐπί
1699 1086 1802 1157 τῆς

207 1169 419 1233 οἰκείας
441 1171 661 1241 φύσεως
690 1170 724 1240 η
764 1167 1033 1236 θάλασσα,
1054 1168 1229 1233 οὕτως
1260 1168 1426 1242 ἔφερε
1475 1169 1569 1223 τὸν
1599 1168 1801 1222 Δεσπό-

205 1268 305 1323 την
333 1253 431 1307 ἐπὶ
463 1251 573 1307 τῶν
602 1249 812 1318 νώτων,
841 1250 1198 1324 μαρτυροῦσα
1230 1252 1414 1324 ἐκείνῃ
1448 1253 1514 1324 τῇ
1548 1253 1705 1322 ρήσει
1727 1252 1797 1323 τῇ

204 1336 445 1409 λεγούσῃ
466 1354 482 1369 ·
549 1337 613 1390 '0
645 1334 988 1405 περιπατῶν
1048 1334 1148 1389 ἐπὶ
1210 1334 1533 1403 θαλάσσης
1573 1335 1656 1403 ὡς
1696 1334 1798 1388 ἐπι

203 1418 495 1487 ἐδάφους.
531 1419 771 1483 Εἰκότως
796 1419 855 1473 δέ
885 1416 1097 1489 μέλλων
1117 1419 1199 1483 εἰς
1223 1420 1555 1489 Καπερναοὺ
1564 1436 1603 1489 μ
1624 1417 1800 1489 ἐμϐα-

203 1500 315 1555 λεῖν
336 1503 444 1574 τὴν
473 1501 716 1575 σκληρὰν
747 1503 842 1557 καὶ
866 1500 1090 1572 ἀπειθῆ,
1143 1501 1205 1555 τὸ
1236 1504 1458 1573 σημεῖον
1484 1501 1594 1556 τῶν
1616 1501 1799 1571 ἀρτων

202 1587 539 1658 εἰργάσατοο
570 1587 633 1641 οὐ
679 1587 845 1658 μόνον
877 1590 989 1651 τοῖς
1023 1588 1082 1640 ἐν
1114 1587 1250 1657 αὐτῇ
1284 1585 1611 1658 γινομένοις,
1661 1584 1800 1641 ἀλλὰ

201 1668 297 1723 καὶ
330 1672 449 1733 τοῖς
471 1670 575 1734 ἐξω
598 1669 699 1739 τῆς
728 1669 939 1734 πόλεως
964 1669 1594 1741 θαυματουργουμένοις,
1620 1668 1799 1740 μαλά-

203 1750 289 1816 ξαι
310 1751 644 1824 βουλόμενος
663 1752 770 1807 τῶν
794 1754 852 1807 έν
876 1754 1014 1824 αὐτῇ
1072 1752 1172 1823 τὴν
1208 1751 1516 1807 ἀπείθειαν.
1576 1753 1649 1807 Τὸ
1685 1753 1797 1826 γάρ

200 1835 394 1905 ϐχλους
441 1835 849 1906 παραγενέσθαι
877 1834 1169 1899 τοσούτους
1198 1837 1279 1900 εἰς
1304 1834 1456 1908 [257]
1494 1835 1594 1907 τὴν
1640 1837 1801 1890 πόλιν

199 1920 443 1991 ἐκείνην,
478 1920 681 1993 πολλὴν
712 1920 1060 1992 τεθειμένους
1112 1920 1367 1992 σπουδὴν,
1400 1924 1553 1976 ποῖον
1596 1922 1696 1976 οὐκ
1728 1918 1797 1992 ἦν

202 2005 390 2058 ἱκανὸν
446 2004 686 2077 μαλάξαι
736 2003 923 2071 λίθον;
966 2004 1107 2058 Ἀλλ’
1149 2005 1253 2058 οὐκ
1300 2005 1503 2059 ἐκεῖνοι
1553 2004 1799 2060 τοιοῦτον

199 2088 352 2143 οὐδὲν
376 2087 606 2151 ἔπαθον,
643 2087 780 2142 ἀλλά
810 2086 974 2142 πάλιν
1010 2088 1219 2160 τροφῆς
1258 2087 1569 2159 ἐπεθύμουν
1606 2107 1800 2161 σωμα-

197 2170 359 2242 τικῆς
380 2189 394 2202 ·
422 2170 506 2226 διὸ
534 2172 630 2225 καὶ
659 2171 1012 2237 ὀνειδίζονται
1054 2172 1207 2243 παρὰ
1245 2170 1339 2225 τοῦ
1374 2171 1572 2243 Ἰησοῦ.
1612 2173 1800 2227 Ταῦτα

197 2252 291 2311 οὖν
324 2256 555 2323 εἰδότες,
601 2256 902 2328 ἀγαπητοὶ,
952 2256 1370 2328 εὐχαριστῶμεν
1407 2256 1487 2328 τῷ
1536 2258 1680 2330 Θεῷ,
1704 2259 1800 2313 καὶ

196 2339 307 2394 τῶν
334 2339 619 2411 αἰσθητῶν
678 2340 779 2411 μὲν
834 2340 1042 2407 ἐνεκεν,
1100 2338 1283 2411 πολλῷ
1348 2339 1405 2394 δὲ
1454 2341 1656 2412 μᾶλλον
1688 2341 1800 2396 τῶν

197 2423 617 2495 πνευματικῶν.
643 2422 801 2478 Οὕτω
838 2423 951 2496 γάρ
981 2424 1078 2478 καὶ
1100 2422 1264 2487 αὐτὸς
1295 2422 1568 2495 βούλεται,
1591 2426 1690 2480 καὶ
1710 2424 1801 2479 διά

194 2505 374 2561 ταῦτα
406 2508 507 2562 καὶ
537 2509 722 2563 ἐκεῖνα
753 2507 959 2572 δίδωσι,
986 2508 1116 2571 τοὺς
1165 2506 1555 2579 ἀτελεστέρους
1586 2508 1799 2578 ἐνάγων

192 2588 412 2655 τούτοις
425 2591 524 2645 καὶ
545 2588 949 2663 προπαιδεύων,
974 2589 1164 2663 ἐπειδὴ
1180 2589 1317 2662 πρὸς
1349 2591 1443 2644 τὸν
1478 2590 1687 2661 κόσμον
1716 2590 1799 2646 ἐτι

194 2675 520 2745 κεχήνασιν.
538 2675 676 2729 Ἀλλ’
689 2676 821 2730 δταν
833 2674 974 2728 αὐτὰ
1000 2674 1278 2739 λαϐόντες,
1315 2676 1375 2729 ἐν
1396 2674 1581 2738 αὐτοῖς
1598 2676 1800 2729 ἐναπο-

197 2758 484 2829 μείνωσιν,
516 2757 883 2827 ἐγκαλοῦνται
911 2758 1005 2811 καὶ
1027 2757 1408 2829 ἐπιτιμῶνται.
1429 2757 1585 2811 Ἐπεί
1600 2759 1693 2811 καὶ⁸
1706 2759 1800 2812 ἐπὶ

192 2842 286 2895 τοῦ
308 2841 688 2913 παραλυτικοῦ
718 2840 935 2914 πρῶτον
950 2843 1128 2895 ἐκεῖνο
1155 2840 1407 2895 ἐϐούλετο
1426 2840 1637 2905 δοῦναι,
1671 2842 1771 2895 ἀλλ
1786 2841 1800 2864 ⁹

196 2925 299 2979 οὐκ
324 2926 613 2995 ἠνείχοντο
628 2925 677 2978 οί
698 2924 984 2996 παρόντες.
1004 2924 1265 2987 Εἰπόντος
1284 2922 1413 2995 γὰρ,
1432 2924 1514 2977 ὅτι
1552 2924 1800 2993 Ἀφέων-

192 3007 290 3063 ταί
300 3024 425 3063 σου
458 3009 522 3061 al
563 3008 841 3077 ἁμαρτίαι
864 3044 880 3072 ,
924 3005 1109 3075 ελεγον
1133 3022 1149 3039 ’
1175 3002 1365 3073 Οὗτος
1385 3006 1765 3076 βλασφημεῖ.

262 3090 360 3163 Μὴ
375 3090 466 3164 δὴ,
487 3088 817 3161 παρακαλῶ,
848 3088 1091 3143 τοιοῦτον
1116 3088 1379 3160 πάθωμέν
1406 3106 1458 3141 τι
1479 3091 1660 3160 ἡμεῖς,
1682 3089 1800 3143 ἀλλ’

190 3174 423 3230 ἐκείνων
434 3175 567 3244 ἡμῖν
579 3171 779 3228 πλείων
789 3171 1431 3241 ἔστωλόγος.Διατί;”Οτι
1442 3171 1803 3239 τῶνπνευμα-

190 3256 365 3312 τικῶν
376 3257 684 3330 παρόντων,
705 3254 933 3327 οὐδεμία
953 3256 1063 3309 ἀπὸ
1075 3255 1177 3327 τῆς
1193 3255 1302 3309 τῶν
1322 3254 1601 3328 σαρκικῶν
1631 3256 1803 3310 ἀπου-

194 3340 318 3406 σίας
340 3340 557 3410 γίνεται
587 3339 781 3412 βλάϐη·
812 3338 1037 3394 ἐκείνων
1061 3340 1119 3394 δὲ
1152 3339 1256 3393 οὐκ
1297 3339 1491 3407 ὄντων,
1518 3340 1603 3403 τίς
1643 3339 1799 3394 ἔσται

191 3425 325 3497 ἡμῖν
339 3425 534 3480 λοιπδν
549 3423 705 3488 ἐλπίς
724 3442 739 3491 ;
757 3423 841 3489 τίς
854 3424 912 3478 δέ
932 3422 1256 3496 παραμυθία
1274 3441 1288 3491 ;
1303 3424 1394 3477 Διὸ
1408 3424 1516 3497 χρὴ
1533 3424 1661 3494 περὶ
1673 3424 1799 3478 τούο

188 3523 301 3563 των
317 3509 412 3563 ἀεὶ
422 3508 515 3563 τὸν
528 3509 662 3563 Θεὸν
673 3508 1037 3581 παρακαλεῖν,
1055 3509 1150 3562 καὶ
1164 3508 1341 3563 ταῦτα
1356 3500 1796 3564 αἰτεῖν.Τοιαῦτα

189 3592 303 3665 γάρ
318 3593 423 3647 καὶ
434 3592 706 3665 όΧριστδς
719 3594 753 3663 ἡ
762 3594 869 3664 μᾶς
884 3591 1140 3664 εὐχεσθαι
1157 3592 1416 3660 ἐδίδαξεν.
1430 3593 1548 3647 Κᾶν
1561 3592 1795 3646 ἀναπτύο

192 3676 381 3747 ξωμεν
394 3675 493 3747 τὴν
510 3674 677 3747 εὐχὴν
692 3675 929 3747 ἐκείνην,
942 3675 1095 3729 οὐδὲν
1112 3676 1418 3748 εὑρήσομεν
1433 3678 1490 3729 ἐν
1506 3678 1642 3749 αὐτῇ
1664 3694 1790 3749 σαρ-

1233 464 1298 520 IN
1337 461 1649 521 JOA‘BNEM
1696 461 1929 520 ιῐυκιι..
1974 462 2157 530 XLIV,
2199 469 2272 527 al.
2306 464 2484 527 XLI".

3386 469 3497 518 2'18

1901 582 2074 645 κικὸν,
2096 580 2232 635 ἀλλᾶ
2250 582 2420 637 πάντα
2450 580 2811 650 πνευματικά.
2831 579 2940 633 Καὶ
2957 579 3089 632 αὐτὸ
3112 579 3169 633 δὲ
3200 580 3257 633 τὸ
3280 581 3496 654 μικρὸν,

1898 665 2076 719 ἐκεῖνο
2111 663 2173 717 τὸ
2194 666 2475 736 αἰσθητον,
2516 662 2595 734 τῷ
2623 663 2813 735 τρόπῳ
2858 664 3147 732 γινόμενον
3194 677 3497 735 πνευματι-

1897 749 2013 801 κόν.
2065 746 2141 800 Τὸ
2191 748 2301 817 γὰρ
2350 750 2639 818 παραινεῖν
2676 746 2842 818 μηδὲν
2882 746 3047 812 πλέον
3089 744 3369 815 ἐπιζητεῖν
3398 746 3496 801 τοῦ

1898 831 2068 903 ἄρτου
2118 828 2214 883 τοῦ
2263 828 2570 894 ἐπιουσίου,
2618 830 2887 895 τουτέστι,
2939 828 3038 882 τοῦ
3097 827 3493 899 καθημερινοῦ,

1898 913 2281 985 πνευματικῆς
2315 912 2385 966 ἂν
2415 909 2503 985 είη
2552 914 2648 967 καὶ
2699 913 2993 982 φιλοσόφου
3016 912 3278 975 διανοίας.
3313 913 3357 965 Τ
3361 911 3396 965 ἀ
3440 913 3499 967 δὲ

1898 996 2007 1068 πρὸ
2062 995 2256 1049 τούτου
2311 996 2445 1067 δρα·
2522 996 2886 1066 Ἁγιασθήτω
2953 998 3021 1049 τὸ
3087 995 3277 1065 ὄνομα
3347 1010 3497 1048 σοιν

1896 1078 2118 1134 ἐλθέτω
2152 1080 2191 1148 ἠ
2234 1079 2530 1143 ,ϐασιλεία
2575 1094 2725 1134 σου·
2783 1080 3094 1151 γενηθήτω
3134 1080 3201 1134 τό
3269 1077 3502 1147 θέλημά

1898 1177 2038 1229 σου,
2067 1163 2149 1228 ὡς
2177 1164 2249 1217 ἐν
2273 1163 2535 1231 οὐρανῷ,
2578 1163 2680 1218 καί
2712 1165 2813 1219 ἐπὶ
2848 1164 2960 1233 τῆς
2986 1163 3123 1233 τῆς.
3159 1160 3295 1218 Εἶτα
3324 1162 3501 1218 εἰπὼν

1896 1247 1960 1301 τὺ
2000 1247 2262 1319 αίσθητδν
2318 1249 2518 1316 ἐκεῖνο,
2558 1248 2771 1319 ταχέως
2819 1248 3115 1319 ἀπηλλάγη
3167 1247 3355 1314 αὐτοῦ,
3408 1249 3503 1303 καὶ

1897 1330 2061 1386 πάλιν
2082 1332 2175 1385 επὶ
2202 1331 2301 1404 τὴν
2326 1331 2704 1403 πνευματικὴν
2752 1326 2885 1403 ἦλθε
2921 1331 3292 1397 διδασκαλίαν,
3316 1333 3504 1401 ’Λφες

1896 1415 2044 1485 ἡμῖν
2069 1416 2144 1471 τὰ
2180 1415 2557 1487 ὀφειλήματα
2602 1413 2793 1486 ἡμῶν,
2840 1415 3036 1485 λέγων,
3067 1416 3149 1483 ὡς
3174 1416 3275 1469 καί
3327 1415 3503 1485 ἡμεῖς

1898 1500 2153 1569 ἀφίεμεν
2180 1500 2307 1566 τοῖς
2354 1500 2698 1570 ὀφειλέταις
2741 1500 2935 1570 ἡμῶν.
2986 1499 3242 1570 Οὐδαμοῦ
3296 1499 3497 1571 ἀρχὴν,

1899 1581 2139 1652 οὐδαμοῦ
2188 1581 2442 1650 πλοῦτον,
2501 1584 2742 1655 οὐδαμοῦ
2799 1582 2982 1648 δόξαν,
3054 1580 3291 1653 οὐδαμοῦ
3348 1582 3501 1635 δυναο

1901 1667 2107 1733 στείαν,
2136 1668 2273 1723 ἀλλά
2300 1669 2481 1724 πάντα
2509 1670 2591 1733 εἰς
2611 1668 2793 1740 ψυχῆς
2828 1668 3099 1738 ὠφέλειαν
3140 1664 3501 1719 συντελοῦντα

1900 1750 2127 1823 ἐνέθηκε
2148 1754 2213 1824 τῇ
2244 1755 2378 1824 εὐχῇ
2407 1771 2421 1786 ι
2447 1753 2602 1806 οὐδὲν
2631 1754 2841 1823 γήϊνον,
2877 1751 3014 1807 ἀλλὰ
3044 1751 3222 1804 πάντα
3248 1750 3497 1821 οὐράνια.

1900 1838 1964 1891 El
1990 1837 2173 1891 τοίνυν
2204 1838 2542 1908 κελευόμεθα
2569 1836 2876 1906 ἀπέχεσθαι
2928 1835 3037 1889 τῶν
3092 1827 3363 1905 βὶωτικῶν
3404 1836 3500 1889 καὶ

1900 1923 2210 1994 παρόντων,
2236 1922 2357 1987 πῶς
2385 1924 2486 1977 οὐκ
2514 1923 2580 1977 ἂν
2607 1924 2802 1993 εῖημεν
2830 1920 3005 1975 ἀθλιοι
3034 1921 3131 1974 καὶ
3157 1920 3501 1990 ταλαίπωροι

1898 2006 2075 2060 ταῦτα
2107 2005 2391 2070 αἰτοῦντες
2420 2006 2576 2077 παρά
2602 2004 2761 2068 Θεοῦ,
2796 2004 2833 2059 ἃ
2864 2005 3120 2058 ἐκέλευσε
3152 2005 3246 2058 καὶ
3280 2004 3503 2074 ἔχοντας

1900 2089 2212 2155 ἐκϐάλλειν,
2254 2090 2541 2163 φροντίδος
2568 2090 2931 2145 ἀπαλλάττων
2956 2089 3127 2161 ἡμᾶς,
3165 2089 3306 2159 ὑπὲρ
3335 2078 3410 2143 ὧν
3442 2088 3501 2141 δὲ

1900 2172 2157 2240 ἐπέταξε,
2209 2172 2496 2245 ιμηδεμίαν
2548 2172 2797 2227 τίθεσθαι
2853 2172 3128 2241 σπουδήνο
3168 2171 3372 2243 μᾶλλον
3441 2169 3502 2223 δέ

1904 2258 2044 2329 μήτε
2088 2256 2235 2327 ἔχειν
2294 2258 2434 2329 μήτε
2488 2256 2832 2327 ἐπιθυμεῑνς
2892 2254 3067 2308 Τοῦτο
3111 2256 3221 2327 γάρ
3265 2256 3382 2309 ἐστι
3437 2253 3501 2308 τὸ

1903 2344 2268 2415 βαττολογεῖν.
2298 2345 2402 2399 Διά
2444 2342 2606 2399 τοῦτο
2645 2342 2743 2398 καὶ
2790 2342 3074 2415 εὐχόμενοι
3106 2343 3209 2397 οὐκ
3237 2342 3499 2414 ἀνύομεν.

1903 2427 2028 2492 Πῶς
2050 2423 2144 2482 οὖν
2171 2430 2223 2482 οἰ
2248 2428 2502 2499 πονηροὶ,
2539 2427 2695 2498 φησὶ,
2728 2425 3022 2480 πλουτοῦσι
3047 2443 3065 2493 ;
3099 2425 3217 2490 πῶς
3242 2426 3291 2479 οἰ
3322 2424 3501 2480 ἄδικοι

1902 2512 1999 2565 καὶ
2050 2514 2261 2584 μιαροὶ,
2314 2511 2679 2585 ἁρπάζοντες,
2736 2508 3230 2585 πλεονεκτοῦντεςς
3280 2509 3355 2563 Οὐ
3402 2506 3500 2563 τοῦ

1902 2593 2040 2649 Θεοῦ
2079 2584 2436 2668 παρέχοντες,
2477 2597 2682 2664 ἀπαγε.
2736 2595 2850 2649 Καὶ
2887 2594 3006 2658 πῶς
3043 2584 3081 2647 δ’
3110 2593 3243 2658 Θεὸς
3283 2610 3501 2664 συγχω-

1905 2681 2023 2750 ρεῖ;
2082 2680 2321 2734 Ὀτικαί
2364 2679 2445 2751 τῷ
2506 2678 2746 2749 πλουσίῳ
2792 2677 2918 2732 τότε
2960 2677 3331 2750 συνεχώρησε,
3379 2678 3501 2748 μείο

1904 2761 2019 2826 ξονι
2045 2762 2228 2835 τηρῶν
2253 2763 2417 2817 αὐτὸν
2442 2764 2681 2819 κολάσει.
2714 2763 2982 2816 Ἄκουσον
3012 2757 3106 2816 οὖν
3145 2762 3241 2815 καὶ
3274 2760 3328 2815 τί
3364 2778 3503 2832 φησι

1904 2846 2040 2916 πρὸς
2061 2848 2224 2900 αὐτόν
2248 2865 2261 2879 ο
2300 2848 2541 2912 Τέκςνοον,
2566 2845 2869 2914 ἀπέλαϐες
2901 2848 2974 2903 τὰ
3003 2845 3201 2918 ἀγαθά
3231 2840 3372 2911 σού,
3401 2846 3502 2899 καί

1904 2928 2168 2997 Λάζαρος
2196 2930 2269 2983 τὰ
2304 2930 2496 2985 κακά·
2533 2929 2633 2984 καί
2666 2929 2785 2985 νῦν
2820 2926 3003 2997 οὗτος
3041 2928 3498 3000 παρακαλεῖται,

1903 3010 1987 3064 σὺ
2013 3010 2081 3064 δὲ
2108 3011 2427 3067 ὀδυνᾶσαι.
2449 3015 2548 3068 'lv'
2577 3009 2671 3067 οὖν
2696 3013 2771 3086 μὴ
2794 3014 2888 3067 καὶ
2910 3015 3073 3085 ἡμεῖς
3092 3013 3303 3083 ταύτης
3330 3010 3501 3066 ἀκού-

1907 3111 2092 3164 σωμεν
2183 3094 2334 3167 [258]
2404 3099 2507 3167 τῆς
2558 3097 2766 3168 φωνῆς,
2842 3097 3163 3168 τρυφῶντες
3224 3096 3351 3166 εἰκῆ
3404 3094 3500 3148 καὶ
3566 3115 3571 3122 ’

1909 3177 2109 3249 μάτην,
2142 3178 2235 3231 καὶ
2265 3179 2437 3233 πολλά
2489 3180 2818 3249 συνάγοντες
2855 3181 3070 3243 ἑαυτοῖς
3102 3180 3498 3252 ἁμαρτήματα,

1903 3262 1997 3315 τὸν
2020 3262 2195 3333 ἀληθῆ
2232 3261 2462 3315 πλοῦτον
2484 3262 2737 3333 ἑλώμεθα
2763 3263 2858 3316 καὶ
2893 3263 2993 3335 τὴν
3030 3263 3235 3335 ἀκριϐῆ
3278 3263 3501 3332 ιριλοσο⁶

1904 3345 2055 3414 φίαν,
2082 3343 2223 3397 ὥστε
2268 3347 2452 3415 τυχεῖν
2506 3346 2615 3401 τῶν
2657 3346 3090 3417 ἐπηγγελμένων
3125 3348 3350 3416 ἀγαθῶν
3374 3364 3389 3380 ·
3421 3340 3500 3401 ὧν

1900 3430 2112 3497 γένοιτο
2140 3427 2350 3491 πάντας
2394 3430 2545 3499 ἡμᾶς
2598 3433 2913 3502 μετασχεῖν,
2969 3435 3154 3503 χάριτι
3182 3434 3276 3486 καὶ
3308 3432 3499 3502 φιλαν-

1902 3511 2121 3584 θρωπίᾳ
2149 3512 2242 3566 τοῦ
2277 3514 2485 3584 Κυρίου
2509 3514 2671 3585 ημῶν
2710 3516 2889 3588 Ἰησοῦ
2926 3517 3191 3590 Χριστοῦ,
3220 3519 3290 3573 δι’
3322 3516 3383 3576 οῦ
3405 3522 3499 3574 καὶ

1903 3596 2019 3667 μεθ’
2049 3590 2110 3650 οὗ
2139 3596 2216 3667 τῷ
2244 3597 2421 3668 Πατρί
2444 3601 2479 3669 ή
2519 3599 2669 3667 δόξα,
2700 3600 2818 3671 ἅμα
2864 3600 2944 3672 τῷ
2999 3602 3141 3673 άγίῳ
3193 3603 3497 3675 Πνεύματι,

1900 3678 1995 3733 νῦν
2018 3680 2113 3734 καὶ
2132 3680 2243 3743 ἀεὶ,
2280 3681 2374 3734 καί¹
2402 3683 2482 3745 εἰς
2504 3682 2632 3746 τοὺς
2649 3684 2853 3748 αἰῶνας
2875 3683 2984 3737 τῶν
3014 3685 3247 3740 αἰώνων.
3298 3687 3494 3759 Ἀμήν,

204 3766 3432 3803 ____________________________

1674 3816 1924 3871 ΟΜΙΛῙΑ
1961 3821 2093 3872 MA'.

203 3910 521 3981 Ἀπεκρίθη
558 3910 764 3977 αὐτοῖς
802 3910 1140 3981 ὀλῙησοῦς.
1173 3912 1270 3965 καί
1300 3906 1499 3966 εἶπεν
1532 3927 1552 3981 ι
1588 3909 1791 3979 Ἀμὴν,

261 3980 435 4053 ἀμῆν
460 3981 806 4053 .léru_1')y2r,
829 3980 1049 4053 ζητεῖτέ
1074 3997 1172 4053 με,
1196 3984 1312 4053 οὐχ
1350 3981 1439 4034 ὅτι
1460 3980 1651 4053 είὸετε
1673 3997 1788 4047 ση-

255 4050 426 4123 μεῖα,
457 4050 595 4107 ἀλλ’
618 4050 707 4105 ὅτι
740 4051 989 4181 έὲοὰγετε
1106 4051 1226 4104 τῶν
1253 4051 1466 4129 ἀρτων,
1494 4050 1593 4135 καί
1617 4051 1788 4119 ἐχορ-

260 4123 549 4190 τάσθητε.
584 4120 751 4189 Ἐργά
782 4123 921 4175 εσθε
953 4138 1043 4190 μη
1070 4120 1185 4186 τὴν
1204 4122 1440 4190 βρῶσιν
1464 4137 1580 4187 την
1607 4120 1792 4173 άπυλ.

262 4189 564 4260 λυμένην,
604 4191 765 4247 ἀλλὰ
793 4190 906 4259 τὴν
930 4189 1169 4259 ,βρῶσιν
1214 4189 1329 4260 τὴν
1359 4189 1675 4260 μένουσαν
1702 4192 1789 4257 είς

263 4261 425 4326 ζωὴν
451 4261 711 4317 αἰιίινιον.
738 4279 759 4314 ι
1474 4280 1479 4285 ’

262 4367 339 4417 α’.
367 4360 443 4413 Τὸ
470 4358 740 4431 προσηνὲς
778 4357 875 4413 καὶ
911 4357 1052 4411 λεῖον
1074 4357 1134 4410 οὐ
1176 4355 1454 4428 πανταχοῦ
1493 4357 1785 4428 χρήσιμον,

189 4444 310 4501 ἀλλ’
347 4442 495 4497 ἐστιν
532 4442 619 4495 ὅτε
654 4442 749 4495 καὶ
789 4440 884 4494 τοῦ
932 4440 1377 4512 πληκτικωτέρου
1412 4439 1493 4491 δεῖ
1526 4440 1604 4510 τῷ
1636 4440 1788 4493 διδα-

193 4528 406 4599 σκάλῳ.
458 4526 625 4579 Ὅταν
662 4524 773 4597 γὰρ
806 4522 982 4594 νωθὴς
1081 4524 1110 4576 ό
1160 4523 1408 4595 μαθητὴς
1455 4524 1549 4577 καὶ
1582 4523 1783 4595 παχὺς,

191 4612 411 4683 κέντρῳ
434 4608 671 4682 χρῆσθαι
700 4608 835 4680 πρὸς
868 4607 1031 4661 αὑτὸν
1063 4618 1088 4648 ι
1121 4606 1307 4659 λοιπὸν
1344 4605 1470 4678 χρὴ,
1520 4605 1661 4659 ὥστε
1686 4608 1787 4677 τῆς

193 4695 401 4767 πολλῆς
453 4690 773 4748 καθικέσθαι
803 4691 1053 4754 νωθείας.
1100 4689 1271 4744 Τοῦτο
1311 4691 1462 4743 καὶὸ
1512 4689 1642 4754 Υἰὺς
1688 4688 1783 4743 τοῦ

191 4778 335 4834 Θεοῦ
392 4774 713 4845 πεποίηκεν,
768 4772 1002 4844 ἀλλαχοῦ
1056 4790 1113 4826 τε
1146 4772 1439 4844 πολλαχοῦ,
1472 4774 1567 4827 καὶ
1614 4774 1673 4826 ὲν
1705 4772 1784 4844 τῷ

195 4862 430 4932 παρόντι
458 4860 627 4930 τόπῳ.
670 4858 961 4913 Ἐλθόντων
990 4858 1097 4929 γὰρ
1128 4858 1238 4911 τῶν
1269 4858 1442 4929 ὄχλων
1468 4859 1560 4911 καὶ
1593 4858 1784 4930 εὑρόν-

190 4965 303 5001 των
326 4946 419 5000 τὸν
470 4944 699 5015 Ἰησοῦν,
728 4942 823 4997 καὶ
846 4942 1251 4997 κολακευόντων
1278 4942 1460 5005 αὐτὸν,
1488 4942 1583 4995 καί
1600 4941 1785 5011 λεγόν-

189 5045 333 5084 των*
378 5028 599 5094 Ῥαόὅί,
648 5028 793 5081 πότε
822 5020 939 5080 ὧδε
963 5024 1249 5097 τέγονας;
1292 5025 1508 5088 δεικνὺς
1552 5025 1633 5078 ὅτι
1683 5026 1783 5096 τῆς

192 5111 349 5184 παρὰ
375 5109 678 5183 ἀνθρώπων
702 5110 800 5164 οὐκ
822 5110 1033 5179 ἐφίεται
1051 5108 1240 5180 τιμῆς,
1255 5108 1370 5162 ἀλλ’
1392 5107 1450 5161 ἓν
1477 5110 1636 5183 μόνον
1657 5110 1778 5181 δρᾷ,

189 5198 294 5269 τὴν
316 5196 591 5267 σωτηρίαν
628 5194 829 5261 αὐτῶν,
865 5193 1279 5265 ἐπιπληκτικῶς
1323 5192 1506 5256 αὐτοῖς
1550 5193 1782 5265 ἀποκρί-

190 5296 379 5335 νεται·
414 5280 477 5334 οὐ
504 5279 676 5351 ταύτῃ
730 5281 888 5351 μόνον
932 5278 1223 5351 διορθῶσαι
1260 5278 1600 5349 βουλόμενος,
1645 5276 1783 5332 άλλά

190 5366 290 5421 καὶ
329 5363 409 5435 τῷ
427 5363 527 5437 τὴν
553 5362 793 5419 διάνοιαν
822 5363 1001 5418 αὐτῶν
1030 5361 1336 5432 ἐκκαλύψαι
1364 5362 1458 5417 καὶ
1499 5364 1580 5425 είς
1619 5364 1783 5433 μέσον

191 5450 445 5517 ἀγαγεῖν.
491 5448 556 5502 Τί
607 5448 717 5519 γάρ
744 5464 947 5521 φησιν;
992 5446 1193 5517 Ἀμὴν,
1223 5445 1389 5517 ἀμὴν
1416 5446 1573 5517 λέγω
1600 5444 1744 5516 ὑμῖν
1764 5460 1777 5474 ·

196 5533 337 5602 μετά
392 5532 673 5605 διορισμοῦ
724 5534 817 5586 καὶ
852 5530 1224 5603 βεϐαιώσεως⁹
1258 5528 1477 5598 ζητεῖτέ
1519 5546 1617 5599 με,
1666 5532 1779 5600 οὐχ

191 5616 283 5670 ὅτι
311 5615 501 5670 ειδετε
525 5616 763 5687 σημεῖα,
790 5615 928 5671 ἀλλ’
952 5615 1040 5670 ὅτι
1061 5614 1309 5685 ἐφάγετε
1332 5616 1402 5668 ἐκ
1422 5611 1543 5667 τῶν
1563 5612 1778 5682 ἄρτων,

192 5700 289 5753 καί
312 5698 732 5769 ἐχορτάσθητε.
765 5700 998 5772 Πλήττει
1031 5699 1129 5769 μὲν
1150 5698 1227 5770 τῷ
1250 5697 1396 5769 λόγῳ
1424 5699 1520 5750 καὶ
1545 5697 1779 5769 ἐλέγχει,

191 5784 308 5838 ἀλλ’
337 5785 440 5839 οὐκ
458 5784 747 5857 ἀποτόμως
762 5786 856 5839 καὶ
880 5785 1104 5858 σφόδρα,
1132 5783 1269 5840 ἀλλὰ
1295 5783 1433 5855 μετά
1457 5782 1657 5853 πολλῆς
1679 5784 1780 5855 τῆς

192 5868 411 5939 φειδοῦς
463 5868 624 5923 τοῦτο
670 5870 861 5925 ποιῶν.
919 5870 994 5926 Οὐ
1020 5870 1129 5941 γὰρ
1156 5864 1309 5923 εἶπεν
1333 5907 1348 5932 ,
1375 5863 1447 5921 *Ω
1479 5866 1779 5941 λαίμαργοι

193 5953 288 6007 καὶ
311 5951 709 6025 γαστρίδουλοι,
736 5952 977 6009 τοσαῦτα
1016 5951 1534 6025 ἐθαυματούργησα,
1566 5952 1658 6005 καὶ
1688 5952 1782 6005 ού-

190 6035 364 6106 δαμοῦ
391 6035 517 6091 οὔτε
543 6035 968 6108 ἠκολουθήσατε,
1000 6034 1125 6090 οὐτε
1154 6034 1502 6107 ὲθαυμάσατε
1528 6034 1596 6089 τά
1620 6051 1780 6105 γεγε-

260 6127 286 6159 ¹
322 6127 474 6179 Sas'il.
512 6129 690 6193 κέντρῳ
708 6128 945 6193 διεγείρειν
967 6128 1121 6177 αὐιὸν.

1898 3911 2140 3983 νημέναο
2175 3911 2311 3966 ἁ).λά
2340 3913 2630 3985 προσηνῶς
2662 3912 2806 3967 οὕτω
2856 3931 2973 3979 πως
3008 3916 3104 3969 καὶ
3154 3917 3359 3989 ἡρέμα,
3388 3922 3499 3987 Ζη-

1896 3996 2050 4051 τεῖτέ
2066 4014 2167 4067 με,
2203 4001 2316 4067 οὑχ
2347 3998 2438 4052 ὅτι
2463 3999 2653 4053 εἴδετε
2679 3999 2899 4069 σημεῖα
2920 4042 2935 4065 ,
2963 4002 3101 4056 ἀλλ’
3131 4003 3219 4055 ὅτι
3246 4004 3497 4075 ἐφάγετε

1895 4080 1964 4133 ἐκ
2021 4078 2139 4133 τῶν
2175 4079 2387 4148 ἄρτων,
2447 4082 2546 4135 καί
2608 4082 3047 4153 ἐχορτάσθητε·
3098 4086 3158 4138 οὐ
3215 4089 3344 4157 περὶ
3386 4089 3497 4143 τῶν

1896 4162 2280 4234 παρελθόντων
2306 4164 2467 4236 μόνον
2491 4206 2507 4229 ,
2531 4165 2669 4220 ἀλλά
2704 4169 2799 4221 καὶ
2824 4169 2953 4240 περὶ
2977 4167 3071 4222 τοῦ
3102 4171 3371 4241 παρόντος
3399 4189 3497 4245 ση-

1898 4248 2052 4319 μείου
2083 4249 2382 4320 ὲμφαίνων.
2436 4250 2740 4321 Μονονουχὶ
2765 4252 2875 4322 γὰρ
2918 4252 3079 4306 τοῦτο
3120 4254 3288 4323 λέγει,
3321 4256 3389 4309 δι’
3419 4250 3493 4311 ὧν

1894 4332 2034 4403 πρὸς
2057 4333 2257 4397 αὐτοὺς
2288 4334 2632 4389 ἀποτείνεται
2653 4352 2669 4366 ν
2693 4336 2768 4389 Οὐ
2801 4334 2861 4388 τὸ
2883 4335 3072 4407 θαῦμα
3100 4338 3243 4409 ὑμᾶς
3271 4339 3496 4413 ἐξέπλη-

1896 4415 1953 4481 ξε
1980 4415 2008 4455 δ
2043 4420 2105 4470 τὸ
2156 4417 2250 4471 ἐπὶ
2298 4420 2409 4483 τοῖς
2436 4419 2643 4489 ἄρτοις,
2674 4418 2812 4473 ἀλλὰ
2848 4420 2911 4473 τὸ
2942 4421 3345 4496 ἐμπλησθῆναι.
3383 4427 3494 4481 Καὶ

1894 4500 1975 4554 ὃτι
2004 4502 2066 4555 οὐ
2098 4500 2641 4574 καταστοχαζόμενος
2667 4502 2847 4557 αὐτῶν
2870 4504 3076 4573 ἔλεγεν,
3112 4507 3315 4573 εὐθέως
3355 4510 3484 4564 ἔδει·

1894 4586 1989 4653 ξαν
2019 4588 2240 4639 ἐκεῖνοι.
2273 4589 2385 4641 Καὶ
2419 4587 2530 4657 γὰρ
2551 4587 2638 4641 διὰ
2659 4586 2819 4641 τοῦτο
2853 4588 3017 4642 πάλιν
3041 4585 3229 4662 ἦλθον,
3250 4591 3327 4656 ῶς
3358 4594 3491 4665 μέλ-

1892 4670 2075 4735 λοντες
2106 4671 2215 4725 τῶν
2245 4672 2427 4725 αὐτῶν
2457 4672 2881 4727 ἀπολαύσεσθαι.
2912 4673 3014 4727 Διά
3054 4674 3216 4728 τοῦτο
3245 4678 3341 4730 καὶ
3374 4678 3493 4731 ἐλε-

1892 4768 2023 4823 γον·
2058 4756 2124 4807 Οί
2152 4754 2405 4825 πατέρες
2451 4754 2624 4826 ἡμῶν
2656 4758 2885 4826 ἔφαγον
2938 4757 3001 4811 τὸ
3034 4756 3239 4827 μάννα
3286 4758 3358 4813 ἐν
3412 4758 3489 4829 τῇ

1890 4836 2125 4907 ἐρήμῳ*
2169 4839 2331 4892 πάλιν
2372 4840 2466 4892 ἐπὶ
2491 4840 2698 4912 τροφὴν
2746 4840 2909 4896 αὑτὸν
2952 4840 3207 4907 ἕλκοντες
3239 4854 3261 4882 ο
3293 4860 3489 4916 σαρκι-

1891 4921 2017 4993 κὴν,
2048 4922 2187 4993 ὅπερ
2208 4918 2276 4995 ἦν
2306 4922 2559 4996 ἔγκλημα
2590 4926 2683 4977 καὶ
2718 4924 3023 4997 κατηγορία
3054 4927 3311 4997 μεγίστη.
3344 4929 3495 4982 Ἀλλ’

1890 5007 2051 5071 αὐτὸς
2076 5008 2175 5079 οὐχ
2205 5009 2419 5063 ἵσταται
2456 5009 2617 5081 μέχρι
2640 5010 2748 5063 τῶν
2781 5010 3019 5082 ἐλέγχων
3039 5050 3054 5076 ,
3103 5011 3240 5066 άλλά
3284 5013 3379 5066 καὶ
3405 5015 3487 5068 δι-

1888 5091 2185 5147 δασκαλίαν
2222 5092 2432 5158 τούτοις
2476 5093 2823 5165 προστίθησι,
2868 5094 3076 5165 λέγων·
3142 5095 3486 5167 Ἐργάζεσθε

1884 5175 1971 5247 μὴ
1998 5176 2113 5245 τὴν
2128 5176 2366 5246 βρῶσιν
2388 5176 2505 5247 τὴν
2532 5178 2989 5247 ἀπολλυμένην,
3013 5180 3175 5234 ἀλλὰ
3196 5180 3311 5249 τὴν
3328 5182 3487 5251 βρῶ-

1889 5274 1995 5312 σιν
2015 5255 2131 5326 τὴν
2164 5259 2478 5329 μένουσαν
2515 5262 2603 5325 εις
2635 5258 2789 5327 ζωὴν
2835 5258 3113 5327 αἰώνιον,
3157 5260 3238 5329 ἢν
3275 5266 3308 5317 ὀ
3352 5265 3484 5330 Υίὸς

1886 5342 1995 5397 τοῦ
2023 5341 2339 5411 ἀνθρώπου
2365 5342 2615 5397 δίδωσιν
2660 5343 2824 5412 ὑμῖν.
2869 5344 3092 5399 Τοῦτον
3117 5343 3268 5419 [259]
3309 5346 3423 5416 γὰρ
3451 5350 3485 5400 ὀ

1884 5424 2094 5494 Πατὴρ
2138 5424 2523 5496 ἐσφράγισεν
2552 5428 2585 5481 ὀ
2616 5429 2781 5493 Θεός.
2821 5428 2885 5481 '0
2912 5427 2970 5481 δὲ
3022 5427 3191 5497 λέγει,
3240 5430 3485 5484 τοιοῦτόν

1884 5510 2041 5561 ἐστι·
2072 5506 2275 5581 Μηδεὶς
2313 5510 2440 5581 ὑμῖν
2470 5509 2611 5563 ἔστω
2669 5511 2825 5579 λόγος
2870 5511 3076 5582 ταύτης
3122 5513 3225 5585 τῆς
3248 5514 3478 5586 τροφῆς,

1884 5592 1999 5647 ἀλλ’
2022 5593 2238 5665 ἐκείνης
2258 5594 2359 5666 τῆς
2383 5594 2780 5666 πνευματικῆς.
2825 5596 2964 5650 Ἀλλ’
2993 5598 3179 5669 ἐπειδή
3203 5615 3349 5660 τινες
3372 5598 3481 5653 τῶν

1886 5678 2229 5749 βουλομένων
2261 5678 2450 5751 ἀργῶς
2477 5680 2774 5751 τρέφεσθαι
2798 5724 2814 5748 ,
2852 5682 3263 5755 ἀποκέχρηνται
3303 5682 3481 5757 τούτῳ

1881 5762 1961 5833 τῷ
1990 5759 2158 5834 λόγῳ,
2188 5763 2265 5827 ὡς
2294 5763 2394 5833 τὴν
2424 5764 2690 5837 ἐργασίαν
2709 5764 3071 5831 ἐκκόπτοντος
3096 5764 3191 5820 τοῦ
3213 5767 3478 5839 Χριστοῦ,

1882 5845 2139 5918 εῦκαιρον
2168 5847 2259 5900 καὶ
2290 5845 2429 5917 πρὸς
2471 5847 2671 5912 αὐτοὺς
2708 5850 2903 5903 εἰπεῖν.
2937 5849 3101 5905 ὐλον
3142 5850 3273 5922 γὰρ,
3299 5852 3375 5915 ὡς
3402 5853 3481 5905 είο

1884 5932 2025 5997 πεῖν,
2053 5929 2399 5985 διαϐάλλουσι
2444 5930 2535 5984 τὸν
2578 5930 3033 6005 Χριστιανισμδν,
3067 5934 3164 5988 καὶ
3194 5936 3286 5990 ἐπὶ
3311 5935 3480 6008 ἀργίᾳ

1887 6066 1972 6179 m5
1993 6065 2373 6179 §317v2301mm£w
2392 6069 2640 6132 λέγων.οὐ
2661 6071 2749 6134 γὰρ
2773 6071 2826 6121 τὸ
2846 6070 3060 6135 θαῦμαῦ.
3076 6074 3137 6131 ἐξ.
3163 6072 3295 6136 φησί.
3340 6075 3365 6106 ⁸
3386 6074 3472 6125 δει-
