4084 6490
211 551 398 625 getiam
425 555 652 605 vestrum
680 543 840 617 agatis
855 584 871 610 ,
901 549 952 599 et
989 539 1265 613 operemini
1305 536 1537 592 manibus
1571 535 1748 591 vestris
1763 575 1780 601 ,

217 653 269 698 ut
291 643 492 697 honeste
515 636 780 694 ambuletis
801 634 872 689 ad
895 648 980 690 eos
1007 631 1094 703 qui
1123 631 1247 702 foris
1274 637 1392 684 sunt
1422 627 1499 700 (1.
1523 625 1698 682 Thess.
1727 625 1784 681 4.

217 731 299 788 10.
331 730 452 802 ll);
479 738 534 786 et
557 742 791 792 rursum,
827 724 926 792 Qui
953 721 1220 795 {urebatur
1241 762 1258 788 ,
1283 722 1395 792 iam
1422 735 1523 774 non
1556 720 1789 790 feretur:

215 824 368 896 magis
393 831 563 878 mitem
592 821 784 876 laboret
804 817 1063 889 operando
1097 815 1330 869 manibus
1357 813 1484 878 suis,
1517 821 1570 865 ut
1600 810 1786 865 habeat

216 913 342 968 unde
363 911 551 967 tribuat
575 910 912 966 necessitatem
953 905 1164 978 patienti
1187 907 1205 974 (
1230 902 1419 974 Ephes.
1441 902 1496 958 ι.
1527 901 1598 957 28
1619 900 1662 973 ).
1692 899 1790 957 llic

215 1007 401 1062 Paulus
443 1021 553 1061 non
599 1001 910 1073 simpliciter
956 997 1198 1070 pmcipit
1233 995 1480 1066 operari,
1521 992 1616 1049 sed
1664 1007 1785 1048 cum

215 1105 354 1154 tanto
382 1097 570 1154 labore
588 1136 604 1162 ,
632 1102 692 1150 ut
715 1092 1062 1150 subveniatur
1087 1087 1362 1160 indigenti.
1409 1087 1476 1142 Et
1500 1085 1625 1140 alibi
1654 1098 1788 1156 quo.

211 1204 308 1261 que
330 1190 446 1258 ait,
495 1185 889 1243 Necessitatibus
931 1184 1094 1252 meis,
1129 1188 1176 1236 et
1218 1195 1390 1235 eorum
1438 1177 1528 1248 qui
1581 1191 1782 1230 mecum

208 1293 348 1348 sunt,
372 1281 780 1351 ministraoerunt
803 1292 986 1332 manus
1012 1275 1125 1330 ista
1153 1271 1288 1344 (Act.
1321 1269 1413 1326 20.
1444 1268 1558 1340 54).
1591 1267 1654 1323 Et
1678 1267 1785 1325 Co-

202 1373 413 1430 rinthiis
437 1371 649 1429 dicebat
678 1387 693 1425 :
728 1370 857 1437 Qua!
879 1375 950 1423 est
973 1383 1092 1439 ergo
1118 1380 1306 1419 merces
1349 1363 1506 1418 mea?
1534 1358 1605 1417 Ut
1630 1376 1786 1416 evan-

204 1463 386 1535 gelium
431 1461 720 1534 pradicans
743 1501 760 1526 ,
809 1459 921 1514 sine
964 1464 1170 1527 sumptu
1218 1467 1407 1524 ponam
1471 1450 1788 1521 euangelium

203 1540 297 1626 (l.
327 1552 448 1610 Cor.
477 1551 532 1608 9.
561 1549 676 1623 l8).
706 1549 775 1605 Et
797 1549 854 1604 in
876 1549 1144 1604 civitatem
1173 1544 1317 1599 illam
1347 1543 1589 1606 veniens,
1627 1539 1787 1594 Han-

201 1645 266 1700 sit
291 1643 430 1716 apud
458 1642 695 1707 Aquilam
730 1649 776 1695 et
804 1637 1097 1694 Priscillam
1138 1677 1154 1702 ,
1184 1645 1236 1691 'et
1268 1634 1592 1706 operabatur.
1620 1630 1787 1686 Erant

203 1733 332 1788 enim
349 1731 730 1805 sccnofactoriat
761 1729 886 1785 artis
910 1727 1062 1799 (Act.
1092 1726 1183 1784 l8.
1212 1725 1248 1780 2
1267 1723 1309 1799 ).
1340 1724 1466 1780 llazc
1491 1730 1678 1778 contra
1705 1723 1788 1777 di-

204 1832 342 1880 ctum
388 1823 522 1879 illud
559 1835 797 1894 pugnare
841 1819 1074 1875 maxime
1115 1816 1363 1872 videnlur
1394 1814 1544 1886 :jam
1588 1815 1787 1869 solutio

202 1919 483 1974 toleratur.

274 2007 631 2064 Laborandum
653 2048 667 2072 ,
707 2004 797 2060 sed
843 2005 952 2060 sine
995 2002 1353 2067 sollicitudine.
1379 1999 1607 2068 -Quid
1655 2012 1786 2070 ergo

203 2099 683 2171 respondebimus?
704 2095 822 2155 Non
863 2111 985 2153 esse
1023 2095 1311 2152 sollicitum
1344 2109 1449 2150 non
1478 2093 1781 2175 significat,

203 2203 231 2243 s
258 2189 441 2247 labore
467 2203 717 2255 cessare;
749 2187 842 2245 sed
861 2229 878 2254 ,
927 2187 1085 2257 hujus
1116 2186 1298 2242 mundi
1344 2185 1505 2241 rebus
1535 2199 1641 2240 non
1671 2184 1786 2240 ha:-

199 2292 316 2336 rere
334 2319 350 2347 ,
379 2279 432 2335 id
457 2289 577 2346 est,
605 2293 712 2334 non
742 2291 864 2333 esse
892 2276 1178 2331 sollicitum
1217 2275 1286 2330 de
1323 2275 1556 2330 crastina
1583 2275 1782 2345 quiete,

203 2369 292 2426 sed
336 2371 482 2426 illam
513 2385 695 2426 curam
746 2383 1130 2440 supervacuam
1168 2376 1377 2436 putare.
1431 2366 1613 2422 Potest
1639 2366 1784 2422 enim

201 2463 286 2534 qui
313 2472 570 2534 operatur
607 2477 712 2517 non
755 2461 808 2515 in
847 2459 1138 2516 crastinum
1171 2458 1538 2515 thesaurizare
1569 2475 1580 2510 :
1611 2465 1788 2526 potest

201 2556 286 2626 qui
316 2555 528 2610 laborat
556 2567 662 2610 non
713 2552 973 2608 sollicitus
1001 2565 1164 2607 esse:
1213 2564 1320 2605 non
1364 2550 1507 2604 enim
1554 2547 1784 2619 idipsum

201 2655 280 2701 est
327 2661 456 2702 cura
507 2653 563 2701 et
608 2643 869 2714 operatio.
915 2641 1032 2698 Non
1078 2651 1136 2697 ut
1165 2641 1313 2712 operi
1359 2638 1638 2695 conﬁdens
1666 2639 1787 2709 quis

201 2744 471 2807 operetur,
502 2733 596 2790 sed
618 2743 676 2789 ut
700 2732 792 2788 det
815 2733 1013 2803 egenti.
1042 2730 1194 2800 Quod
1221 2739 1397 2786 autem
1423 2727 1491 2785 ad
1521 2728 1784 2785 Martinam

201 2828 420 2893 dicitur,
468 2841 576 2882 non
616 2825 856 2882 laborem
880 2832 934 2881 et
989 2822 1356 2894 operationem
1399 2820 1660 2891 respicit:
1689 2819 1788 2876 sed

206 2931 410 2992 tempus
435 2917 885 2976 considerandum
910 2931 1031 2972 esse
1058 2917 1274 2982 statuit,
1310 2929 1485 2985 neque
1511 2911 1789 2969 concionis

206 3023 407 3084 tempus
433 3013 577 3069 circa
601 3011 838 3068 carnalia
864 3007 1274 3080 expendendum
1310 3021 1452 3062 esse.
1481 3006 1596 3061 Non
1627 3005 1788 3075 igitur

206 3104 314 3159 haec
337 3104 508 3172 dicit,
537 3112 596 3158 ut
624 3102 679 3157 in
719 3099 976 3158 desidiam
1024 3098 1173 3154 illam
1202 3097 1480 3168 conjiciat,
1507 3096 1604 3152 sed
1635 3105 1693 3151 ut
1719 3095 1786 3150 ad

205 3193 523 3250 audiendum
554 3199 850 3250 convertat.
880 3189 1052 3256 Veni,
1081 3188 1284 3258 inquit,
1323 3195 1384 3243 ut
1409 3202 1506 3242 vos
1537 3201 1790 3242 necessa-

205 3289 275 3342 ria
303 3288 526 3344 doceam
552 3303 568 3354 ;
596 3295 654 3341 tu
695 3284 765 3342 de
793 3282 1018 3355 prandio
1044 3281 1270 3337 sollicita
1301 3279 1401 3336 es?
1426 3278 1508 3336 Me
1535 3283 1617 3334 vis
1644 3279 1788 3334 exci-

205 3395 348 3451 pere,
379 3390 435 3437 et
463 3380 666 3435 lautam
696 3389 884 3448 parare
903 3372 1184 3431 mensam?
1209 3372 1385 3428 Alium
1417 3386 1542 3442 para
1571 3372 1782 3437 cibum,

207 3471 334 3526 meis
355 3469 577 3526 attende
600 3467 939 3524 sermonibus
958 3465 1207 3534 ,.sororis
1242 3463 1566 3519 desiderium
1606 3461 1787 3517 imita-

206 3575 281 3616 re.
323 3558 440 3616 Non
470 3573 603 3630 ergo
629 3557 989 3628 hospitalitate
1016 3555 1264 3621 cohibet;
1310 3555 1444 3610 absit
1471 3597 1485 3619 ,
1526 3553 1578 3609 id
1607 3569 1675 3610 ne
1701 3553 1786 3608 di-

206 3661 377 3718 catur;
419 3643 517 3708 sed
547 3651 706 3708 docet
747 3650 1007 3707 doctrinae
1047 3658 1289 3719 tempore
1318 3657 1514 3704 caetera
1552 3647 1787 3704 curanda

209 3761 306 3802 non
335 3761 478 3803 esse.
503 3743 640 3801 Cum
671 3758 832 3815 porro
860 3742 1022 3810 dicit,
1059 3741 1352 3811 Operemini
1381 3757 1485 3795 non
1510 3740 1676 3794 cibum
1702 3741 1789 3807 qui

207 3841 358 3910 perit,
387 3855 496 3895 non
537 3836 829 3909 signiﬁcat,
857 3837 910 3890 in
954 3833 1157 3890 desidia
1186 3847 1308 3888 esse
1339 3832 1624 3888 vivendum
1659 3851 1672 3887 :
1702 3832 1790 3888 hic

208 3932 342 3988 enim
385 3931 622 3987 maxime
660 3927 810 3985 cibus
834 3935 918 3982 est
964 3924 1057 3996 qui
1097 3923 1269 3994 perit,
1303 3923 1323 3996 (
1353 3921 1564 3978 Omnem
1593 3924 1790 3994 quippe

207 4023 448 4076 ntalitiam
492 4021 662 4074 docuit
691 4017 885 4072 desidia
911 4008 1100 4082 [Eccli.
1130 4015 1220 4070 35.
1246 4012 1338 4087 29]
1361 4013 1380 4086 )
1405 4031 1420 4080 ;
1451 4014 1546 4070 sed
1592 4014 1790 4071 indicat

207 4113 532 4184 operandum
561 4119 617 4165 et
659 4105 986 4178 erogandum
1015 4119 1155 4161 esse.
1183 4103 1283 4160 Hic
1309 4118 1470 4175 porro
1499 4105 1651 4160 cibus
1682 4120 1787 4160 non

210 4207 362 4278 perit.
391 4207 446 4264 Si
474 4207 596 4276 quis
633 4219 796 4276 porro
823 4189 1027 4259 otiosus
1052 4203 1228 4257 ventri
1258 4209 1312 4258 et
1338 4201 1546 4257 deliciis
1576 4199 1790 4255 deditus

211 4300 308 4362 sit,
333 4299 380 4354 is
415 4304 674 4368 operatur
697 4296 876 4350 cibum
904 4295 994 4366 qui
1034 4295 1206 4366 perit;
1253 4303 1438 4349 contra
1482 4294 1526 4347 si
1575 4294 1696 4363 quis
1723 4307 1790 4347 cx

214 4385 390 4443 labore
419 4403 521 4443 suo
565 4385 741 4442 cibum
765 4427 780 4452 ,
819 4395 1003 4456 potum
1023 4427 1038 4452 ,
1079 4393 1281 4440 vestem
1310 4384 1523 4440 Christo
1549 4383 1785 4449 dederit,

212 4477 346 4535 hunc
374 4493 537 4534 nemo
563 4492 707 4532 sana:
748 4477 941 4532 mentis
969 4477 1111 4531 dicat
1138 4477 1348 4546 operari
1377 4476 1554 4532 cibum
1579 4477 1667 4547 qui
1697 4490 1791 4546 pe-

213 4569 307 4634 rit,
334 4569 488 4639 cujus
510 4565 614 4622 cibi
641 4581 800 4622 causa
829 4566 1158 4636 promittitur
1182 4581 1405 4637 regnum
1429 4608 1443 4632 ,
1477 4565 1793 4636 promittun-

215 4675 294 4722 tur
321 4667 406 4723 illa
450 4668 613 4723 bona.
644 4665 742 4720 Hic
767 4664 918 4720 cibus
947 4672 1206 4718 aeternum
1249 4670 1448 4717 manet.
1476 4662 1627 4718 Tunc
1665 4663 1791 4732 quia

213 4757 282 4814 illi
310 4759 509 4814 nullam
534 4756 653 4812 fidei
683 4756 943 4812 rationem
974 4755 1228 4820 habuere,
1255 4769 1429 4824 neque
1450 4753 1660 4809 discere
1679 4767 1793 4808 stu-

212 4847 436 4905 duernnt
453 4849 577 4920 quis
603 4847 719 4902 hmo
737 4847 970 4910 fecisset,
993 4861 1097 4916 qua
1125 4853 1407 4915 potestate,
1430 4845 1523 4900 sed
1553 4843 1604 4900 id
1629 4859 1792 4899 unum

213 4940 552 4996 curabant-ut
576 4937 707 4993 nihil
739 4935 1016 5008 operando
1043 4945 1286 4991 ventrem
1333 4935 1648 5005 implerent;
1693 4935 1792 4991 hoc

213 5031 522 5086 alimentum
568 5031 692 5100 jure
738 5027 948 5084 vocavit
988 5027 1164 5082 cibum
1211 5027 1301 5096 qui
1343 5028 1498 5096 perit.
1552 5025 1792 5097 Corpora

215 5132 414 5188 vestra,
463 5120 672 5190 inquit,
716 5119 976 5184 enutrivi,
1019 5127 1077 5172 ut
1123 5117 1250 5172 hinc
1293 5117 1450 5171 aliam
1480 5118 1794 5188 quarreretis

213 5228 382 5269 escam
414 5223 722 5269 manentem
747 5256 765 5280 ,
808 5227 927 5281 quze
966 5211 1198 5265 animam
1229 5221 1462 5266 vestram
1493 5211 1791 5266 enutriret:

213 5319 304 5364 vos
347 5316 528 5362 autem
573 5318 788 5360 rursum
831 5303 896 5357 ad
943 5313 1206 5358 terrenam
1237 5303 1470 5357 curritis.
1522 5301 1646 5358 Ideo
1686 5317 1792 5356 non

214 5399 498 5472 intelligitis
531 5415 614 5456 me
644 5414 753 5455 non
778 5397 843 5453 ad
871 5398 1020 5453 illam
1043 5411 1140 5451 vos
1167 5396 1367 5452 ducere
1398 5396 1791 5468 imperfectam,

216 5491 304 5547 sed
329 5492 394 5547 ad
426 5492 574 5548 illam
604 5506 714 5546 non
741 5499 1139 5561 temporaneam
1160 5529 1176 5556 ,
1215 5504 1335 5559 quae
1363 5489 1524 5544 vitam
1557 5491 1797 5561 praebeat

217 5594 460 5640 aeternam
484 5628 497 5652 ,
528 5600 647 5658 quae
670 5599 776 5639 non
799 5597 1016 5653 corpus,
1048 5581 1144 5636 sed
1170 5583 1402 5636 animam
1432 5582 1559 5636 alat.
1593 5583 1795 5638 Deinde

217 5676 334 5744 quia
359 5676 636 5748 magnifice
663 5674 733 5730 de
761 5687 821 5730 se
849 5674 1097 5744 loquutus
1124 5672 1294 5727 fuerat
1313 5712 1327 5737 ,
1356 5688 1479 5728 cum
1506 5672 1710 5728 diceret
1733 5687 1794 5729 se

219 5763 455 5824 datutum
482 5782 499 5837 ;
526 5782 593 5825 ne
618 5767 812 5824 iterum
841 5763 947 5823 hoc
974 5763 1119 5822 dicto
1143 5763 1574 5833 ollenderentur,
1607 5774 1666 5820 ut
1693 5767 1790 5836 ipsi

1187 423 1256 484 ΙΝ
1289 419 1603 482 JOANNEM
1639 419 1873 478 HOHIL.
1914 419 2099 478 XLIV.
2140 421 2211 478 al.
2254 422 2439 482 χιιη.

1887 532 2056 592 ﬁdem
2085 533 2293 594 faceret
2313 579 2330 603 .
2371 537 2572 595 donum
2595 538 2664 595 ad
2692 537 2904 597 Patrem
2935 540 3120 600 refert.
3153 541 3289 601 Cum
3313 545 3485 604 dixis-

1892 634 1977 684 set
2011 627 2153 684 enlm
2179 671 2194 697 ,
2221 630 2383 697 Quem
2413 629 2583 688 Filius
2605 631 2825 688 hominis
2852 634 2989 691 vobis
3015 634 3197 705 dabit;
3225 637 3484 710 subdidit,

1893 717 2049 773 Hunc
2075 719 2210 775 enim
2226 719 2392 790 Pater
2434 723 2653 795 signauit
2678 722 2817 780 Deus
2838 741 2858 781 :
2890 725 2991 781 hoc
3030 735 3146 794 est,
3193 727 3484 800 Propterea

1894 809 2041 866 misit
2069 812 2158 883 qui
2187 811 2329 870 hunc
2353 814 2504 869 vobis
2529 814 2706 871 cibum
2733 815 2920 873 ferret.
2943 816 3095 886 Quod
3122 818 3281 875 aliter
3311 831 3484 891 potest

1894 901 2172 971 explicari.
2205 902 2338 958 Nam
2370 904 2496 960 alibi
2528 921 2741 977 quoque
2770 907 3016 964 Christus
3041 908 3171 965 dicit
3201 928 3214 964 :
3251 909 3352 978 Qui
3391 929 3485 966 au-

1887 993 1967 1048 dit
2007 1011 2261 1051 sermones
2300 1014 2437 1053 meos
2463 1039 2480 1065 ,
2520 1000 2653 1054 hunc
2686 1001 2904 1072 signauit
2955 1000 3150 1069 Pater,
3181 1003 3302 1073 quia
3345 1002 3486 1062 Deus

1889 1099 2045 1140 aerea:
2065 1096 2137 1140 est
2159 1087 2178 1156 (
2201 1087 2359 1142 Joan.
2391 1088 2443 1144 3.
2461 1087 2602 1159 ’33);
2634 1088 2737 1146 hoc
2763 1101 2841 1146 est
2863 1133 2878 1158 ,
2907 1091 3188 1148 Manifeste
3216 1093 3485 1162 ostendit;

1892 1175 1945 1231 id
1965 1177 2106 1247 quod
2145 1177 2273 1233 mihi
2299 1189 2355 1234 et
2400 1179 2488 1236 hic
2513 1181 2722 1238 videtur
2762 1182 3110 1240 subindicari.
3156 1182 3299 1240 Nihil
3341 1185 3485 1240 enim

1890 1269 2032 1326 aliud
2061 1279 2178 1338 est,
2223 1271 2458 1344 Signavit
2501 1272 2681 1343 Pater,
2711 1289 2870 1346 quam
2915 1275 3190 1344 ostendit,
3223 1277 3488 1333 revelavit

1888 1362 2198 1419 testimonio
2223 1378 2340 1436 suo.
2373 1363 2444 1421 Se
2473 1365 2617 1420 enim
2646 1365 2762 1437 ipse
2783 1366 3059 1434 ostendit;
3089 1360 3214 1438 quia
3241 1382 3370 1423 vero
3389 1367 3486 1424 lu-

1889 1455 2040 1512 dteos
2066 1456 2480 1529 alloquebatur,
2515 1458 2691 1514 Patris
2737 1459 3108 1516 testimonium
3156 1461 3209 1516 in
3250 1459 3484 1517 medium

1888 1546 2133 1602 adduxit.

1957 1639 2017 1696 2.
2075 1640 2122 1696 Α
2173 1641 2280 1695 Deo
2336 1657 2450 1713 qua
2504 1651 2671 1713 petere
2731 1653 3125 1698 consentaneum
3167 1650 3264 1710 est,
3317 1652 3490 1712 peten-

1891 1734 2032 1786 dum.
2065 1731 2405 1789 Praesentium
2461 1751 2631 1789 rerum
2668 1737 2884 1790 sortitas.
2934 1734 3139 1790 Futura
3179 1737 3488 1792 immortalia

1887 1832 2044 1890 sunt,
2071 1824 2173 1878 sive
2213 1826 2503 1904 supplicia,
2534 1826 2637 1879 sive
2681 1827 2911 1897 prwmia.
2947 1857 3021 1866 —
3064 1826 3345 1908 Discamus
3391 1827 3489 1882 ita-

1890 1928 1996 1983 que
2020 1953 2036 1980 ,
2065 1901 2278 1981 dilecti,
2311 1914 2401 1969 illa
2430 1930 2460 1969 a
2486 1915 2601 1971 Deo
2629 1925 2816 1987 petere
2849 1931 2969 1987 qua:
2995 1916 3062 1972 ah
3084 1901 3175 1972 illo
3201 1906 3502 1985 consents?

1890 2020 2051 2060 neum
2104 2014 2187 2061 est
2229 2013 2436 2076 petere.
2483 2008 2770 2062 Szecularia
2820 2007 3005 2074 enim,
3059 2023 3275 2079 quoquo
3323 2009 3487 2063 modo

1889 2095 2169 2163 accidant,
2203 2095 2338 2150 nihil
2380 2096 2613 2153 afferunt
2658 2099 2991 2154 nocumenti.
3041 2097 3179 2162 Nam
3218 2101 3262 2154 si
3293 2100 3490 2155 ditabi-

1889 2204 2011 2244 mur
2029 2231 2044 2257 ,
2074 2189 2163 2245 hic
2191 2197 2394 2245 tantum
2422 2190 2628 2247 deliciis
2658 2191 2935 2248 fruemur:
2963 2193 3007 2248 si
3035 2194 3091 2248 in
3117 2203 3488 2265 paupertatem

1890 2281 2237 2338 inciderimus
2258 2324 2272 2349 ,
2304 2284 2438 2338 nihil
2465 2286 2678 2341 molesti
2711 2287 2993 2356 patiemur.
3040 2287 3166 2344 Sive
3194 2305 3447 2360 prospera
3469 2332 3486 2356 ,

1890 2373 2005 2429 sive
2031 2374 2200 2430 tristia
2238 2374 2518 2442 accidant,
2550 2378 2657 2432 vim
2704 2379 2903 2433 nullam
2934 2379 3002 2435 ad
3033 2379 3360 2450 voluptatem
3402 2382 3488 2437 vel

1891 2465 2164 2523 tristitiam
2189 2467 2425 2537 habent,
2454 2468 2550 2525 sed
2579 2479 2804 2542 utraque
2829 2472 3222 2529 contemnenda
3243 2517 3258 2540 ,
3285 2484 3338 2529 ut
3368 2490 3489 2544 qua:

1888 2572 2052 2629 quam
2078 2560 2361 2616 celerrime
2401 2570 2697 2618 transeant.
2729 2563 2855 2619 Ideo
2882 2564 3000 2619 haec
3026 2565 3150 2635 jure
3176 2566 3258 2619 via
3289 2581 3489 2621 vocan-

1891 2657 2000 2717 tur,
2028 2649 2169 2720 quod
2193 2662 2535 2722 przetereant,
2561 2669 2661 2709 nec
2681 2653 2771 2710 diu
2797 2665 3070 2711 maneant.
3102 2655 3301 2712 Futura
3324 2672 3451 2712 vero
3469 2657 3488 2690 ί

1893 2754 2117 2816 utraque
2143 2746 2467 2801 immortalia
2496 2755 2654 2814 sunt,
2691 2755 2798 2802 tam
2840 2749 3185 2819 supplicium,
3211 2764 3369 2820 quam
3395 2765 3490 2806 rc-

1890 2852 2076 2908 gnum.
2110 2837 2266 2892 Circa
2297 2838 2415 2894 hcce
2461 2853 2708 2910 magnam
2751 2855 3000 2911 geramus
3036 2841 3484 2909 sollicitudinem,

1892 2937 1952 2982 ut
1981 2929 2070 2983 illa
2101 2928 2366 2998 fugiamus
2390 2971 2404 2996 ,
2436 2928 2556 2985 hmc
2597 2945 2970 3000 assequamur.
3001 2931 3139 3000 Quid
3172 2925 3314 2987 enim
3342 2933 3489 2986 utili-

1895 3021 2018 3074 tatis
2045 3035 2113 3074 ex
2156 3021 2512 3091 praseutihus
2536 3021 2742 3078 deliciis
2763 3022 2789 3075 7
2817 3021 2988 3078 llodie
3018 3031 3143 3078 sunt
3163 3064 3176 3086 .
3209 3039 3332 3078 cras
3355 3039 3487 3078 avo-

1895 3110 2082 3166 labunt
2113 3129 2127 3165 :
2155 3110 2316 3168 hodie
2344 3111 2445 3168 llos
2471 3123 2594 3168 sunt
2625 3113 2961 3184 splendidus,
2983 3129 3105 3169 cras
3131 3125 3288 3170 erunt
3313 3117 3490 3186 pulvis

1892 3205 2167 3275 diSpersus
2188 3224 2202 3258 :
2228 3204 2386 3261 hodie
2413 3207 2549 3278 ignis
2570 3221 2849 3273 accensus,
2874 3221 2995 3262 cras
3015 3207 3150 3263 ciuis
3171 3209 3488 3264 exstinctus.

1893 3296 2201 3367 Spiritualia
2250 3313 2379 3354 vero
2420 3313 2528 3354 non
2578 3298 2885 3370 huiusmodi
2925 3309 3083 3364 sunt;
3128 3301 3222 3355 scd
3273 3316 3488 3371 semper

1893 3391 2035 3446 clara
2053 3400 2109 3446 et
2128 3390 2338 3458 ﬂorida,
2361 3392 2593 3461 atquein
2615 3391 2732 3448 dies
2752 3391 3114 3462 splendidiora
3131 3394 3383 3449 evadunt.
3412 3390 3489 3450 Di-

1893 3485 2035 3539 vitiae
2053 3484 2158 3541 illa:
2181 3501 2468 3556 numquam
2487 3494 2732 3556 pereunt,
2753 3501 3040 3558 numquam
3068 3485 3483 3554 transferuntur,

1893 3577 1978 3632 vel
2014 3581 2248 3645 Cessant,
2269 3591 2566 3653 numquam
2583 3576 3019 3642 sollicitudinem,
3044 3577 3296 3634 invidiam
3320 3589 3374 3634 et
3399 3593 3491 3634 ca-

1896 3667 2152 3722 lumniam
2187 3666 2456 3733 afferunt,
2501 3682 2610 3724 non
2637 3683 2834 3738 corpus
2870 3668 3117 3738 perdunt,
3136 3685 3241 3723 non
3258 3668 3491 3726 animam

1891 3769 2268 3829 corrumpunt,
2290 3747 2641 3815 non'livorem
2661 3759 2743 3814 vel
2773 3758 3028 3815 invidiam
3049 3758 3345 3822 attrahunt;
3368 3775 3490 3829 qua:

1895 3849 2079 3907 omnia
2108 3851 2160 3905 in
2193 3850 2342 3906 hisce
2370 3852 2714 3918 reperiuntur
2734 3849 2953 3905 divitiis.
2977 3850 3160 3906 Gloria
3189 3850 3278 3905 illa
3303 3866 3408 3905 non
3437 3849 3491 3906 in

1895 3944 2256 4016 arrogantiam
2287 3943 2500 3999 extollit
2519 3985 2534 4008 ,
2567 3958 2674 3998 non
2699 3953 2965 3998 tumorem
2994 3943 3134 3998 narit
3153 3985 3167 3998 .
3199 3957 3488 4012 numquam

1895 4043 2106 4100 cessat,
2136 4035 2223 4090 vel
2255 4035 2594 4090 obscuratur.
2627 4034 2790 4103 Quies
2819 4043 2978 4104 atque
3004 4033 3212 4089 deliciae
3259 4033 3311 4087 in
3355 4032 3491 4088 czelo

1896 4137 2170 4200 perpetuae
2212 4136 2469 4196 manent,
2518 4142 2734 4198 semper
2779 4127 3017 4182 immota:
3064 4135 3120 4182 et
3162 4127 3492 4181 immortales

1895 4223 2014 4277 sine
2035 4221 2142 4276 ullo
2169 4221 2276 4275 line
2303 4220 2390 4275 vel
2414 4220 2666 4275 termino.
2699 4218 2848 4274 Hanc
2867 4261 2881 4284 ,
2911 4217 3140 4274 obsecro
3164 4259 3177 4283 ,
3203 4219 3365 4272 vitam
3400 4217 3495 4273 de-

1896 4311 2215 4367 sideremus.
2245 4309 2299 4365 Si
2329 4311 2471 4364 enim
2495 4308 2666 4378 ipsam
2693 4309 2991 4378 cupiamus,
3025 4308 3225 4362 nu'.lam
3249 4321 3494 4378 praesen-

1897 4403 2030 4458 tium
2061 4402 2323 4458 rationem
2372 4401 2723 4466 habebimus,
2776 4401 2872 4456 sed
2903 4399 3016 4456 hzec
3045 4401 3225 4454 omnia
3269 4414 3492 4470 sperne-

1898 4508 2018 4549 mus
2065 4503 2121 4550 ct
2165 4493 2553 4549 deridehimus.
2614 4493 2839 4548 Etiamsi
2870 4494 2991 4564 quis
3034 4509 3133 4548 nos
3185 4494 3241 4547 in
3289 4495 3490 4564 regiam

1898 4591 2106 4652 evocet,
2129 4599 2236 4654 quo
2264 4583 2396 4638 nihil
2420 4583 2628 4639 beatius
2649 4583 3005 4647 existimatur,
3036 4598 3140 4638 non
3167 4599 3491 4650 annuemus,

1899 4675 1992 4730 tali
2033 4689 2226 4745 nempe
2271 4672 2388 4729 fulti
2416 4688 2550 4742 spe;
2581 4689 2704 4728 nam
2735 4673 2801 4728 iis
2821 4716 2835 4739 ,
2864 4676 2953 4744 qui
2985 4675 3275 4729 anlestium
3307 4691 3493 4730 amore

1899 4766 2039 4836 capti
2087 4773 2250 4831 sunt,
2280 4764 2331 4820 id
2368 4764 2474 4818 vile
2500 4773 2556 4819 et
2581 4765 2782 4820 nullius
2809 4764 2962 4834 pretii
3008 4775 3304 4836 reputatur.
3329 4765 3494 4833 Quid-

1899 4856 2027 4928 quid
2054 4856 2196 4912 enim
2245 4855 2404 4910 tinem
2454 4854 2647 4921 habet,
2679 4870 2784 4910 non
2814 4855 3100 4911 admodum
3129 4859 3493 4928 expetendum

1900 4955 1983 5003 est
2026 4964 2040 5000 :
2092 4946 2234 5016 quod
2284 4956 2494 5014 cessat,
2535 4956 2592 5002 et
2637 4945 2799 5003 hodie
2846 4955 2958 5015 est,
2998 4957 3052 5003 et
3095 4963 3216 5004 cras
3258 4948 3494 5018 desiuit,

1901 5038 2111 5094 etiamsi
2140 5039 2454 5105 maximum,
2486 5053 2739 5108 perquam
2769 5041 3044 5094 minimum
3073 5051 3128 5096 et
3148 5050 3497 5097 contemnen-

1901 5131 2027 5185 dum
2057 5130 2291 5185 videtur.
2311 5130 2394 5185 Ne
2420 5130 2581 5200 igitur
2605 5145 2667 5185 ea
2693 5134 2824 5201 qua!
2843 5131 3051 5202 fugiunt
3076 5143 3127 5188 et
3155 5133 3495 5200 dilabuntur,

1901 5220 1999 5277 sed
2024 5236 2144 5291 quae
2171 5221 2390 5276 immota
2420 5233 2641 5277 manent
2682 5231 2956 5278 sectemur
2981 5265 2995 5288 ,
3025 5233 3082 5278 ut
3113 5224 3205 5279 illa
3237 5228 3495 5296 consequi

1901 5315 2172 5384 possimus
2197 5355 2212 5379 ,
2241 5314 2410 5385 gratia
2441 5323 2496 5369 et
2541 5313 2872 5385 benignitate
2918 5314 3129 5370 Domini
3170 5317 3339 5371 nostri
3369 5317 3497 5373 Jesn

1901 5409 2132 5476 Christi,
2165 5426 2261 5480 per
2285 5425 2442 5481 quem
2470 5418 2524 5464 ct
2551 5423 2672 5464 eum
2697 5425 2805 5481 quo
2833 5409 2974 5465 Patri
3005 5410 3172 5482 gloria
3194 5453 3210 5480 ,
3233 5412 3497 5482 simulque

1902 5504 2120 5574 Spiritui
2147 5513 2334 5558 sancto
2357 5545 2372 5568 ,
2403 5517 2546 5558 nunc
2573 5511 2628 5558 et
2652 5518 2866 5574 semper
2885 5544 2900 5571 ,
2937 5511 2992 5559 et
3018 5503 3070 5558 in
3100 5503 3298 5561 szccula
3321 5518 3494 5561 saecl-

1901 5595 2096 5650 lorum.
2134 5596 2328 5650 Amen.

1967 5731 2079 5781 uin
2096 5732 2279 5782 habent
2303 5746 2316 5782 :
2346 5731 2459 5782 Ideo
2473 5731 2577 5782 haec
2600 5746 2630 5782 (ι
2657 5741 2751 5783 Deo
2777 5732 2850 5781 ria
2874 5737 3125 5792 vocantur,
3151 5733 3226 5783 ria
3245 5729 3363 5792 lata,
3386 5727 3490 5781 via-

1901 5807 1992 5858 quc
2015 5802 2216 5858 magnam
2235 5802 2281 5844 ct
2303 5797 2558 5859 angoribus
2581 5794 2740 5859 plena.
2768 5802 2949 5846 Futura
2967 5806 3096 5844 vero.
