4102 6482
642 378 741 436 231

1383 370 1442 426 S.
1467 366 1743 426 JOANNIS
1770 361 2236 422 CllRYSOSTOMI
2271 360 2589 420 ARClllEP.
2619 365 3143 427 CONSTANTl-NOP.
3787 383 3902 438 περ)

837 494 3918 534 .__________...________———————________..________

2014 567 2361 630 HOMILIA
2402 569 2596 632 XLV.

649 719 779 774 CAP.
826 718 877 774 6.
906 733 960 772 v.
1003 717 1092 774 28.
1136 716 1383 773 Dixerunt
1426 731 1542 786 ergo
1575 713 1643 768 ad
1693 728 1804 766 eum
1832 727 1850 764 :
1882 709 2017 776 Quid
2056 708 2215 780 facie-

719 827 829 862 mus
849 851 863 874 ,
897 818 951 863 ut
973 825 1234 878 operemur
1254 823 1407 876 opera
1435 805 1527 859 Dei
1540 805 1565 857 .’
1582 804 1671 858 29.
1696 801 1762 856 Et
1785 801 1913 855 dixit
1939 801 2009 855 eis
2028 798 2062 852 Ι1
2066 815 2179 854 esus
2198 813 2217 852 :

724 897 834 953 Hoc
861 908 932 952 est
959 915 1085 968 opus
1111 896 1236 963 Dei,
1263 906 1317 950 ut
1343 895 1555 949 credatis
1577 895 1628 946 in
1647 908 1762 945 eum
1781 907 1926 957 quem
1951 890 2085 943 misit
2107 888 2213 942 ille.

723 991 811 1047 30.
842 990 1091 1044 Dixerunt
1120 1005 1235 1058 ergo
1266 986 1310 1040 ei
1339 1004 1358 1037 :
1391 982 1538 1051 Quod
1553 998 1671 1053 ergo
1694 990 1747 1034 tu
1763 981 1890 1052 facis
1913 980 2130 1050 signum,
2163 986 2216 1031 ut

719 1085 974 1138 videamus
999 1093 1046 1135 et
1065 1081 1328 1134 credamus
1350 1078 1436 1131 tibi
1454 1074 1479 1129 .9
1497 1075 1621 1145 quid
1654 1074 1878 1143 operaris
1892 1073 1918 1125 Ρ

718 1176 768 1228 1.
800 1170 946 1228 Culte
971 1173 1233 1244 pernicies.
1265 1199 1335 1210 —
1359 1168 1501 1223 Nihil
1522 1167 1642 1236 gula
1667 1165 1922 1230 deterius,
1950 1161 2081 1218 nihil
2106 1170 2218 1216 tur-

647 1267 783 1333 pius.
809 1265 931 1320 llaec
960 1264 1207 1318 obtusum
1230 1270 1284 1316 et
1306 1273 1542 1316 crassum
1567 1257 1853 1340 ingenium,
1878 1251 1994 1308 haec
2021 1266 2216 1353 carna-

643 1360 746 1411 lem
769 1358 996 1411 animam
1029 1355 1221 1421 reddit,
1252 1353 1366 1407 lucc
1381 1359 1630 1415 excaecat,
1662 1362 1758 1403 nec
1777 1347 1902 1400 sinit
1925 1347 2213 1413 respicere.

643 1447 1021 1502 Animadverte
1060 1444 1328 1516 quomodo
1369 1443 1483 1497 ιιωο
1506 1440 1703 1496 Judaeis
1744 1435 2051 1537 acciderint.

642 1537 785 1591 enim
811 1537 946 1606 gulae
976 1535 1261 1596 inhiantes.
1295 1531 1572 1588 smcularia
1597 1529 1766 1586 solum
1793 1527 2027 1626 nihilque
2053 1527 2214 1626 spiri-

642 1627 784 1680 tuale
803 1626 1117 1695 cogitarent;
1149 1622 1332 1677 multis
1365 1621 1481 1675 illos
1520 1618 1761 1673 Christus
1781 1616 1956 1670 verbis
1982 1616 2212 1680 excitat,

640 1715 928 1770 acrimonia
955 1724 1008 1770 et
1035 1712 1355 1785 indulgentia
1386 1711 1577 1780 plenis.
1601 1707 1783 1779 Neque
1809 1717 1984 1763 tamen
2016 1708 2092 1761 sic
2117 1723 2213 1761 ex-

641 1808 892 1874 citantur,
936 1807 1027 1861 sed
1070 1804 1247 1860 adhuc
1294 1802 1436 1857 humi
1483 1802 1681 1870 jacent.
1713 1800 1960 1854 Animum
1987 1797 2210 1860 adhibe,

638 1912 853 1964 qttaiso;
881 1896 1086 1950 dixerat
1124 1895 1202 1951 eis
1231 1911 1245 1949 :
1272 1892 1510 1959 Quwritis
1557 1906 1635 1943 me
1657 1931 1670 1955 ,
1700 1907 1800 1943 non
1849 1890 1968 1960 quia
2021 1887 2213 1989 uidistis

638 1988 802 2056 signa,
826 1987 912 2039 sed
932 1987 1048 2055 quia
1065 1984 1404 2037 manducastis
1429 1998 1490 2034 ea:
1513 1980 1740 2049 panibus,
1766 1989 1811 2032 et
1834 1979 2050 2032 saturati
2073 1979 2209 2032 estis.

640 2076 857 2131 lacessit
901 2077 1018 2131 illos
1059 2075 1327 2146 arguendo
1353 2093 1365 2126 :
1391 2071 1624 2127 ostendit
1677 2085 1919 2138 quamam
1975 2071 2045 2124 sit
2088 2083 2210 2123 esea

638 2167 942 2236 qua‘renda,
973 2183 1090 2221 cum
1122 2167 1215 2231 ait,
1249 2163 1554 2234 Operemini,
1602 2178 1700 2213 non
1729 2161 1890 2214 cibum
1917 2161 2001 2230 qui
2034 2160 2160 2229 perit
2193 2175 2212 2213 :

639 2258 786 2311 addit
821 2259 1092 2327 praemium
1121 2257 1204 2311 bis
1232 2255 1427 2320 verbis,
1461 2253 1564 2309 Sed
1588 2254 1671 2323 qui
1700 2263 1951 2322 permanet
1980 2255 2030 2307 in
2060 2253 2210 2306 vitam

641 2360 876 2400 wternam
911 2365 928 2400 :
953 2347 1144 2402 deinde
1168 2362 1354 2402 eorum
1386 2346 1672 2414 objectioni
1704 2345 1948 2409 occurrit,
1982 2344 2209 2400 dicendo

639 2453 697 2490 se
723 2453 751 2490 a
778 2438 934 2493 Patre
955 2438 1172 2492 missum
1202 2451 1319 2491 esse
1341 2437 1438 2506 (a).
1472 2435 1607 2518 Quid
1633 2451 1760 2506 ergo
1790 2435 1902 2490 i'li?
1930 2436 2087 2501 Quasi
2125 2435 2208 2490 ni-

641 2527 711 2579 hil
735 2527 1028 2594 audissent,
1060 2526 1196 2591 Quid
1225 2544 1341 2597 ergo
1379 2528 1640 2596 faciemus,
1668 2526 1927 2596 inquiunt,
1952 2537 2002 2578 ut
2032 2543 2208 2595 opere-

637 2633 751 2668 ntur
778 2633 930 2684 opera
956 2617 1088 2671 Dei?
1113 2617 1236 2671 llaac
1259 2632 1419 2686 porro
1444 2617 1711 2684 dicebant,
1740 2634 1845 2672 non
1866 2627 1919 2671 ut
1943 2619 2211 2674 discerent

635 2715 689 2760 et
719 2706 970 2773 facerent,
1001 2716 1056 2761 ut
1075 2707 1348 2776 sequentia
1380 2707 1699 2774 ostendunt;
1723 2708 1814 2762 sed
1848 2717 1904 2762 ut
1929 2723 2112 2763 rursus
2140 2709 2205 2762 ad

633 2797 807 2851 cibum
835 2796 1172 2867 prwbeudum
1191 2797 1522 2864 inducerent,
1549 2808 1602 2852 et
1625 2799 1798 2853 denuo
1817 2808 2202 2854 satumrentur.

633 2887 767 2954 Quid
795 2903 920 2958 ergo
957 2887 1239 2942 Christus?
1268 2887 1378 2940 Hoc
1420 2898 1490 2940 est
1517 2904 1642 2956 opus
1673 2886 1788 2953 Dei,
1816 2897 1867 2940 ut
1892 2890 2108 2943 credatis
2152 2891 2204 2943 in

633 2996 748 3031 eum
776 2995 921 3048 quem
949 2979 1082 3031 misit
1107 2979 1209 3031 ille.
1248 2978 1327 3032 Ad
1362 2978 1474 3032 ιιωο
1503 2978 1574 3031 illi
1607 2996 1620 3031 :
1653 2979 1800 3043 Quod
1824 2980 2023 3050 signum
2055 2983 2200 3050 facis,

634 3081 688 3123 ut
715 3071 966 3122 videamus
993 3078 1037 3121 et
1065 3069 1367 3121 credamus?
1389 3071 1444 3121 3|
1462 3106 1474 3120 .
1510 3066 1690 3122 Patres
1719 3070 1875 3122 nostri
1921 3073 2203 3126 manduca-

632 3169 803 3214 uerunt
826 3176 1007 3212 manna
1054 3159 1106 3212 in
1145 3159 1359 3212 deserto.
1390 3159 1529 3214 Nihil
1561 3161 1643 3214 his
1691 3160 2042 3230 insipientius,
2071 3165 2202 3220 nihil

630 3251 860 3306 stultius.
884 3249 1014 3306 Cum
1045 3251 1252 3320 signum
1275 3251 1446 3306 adhuc
1471 3253 1520 3306 in
1549 3253 1716 3306 oculis
1739 3264 1897 3318 esset,
1925 3270 1987 3310 ac
2007 3258 2050 3310 si
2082 3258 2200 3311 nul-

631 3344 738 3396 lum
763 3340 955 3395 factum
983 3350 1143 3406 esset,
1163 3339 1426 3407 dicebant,
1455 3341 1603 3408 Quod
1630 3344 1828 3414 signum
1846 3345 2008 3415 facis?
2030 3361 2201 3417 neque

637 3432 736 3501 ipsi
765 3433 1030 3500 optionem
1075 3431 1210 3501 signi
1237 3431 1570 3501 relinquunt;
1601 3433 1693 3488 sed
1723 3443 1906 3503 putant
1933 3450 1989 3489 se
2009 3437 2075 3490 ad
2106 3453 2200 3492 ne-

627 3529 924 3581 cessitatem
955 3527 1100 3580 illum
1133 3526 1446 3581 reducturos
1463 3541 1601 3594 esse,
1629 3537 1684 3582 ut
1709 3543 1812 3584 non
1829 3529 1972 3585 aliud
1994 3530 2200 3601 signum

628 3618 842 3683 faceret,
903 3633 1060 3688 quam
1111 3618 1250 3687 quod
1305 3619 1568 3688 majorum
1623 3635 1838 3676 suorum
1870 3626 2200 3693 temporibus

629 3711 822 3765 factmn
843 3722 944 3764 est.
973 3711 1095 3764 ldeo
1119 3711 1298 3765 dicunt
1328 3729 1340 3763 :
1370 3709 1551 3764 Patres
1595 3713 1750 3766 nostri
1776 3714 2201 3769 manducaverunt

629 3818 812 3853 manna
839 3800 887 3854 in
910 3800 1140 3862 deserto;
1163 3799 1443 3877 hoc-modo
1470 3815 1528 3854 se
1557 3801 1702 3854 illuni
1733 3802 2055 3859 excitaturus
2082 3822 2199 3861 esse

626 3900 890 3962 putantes,
939 3903 988 3946 ut
1048 3890 1346 3959 lmjusmodi
1398 3891 1602 3961 signum
1638 3893 1852 3961 faceret,
1902 3897 2041 3964 quod
2083 3899 2198 3953 illos

624 3984 907 4037 carnaliter
951 3981 1094 4037 alere
1121 3991 1322 4051 posset.
1352 3983 1457 4037 Cur
1488 3984 1627 4038 enim
1659 4001 1762 4039 non
1795 3985 1932 4042 aliud
1956 4003 2018 4043 cx
2051 3992 2196 4060 prio-

627 4073 772 4127 ribus
809 4074 972 4141 signis
1012 4083 1496 4128 commemorarunt
1521 4095 1532 4126 :
1557 4076 1656 4129 etsi
1687 4078 1849 4131 multa
1895 4087 2018 4133 tunc
2067 4084 2196 4136 facta

626 4165 844 4218 fuissent
883 4165 933 4216 in
963 4163 1213 4233 Egypto,
1247 4164 1297 4217 in
1331 4165 1484 4229 mari,
1515 4166 1564 4218 in
1596 4165 1841 4234 deserto;
1883 4169 1975 4222 sed
2023 4173 2194 4224 solum

624 4269 812 4307 manna
847 4252 1160 4322 proferunt?
1189 4269 1362 4306 annon
1391 4255 1511 4322 quia
1537 4255 1739 4309 ventris
1779 4258 2055 4325 tyrannide
2100 4261 2196 4313 ad-

625 4345 834 4398 modum
855 4343 1206 4413 teuebantur?
1231 4345 1506 4410 Quomodo
1532 4355 1705 4400 autem
1731 4362 1824 4400 vos
1854 4351 1940 4417 qui
1967 4352 2198 4419 prephe—

625 4446 728 4489 tam
760 4422 902 4487 iﬂitm
932 4435 1175 4498 vocastis,
1213 4435 1298 4503 qui
1333 4451 1509 4504 regem
1541 4437 1708 4505 ipsum
1755 4441 2082 4495 constituere
2106 4461 2198 4494 vn—

624 4527 812 4590 luistis,
836 4526 954 4594 quia
984 4526 1188 4593 signum
1220 4525 1488 4593 videretis,
1523 4544 1664 4582 nunc
1684 4545 1745 4583 ac
1771 4532 1816 4585 si
1847 4533 1973 4586 nihil
1999 4534 2193 4591 factum

620 4620 707 4671 sit.
738 4617 925 4687 ingrati
945 4625 998 4670 ct
1029 4615 1207 4685 perfidi
1233 4618 1379 4681 estis,
1429 4627 1482 4672 et
1527 4620 1733 4688 signum
1763 4623 1959 4689 petitis,
1991 4628 2193 4693 parasi-

623 4718 794 4762 torum
817 4717 869 4759 et
889 4722 1076 4760 canunt
1106 4709 1461 4762 famelicorum
1486 4725 1666 4765 vocem
1694 4712 1995 4768 etnittentes
2014 4718 2036 4765 ‘t
2057 4733 2196 4772 nunc

622 4798 773 4852 vobis
802 4813 991 4850 manna
1017 4798 1350 4852 admirationi
1379 4807 1480 4862 est,
1504 4815 1622 4854 cmn
1644 4803 1814 4856 anima
1849 4815 2018 4860 vestra
2056 4808 2190 4861 ἀνί]-

623 4891 694 4943 cit
721 4889 776 4940 ‘?
812 4887 876 4941 Et
907 4887 1120 4941 adverte
1149 4890 1389 4943 ironiam.
1418 4890 1530 4944 Non
1560 4892 1824 4959 dixerunt,
1855 4895 2063 4966 Moyses
2096 4901 2196 4954 hoc

622 4982 741 5037 fecit
769 4982 998 5050 signum,
1030 4989 1082 5033 tu
1114 4982 1235 5048 quid
1265 4982 1426 5037 facis?
1449 5001 1514 5038 ne
1543 4985 1686 5039 illum
1710 4988 2074 5053 concitarent;
2101 4993 2192 5046 sed

621 5073 909 5129 honorifice
947 5071 1230 5127 admodum
1286 5076 1627 5144 compellant,
1669 5077 1841 5132 cibum
1885 5090 2194 5149 exspectau-

683 5206 755 5277 (τι)
790 5204 1166 5286 otl'eudebantur
1188 5205 1335 5286 audaci
1361 5207 1494 5280 quod
1515 5217 1741 5286 putarent
1765 5210 2008 5286 Christum
2033 5225 2095 5286 es
2119 5227 2184 5264 se

622 5269 832 5328 mctipso
857 5274 908 5314 et
944 5281 1005 5314 ex
1025 5269 1524 5334 auctoritatepropria
1550 5270 1676 5332 loqui
1709 5274 1867 5334 {quod
1895 5274 2085 5323 etiamsi
2115 5290 2196 5326 ve-

622 5343 724 5375 itun
751 5334 898 5392 esset.
922 5335 1126 5392 ittstepe
1149 5329 1263 5378 dicit
1287 5328 1681 5392 Cltry'sostomus,
1708 5328 1924 5383 Christus
1954 5343 2115 5385 tamen
2138 5339 2197 5387 il-

619 5393 771 5437 lorum
799 5387 1120 5460 imbecillitati
1144 5403 1199 5438 se
1227 5387 1582 5460 attetuperaus,
1610 5387 1716 5460 eum
1755 5395 1964 5444 nondum
2005 5407 2194 5460 tempus

617 5461 650 5499 e.
674 5459 754 5498 .set
797 5450 1097 5498 divinitatem
1134 5463 1265 5497 suam
1311 5450 1666 5508 manifesta-indi.
1693 5468 1749 5504 se
1787 5470 1813 5504 a
1853 5465 1952 5506 Deo
1977 5466 2029 5507 et
2054 5450 2190 5511 Patre

621 5511 1029 5579 missi-tmdicebat
1047 5549 1059 5570 ,
1085 5512 1211 5579 quod
1236 5513 1429 5579 quidem
1455 5516 1758 5565 verissimum
1784 5526 1922 5579 erat;
1948 5521 2035 5568 sed
2063 5531 2195 5572 tace-

617 5573 699 5620 bat
723 5571 935 5641 illud,_se
955 5586 1047 5641 non
1084 5571 1234 5622 Patris
1254 5571 1411 5641 modo,
1447 5579 1533 5624 sed
1558 5592 1645 5626 sua
1669 5593 1865 5641 quoque
1900 5571 2191 5634 auctoritate

617 5635 825 5703 operari.
863 5632 966 5684 Hoc
1008 5635 1161 5696 ipsum
1193 5649 1287 5683 non
1322 5634 1457 5695 facit,
1499 5653 1608 5687 cum
1648 5632 1704 5689 se
1737 5632 1946 5690 a'l‘atre
1994 5632 2192 5695 missum

619 5698 747 5745 dicit.

685 5758 698 5786 ³
735 5756 872 5824 savii.
901 5755 1039 5819 legit.
1065 5771 1190 5830 nunc
1214 5757 1339 5830 robis
1372 5774 1542 5812 numne
1581 5763 1890 5816 admirationi
1921 5774 1990 5817 est
2019 5766 2043 5818 ἔ)
2068 5768 2179 5830 jam

611 5825 708 5865 uoti
730 5816 891 5868 anima
911 5816 1062 5869 vestra
1085 5819 1263 5885 de/icit.

2325 717 2423 764 tes.
2457 710 2638 781 Neque
2662 712 2819 768 etiam
2871 715 3140 787 dixerunt,
3173 721 3311 780 Deus
3341 724 3441 782 hoc
3496 728 3632 785 fecit.
3674 741 3726 787 tu
3769 749 3918 790 vero

2321 799 2447 870 quid
2502 802 2673 857 facis?
2726 820 2792 860 ne
2839 805 3147 866 viderentur
3205 813 3350 868 illum
3407 818 3515 874 Deo
3580 837 3913 895 estquam;

2323 906 2496 961 neque
2520 889 2754 966 Moysem
2781 909 3098 970 memorant,
3143 919 3211 958 ne
3251 905 3535 964 videantur
3560 909 3914 973 humiliorem

2321 980 2496 1038 facere
2517 1001 2531 1050 ;
2555 985 2647 1040 sed
2677 986 2732 1041 in
2757 991 2932 1044 medio
2957 991 3008 1046 id
3045 1008 3356 1064 posuerunt,
3405 999 3642 1059 dicentes
3669 1024 3682 1059 :
3715 1005 3916 1065 Patres

2321 1077 2481 1128 nostri
2508 1075 2932 1135 manducauerunt
2968 1100 3152 1139 manna
3177 1087 3228 1141 in
3251 1088 3466 1148 deserto.
3512 1094 3727 1152 Poterat
3771 1116 3914 1156 vero

2319 1163 2562 1222 Christus
2588 1167 2788 1237 dicere,
2811 1171 2979 1243 Majus
3021 1191 3161 1231 nunc
3188 1178 3498 1238 miraculum
3546 1186 3708 1255 edidi,
3737 1206 3911 1261 quam

2320 1253 2547 1328 Moyses,
2579 1275 2676 1316 nec
2708 1263 2850 1334 virga
2872 1307 2887 1332 ,
2921 1282 3021 1322 nec
3068 1272 3376 1339 precatione
3410 1291 3544 1346 Opus
3576 1253 3770 1349 habeo,
3801 1286 3910 1340 sed

2319 1350 2493 1402 omnia
2522 1366 2551 1403 a
2574 1352 2777 1422 meipso
2807 1353 2905 1411 feci
2937 1375 2951 1411 :
2978 1360 3119 1426 quod
3152 1363 3195 1416 si
3224 1379 3416 1419 manna
3443 1376 3911 1445 commemoratis,

2319 1452 2444 1495 ecce
2467 1456 2663 1509 panem
2709 1446 2858 1501 vobis
2889 1450 3106 1518 praebui.
3137 1451 3333 1510 Verum
3370 1474 3473 1513 non
3507 1469 3636 1518 tunc
3689 1475 3912 1537 tempus

2318 1541 2432 1584 erat
2476 1533 2544 1587 ita
2575 1532 2846 1605 loquendi,
2878 1540 2972 1595 sed
3001 1559 3161 1599 unum
3199 1549 3438 1618 curabat,
3470 1561 3528 1606 ut
3555 1553 3672 1610 illos
3700 1558 3766 1613 ad
3791 1532 3913 1630 spi-

2318 1620 2559 1676 ritualem
2599 1626 2773 1681 cibum
2814 1628 3120 1689 deduceret.
3178 1634 3243 1691 Et
3287 1640 3406 1696 vide
3449 1659 3604 1712 quam
3638 1620 3905 1705 immeiisa

2316 1725 2433 1764 cum
2461 1715 2737 1782 prudentia
2769 1724 3082 1790 respondeat
3115 1744 3127 1779 :
3157 1723 3248 1784 32.
3282 1730 3404 1786 Non
3427 1733 3626 1805 Moyses
3652 1739 3790 1793 dedit
3809 1757 3908 1796 vo-

2316 1801 2388 1855 bis
2410 1821 2589 1873 panem
2615 1808 2678 1861 de
2701 1811 2840 1876 creto,
2889 1814 2979 1866 sed
3000 1813 3158 1871 Pater
3193 1835 3331 1875 meus
3361 1822 3449 1876 dat
3472 1801 3608 1880 vobis
3635 1846 3816 1898 panem
3838 1829 3910 1886 de

2316 1896 2440 1950 caelo
2480 1914 2666 1952 verum.
2704 1901 2810 1956 Cur
2841 1921 2945 1959 non
2974 1907 3125 1976 dixit,
3173 1909 3289 1966 Non
3340 1914 3549 1986 Moyses
3599 1896 3766 1988 dedit,
3801 1922 3906 1981 sed

2316 2001 2415 2056 ego
2439 2004 2452 2052 ;
2474 1989 2567 2043 sed
2597 2006 2692 2059 pro
2718 1992 2896 2066 Moyse
2922 1996 3105 2063 Deum,
3149 2017 3245 2070 pro
3294 2019 3482 2059 manna
3514 2009 3750 2079 seipsum
3799 2028 3908 2082 pn-

2315 2079 2453 2133 suit?
2477 2079 2608 2145 Quia
2641 2086 2801 2140 multa
2829 2099 2945 2142 erat
2985 2092 3284 2150 auditorum
3332 2099 3700 2168 imbecillitas,
3749 2079 3903 2161 tit-ex

2313 2172 2660 2240 sequentibus
2689 2176 2869 2247 liquet.
2920 2179 3126 2237 Etenim
3159 2201 3258 2240 non
3288 2188 3406 2245 illos
3437 2189 3520 2247 his
3552 2192 3730 2251 verbis
3748 2198 3906 2252 cohi-

2313 2257 2445 2325 buit,
2468 2265 2678 2318 tametsi
2728 2264 2877 2322 initio
2904 2269 3127 2338 dixerat,
3165 2275 3401 2342 Quaeritis
3425 2298 3521 2347 me,
3552 2301 3652 2337 non
3678 2284 3796 2354 quia
3823 2286 3906 2340 ui-

2313 2352 2457 2408 distis
2475 2355 2639 2425 signa,
2668 2357 2757 2411 sed
2776 2362 2894 2424 quia
2915 2366 3199 2421 comedistis
3217 2385 3279 2423 ex
3307 2370 3522 2440 panibus
3560 2390 3578 2428 :
3604 2386 3648 2430 et
3677 2352 3902 2433 saturati

2311 2445 2447 2498 estis.
2477 2446 2606 2514 Quia
2635 2463 2760 2505 vero
2788 2451 2839 2506 id
2867 2456 3198 2523 quaerebant,
3230 2459 3282 2514 in
3305 2466 3652 2532 sequentibus
3682 2485 3904 2540 quoque

2313 2533 2459 2604 ipsos
2481 2543 2732 2608 correxit,
2764 2557 2934 2613 neque
2977 2555 3150 2603 tamen
3197 2551 3272 2606 illi
3325 2554 3663 2615 destiterunt.
3696 2533 3900 2622 Merum

2311 2643 2430 2682 eum
2459 2629 2802 2688 Samaritana:
2832 2650 2890 2690 se
2915 2652 3105 2707 aquam
3133 2640 3376 2699 daturum
3405 2649 3762 2722 polliceretur,
3789 2655 3902 2713 Pa-

2311 2730 2444 2776 trem
2473 2739 2576 2777 non
2603 2731 2936 2796 memoravit,
2961 2731 3054 2786 sed
3084 2734 3154 2787 ita
3196 2736 3448 2808 loquutus
3477 2753 3597 2799 est:
3624 2747 3686 2802 Si
3739 2753 3901 2810 scires

2307 2814 2418 2882 quis
2439 2824 2510 2868 est
2533 2817 2619 2883 qui
2638 2818 2758 2871 dicit
2781 2820 2889 2886 tibi,
2918 2820 3001 2876 Da
3027 2825 3151 2879 mihi
3168 2827 3350 2898 bibere,
3375 2842 3429 2885 tu
3451 2834 3665 2902 forsitan
3681 2842 3897 2910 petisses

2306 2906 2368 2958 ab
2396 2923 2475 2971 eo,
2504 2917 2550 2960 et
2579 2909 2793 2964 dedisset
2816 2913 2904 2966 tibi
2942 2931 3127 2987 aquam
3157 2921 3316 2976 vivam
3341 2940 3359 2988 ;
3397 2934 3453 2980 et
3503 2906 3709 2996 rursus,
3743 2934 3900 3004 Aqua

2307 3013 2456 3066 quam
2500 3016 2589 3067 ego
2618 2999 2784 3065 dabo;
2821 3017 2920 3058 nec
2966 3009 3188 3064 remittit
3239 3013 3304 3067 ad
3353 3013 3589 3075 Patrem.
3640 3021 3733 3077 llic
3762 2999 3900 3081 vero

2307 3087 2517 3143 Patrem
2546 3105 2820 3160 memorat,
2867 3106 2925 3151 ut
2959 3098 3133 3156 discas
3159 3117 3357 3180 quanta
3375 3120 3519 3165 esset
3543 3113 3898 3174 Samaritana:

2307 3179 2473 3243 ﬁdes,
2507 3193 2700 3251 quanta
2752 3186 3056 3245 Judieorum
3106 3179 3460 3254 imbecillitas.
3488 3201 3604 3257 Non
3647 3222 3774 3276 ergo
3821 3209 3899 3266 de

2304 3271 2435 3324 caelo
2485 3288 2675 3327 manna
2729 3290 2844 3331 erat
2873 3297 2886 3332 :
2917 3284 3186 3351 quomodo
3239 3287 3397 3357 igitur
3445 3291 3512 3346 de
3539 3295 3668 3348 casio
3697 3271 3900 3355 dicitur

2304 3363 2457 3415 esse?
2491 3361 2946 3427 Quemadmodum
2988 3370 3227 3428 Volucres
3256 3380 3368 3432 ereti
3395 3381 3414 3450 (
3432 3380 3574 3436 Psal.
3599 3385 3652 3440 8.
3681 3385 3774 3455 9),
3808 3388 3900 3443 di-

2303 3453 2374 3504 cit
2395 3452 2700 3521 Scriptura;
2730 3472 2792 3512 ac
2818 3475 3050 3529 rursum,
3081 3465 3145 3517 Et
3170 3467 3389 3524 intonuit
3429 3473 3491 3527 de
3540 3478 3663 3531 caelo
3702 3477 3898 3535 Domi-

2305 3557 2398 3594 nus
2425 3541 2604 3613 (Psal.
2637 3547 2722 3600 l7.
2750 3549 2814 3602 14
2839 3549 2876 3617 ).
2903 3551 3297 3638 Panemautem
3324 3577 3508 3618 verum
3536 3578 3689 3621 \‘0Cat
3717 3569 3896 3638 illum,

2307 3649 2410 3689 non
2441 3638 2578 3704 quod
2604 3637 2791 3692 falsum
2812 3654 2953 3697 esset
2976 3633 3287 3704 miraculum
3308 3653 3372 3708 de
3395 3661 3718 3726 manna,sed
3749 3678 3896 3732 quo-

2306 3728 2444 3780 niam
2493 3732 2592 3784 hoc
2649 3741 2803 3801 typus
2844 3746 2977 3800 erat,
3027 3754 3130 3791 non
3187 3741 3299 3810 ipsa
3344 3748 3556 3802 veritas.
3601 3749 3730 3805 Cum
3761 3771 3899 3810 vero

2302 3817 2495 3890 Moysis
2519 3823 2864 3889 meminisset,
2893 3842 2995 3880 non
3020 3843 3076 3883 se
3103 3831 3176 3884 illi
3197 3837 3425 3900 praetulit
3450 3855 3462 3901 ;
3489 3841 3719 3895 nondum
3742 3845 3896 3901 enim

2303 3909 2472 3976 ipsum
2510 3911 2673 3981 Moysi
2704 3915 3089 3984 atttefcrehant,
3125 3923 3230 3975 into
3254 3923 3487 3995 Moysem
3516 3929 3689 3987 adhuc
3720 3935 3899 4004 majo-

2301 4015 2411 4054 rem
2445 4003 2714 4069 putabant.
2748 4005 2869 4061 ldeo
2899 4023 3017 4061 eum
3048 4011 3286 4078 dixisset,
3328 4015 3448 4071 Non
3494 4020 3699 4092 Moyses
3725 4025 3895 4094 dedit,

2301 4107 2406 4146 non
2437 4093 2653 4162 adjecit,
2684 4097 2792 4166 Ego
2815 4099 2902 4163 do,
2929 4101 3021 4155 sed
3049 4103 3255 4160 Patrem
3281 4108 3411 4164 dare
3439 4111 3586 4167 dicit.
3619 4115 3752 4170 Tum
3782 4093 3892 4186 illi,

2302 4181 2382 4234 Da
2412 4185 2552 4237 nobis
2569 4203 2748 4254 panem
2778 4189 2908 4242 hunc
2937 4193 3004 4242 ad
3026 4195 3454 4252 manducandum.
3507 4205 3697 4260 Adhuc
3740 4210 3892 4265 enim

2302 4288 2414 4326 rem
2445 4289 2563 4328 esse
2589 4279 2844 4333 sensilem
2866 4284 3135 4349 putabant,
3169 4287 3340 4343 adhuc
3373 4303 3612 4348 ventrem
3662 4300 3895 4367 implere

2301 4366 2677 4431 exspectabant
2709 4387 2723 4422 :
2755 4371 2949 4426 ideirco
2975 4377 3129 4432 citius
3150 4395 3517 4439 occurrerunt.
3568 4388 3703 4453 Quid
3754 4409 3894 4463 ergo

2300 4454 2586 4510 Christus?
2613 4457 2734 4512 Illos
2766 4464 3016 4529 paulatim
3039 4469 3252 4538 erigens
3288 4473 3470 4543 adjicit
3523 4496 3535 4530 :
3581 4479 3671 4534 55.
3723 4454 3896 4536 Pariis

2302 4544 2398 4599 Dei
2421 4550 2599 4618 estqui
2629 4551 2886 4607 descendit
2911 4556 2974 4608 de
3001 4559 3144 4625 ca'lo,
3172 4571 3216 4612 et
3243 4562 3329 4616 dat
3355 4566 3504 4618 vitam
3531 4569 3756 4635 mundo;
3777 4587 3892 4630 non

2298 4636 2498 4691 Juda-is
2528 4650 2751 4712 tantum,
2783 4645 2875 4698 sed
2902 4647 3149 4704 universo
3176 4653 3311 4718 orbi,
3342 4655 3530 4726 inquit.
3561 4659 3742 4730 Neque
3765 4664 3894 4719 sim-

2299 4729 2505 4796 pliciter
2533 4733 2730 4800 cibum,
2766 4736 2857 4790 sed
2890 4739 3047 4792 vitam
3071 4741 3442 4802 dieitalteram
3490 4757 3545 4804 et
3592 4729 3890 4812 diversam.

2301 4819 2470 4873 Vitam
2520 4834 2694 4878 autem
2726 4825 2870 4890 dicit,
2930 4831 3053 4897 quia
3103 4847 3290 4889 omnes
3336 4842 3531 4896 mortui
3583 4856 3753 4899 erant.
3800 4845 3888 4903 llli

2299 4926 2424 4965 vero
2449 4913 2619 4967 adhuc
2647 4925 2802 4971 terra:
2852 4919 3129 4976 adhaerent
3156 4941 3216 4981 ac
3245 4927 3429 4985 dicunt
3451 4947 3464 4984 :
3490 4932 3578 4987 54.
3607 4933 3688 4989 Da
3739 4937 3891 4993 nobis

2299 5002 2431 5056 hunc
2454 5021 2652 5071 panem.
2679 5009 2865 5078 Arguit
2890 5024 3066 5068 autem
3090 5016 3208 5072 illos
3233 5022 3372 5090 quod
3399 5025 3650 5093 quamdiu
3696 5028 3881 5082 sensi-

2297 5092 2402 5147 lem
2450 5099 2849 5165 suspicabantnr
2891 5119 3010 5160 esse
3060 5123 3321 5175 mensam,
3346 5116 3702 5181 aecurrerint;
3758 5133 3888 5174 eum

2296 5189 2470 5234 autem
2503 5181 2802 5239 didicerunt
2828 5203 3067 5243 mensam
3099 5207 3218 5247 esse
3238 5197 3595 5263 Spiritualem,
3634 5200 3743 5268 jam
3774 5215 3891 5259 non

2296 5275 2580 5339 accedant;
2607 5276 2840 5345 dicitque
2865 5297 2878 5330 :
2902 5281 2989 5335 55.
3013 5281 3124 5352 Ego
3151 5303 3262 5340 sum
3289 5290 3438 5355 panis
3464 5292 3577 5345 vitta
3599 5307 3619 5346 :
3645 5293 3732 5362 qui
3750 5296 3892 5350 venit

2295 5365 2362 5417 ad
2392 5383 2485 5428 me,
2517 5383 2614 5419 non
2637 5371 2854 5430 esuriet;
2887 5382 2930 5423 et
2957 5374 3042 5441 qui
3075 5377 3229 5429 credit
3257 5381 3307 5431 in
3338 5397 3415 5432 me
3435 5423 3448 5445 ,
3484 5399 3582 5435 non
3611 5384 3742 5438 sitiet
3763 5401 3891 5438 uns-

2295 5472 2467 5523 quam.
2496 5457 2584 5512 56.
2620 5458 2726 5512 Sed
2753 5463 2863 5516 dixi
2892 5465 3184 5536 uobis,quia
3223 5481 3271 5522 et
3310 5472 3505 5526 vidistis
3552 5491 3658 5541 me,
3709 5485 3756 5529 et
3780 5493 3892 5534 non

2294 5549 2491 5602 creditis
2535 5551 2675 5603 ini/ti.

2364 5641 2397 5693 ἓ
2456 5641 2567 5704 Qua
2596 5655 2757 5697 mente
2780 5644 3009 5701 Christus
3051 5667 3196 5704 suum
3233 5654 3566 5711 testimonium
3610 5675 3641 5712 a
3675 5661 3885 5717 nemine

2293 5733 2454 5800 accipi
2499 5732 2695 5788 Judwis
2732 5738 2932 5792 diceret.
2963 5740 3118 5796 Panis
3142 5745 3258 5798 vita
3294 5749 3418 5816 quid
3460 5751 3541 5803 sit.
3565 5781 3637 5793 —
3665 5752 3776 5807 lloc
3824 5766 3889 5812 et

2294 5823 2526 5880 Joannes
2553 5829 2797 5898 superius
2826 5829 3006 5888 dicere
3050 5845 3398 5905 praeverterat
3423 5859 3435 5896 :
3468 5841 3618 5909 Quod
3643 5846 3780 5900 novit
3799 5844 3884 5899 to-
