4084 6476
181 466 279 524 απ

183 582 361 650 quitur,
385 587 432 633 et
468 576 606 649 quod
644 573 769 629 sidit
811 569 1139 639 testiﬁcatur,
1185 576 1230 622 et
1273 565 1622 664 testimonizmr
1660 563 1770 664 ejus

181 687 315 724 nemo
336 671 541 737 accipit.
568 667 634 722 Et
667 679 853 720 rursus
877 660 1122 717 Christus
1155 675 1171 712 :
1207 657 1357 725 Quod
1390 657 1576 710 scimus
1605 655 1770 723 loqui-

182 777 302 824 inur,
337 759 539 828 etquod
559 757 776 811 vidimus
806 761 1071 817 testamur,
1101 759 1147 803 et
1179 747 1516 802 testimonium
1544 755 1772 799 nostrum

182 869 273 907 non
299 851 532 921 accipitis
556 850 589 903 ί.
620 845 863 914 Illudque
898 844 1027 914 agit,
1084 850 1141 896 ut
1188 847 1519 910 prazmoneat
1543 839 1687 896 illos.
1718 845 1772 891 ct

182 941 442 1008 ostendat,
468 957 528 996 se
557 954 661 994 non
690 937 777 992 illa
801 951 860 992 re
890 934 1118 999 turbari,
1162 948 1337 1002 neque
1356 931 1587 1002 gloriam
1620 944 1769 1000 quae-

183 1052 316 1100 rere,
345 1035 428 1090 vel
476 1034 722 1104 ignorare
773 1038 982 1083 secreta
1013 1025 1206 1081 mentis
1245 1039 1462 1089 eorum,
1500 1023 1611 1078 sive
1639 1037 1773 1090 prte-

179 1127 364 1190 scutia,
391 1127 507 1181 sive
539 1125 733 1177 futura.
765 1118 879 1190 Ego
905 1135 1014 1173 sum
1039 1118 1186 1188 panis
1216 1117 1348 1170 vitta.
1380 1114 1499 1170 Jam
1549 1115 1601 1168 in
1654 1129 1772 1184 my-

178 1220 458 1276 steriorum
515 1210 856 1269 traditionem
913 1219 1172 1265 venturus
1229 1218 1332 1263 cst.
1389 1207 1456 1261 Et
1485 1207 1657 1276 primo
1702 1205 1772 1260 de

179 1311 452 1364 divinitate
481 1321 574 1361 sua
603 1305 839 1374 disputat
863 1302 1070 1368 dicens,
1122 1299 1232 1371 Ego
1278 1315 1391 1354 sum
1440 1299 1587 1368 panis
1635 1298 1766 1352 vitta.

175 1400 352 1471 Neque
383 1400 528 1454 enim
555 1397 655 1451 hoc
683 1397 753 1451 de
796 1409 1024 1465 corpore
1066 1393 1269 1448 dictum
1314 1400 1397 1446 est
1469 1391 1487 1460 (
1503 1390 1572 1446 de
1599 1391 1689 1445 illo
1717 1392 1769 1445 in

179 1492 278 1544 line
309 1490 548 1560 loquitur
579 1505 590 1540 :
621 1486 686 1540 Et
701 1487 847 1555 panis
874 1500 1022 1553 quem
1051 1500 1142 1548 eqo
1167 1482 1318 1548 dabo,
1348 1497 1468 1534 caro
1490 1497 1598 1534 mea
1626 1481 1770 1552 est);

179 1580 268 1636 sed
297 1580 476 1635 adhuc
519 1579 588 1634 de
628 1577 908 1632 divinitate
955 1575 1083 1645 agit.
1143 1573 1353 1628 Etenim
1411 1572 1503 1627 ille
1557 1581 1774 1642 pmpter

180 1673 335 1727 Deum
367 1671 601 1727 Verbum
631 1668 780 1736 panis
810 1676 912 1733 est,
963 1664 1412 1735 quemadmodum
1444 1663 1531 1718 hic
1557 1671 1775 1732 propter

175 1765 550 1819 advenientem
597 1759 854 1827 Spiritum
907 1757 1058 1827 panis
1101 1755 1333 1810 coeIeStis
1380 1754 1631 1811 efﬁcitur.
1675 1753 1774 1811 llic

179 1870 330 1925 porro
373 1869 482 1908 non
515 1851 684 1906 utitur
712 1849 969 1914 testibus,
1002 1855 1060 1902 ut
1089 1847 1140 1902 in
1178 1846 1435 1917 superiori
1468 1849 1726 1902 concione
1755 1863 1771 1902 :

176 1963 237 2002 eo
267 1947 408 2017 quod
439 1946 665 2000 haberet
690 1952 707 1996 t
744 1941 1054 1999 Stimonium
1085 1954 1306 2009 panum,
1333 1948 1387 1994 ct
1412 1939 1485 1994 illi
1510 1939 1685 1994 adhuc
1713 1957 1758 1995 St

175 2039 391 2093 credere
415 2037 762 2092 simularent.
797 2032 909 2087 Illic
937 2047 1065 2086 vero
1092 2031 1533 2087 contradicebant
1557 2073 1571 2099 ,
1604 2041 1659 2086 et
1683 2047 1773 2086 ar-

174 2129 400 2199 guebant
424 2146 438 2192 ;
468 2128 697 2197 ideoque
721 2125 807 2179 hic
832 2121 1150 2178 sententiam
1173 2119 1396 2191 profert.
1432 2120 1512 2175 Illi
1536 2136 1632 2190 spe
1650 2136 1774 2176 car-

176 2221 305 2276 nalis
327 2221 432 2274 cibi
467 2225 704 2284 manent,
730 2231 904 2287 neque
929 2214 1212 2269 turbantur
1231 2253 1246 2280 ,
1271 2211 1440 2268 donec
1466 2223 1650 2284 postea
1678 2228 1776 2284 spe

175 2313 299 2382 lapsi
321 2322 470 2368 sunt.
493 2310 692 2366 Verum
722 2323 894 2379 neque
919 2307 994 2362 sic
1015 2306 1174 2361 etiam
1195 2303 1442 2360 Christus
1469 2304 1648 2373 tacuit,
1678 2305 1774 2360 sed

174 2406 442 2476 redarguit
469 2414 522 2461 et
552 2404 813 2473 increpat.
844 2399 927 2454 Illi
959 2413 1085 2454 vero
1108 2397 1219 2468 qui,
1249 2396 1377 2452 dum
1401 2398 1770 2466 comederent,

175 2501 489 2568 prophetam
559 2496 709 2550 illum
750 2500 1024 2558 vocarant,
1058 2491 1142 2545 hic
1183 2490 1293 2560 jam
1315 2488 1689 2556 oll'enduntur,
1721 2498 1776 2544 et

172 2590 300 2645 labri
332 2591 504 2645 lilium
536 2595 746 2642 vocant.
775 2583 890 2638 Non
918 2583 996 2638 sic
1044 2596 1173 2637 vero
1201 2596 1323 2636 cum
1355 2595 1518 2651 panes
1549 2580 1776 2636 mandu-

171 2691 371 2747 carent,
415 2679 512 2736 sed
539 2677 810 2741 dicebant,
837 2674 938 2728 llic
960 2683 1031 2728 est
1069 2673 1156 2727 ille
1203 2673 1469 2742 propheta,
1493 2673 1774 2743 ipsumque

171 2788 350 2843 regem
393 2771 725 2826 constituere
777 2767 1049 2822 volebant.
1098 2764 1363 2834 Indignari
1425 2779 1586 2835 porro
1616 2765 1739 2820 vide

171 2863 378 2928 bantur,
412 2877 535 2916 cum
565 2861 772 2916 diceret
796 2872 854 2912 se
882 2856 949 2911 de
977 2856 1111 2912 czelo
1132 2853 1477 2911 descendisse
1505 2871 1518 2920 ;
1543 2855 1637 2911 sed
1664 2870 1772 2911 non

173 2956 281 3010 liaac
307 2968 434 3009 vera
465 2960 583 3007 erat
611 2947 996 3019 indignationis
1021 2960 1202 3012 causa,
1248 2945 1342 3001 sed
1369 2945 1510 3013 quod
1557 2962 1662 3001 non
1693 2947 1775 3000 ul-

173 3056 246 3100 ιω
274 3050 558 3116 sperarent
597 3056 658 3096 se
684 3053 868 3094 mensa
898 3051 1156 3106 corporea
1186 3035 1440 3123 fruiturus
1469 3050 1611 3093 esse.
1637 3037 1771 3093 Nam

171 3140 211 3192 si
240 3153 366 3193 vere
393 3135 829 3206 indignabantur,
863 3129 1212 3201 quaerendum
1233 3138 1352 3185 erat
1381 3131 1650 3200 quomodo
1681 3146 1775 3200 pa-

173 3233 249 3287 nis
279 3234 404 3286 vitae
435 3237 602 3296 esset,
632 3223 903 3296 quomodo
930 3223 998 3278 de
1022 3221 1154 3278 ctelo
1182 3221 1557 3276 descendisset
1588 3241 1600 3276 :
1630 3237 1772 3279 nunc

171 3340 326 3396 porro
367 3339 476 3378 non
521 3321 573 3376 id
623 3320 839 3384 iaciunt,
890 3317 984 3373 sed
1015 3325 1372 3372 murmurant.
1403 3317 1555 3384 Quod
1583 3327 1764 3372 autem

172 3432 273 3470 non
306 3416 393 3471 illa
419 3415 490 3470 de
515 3427 674 3468 causa
707 3408 1128 3472 oll‘enderentur,
1150 3406 1273 3462 hinc
1299 3406 1473 3476 palam
1497 3417 1598 3472 est,
1627 3407 1769 3477 quod

172 3507 378 3562 dicente
402 3506 554 3572 Jesu,
611 3501 768 3556 Pater
799 3486 936 3553 meus
973 3501 1061 3552 dat
1090 3498 1225 3553 robis
1253 3515 1454 3567 panem,
1488 3513 1590 3553 non
1623 3499 1773 3553 dixe-

174 3605 293 3664 rint,
325 3601 499 3670 Roga,
528 3605 584 3651 ut
613 3596 741 3660 det;
771 3595 865 3650 sed
895 3592 1060 3663 quid?
1089 3591 1168 3643 Da
1191 3592 1333 3644 nobis
1361 3607 1563 3658 panem.
1611 3591 1772 3661 Atqui

175 3709 275 3746 non
306 3693 538 3756 dixerat,
571 3689 685 3758 Ego
733 3686 840 3750 do;
875 3684 991 3750 sed,
1022 3682 1180 3737 Pater
1208 3699 1348 3736 meus
1382 3683 1488 3734 dat.
1536 3682 1614 3736 Illi
1643 3697 1772 3738 vero

175 3798 235 3836 ex
275 3783 377 3836 cibi
410 3778 725 3848 cupiditate,
759 3776 911 3830 illum
943 3774 1072 3828 dare
1115 3772 1295 3826 cibum
1338 3785 1498 3841 posse
1546 3772 1773 3826 arbitra-

175 3875 385 3930 bantur.
414 3873 517 3941 Qui
547 3886 675 3927 vero
733 3871 804 3924 ita
858 3866 1170 3930 credebant,
1203 3880 1309 3934 quo
1358 3875 1517 3934 pacto
1573 3865 1770 3920 oﬂ‘endi

175 3968 494 4028 debuerunt,
526 3978 645 4018 cum
677 3961 944 4016 dicentem
968 3958 1236 4023 audirent,
1277 3957 1487 4039 Patrem
1519 3972 1638 4012 esse
1679 3959 1772 4028 qui

177 4057 356 4112 daret?
388 4055 522 4122 Quae
553 4053 712 4123 igitur
731 4065 892 4106 causa
923 4049 1044 4104 est?
1065 4047 1200 4102 Cum
1229 4047 1478 4102 audirent
1499 4063 1603 4103 non
1633 4050 1771 4104 ultra

176 4146 569 4205 comedendum
591 4158 736 4210 esse,
765 4143 877 4214 jam
904 4157 1011 4196 non
1038 4142 1283 4204 credunt,
1309 4150 1363 4195 et
1386 4140 1772 4199 incredulitatis

175 4255 389 4295 causam
410 4235 730 4301 obtendunt,
757 4233 899 4304 quod
923 4233 1231 4287 sublimiora
1255 4231 1583 4301 loqueretur.
1614 4231 1771 4288 Ideo-

176 4349 276 4400 que
305 4335 401 4394 ait,
431 4331 496 4383 Et
525 4327 718 4382 vidistis
739 4343 836 4392 me,
865 4335 911 4380 et
941 4341 1039 4378 non
1058 4323 1299 4388 creditis;
1321 4333 1428 4377 tum
1457 4323 1626 4394 signa,
1661 4334 1773 4381 tum

177 4426 571 4496 Scripturarum
592 4420 954 4476 testimonium
972 4433 1034 4473 su
1043 4417 1338 4472 bindicans.
1353 4416 1380 4469 1
1389 4417 1473 4471 lla:
1483 4419 1613 4471 enim
1630 4428 1768 4486 sunt,

180 4519 368 4586 inquit,
399 4529 514 4584 qum
564 4511 902 4566 testimonium
948 4508 1209 4579 perhibent
1255 4507 1318 4560 de
1355 4523 1472 4572 me;
1499 4517 1587 4572 et,
1622 4509 1772 4575 Quod

179 4610 286 4661 teni
335 4608 388 4660 in
434 4603 635 4657 nomine
672 4600 844 4655 Patris
884 4601 1012 4665 mei,
1057 4609 1103 4652 et
1146 4613 1246 4651 non
1291 4598 1520 4666 accipitis
1549 4615 1664 4664 me;
1694 4609 1769 4666 et,

183 4699 446 4765 Quomodo
469 4695 674 4766 potestis
704 4693 924 4751 credere.
949 4690 1035 4761 qui
1064 4689 1124 4742 ab
1156 4690 1366 4743 invicem
1395 4688 1609 4759 gloriam
1632 4691 1772 4743 acci-

181 4795 292 4857 pitis
310 4796 335 4848 7
358 4793 451 4848 '57.
484 4788 646 4843 Omne
670 4785 806 4856 quod
836 4784 923 4837 dat
952 4782 1074 4835 milti
1103 4780 1277 4846 Pater,
1311 4782 1378 4833 ad
1412 4798 1491 4835 me
1513 4783 1689 4847 veniet,
1726 4790 1774 4835 et

179 4902 286 4938 eum
309 4885 398 4950 qui
430 4882 559 4936 venit
579 4880 647 4932 ad
676 4894 772 4940 me,
803 4893 902 4930 non
924 4876 1124 4945 ejiciam
1151 4877 1308 4945 foras.
1345 4873 1476 4928 Vide
1502 4874 1772 4942 quomodo

182 4977 309 5030 nihil
342 4990 450 5029 non
479 4981 601 5043 agat
624 4971 689 5025 ad
715 4969 989 5024 hominum
1013 4966 1275 5022 salutem?
1307 4965 1431 5020 Ideo
1461 4976 1637 5021 autem
1671 4967 1774 5021 hoc

181 5066 402 5127 addidit.
434 5079 500 5120 ne
549 5063 812 5118 curiosius
837 5074 1016 5130 agere,
1048 5067 1102 5112 et
1132 5067 1334 5112 temere
1375 5057 1520 5127 loqui
1563 5057 1773 5114 videre-

181 5168 283 5213 tur..
313 5156 452 5228 Quid
481 5166 659 5210 autem
689 5152 860 5208 dicit?
894 5150 1056 5206 Omne
1083 5151 1217 5219 quod
1239 5154 1327 5202 dat
1350 5150 1473 5202 mihi
1502 5147 1672 5213 Pater,
1705 5150 1774 5204 ad

181 5265 258 5300 me
282 5248 464 5311 veniet,
494 5255 540 5300 et
568 5243 873 5299 resuscitabo
903 5257 1016 5294 eum
1040 5241 1094 5294 in
1133 5240 1401 5293 novissimo
1430 5239 1530 5293 die.
1561 5241 1666 5295 Cur
1687 5255 1773 5296 re-

181 5339 593 5402 surrectionem,
629 5335 782 5405 cujus
829 5343 884 5389 et
933 5327 1080 5404 impii
1111 5342 1391 5388 consortes
1413 5341 1591 5399 erunt,
1621 5348 1772 5388 conr-

181 5443 446 5488 memorat
497 5441 555 5485 ut
611 5430 810 5485 donum
840 5426 1184 5483 credentibus
1231 5427 1282 5480 in
1310 5439 1368 5481 se
1403 5428 1771 5481 concessum?

182 5525 312 5590 Qui:
337 5539 445 5578 non
471 5521 921 5577 resurrectionem
951 5518 1285 5587 simpliciter,
1320 5517 1412 5572 sed
1444 5517 1581 5572 hanc
1612 5533 1772 5587 pecu-

184 5614 385 5670 liariter
439 5611 887 5669 resurrectionem
945 5609 1226 5680 intelligit;
1273 5625 1394 5664 nam
1454 5625 1576 5663 cum
1624 5611 1772 5680 prius

183 5706 424 5774 dixisset,
476 5704 598 5759 Non
653 5704 854 5773 ejiciam
893 5719 1028 5768 eum,
1065 5710 1139 5768 et,
1192 5701 1314 5756 Non
1361 5704 1572 5773 perdam
1599 5704 1659 5759 de
1689 5721 1769 5769 eo,

247 5846 261 5874 ‘
297 5840 441 5892 savtl.
463 5839 692 5889 babet....
716 5843 964 5897 testamur,
987 5843 1032 5886 et
1053 5850 1147 5888 non
1165 5839 1362 5891 creditis
1386 5839 1521 5894 mihi.
1550 5840 1641 5892 Alii
1661 5855 1768 5892 cum

179 5900 348 5954 Morel.
377 5909 429 5953 ct
451 5914 561 5952 cum
587 5903 849 5960 Evangelio
870 5912 988 5949 cuso
1012 5904 1338 5953 consentiunt.

541 5985 809 6049 ΡΑτιιοι..
846 5995 960 6055 Gn.
1006 5997 1161 6060 LIX.

1206 452 1271 509 IN
1307 447 1622 508 JOANNEM
1661 444 1892 504 HOMIL.
1934 444 2096 503 XLV.
2134 446 2206 502 al.
2250 446 2431 503 XLIV.

3366 452 3474 509 253

1879 570 2008 616 tunc
2035 561 2214 618 subdit
2236 563 2710 620 resurrectionem.
2728 564 2861 621 Nam
2893 565 2946 621 in
2970 567 3366 625 resurrectione
3387 571 3475 626 alii

1876 653 2192 724 ejiciuntur,
2233 664 2290 709 ut
2317 656 2390 710 ait
2424 674 2437 710 :
2471 656 2656 712 Tollite
2689 675 2825 724 eunt,
2858 672 2904 714 et
2958 662 3139 716 mittite
3164 665 3216 716 in
3246 663 3478 718 tenebras

1875 747 2143 800 exteriores
2175 745 2403 818 (Matth.
2433 749 2520 802 22.
2556 749 2661 822 13)
2697 751 2825 805 :alii
2848 763 3093 821 pereunt,
3126 761 3181 807 ut
3203 754 3285 809 bis
3309 755 3476 824 signi-

1879 837 2086 901 ﬁcatur,
2116 838 2309 894 Timete
2332 842 2500 910 potius
2527 859 2662 906 eum,
2691 848 2778 913 qui
2807 857 2966 915 potest
2991 857 3036 899 et
3057 848 3282 900 animam
3302 860 3348 903 et
3364 865 3476 902 coro

1879 945 1972 998 pus
2002 932 2210 997 perdere
2241 930 2293 983 in
2323 931 2604 1000 gehennam
2641 933 2808 1002 (Luc.
2842 934 2928 990 12.
2961 936 2995 991 5
3018 936 3054 997 l.
3090 936 3273 1007 Itaque
3312 939 3439 994 illud
3460 980 3474 1002 .

1886 1018 2054 1073 Vitam
2079 1031 2320 1075 teternam
2348 1023 2436 1089 do,
2481 1022 2583 1079 hoc
2611 1026 2878 1095 signiﬁcat
2910 1043 2924 1082 ε
2964 1027 3120 1081 Ibunt
3142 1029 3177 1082 ii
3216 1032 3305 1099 qui
3340 1032 3478 1085 mala

1877 1112 2103 1179 fecerunt
2129 1113 2182 1166 in
2206 1114 2622 1169 resurrectionem
2639 1118 2830 1186 judicii
2844 1137 2864 1184 ;
2885 1121 2972 1190 qui
3001 1129 3166 1174 autem
3201 1121 3330 1174 bona
3358 1139 3479 1194 ege-

1876 1213 2014 1270 runt,
2057 1205 2110 1257 in
2147 1207 2564 1261 resurrectionem
2594 1210 2708 1264 vita:
2751 1209 2938 1280 (Joan.
2967 1212 3020 1267 5.
3050 1212 3120 1268 29
3139 1212 3182 1284 ).
3215 1213 3365 1269 Hanc
3394 1231 3481 1271 rc-

1877 1301 2263 1358 surrectionem
2283 1303 2598 1372 hicindicat,
2620 1322 2738 1377 qua:
2754 1315 2835 1361 est
2853 1306 3138 1361 bonorum.
3161 1307 3300 1374 Quid
3321 1323 3480 1378 porro

1878 1392 1978 1447 sibi
2013 1393 2122 1447 vult
2149 1409 2269 1450 cum
2298 1397 2373 1451 ait
2403 1415 2417 1461 ;
2451 1396 2614 1452 Omne
2643 1398 2781 1467 quod
2811 1399 2898 1452 dat
2921 1399 3048 1453 mihi
3085 1398 3265 1466 Pater,
3309 1401 3375 1453 ad
3402 1418 3482 1456 me

1878 1485 2074 1538 veniet?
2124 1484 2343 1542 Illorum
2391 1490 2819 1545 incredulitatem
2855 1492 3186 1562 perstringit,
3220 1492 3484 1547 ostendit-

1877 1592 1982 1646 que
2009 1593 2132 1633 eum
2160 1581 2249 1650 qui
2279 1595 2384 1636 non
2416 1583 2590 1638 credit
2616 1584 2669 1639 in
2699 1585 2898 1653 ipsum,
2944 1585 3120 1640 Patris
3147 1586 3478 1643 voluntatem

1881 1670 2201 1741 transgredi.
2248 1673 2401 1740 Quod
2454 1684 2631 1730 tamen
2679 1676 2770 1731 ille
2811 1693 2918 1732 non
2963 1688 3148 1748 aperte
3188 1677 3337 1740 dicit,
3387 1679 3482 1734 sed

1879 1756 2394 1832 subindicatzquod
2444 1765 2643 1836 ubique
2693 1767 2870 1822 facere
2919 1748 3376 1836 deprehenditur,
3425 1781 3485 1824 ut

1877 1851 2125 1908 ostendat
2147 1869 2252 1909 non
2284 1870 2344 1911 se
2363 1858 2562 1924 solum,
2583 1859 2677 1915 sed
2707 1858 2917 1914 Patrem
2949 1855 3109 1915 etiain
3133 1877 3286 1917 suum
3313 1864 3484 1919 oil‘cno

1879 1944 2008 2000 dere
2038 1960 2134 2001 eos
2160 1948 2248 2017 qui
2281 1963 2388 2003 non
2418 1950 2666 2006 credunt.
2701 1952 2832 2006 Nam
2855 1954 2900 2007 si
2932 1953 3048 2010 haec
3089 1955 3206 2024 ejus
3235 1958 3483 2014 voluntas

1878 2047 1983 2104 est,
2039 2047 2093 2094 et
2120 2040 2165 2095 si
2196 2041 2318 2097 ideo
2344 2045 2491 2099 venit
2531 2045 2583 2100 in
2626 2048 2906 2115 mundum,
2939 2059 2998 2104 ut
3043 2050 3249 2105 salvum
3283 2051 3485 2108 faceret

1879 2129 2189 2186 universum
2217 2133 2401 2189 orbem
2435 2136 2474 2203 ί,
2506 2138 2595 2208 qui
2644 2154 2750 2193 non
2798 2141 3046 2208 credunt,
3078 2143 3194 2212 ejus
3229 2144 3483 2201 volunta-

1880 2231 1985 2276 tem
2010 2225 2498 2294 tranrgrediuntur.
2527 2228 2662 2284 Cum
2686 2245 2815 2302 ergo
2840 2233 3000 2289 Pater
3024 2236 3255 2308 aliquem
3278 2239 3482 2310 dirigit,

1879 2311 2068 2383 inquit,
2104 2314 2235 2368 nihil
2258 2317 2506 2386 prohibet
2532 2334 2653 2375 eum
2679 2321 2744 2377 ad
2767 2340 2853 2378 me
2879 2327 3086 2381 venire.
3120 2327 3323 2384 Deinde
3354 2347 3482 2400 per-

1876 2404 1972 2473 git,
2004 2403 2171 2460 Nemo
2195 2419 2357 2478 potest
2393 2413 2560 2467 venire
2585 2415 2655 2467 ad
2673 2433 2769 2483 me,
2803 2418 2903 2473 nisi
2932 2419 3087 2474 Pater
3105 2425 3317 2478 traxerit
3345 2441 3480 2480 eum.

1877 2497 2073 2554 Paulus
2105 2515 2235 2556 vero
2263 2501 2417 2572 dixit,
2454 2504 2570 2575 Ipse
2621 2508 2782 2563 tradit
2823 2526 2919 2566 cos
2960 2513 3105 2569 Patri
3137 2533 3150 2568 :
3179 2514 3306 2570 Cum
3349 2520 3485 2573 enim

1878 2590 2142 2644 tradiderit
2159 2609 2369 2664 regnum
2389 2595 2498 2651 Deo
2518 2607 2565 2651 et
2586 2597 2734 2652 Patri
2757 2606 2771 2670 (
2797 2602 2848 2656 1.
2870 2602 2988 2660 Cor.
3017 2607 3103 2660 I5.
3137 2606 3205 2662 24
3221 2608 3265 2678 ).
3284 2607 3485 2673 Quem-

1884 2680 2173 2737 admodum
2197 2699 2327 2755 ergo
2354 2686 2512 2742 Pater
2538 2705 2659 2745 cum
2683 2691 2792 2756 dat,
2827 2710 2932 2750 non
2962 2711 3022 2751 se
3048 2699 3220 2768 privat
3245 2717 3310 2757 eo
3339 2704 3484 2772 quod

1877 2769 1969 2826 dat
2000 2774 2114 2828 :sic
2131 2785 2182 2830 et
2211 2774 2377 2832 Filius
2407 2794 2527 2834 cum
2568 2783 2823 2852 tradidit,
2855 2787 3000 2843 nullo
3037 2805 3158 2844 sese
3195 2769 3480 2850 fraudavit.

1879 2861 2084 2920 Dicitur
2133 2875 2311 2923 autem
2360 2870 2590 2940 tradere,
2621 2875 2744 2945 quia
2792 2890 2889 2946 per
2917 2892 3044 2934 eum
3071 2896 3351 2940 accessum
3379 2885 3480 2942 ha-

1876 2952 2127 3012 bnimus.‘

1947 3049 2001 3102 5.
2055 3049 2212 3106 Fides
2260 3053 2314 3107 in
2368 3055 2622 3113 Christum
2675 3063 2842 3132 gratia
2881 3081 3010 3135 opus
3056 3069 3225 3124 habet.
3254 3073 3477 3129 —Illud

1878 3156 2026 3205 vero,
2055 3141 2158 3196 Per
2179 3161 2348 3212 quem,
2377 3148 2444 3203 de
2462 3147 2621 3207 Patre
2643 3168 2856 3225 quoque
2881 3157 3098 3226 dicitur,
3125 3174 3179 3216 ut
3209 3163 3310 3218 hoc
3331 3167 3474 3231 loco,

1879 3231 1984 3287 Per
2005 3252 2155 3305 quem
2201 3242 2364 3292 vocati
2410 3244 2526 3298 estis
2567 3246 2619 3299 in
2646 3251 3155 3309 communicationem
3197 3255 3326 3310 Filii
3367 3261 3480 3328 ejus

1877 3326 1954 3394 (1.
1998 3326 2118 3382 Cor.
2165 3330 2213 3382 1.
2249 3330 2346 3398 9);
2393 3332 2444 3386 id
2476 3344 2592 3400 est,
2637 3351 2734 3406 per
2782 3341 3110 3398 voluntatem
3159 3326 3484 3414 Patrisaac

1876 3436 2088 3476 rursum
2115 3464 2130 3489 ,
2164 3422 2353 3479 Beatus
2379 3443 2430 3479 es
2455 3468 2468 3493 ,
2499 3428 2680 3483 Simon
2727 3431 2834 3486 Bar
2874 3433 3012 3488 Iona
3035 3477 3050 3501 ,
3097 3440 3216 3506 quia
3268 3459 3386 3496 coro
3434 3455 3482 3498 et

1876 3517 2082 3586 sanguis
2109 3533 2211 3570 non
2260 3519 2498 3573 reuelauit
2547 3523 2636 3576 tibi
2678 3524 2889 3594 (Matth.
2923 3527 3007 3582 I6.
3045 3529 3158 3600 17).
3201 3531 3312 3589 Hoc
3359 3536 3481 3593 loco

1876 3605 1991 3661 haec
2019 3607 2131 3662 fere
2161 3608 2465 3665 subindicat
2497 3629 2510 3668 :
2541 3613 2700 3670 Fides
2723 3617 2776 3670 in
2808 3633 2894 3673 me
2917 3635 3021 3673 non
3053 3638 3214 3691 parva
3245 3641 3331 3680 res
3358 3637 3439 3681 est
3460 3670 3476 3693 ,

1875 3697 1971 3752 sed
1998 3713 2228 3767 superna
2251 3702 2420 3771 gratia
2448 3717 2585 3773 Opus
2608 3704 2789 3762 habet.
2821 3708 2886 3762 Et
2914 3710 3015 3766 hoc
3043 3713 3237 3784 ubique
3267 3719 3476 3785 statuit,

1876 3790 2170 3845 ostendens
2193 3807 2513 3862 generosam
2537 3797 2792 3864 animam,
2824 3816 2852 3853 a
2875 3802 2985 3858 Deo
3010 3813 3315 3872 attractam,
3341 3825 3480 3880 Opus

1877 3881 2076 3938 habere
2124 3884 2246 3938 ﬁde.
2285 3884 2390 3941 Sed
2423 3887 2568 3943 dicet
2599 3890 2825 3947 fortasse
2854 3896 3118 3966 quispiam
3153 3915 3167 3952 :
3210 3898 3263 3955 Si
3316 3917 3481 3960 omne

1876 3973 2019 4042 quod
2047 3974 2138 4028 dat
2178 3975 2354 4042 Pater,
2403 3981 2548 4034 venit
2586 3981 2652 4036 ad
2706 3993 2792 4051 te,
2841 3986 2884 4039 si
2917 3987 2990 4042 illi
3039 3990 3166 4044 item
3208 4007 3342 4062 quos
3389 3995 3481 4052 ille

1878 4067 2060 4134 trahit,
2090 4078 2143 4123 et
2173 4070 2215 4124 si
2243 4087 2404 4126 nemo
2431 4081 2608 4142 potest
2632 4077 2696 4130 ad
2731 4087 2781 4132 te
2803 4081 3008 4149 venire,
3039 4084 3137 4139 nisi
3163 4085 3262 4155 ipsi
3293 4087 3480 4145 datum

1877 4161 2041 4216 fuerit
2077 4161 2348 4233 desuper;
2403 4165 2436 4219 ii
2468 4166 2663 4235 quibus
2709 4184 2814 4224 non
2858 4171 2908 4226 id
2959 4173 3052 4229 dat
3105 4176 3282 4242 Pater,
3330 4184 3481 4238 omni

1877 4262 2003 4308 sunt
2047 4255 2274 4310 crimine
2320 4255 2496 4311 liberi.
2547 4258 2674 4314 Ilaec
2724 4262 2885 4316 verba
2933 4275 3057 4320 sunt
3103 4276 3157 4322 et
3203 4271 3478 4329 obtentus.

1876 4346 2007 4402 Nam
2065 4357 2247 4404 nostra
2301 4365 2515 4419 quoque
2573 4366 2709 4421 opus
2773 4363 2855 4408 est
2905 4359 3182 4416 voluntate
3231 4382 3244 4417 :
3293 4364 3480 4422 doceri

1875 4441 2076 4510 quippe
2103 4448 2157 4495 et
2201 4441 2425 4497 credere
2467 4457 2532 4497 ex
2580 4445 2854 4501 voluntate
2900 4456 3003 4502 est.
3040 4450 3136 4504 Hic
3171 4469 3300 4509 vero
3346 4459 3481 4514 nihil

1877 4531 2022 4586 aliud
2050 4531 2287 4586 declarat
2317 4532 2400 4586 his
2427 4533 2624 4598 verbis,
2653 4535 2802 4600 Quod
2821 4537 2910 4590 dat
2935 4541 3060 4593 mihi
3087 4540 3264 4610 Pater,
3294 4563 3475 4618 quam,

1876 4625 1992 4681 Non
2021 4625 2254 4695 vulgaris
2294 4641 2381 4681 res
2409 4636 2492 4682 est
2517 4627 2568 4682 in
2597 4644 2683 4683 me
2710 4631 2955 4699 credere,
2985 4650 3161 4706 neque
3197 4639 3246 4692 id
3278 4657 3341 4696 ex
3377 4645 3480 4698 hu-

1877 4731 2036 4771 mano
2084 4717 2366 4771 ratiocinio
2414 4718 2646 4787 pendet,
2695 4721 2789 4777 scd
2817 4738 2952 4793 opus
2982 4736 3066 4782 est
3114 4745 3346 4800 superna
3395 4753 3481 4793 re-

1876 4811 2178 4877 velatione,
2227 4819 2282 4865 et
2351 4810 2435 4880 pia
2485 4812 2664 4866 anima
2721 4830 2841 4883 quae
2895 4819 3278 4879 revelationem
3337 4831 3479 4884 reci-

1878 4905 2008 4974 piat.
2052 4903 2120 4958 Et
2171 4901 2338 4968 illud,
2387 4903 2486 4970 Qui
2540 4905 2670 4958 venit
2729 4907 2800 4959 ad
2839 4924 2918 4962 me
2981 4912 3152 4968 salvus
3189 4918 3318 4981 erit,
3377 4919 3482 4977 hoc

1881 4995 1980 5050 sibi
2012 4995 2126 5048 vult
2167 5017 2179 5048 :
2225 4994 2411 5064 Magna
2441 4993 2647 5049 fruetur
2679 4997 3033 5064 providentia.
3070 5003 3174 5059 Pro
3220 5007 3304 5063 his
3331 5013 3478 5066 enim

1877 5089 2034 5153 veni,
2091 5098 2146 5142 et
2195 5102 2412 5142 carnem
2471 5088 2719 5158 servique
2751 5089 2992 5146 'l'ormam
3042 5098 3247 5166 accepi.
3275 5101 3479 5160 Deinde

1878 5180 2094 5247 subdit,
2154 5179 2242 5235 58.
2312 5178 2598 5248 Descendi,
2661 5198 2763 5234 non
2819 5191 2873 5236 ut
2927 5183 3118 5252 faciam
3169 5191 3480 5248 voluntatem

1878 5290 2074 5338 meam,
2132 5273 2221 5327 sed
2247 5271 2554 5326 voluntatem
2606 5274 2717 5344 ejus
2761 5275 2849 5344 qui
2889 5279 3027 5332 misit
3071 5297 3167 5334 me.
3217 5284 3356 5350 Quid
3386 5289 3472 5342 di-

1876 5365 1996 5421 cis?
2038 5366 2215 5420 aliane
2260 5375 2343 5419 est
2394 5373 2478 5417 tua
2507 5407 2522 5431 ,
2584 5366 2686 5419 alia
2737 5367 2924 5422 illius?
2970 5370 3046 5426 Ne
3074 5375 3192 5443 quis
3230 5392 3360 5449 ergo
3421 5381 3472 5435 id

1877 5459 2198 5528 suspicetur,
2227 5457 2365 5512 hanc
2388 5457 2583 5513 deinde
2605 5470 2819 5516 amovet
2839 5465 3222 5534 suspicionem,
3249 5473 3434 5528 dicens
3460 5493 3473 5528 ε

1877 5550 1967 5606 40.
2003 5548 2127 5603 Haec
2147 5559 2220 5603 est
2248 5559 2416 5603 autem
2458 5551 2686 5604 voluntas
2714 5555 2824 5620 ejus
2861 5555 2948 5623 qui
2977 5557 3114 5612 misit
3141 5577 3219 5614 me
3237 5602 3251 5628 ,
3283 5573 3336 5615 ut
3364 5581 3477 5620 om-

1877 5644 1956 5695 nis
1997 5643 2082 5710 qui
2124 5641 2253 5694 videt
2285 5640 2510 5707 Filium,
2558 5653 2605 5696 ct
2647 5645 2806 5698 credit
2837 5647 2888 5699 in
2920 5665 3069 5713 eum,
3111 5652 3291 5707 habeat
3321 5659 3474 5713 vitam

1876 5747 2134 5793 (sternam.
2165 5737 2356 5790 Annon
2389 5733 2502 5790 lucc
2532 5747 2614 5790 est
2640 5740 2886 5794 voluntas
2918 5746 3044 5797 tua?
3070 5758 3165 5800 cur
3194 5763 3322 5819 ergo
3348 5752 3476 5811 alibi

1943 5901 1957 5932 ¹
1996 5901 2137 5953 Savil.
2167 5911 2270 5963 pro,
2290 5891 2762 5958 unirersumorbem,
2803 5895 2943 5960 legit,
2971 5911 3158 5951 onmem
3183 5899 3437 5956 hominem.

3096 6002 3158 6059 16
