4102 6486
649 420 753 476 935

650 539 804 601 dicis,
837 533 1012 604 Ignem
1040 547 1145 586 una;
1176 528 1365 582 mittere
1392 529 1444 580 in
1471 538 1674 586 terram,
1704 533 1748 576 et
1775 523 1896 593 quid
1927 521 2037 575 uolo
2061 562 2075 586 ,
2126 516 2223 571 nisi

652 640 706 680 nt
738 628 1040 681 accendatur
1068 619 1219 689 (Luc.
1252 617 1338 674 12.
1366 617 1496 689 ων
1521 614 1672 683 Quod
1699 616 1742 669 si
1771 613 1960 682 tuboc
1985 612 2064 666 vis
2085 651 2098 676 ,
2133 624 2223 679 pa-

653 719 754 771 lam
799 722 881 769 est
930 727 1086 766 unam
1128 723 1248 766 esse
1282 709 1605 764 voluntatem
1641 723 1654 759 :
1687 720 1810 759 nam
1856 702 1982 758 alibi
2017 712 2225 772 quoque

647 811 773 865 dicit
801 828 814 862 :
845 808 986 863 Sicut
1017 806 1172 860 Pater
1215 808 1424 858 suscitat
1471 807 1690 855 mortuos
1716 808 1763 853 et
1791 796 2036 865 viviﬁcat,
2077 795 2149 848 sic
2175 800 2224 846 et

654 897 816 954 Filius
845 912 969 968 quos
997 896 1102 949 uult
1141 894 1377 963 nioiﬁcat.
1408 893 1536 962 Quae
1561 898 1642 945 est
1674 903 1803 958 ergo
1842 887 2083 942 voluntas
2125 882 2224 938 Pa-

648 987 781 1045 tris?
803 1001 982 1043 annon
1011 996 1067 1040 ut
1094 999 1161 1039 ne
1187 991 1371 1056 pereat
1396 998 1464 1039 ex
1487 981 1565 1037 eis
1593 977 1912 1051 quisquam?
1943 976 2051 1032 Hoc
2076 983 2127 1030 et
2168 981 2222 1028 tu

649 1083 752 1136 vis.
783 1079 900 1137 Non
921 1086 1003 1134 est
1031 1091 1157 1147 ergo
1184 1077 1284 1131 alia
1315 1074 1430 1130 haec
1448 1115 1462 1141 ,
1498 1072 1599 1128 alia
1626 1070 1715 1126 illa
1755 1070 2026 1127 voluntas.
2055 1065 2142 1122 Sic
2169 1073 2225 1119 et

647 1173 773 1230 alibi
799 1184 1008 1241 quoque
1049 1168 1402 1238 aequalitatem
1432 1180 1551 1221 cum
1579 1164 1738 1220 Patre
1777 1162 1981 1217 firmius
2004 1157 2219 1222 statuit,

646 1279 766 1319 rum
795 1263 953 1319 dicit:
975 1260 1091 1332 Ego
1112 1271 1158 1315 et
1187 1257 1342 1313 Pater
1366 1259 1616 1312 veniemus
1635 1296 1648 1319 ,
1679 1264 1723 1310 et
1747 1253 2052 1310 mansionem
2079 1249 2218 1319 apud

647 1374 758 1409 eum
797 1356 1039 1425 faciemus
1087 1353 1267 1424 (Joan.
1314 1353 1405 1407 ﬂ.
1451 1349 1567 1421 25).
1601 1348 1712 1403 Hoc
1762 1356 1847 1402 est
1878 1364 1892 1400 :
1924 1344 2036 1399 Non
2079 1340 2221 1396 aliud

649 1450 882 1501 uicturus
933 1444 1082 1507 veni,
1136 1459 1296 1514 quam
1346 1442 1474 1498 illud
1515 1441 1656 1512 quod
1715 1439 1873 1495 Pater
1924 1435 2068 1500 vult;
2125 1448 2224 1489 nec

644 1538 802 1592 aliam
851 1551 1010 1607 quam
1035 1537 1212 1590 Patris
1242 1535 1564 1589 voluntatem
1609 1531 1801 1586 habeo.
1847 1525 2032 1585 Omnia
2079 1525 2222 1580 enim

646 1643 762 1696 qua:
795 1626 964 1680 Patris
989 1635 1134 1690 sunt,
1166 1639 1280 1678 mea
1308 1632 1465 1690 sunt,
1514 1630 1570 1677 et
1595 1638 1712 1693 qtuc
1741 1634 1855 1675 mea
1887 1628 2045 1682 sunt,
2083 1615 2224 1670 illius

645 1727 764 1771 sunt
790 1715 946 1788 (Ibid.
981 1718 1062 1770 Π.
1096 1716 1203 1785 10).
1238 1715 1290 1768 Si
1321 1713 1476 1783 igitur
1505 1713 1673 1767 Patris
1700 1721 1752 1766 et
1778 1709 1898 1765 Filii
1920 1707 2223 1764 communia

645 1811 847 1872 omnia,
899 1809 1017 1878 jure
1048 1810 1158 1862 ait:
1216 1806 1338 1860 Non
1387 1815 1440 1859 ut
1489 1807 1675 1878 faciam
1706 1805 2011 1858 voluntatem
2039 1817 2222 1855 meam.

651 1902 846 1953 Verum
882 1901 964 1954 hic
996 1917 1101 1954 non
1148 1901 1216 1953 ita
1263 1899 1513 1969 loquitur,
1557 1898 1649 1952 sed
1683 1896 1805 1951 illud
1837 1896 1902 1951 ad
1936 1894 2098 1950 linem
2141 1909 2227 1949 re-

643 1994 824 2047 mittit.
853 1992 985 2046 Nam
1013 1991 1258 2046 sublimia
1280 2033 1296 2057 ,
1328 2002 1386 2046 ut
1425 1991 1555 2056 dixi,
1583 1990 1756 2045 adhuc
1795 1990 1933 2045 celat
1953 2031 1968 2054 ,
1991 1998 2045 2044 et
2073 1988 2222 2044 velut

643 2083 741 2137 sub
765 2084 949 2138 Umbra
985 2083 1150 2152 tegit,
1186 2093 1241 2136 ut
1266 2082 1546 2144 ostendat,
1574 2081 1714 2151 quod
1746 2081 1788 2135 si
1812 2081 2068 2146 dixisset,
2100 2080 2225 2136 Hac

643 2183 724 2228 est
767 2175 1012 2227 voluntas
1042 2190 1194 2238 mea,
1242 2172 1692 2242 contempsissent
1740 2170 1832 2225 illi.
1867 2171 1957 2224 Ait
2000 2183 2130 2240 ergo
2166 2184 2226 2225 se

645 2262 788 2316 illius
813 2262 1071 2317 voluntati
1100 2262 1398 2331 cooperari,
1433 2270 1491 2316 ut
1517 2261 1683 2331 magis
1707 2260 1825 2314 illos
1851 2266 2068 2324 terreat,
2096 2272 2159 2313 ac
2179 2259 2224 2313 si

642 2353 843 2406 diceret
867 2370 880 2406 :
909 2351 1044 2418 Quid
1073 2351 1310 2422 putatis?
1337 2367 1404 2405 an
1430 2351 1570 2420 quod
1597 2367 1699 2405 non
1732 2348 2002 2407 credendo
2031 2365 2118 2406 me
2145 2351 2222 2404 ir—

642 2441 853 2495 ritctis?
905 2442 1111 2495 Patrem
1180 2456 1354 2496 meum
1416 2441 1483 2495 ad
1552 2440 1876 2495 iracundiam
1919 2439 2218 2496 concitatis.

652 2531 776 2584 Ila'c
803 2541 874 2585 est
895 2533 1026 2585 enim
1053 2533 1278 2586 voluntas
1301 2534 1408 2603 ejus
1432 2533 1518 2604 qui
1548 2533 1683 2585 misit
1709 2548 1818 2600 me,
1848 2542 1903 2586 ut
1929 2548 2076 2587 autne
2094 2535 2227 2602 quod

651 2623 784 2676 dedit
811 2623 933 2675 mihi
960 2665 973 2686 ,
1004 2639 1102 2676 non
1131 2625 1338 2692 perdant
1368 2639 1432 2677 ea:
1476 2637 1553 2677 eo.
1604 2623 1701 2677 Hic
1743 2621 1978 2678 ostendit
2016 2636 2075 2678 se
2120 2638 2226 2678 non

654 2728 837 2768 eorum
882 2713 1025 2768 cultu
1072 2713 1310 2783 indigere
1334 2753 1351 2781 ,
1402 2727 1576 2784 neque
1603 2713 1666 2768 ad
1697 2727 1828 2768 usus
1873 2713 1958 2769 vel
1997 2713 2230 2769 ltonores

644 2818 767 2857 suos
787 2843 802 2865 ,
831 2804 922 2857 sed
955 2803 1021 2857 ad
1047 2803 1256 2857 illorum
1291 2805 1513 2857 salutem
1543 2804 1789 2866 venisse;
1821 2801 1962 2872 quod
1991 2805 2148 2857 etiam
2173 2804 2224 2856 in

643 2895 920 2964 superiore
947 2894 1205 2949 concione
1233 2895 1365 2949 dixit
1388 2937 1404 2962 ,
1437 2893 1664 2948 Gloriam
1704 2894 1766 2946 ab
1796 2895 2081 2948 hominibus
2126 2912 2226 2948 non

639 2985 834 3052 accipio
850 3002 870 3050 ;
899 2994 954 3040 et
979 2985 1168 3039 iterum
1194 3027 1209 3050 ,
1242 2985 1366 3040 "rec
1391 2985 1504 3039 dico
1527 3026 1542 3049 ,
1571 2995 1626 3038 ut
1652 3001 1738 3039 vos
1759 2985 1884 3039 salvi
1914 2986 2042 3040 sitis.
2073 2986 2229 3041 Sem-

647 3091 742 3144 per
765 3077 905 3131 enim
936 3087 990 3132 et
1019 3077 1213 3146 ubique
1243 3079 1344 3130 hoc
1364 3077 1648 3149 ostendere
1673 3078 1899 3146 satagit,
1930 3093 1989 3132 se
2015 3077 2225 3133 illorum

646 3165 834 3219 salutis
873 3180 1033 3220 causa
1063 3169 1291 3222 venisse.
1341 3167 1477 3223 Dicit
1505 3177 1682 3222 autem
1721 3182 1779 3223 se
1817 3168 1960 3223 Patri
1999 3169 2226 3238 gloriam

645 3271 866 3325 parare,
896 3265 954 3310 ut
985 3257 1115 3311 nulli
1146 3259 1214 3311 sit
1241 3258 1529 3327 sUSpieioni
1559 3257 1838 3313 obnoxius.
1872 3258 2023 3324 Quod
2049 3269 2225 3314 autem

646 3348 765 3402 ideo
805 3348 882 3402 sic
908 3348 1156 3419 loquutus
1187 3350 1284 3415 sit,
1332 3351 1383 3404 in
1421 3350 1766 3420 sequentibus
1794 3350 2028 3406 ostendit
2061 3369 2075 3407 ε
2126 3351 2225 3419 Qui

645 3441 946 3495 uoluntatem
988 3457 1130 3495 suam
1178 3444 1355 3510 quierit
1379 3484 1394 3510 ,
1445 3442 1655 3512 inquit,
1712 3443 1927 3514 gloriam
1966 3445 2224 3514 propriam

645 3533 852 3602 quierit;
871 3535 955 3603 qui
982 3545 1146 3586 autem
1173 3536 1352 3604 quierit
1398 3535 1613 3604 gloriam
1637 3537 1746 3605 ejus
1791 3535 1874 3605 qui
1903 3537 2038 3590 misit
2081 3537 2225 3590 illum

655 3627 734 3678 hic
764 3641 915 3677 uerax
932 3634 1025 3690 cst,
1057 3635 1102 3678 et
1128 3625 1378 3694 injustitia
1423 3628 1475 3678 in
1507 3625 1597 3679 illo
1627 3642 1725 3679 non
1756 3637 1848 3682 est.
1881 3626 2008 3680 Hart:
2035 3637 2105 3681 est
2127 3643 2223 3680 au-

648 3729 742 3770 tem
765 3717 992 3771 voluntas
1016 3715 1205 3784 Patris,
1232 3728 1284 3770 ut
1301 3719 1463 3772 omnis
1484 3719 1571 3787 qui
1594 3718 1722 3772 uidet
1746 3717 1959 3784 Filium,
2003 3729 2048 3773 et
2069 3719 2226 3773 credit

647 3813 698 3863 in
725 3827 856 3874 eum,
892 3811 1068 3864 habent
1097 3811 1246 3863 vitam
1273 3819 1514 3867 teternam
1536 3853 1548 3875 ,
1578 3821 1625 3864 et
1669 3827 1759 3881 ego
1783 3805 2087 3864 resdseitabo
2113 3827 2226 3864 eum

646 3905 697 3956 in
728 3903 993 3956 novissimo
1021 3903 1105 3957 die
1157 3900 1334 3975 (Joan.
1365 3903 1417 3957 7.
1471 3901 1583 3970 18).
1616 3900 1722 3956 Cur
1772 3909 1876 3955 tam
1923 3900 2228 3972 frequenter

648 3993 1091 4047 resurrectionem
1118 3992 1428 4048 memorat?
1477 3991 1554 4047 Ne
1585 3993 1933 4061 prmsentibus
1958 3994 2128 4048 solum
2171 3993 2224 4048 in

650 4083 808 4136 rebus
831 4081 924 4137 Dei
955 4082 1340 4151 providentiam
1366 4091 1601 4137 statuant
1626 4100 1638 4136 :
1670 4091 1728 4137 ut
1751 4081 1798 4136 si
1829 4084 1910 4136 hic
1935 4083 2089 4137 bonis
2118 4099 2223 4140 non

650 4177 909 4236 fruantur,
942 4189 1008 4227 ne
1040 4171 1158 4227 ideo
1187 4174 1461 4243 segniores
1491 4173 1617 4241 sint,
1650 4173 1744 4228 sed
1765 4171 1938 4227 futura
1963 4183 2180 4244 sperent
2205 4191 2219 4241 ;

648 4275 700 4319 et
725 4269 766 4318 sl
791 4265 840 4317 in
865 4265 1108 4334 prmscnti
1131 4279 1235 4319 non
1257 4266 1555 4335 puniantur,
1583 4281 1649 4321 ne
1669 4266 1838 4336 ipsum
1857 4276 2222 4332 contemnant,

647 4357 740 4411 sed
783 4358 938 4411 aliam
977 4367 1286 4426 exspectent
1314 4358 1500 4412 vitam.

718 4456 772 4508 4.
804 4450 998 4506 Verum
1023 4453 1068 4505 si
1095 4447 1174 4505 illi
1205 4451 1335 4504 nihil
1362 4450 1548 4505 lucrati
1574 4457 1716 4516 sunt,
1746 4463 1844 4505 nos
1871 4450 2064 4506 lucrari
2111 4459 2226 4506 stu-

650 4545 909 4611 deamus,
960 4544 1028 4598 dc
1079 4542 1477 4597 resurrectione
1510 4555 1650 4610 szepe
1697 4541 1994 4610 loquentes.
2044 4541 2099 4597 Si
2145 4542 2222 4596 di-

649 4635 884 4692 tesceudi
907 4676 921 4699 ,
952 4634 1212 4705 rapiendi,
1243 4643 1335 4688 aut
1365 4647 1590 4703 pravum
1619 4633 1744 4703 quid
1773 4631 1999 4688 faciendi
2033 4635 2226 4689 volun-

650 4738 732 4782 tas
757 4726 981 4791 subeat,
1016 4727 1192 4780 statim
1224 4725 1363 4779 diem
1405 4724 1551 4779 illam
1579 4724 1893 4794 cogitemus,
1920 4733 1972 4779 et
1997 4725 2228 4780 tribunal

649 4819 778 4874 illud
807 4819 959 4871 nobis
982 4816 1384 4882 describamus;
1416 4815 1639 4886 haecque
1663 4816 1910 4885 cogitatio
1937 4816 2226 4883 efﬁcacius,

649 4926 808 4980 quam
838 4909 1040 4964 frenum
1068 4909 1359 4979 quodlibet,
1389 4909 1553 4964 animi
1585 4909 1757 4964 rostri
1787 4909 2038 4979 impetum
2072 4925 2227 4965 coero

650 5004 811 5058 cebtt.
842 5002 907 5056 Et
939 5002 1059 5056 aliis
1087 5010 1141 5056 et
1169 5001 1320 5056 nobis
1342 5016 1554 5071 semper
1578 4999 1818 5058 dicamus
1847 5021 1860 5056 :
1892 5003 2231 5059 Rcsurrectio

651 5103 764 5160 est,
809 5106 863 5150 ct
909 5095 1145 5151 terribile
1172 5093 1400 5149 tribunal
1451 5109 1550 5150 nos
1581 5104 1782 5150 manet.
1825 5093 1882 5150 Si
1928 5096 2230 5165 quempiam

653 5191 828 5251 laetum
859 5197 910 5242 et
934 5187 999 5242 de
1027 5187 1376 5258 przrseutibus
1401 5187 1555 5243 bonis
1585 5196 1877 5243 tumentem
1913 5187 2190 5244 videamus
2213 5230 2229 5256 ,

652 5280 881 5350 idipsum
909 5280 1144 5335 dicamus
1169 5321 1184 5346 ,
1229 5280 1563 5336 dcelarantes
1589 5281 1765 5334 omnia
1791 5280 1877 5336 hic
1917 5295 2038 5336 esse
2082 5297 2231 5336 man-

653 5386 814 5435 sura;
849 5372 928 5424 sin
959 5371 1123 5425 alium
1170 5371 1441 5427 dolentem
1472 5371 1830 5442 :ernmnisque
1867 5385 2108 5441 pressum
2154 5371 2232 5424 vi-

654 5463 914 5527 deamus,
947 5462 1172 5528 idipsum
1222 5464 1297 5518 illi
1342 5473 1826 5532 reprazscntemus,
1879 5478 2071 5531 nempe
2122 5462 2234 5519 lucc

658 5555 826 5609 tristia
859 5554 1017 5610 linem
1050 5555 1293 5609 habitura
1317 5569 1472 5621 esse;
1502 5556 1583 5610 sin
1613 5555 1858 5624 supinum
1888 5563 1942 5609 et
1968 5554 2191 5610 ell'usum
2215 5596 2231 5619 ,

660 5646 884 5715 idipsum
922 5647 996 5702 illi
1027 5648 1328 5702 accinamus
1351 5687 1367 5713 ,
1415 5645 1587 5716 ipsum
1615 5660 1806 5715 nempe
1851 5645 2096 5717 segnitiei
2127 5660 2234 5701 sum

665 5753 846 5808 [uenas
886 5739 1153 5794 daturum.
1215 5740 1324 5794 lloc
1365 5739 1563 5793 dictum
1606 5738 1722 5807 plus
1771 5753 1927 5809 quam
1979 5736 2237 5793 medicina

663 5831 866 5901 quaevis
895 5834 1125 5887 animam
1153 5841 1389 5888 nostram
1418 5829 1642 5886 curabit.
1679 5828 1769 5886 Est
1795 5829 1936 5886 enim
1969 5844 2237 5888 resurrec-

1355 413 1408 464 s.
1450 407 1719 463 tOtNNlS
1758 399 2228 463 ettavsos‘rom
2271 400 3154 495 Attonitae.CONSTAN'rtxOP.

3809 417 3906 472 ιλιι

2335 518 2442 583 tio,
2476 529 2527 574 et
2559 521 2880 577 resurrectio
2908 522 2962 577 in
3001 521 3180 593 januis
3206 533 3308 590 cst,
3339 539 3443 579 non
3487 526 3670 593 procul
3716 530 3904 598 posita.

2331 611 2509 666 Adhuc
2533 614 2664 668 enim
2691 615 2941 669 modicum
2965 655 2981 682 ,
3016 616 3184 686 inquit
3212 615 3430 682 Paulus,
3463 620 3548 687 qui
3576 630 3813 675 periturus
3841 633 3906 674 est

2331 704 2520 769 ueniet,
2553 717 2601 760 et
2630 723 2729 761 non
2775 707 2993 762 tardabit
3022 706 3204 779 (Hebr.
3256 709 3340 765 10.
3385 710 3516 783 37);
3549 724 3604 767 et
3654 727 3862 767 rursum
3894 755 3905 774 .

2334 792 2520 849 Omnes
2556 807 2750 866 oportet
2797 815 2887 853 nos
2935 799 3250 872 manifestari
3305 810 3421 854 ante
3463 802 3684 856 tribunal
3726 801 3909 856 Christi

2331 886 2406 956 (Ξ.
2455 885 2574 941 Cor.
2605 888 2657 943 5.
2689 888 2801 960 10);
2834 889 2885 944 id
2917 898 3001 944 est
3023 931 3039 956 ,
3067 899 3121 944 et
3148 889 3319 944 malos
3345 898 3399 945 et
3430 889 3638 957 bonos;
3669 891 3787 947 illos
3809 933 3824 957 ,
3846 903 3909 945 ut

2328 993 2509 1034 coram
2535 981 2783 1036 omnibus
2815 980 3102 1051 ignominia
3132 981 3466 1048 afﬁciantur;
3500 983 3617 1050 bos,
3649 993 3708 1038 ut
3730 999 3907 1040 coram

2329 1072 2576 1126 omnibus
2596 1072 2988 1142 splendidiores
3011 1074 3258 1130 evadant.
3282 1073 3740 1142 Quemadmodum
3768 1076 3907 1131 enim

2325 1161 2534 1231 judices
2565 1163 2649 1218 hic
2677 1163 2848 1218 malos
2886 1165 3058 1232 palam
3092 1165 3354 1234 puniunt,
3402 1163 3570 1222 bonos
3599 1166 3808 1236 publice
3832 1167 3909 1220 ai-

2329 1255 2516 1310 ilciunt
2560 1256 2798 1312 honore:
2843 1259 2921 1311 sic
2945 1265 3002 1312 et
3031 1256 3139 1312 illic
3189 1256 3318 1324 net;
3366 1257 3438 1312 ita
3487 1266 3545 1312 ut
3592 1257 3699 1313 illis
3741 1257 3910 1329 pudor

2331 1347 2520 1416 major,
2553 1346 2637 1402 his
2662 1346 2832 1418 gloria
2865 1346 3127 1402 illustrior
3154 1356 3431 1418 appareat.
3467 1346 3593 1403 Haec
3619 1349 3798 1419 itaque
3818 1363 3910 1404 no-

2329 1437 2411 1491 bis
2457 1435 2679 1506 singulis
2725 1437 2911 1494 diebus
2942 1439 3372 1508 prtescribamus.
3424 1437 3552 1495 llaec
3600 1439 3648 1493 si
3698 1454 3911 1510 semper

2326 1542 2618 1594 versemus,
2649 1529 2792 1583 nulla
2833 1545 3011 1588 rerum
3041 1529 3382 1598 przesentium
3408 1537 3463 1584 et
3487 1529 3747 1585 ﬂuxarum
3772 1532 3788 1563 ⁸
3816 1544 3909 1585 nos

2330 1603 2590 1688 occupare
2639 1620 2854 1688 poterit.
2883 1619 3014 1675 Nam
3059 1635 3181 1690 quae
3227 1619 3476 1677 videntur
3532 1631 3906 1693 temporauea,

2330 1728 2449 1782 qua:
2474 1726 2581 1768 non
2610 1711 2860 1768 videntur
2887 1722 3087 1768 aeterna
3117 1723 3260 1768 sunt.
3293 1713 3419 1770 liznc
3451 1728 3579 1785 ergo
3610 1713 3907 1785 frequenter

2330 1804 2483 1858 nobis
2517 1803 2643 1873 ipsis
2670 1815 2722 1858 et
2755 1813 2938 1859 mutuo
2984 1804 3224 1859 dicamus
3257 1821 3269 1858 :
3317 1803 3662 1860 Resurrcctio
3701 1815 3817 1870 est,
3859 1818 3910 1858 et

2325 1895 2619 1965 judicium;
2647 1904 2702 1950 et
2723 1910 2954 1965 operum
2996 1894 3265 1951 reddenda
3293 1898 3451 1950 ratio.
3493 1894 3767 1966 Quolquol
3812 1912 3906 1966 pu-

2332 1998 2443 2042 tant
2467 2002 2584 2043 esse
2608 1985 2795 2053 fatum,
2827 1988 2926 2042 hoc
2949 1985 3149 2054 dicant,
3179 1994 3232 2041 et
3259 2001 3381 2041 mox
3413 1985 3572 2056 hujus
3596 1987 3766 2042 morbi
3793 1988 3909 2041 tabo

2325 2084 2721 2138 liberabuntur.
2752 2081 2883 2138 Nam
2930 2083 2975 2137 si
3024 2082 3345 2136 resurrectio
3386 2090 3471 2136 est
3519 2089 3572 2136 et
3616 2081 3907 2150 judicium,

2331 2191 2434 2230 non
2465 2184 2546 2229 est
2573 2173 2736 2228 fatum
2763 2216 2778 2238 ,
2810 2175 3148 2244 quantumvis
3194 2174 3292 2244 ipsi
3342 2173 3687 2229 contendant.
3725 2173 3908 2228 Verum

2329 2267 2493 2336 pudet
2518 2280 2604 2321 me
2647 2265 2984 2320 Christianos
3011 2263 3208 2321 docere
3257 2264 3730 2320 resurrectionem.
3780 2264 3911 2318 Nam

2329 2362 2417 2431 qui
2447 2359 2716 2414 docendus
2745 2367 2828 2415 est
2875 2373 2995 2414 esse
3035 2357 3518 2423 resurrectionem,
3553 2372 3652 2413 nec
3697 2372 3912 2428 persua-

2331 2468 2447 2508 sum
2478 2451 2637 2508 liabet
2662 2451 2860 2505 nullam
2882 2465 3001 2505 esse
3025 2449 3394 2505 necessitatem
3422 2491 3437 2516 ,
3466 2464 3565 2505 nec
3590 2464 3678 2504 res
3705 2465 3831 2505 casu
3853 2465 3912 2503 ac

2333 2555 2535 2602 temere
2579 2545 2741 2608 ferri,
2792 2544 2838 2598 is
2887 2552 3035 2600 certe
3065 2558 3170 2597 non
3219 2552 3302 2598 est
3347 2542 3705 2600 Christianus.
3754 2545 3912 2609 Ideo,

2333 2653 2514 2708 quasso
2541 2647 2597 2692 et
2624 2638 2847 2691 obsecro
2873 2677 2885 2700 ,
2919 2634 2984 2690 ab
3011 2635 3260 2690 omnibus
3289 2648 3390 2687 nos
3414 2635 3568 2690 malis
3595 2649 3877 2705 purgemus
3896 2675 3914 2700 ,

2334 2731 2570 2798 nihilque
2605 2744 2708 2783 non
2738 2742 2958 2799 agamus
2992 2735 3053 2781 ut
3080 2741 3473 2797 consequamur
3497 2727 3708 2783 veniam
3754 2742 3916 2784 exeu-

2332 2821 2703 2889 sationemque
2748 2821 2800 2873 in
2833 2819 2927 2872 illo
2954 2817 3062 2872 die.
3106 2817 3211 2874 Sed
3259 2816 3396 2873 forte
3421 2816 3568 2874 dicet
3605 2818 3866 2889 quispiam
3901 2837 3912 2870 :

2328 2911 2680 2981 Quandouam
2720 2909 3138 2976 consummatio,
3180 2900 3396 2978 quando
3421 2910 3742 2965 resurrectio
3772 2911 3915 2967 erit!

2331 3011 2586 3072 quantum
2615 3001 2873 3071 temporis
2898 2996 3104 3056 efﬂuxit
3124 3041 3138 3067 ,
3176 3008 3231 3056 et
3274 2999 3406 3055 nilnil
3433 3000 3624 3056 borum
3651 3001 3868 3073 contigit
3894 3003 3915 3052 ι

2336 3091 2442 3147 Sed
2469 3091 2593 3155 erit,
2631 3090 2858 3146 credite.
2885 3089 3016 3145 Nam
3047 3099 3172 3146 ante
3189 3090 3456 3146 diluvium
3499 3091 3600 3148 boe
3638 3091 3914 3156 dicebant,

2330 3195 2386 3240 et
2412 3184 2726 3240 deridebant
2753 3183 2864 3241 Noe
2889 3203 2902 3240 :
2951 3183 3045 3240 sed
3073 3185 3216 3241 venit
3244 3184 3504 3247 diluvium
3524 3225 3541 3252 ,
3573 3195 3629 3241 et
3670 3184 3768 3241 hos
3793 3201 3913 3240 om-

2331 3293 2428 3333 nes
2459 3292 2562 3332 non
2589 3276 2872 3332 credentes
2893 3276 3201 3344 absorbuit,
3232 3275 3320 3331 ille
3359 3276 3504 3331 solus
3534 3276 3761 3333 credens
3791 3293 3908 3333 ser-

2330 3378 2484 3422 vatus
2504 3377 2605 3423 est.
2640 3368 2704 3423 Et
2738 3377 2979 3438 tempore
3004 3367 3121 3423 ιοιί
3164 3367 3419 3423 divinitus
3451 3367 3742 3424 immissam
3776 3369 3916 3423 illam

2337 3461 2549 3531 plagam
2575 3474 2683 3514 non
2733 3459 3150 3530 exspectabant,
3191 3457 3362 3514 donec
3409 3459 3560 3529 ignes
3586 3469 3640 3515 et
3679 3459 3914 3516 immissa

2332 3555 2552 3609 fulmina
2580 3567 2769 3607 omnes
2817 3558 3284 3622 consumpserunt.
3318 3550 3499 3621 Neque
3536 3559 3660 3607 tunc
3704 3563 3916 3618 autem,

2335 3659 2509 3714 neque
2536 3653 2778 3714 tempore
2801 3643 2915 3700 Noe
2942 3643 3036 3698 fuit
3059 3642 3250 3712 aliquis
3276 3642 3574 3697 futurorum
3599 3643 3755 3699 index
3783 3660 3918 3714 pra--

2332 3738 2482 3802 vius;
2515 3735 2606 3790 sed
2636 3735 2882 3790 omnibus
2919 3733 3343 3797 convivantibus,
3364 3732 3612 3788 ebrietati
3641 3731 3916 3804 indulgen-

2334 3828 2494 3893 tibus,
2517 3825 2870 3881 intolerabilia
2901 3824 2992 3879 illa
3012 3823 3149 3878 mala
3182 3823 3474 3878 irruerunt.
3504 3823 3594 3878 Sic
3615 3825 3718 3878 erit
3741 3838 3919 3879 resur-

2331 3919 2559 3974 rectio:
2615 3917 2746 3972 nihil
2798 3931 2916 3971 eam
2973 3914 3392 3985 praenuntiabit,
3456 3913 3550 3968 scd
3619 3914 3920 3970 hominibus

2335 4009 2639 4066 laetantibus
2678 4016 2734 4062 et
2760 4007 2922 4062 rebus
2955 4006 3260 4077 prosperis,
3289 4006 3650 4075 superveniet.
3699 4005 3822 4061 ideo
3849 4008 3921 4061 ait

2337 4102 2532 4158 Paulus
2562 4119 2575 4155 :
2605 4099 2731 4156 Cum
2757 4101 2890 4154 enini
2915 4099 3082 4152 dicent
3121 4113 3296 4168 pacem
3335 4107 3382 4151 et
3419 4098 3734 4152 securitatem
3754 4141 3769 4162 ,
3804 4109 3920 4152 tunc

2331 4193 2624 4263 repentinus
2652 4192 2776 4262 ipsis
2803 4191 3115 4261 superveniet
3144 4191 3378 4243 interitus
3406 4205 3424 4242 :
3453 4190 3582 4243 sicut
3606 4199 3653 4243 et
3697 4192 3843 4245 dolor
3870 4194 3917 4244 in

2335 4297 2474 4340 utero
2504 4285 2743 4349 habenti,
2778 4294 2824 4336 et
2851 4299 2950 4337 non
2989 4280 3230 4351 effugient
3264 4281 3340 4352 (l.
3380 4279 3560 4337 Thess.
3592 4283 3649 4337 5.
3679 4283 3732 4353 5)
3789 4283 3918 4338 lllud

2335 4385 2512 4430 autem
2543 4374 2663 4430 ideo
2689 4375 2759 4428 ita
2795 4371 3027 4443 providit
3052 4371 3219 4438 Deus,
3248 4380 3305 4425 ut
3332 4385 3544 4440 semper
3569 4373 3734 4426 simus
3760 4387 3919 4442 expe-

2335 4469 2428 4522 diti
2459 4467 2525 4521 ad
2549 4465 2846 4521 cavendum
2896 4462 3084 4528 nobis,
3117 4477 3217 4519 nec
3259 4463 3340 4517 vel
3391 4463 3442 4518 in
3477 4464 3589 4534 ipsa
3639 4465 3920 4519 securitate

2338 4558 2584 4613 ﬁdamus.

2407 4648 2665 4702 Probatur
2705 4658 2753 4701 et
2782 4647 3196 4701 resurrectionem
3233 4659 3279 4700 et
3297 4645 3554 4716 judicium
3580 4661 3687 4701 esse
3727 4649 3918 4718 futura.

2332 4772 2405 4783 —
2423 4740 2561 4809 Quid
2587 4740 2720 4794 dicis
2740 4739 2764 4792 ἰ
2791 4749 2896 4794 non
2926 4746 3206 4806 exspectas
3230 4737 3680 4794 resurrectionem
3704 4747 3759 4795 et
3780 4739 3921 4810 judi.

2335 4836 2475 4889 cium
2493 4837 2517 4884 ἰ
2547 4833 2662 4888 hare
2684 4830 2957 4886 daemones
2984 4829 3330 4897 conﬁtentur,
3355 4839 3412 4886 et
3451 4840 3507 4885 tu
3544 4846 3649 4885 non
3697 4834 3920 4886 conﬁte-

2337 4927 2413 4982 ris
2433 4925 2498 4980 ’τ
2542 4923 2729 4979 Venisti
2756 4924 2875 4986 huc,
2909 4921 3191 4991 inquiunt,
3222 4929 3340 4975 ante
3365 4929 3558 4990 tempus
3579 4931 3809 4992 torquere
3836 4939 3922 4976 nes

2339 5017 2548 5089 (Matth.
2579 5017 2632 5072 8.
2664 5015 2778 5086 29).
2810 5015 2909 5082 Qui
2949 5029 3079 5068 vero
3103 5013 3393 5068 cruciatum
3441 5014 3674 5068 futurum
3707 5013 3914 5077 dicunt,

2338 5110 2410 5165 illi
2438 5120 2494 5166 et
2529 5108 2826 5179 judicium,
2855 5115 2910 5161 et
2934 5105 3171 5160 rationes
3197 5103 3531 5173 reddendas,
3573 5112 3628 5160 et
3667 5105 3919 5175 supplicia

2338 5211 2549 5257 norunt.
2593 5200 2668 5256 Ne
2717 5199 2894 5269 itaque
2940 5197 3105 5251 Deum
3151 5209 3533 5266 provocemus,
3584 5195 3708 5250 dum
3760 5195 3920 5251 stulta

2338 5293 2616 5360 audemus,
2647 5303 2702 5348 et
2727 5289 3104 5346 resurrectioni
3139 5303 3247 5343 non
3277 5287 3565 5343 credimus.
3606 5288 3755 5344 Sicut
3782 5291 3920 5345 enim

2341 5387 2393 5440 in
2421 5386 2537 5439 aliis
2572 5383 2723 5438 nobis
2754 5381 3070 5452 principium
3098 5377 3200 5433 fuit
3225 5377 3468 5433 Christus
3493 5419 3508 5443 ,
3557 5379 3628 5433 ita
3653 5387 3708 5434 et
3739 5379 3792 5434 in
3826 5381 3922 5433 hoc

2341 5498 2574 5552 quoque.
2606 5480 2736 5535 Nam
2769 5481 2888 5535 ideo
2938 5475 3330 5549 primogenitus
3359 5482 3692 5528 mortuorum
3731 5471 3923 5529 dicitur

2343 5575 2475 5646 (Col.
2510 5576 2560 5630 l.
2591 5574 2702 5642 18).
2735 5571 2885 5639 Quod
2915 5573 2959 5625 si
2987 5567 3311 5626 resurrectio
3333 5581 3437 5620 non
3465 5573 3628 5634 esset,
3657 5564 3924 5636 quomodo

2409 5715 2422 5744 ¹
2461 5710 2533 5761 ita
2561 5707 2724 5758 Morel.
2766 5707 2821 5756 In
2846 5704 2986 5755 savii.
3013 5710 3175 5752 autem
3217 5702 3417 5764 legitur,
3442 5697 3574 5754 nulla
3609 5711 3773 5752 rerum
3797 5709 3923 5765 prtr-

2344 5775 2546 5826 sentimn
2569 5783 2704 5819 cura.
3170 5825 3178 5831 _
3279 5823 3286 5831 _

2409 5842 2426 5869 ι
2462 5834 2599 5884 savil.
2629 5835 2794 5895 habet,
2818 5837 2860 5880 et
2885 5834 2933 5879 tu
2959 5839 3050 5877 non
3075 5825 3312 5876 erubescis
3341 5825 3364 5874 1’
