4102 6524
184 463 286 521 25⁸1

191 574 588 650 primogenitus
621 571 829 625 futurus
858 572 1031 629 esset,
1079 562 1228 617 nullo
1253 575 1319 614 cx
1369 555 1796 656 mortuis-ipsum

193 647 494 739 sequente?
539 663 596 719 Si
631 660 956 718 resurrectio
1007 669 1114 709 non
1142 662 1242 716 est,
1278 647 1551 722 quomodo
1591 647 1796 716 justitia

197 763 288 818 Dei
319 757 646 820 servabitur,
697 768 816 808 cum
860 758 938 804 tot
985 745 1213 818 improbi
1268 745 1321 798 in
1377 741 1682 811 prosperis,
1720 746 1798 792 tot

195 853 352 926 probi
409 851 462 906 in
515 846 770 904 mrumnis
817 843 979 896 vitam
1027 837 1280 907 exigant?
1325 833 1554 890 Ubinam
1605 829 1798 884 horum

192 946 394 1016 singuli
423 941 719 1000 secundum
745 936 932 991 merita
975 933 1271 1001 accipient,
1300 928 1344 983 si
1375 942 1480 982 non
1508 926 1578 980 sit
1616 937 1800 978 resur-

192 1038 412 1096 rectio?
457 1036 625 1092 Nemo
657 1040 802 1086 recte
850 1025 1144 1084 viventium
1193 1021 1645 1078 resurrectionem
1692 1029 1800 1069 non

192 1131 413 1195 credit;
462 1126 554 1182 sed
602 1123 752 1194 probi
783 1119 1017 1192 quotidie
1044 1117 1185 1172 diem
1219 1114 1364 1168 illam
1416 1117 1604 1180 Optant
1629 1149 1643 1172 ,
1675 1121 1802 1160 san—

193 1235 343 1279 ctam
378 1222 516 1276 illam
545 1232 731 1272 vocem
760 1213 1116 1284 proferentes,
1142 1207 1391 1262 Adveniet
1423 1218 1634 1274 regnum
1662 1210 1804 1254 tuum

195 1312 416 1382 (Manli.
465 1312 517 1364 6.
555 1308 667 1378 10).
700 1306 926 1372 Quinam
959 1317 1093 1373 ergo
1136 1309 1260 1354 sunt
1301 1297 1392 1368 qui
1448 1290 1804 1350 resurrectio-

194 1422 328 1462 nem
363 1418 466 1459 non
496 1401 762 1457 credunt?
804 1397 902 1466 Qui
935 1396 988 1450 in
1035 1395 1137 1448 viis
1169 1389 1460 1461 inquinatis
1489 1383 1802 1447 ambulant,

193 1510 253 1554 et
279 1498 544 1566 impuram
568 1494 729 1546 vitam
756 1491 978 1551 ducum,
1009 1497 1067 1542 ut
1091 1487 1163 1540 ait
1189 1482 1488 1556 prOpheta:
1517 1478 1808 1548 lnquinatte

192 1599 322 1644 sunt
352 1588 444 1642 vita
471 1587 610 1640 illius
639 1588 689 1637 in
714 1585 851 1637 omni
877 1593 1100 1651 tempore
1126 1595 1146 1633 :
1172 1579 1480 1647 auferuntur
1498 1570 1694 1640 iudicia
1719 1576 1807 1620 tua

193 1697 228 1734 α
257 1679 394 1751 facie
414 1679 522 1748 ejus
556 1675 708 1747 (Psat
761 1676 815 1730 9.
847 1673 960 1743 ‘26).
989 1671 1105 1725 Non
1137 1678 1221 1725 est
1248 1667 1429 1731 enim,
1459 1678 1565 1718 non
1593 1669 1671 1716 est
1701 1658 1806 1712 uti-

1236 446 1303 500 lN
1345 440 1660 500 ,ΙΟᾹΝΝΕΜ
1703 438 1934 496 ιιυιιιι.
1982 436 2164 493 XLVI.
2209 437 2279 491 al.
2326 435 2487 492 XLV.

3408 439 3515 494 9.38

1905 567 2008 623 que
2040 551 2203 607 homo
2229 556 2394 605 vitam
2423 551 2624 606 ducens
2647 565 2838 637 puram
2863 592 2877 617 ,
2917 551 3014 623 qui
3036 565 3155 607 'non
3185 553 3371 609 credat
3417 566 3505 606 rc-

1904 643 2268 700 surrectioni:
2319 657 2384 698 ac
2411 643 2502 714 qui
2535 643 2734 698 nullius
2779 644 3129 704 sibi;ccnscii
3171 656 3295 701 sunt
3343 648 3503 706 ntali.

1905 736 2121 800 dicunt,
2168 744 2422 804 sperant,
2456 743 2512 790 et
2548 733 2813 801 credunt,
2862 736 3274 792 retributionem
3306 753 3364 794 se
3392 753 3514 794 esse

1906 837 2248 899 accepturos.
2277 828 2355 883 Ne
2383 829 2564 898 itaque
2593 827 2758 884 Deum
2790 829 3085 897 irritemus,
3115 829 3208 885 sed
3232 832 3515 886 audiamus

1907 936 2029 975 cum
2060 920 2328 976 dicentem
2356 960 2385 986 ,.
2425 919 2622 975 Timete
2669 937 2783 976 eum
2811 922 2899 992 qui
2943 932 3102 993 potest
3130 932 3177 976 et
3203 939 3431 980 ammam
3461 936 3512 980 et

1906 1027 2094 1078 corpus
2122 1012 2331 1081 perdere
2352 1012 2405 1064 in
2431 1012 2714 1082 gehennam
2740 1012 2952 1072 (Matth.
2987 1014 3075 1070 10.
3107 1014 3238 1085 28);
3275 1026 3330 1071 ut
3368 1026 3519 1074 metu

1910 1102 2163 1158 meliores
2219 1103 2342 1157 iacti
2364 1143 2379 1168 ,
2407 1111 2463 1158 et
2491 1103 2593 1158 hac
2619 1105 2855 1176 pernicie
2903 1105 3112 1161 liberati
3159 1122 3328 1178 regno
3355 1109 3519 1165 (ταξιο-

1912 1211 2029 1250 rum
2051 1195 2196 1265 digni
2229 1196 2524 1251 habeamur
2555 1213 2568 1250 :
2598 1197 2740 1268 quod
2769 1199 2972 1254 utinam
2999 1215 3190 1256 onmcs
3215 1216 3518 1272 consequa-

1912 1303 2054 1354 mur,
2081 1287 2248 1358 gratia
2271 1298 2324 1344 et
2355 1289 2683 1360 benignitate
2710 1291 2918 1347 Domini
2947 1294 3115 1348 nostri
3143 1293 3271 1349 Jesu
3295 1295 3517 1361 Christi,

1915 1397 2013 1452 per
2039 1397 2200 1452 quem
2232 1391 2288 1436 et
2317 1397 2437 1436 eum
2493 1399 2600 1454 quo
2630 1383 2775 1439 Patri
2822 1385 2991 1454 gloria
3022 1401 3147 1440 cum
3199 1385 3476 1442 adoranda
3501 1430 3519 1455 ,

1913 1477 2257 1531 sanctissimo
2286 1486 2339 1532 et
2368 1477 2580 1532 vivilico
2609 1479 2727 1548 ejus
2755 1477 2978 1549 Spiritu,
3013 1495 3156 1535 nunc
3184 1490 3239 1537 et
3274 1497 3512 1552 semper,

1919 1579 1974 1624 et
2004 1570 2058 1624 in
2092 1568 2296 1624 iuliuita
2323 1569 2519 1625 sreeula
2546 1570 2889 1626 saeculorum.
2921 1572 3117 1627 Amen.

191 1785 3520 1826 Μ

1559 1864 1911 1931 HOMILIA
1956 1863 2179 1926 XLVI.

198 2034 338 2091 CAP.
369 2033 423 2088 ϐ.
478 2047 530 2084 v.
572 2029 661 2084 41.
695 2024 1088 2082 Murmurabant
1119 2038 1235 2093 ergo
1262 2019 1295 2073 .1
1304 2018 1436 2072 ndtri
1466 2017 1527 2070 de
1556 2015 1662 2075 illo,
1683 2013 1818 2083 quod

279 2125 513 2186 dixisset,
547 2120 655 2191 Ego
675 2136 785 2174 sum
818 2118 964 2188 panis
996 2158 1010 2181 ,
1040 2116 1125 2185 qui
1145 2115 1207 2167 de
1233 2113 1357 2167 cado
1385 2107 1642 2163 descendit
1672 2147 1687 2172 ,
1720 2103 1814 2158 4‘2.

281 2226 332 2268 et
356 2215 588 2268 dicebant
623 2227 641 2266 :
669 2209 854 2266 Nonne
877 2209 957 2262 hic
976 2217 1050 2262 est
1074 2206 1230 2261 Jesus
1258 2204 1400 2274 ﬁlius
1421 2199 1637 2268 Joseph,
1668 2196 1814 2265 cujus

280 2324 379 2360 nos
409 2305 754 2377 cognoscimus
781 2313 978 2369 patrem
1017 2310 1062 2353 et
1106 2295 1362 2352 matrem?
1394 2291 1660 2362 Quomodo
1694 2302 1813 2358 ergo

283 2398 408 2450 dicit
434 2413 486 2450 se
524 2413 551 2448 e
574 2395 700 2449 cwlo
727 2392 1044 2447 descendisse
1071 2389 1096 2442 2’

286 2491 342 2543 1.
375 2488 601 2553 Quorum
632 2486 768 2540 Dens
796 2497 962 2540 venter
1000 2493 1072 2537 est
1104 2523 1119 2546 ,
1149 2490 1196 2536 et
1239 2479 1402 2549 gloria
1444 2479 1496 2532 in
1533 2473 1815 2547 ignominia

209 2580 668 2650 eormn(Phitipp.
692 2581 744 2636 '5.
770 2578 880 2647 l9),
901 2577 1071 2648 inquit
1108 2576 1174 2631 de
1215 2572 1529 2645 quibusdam
1559 2568 1814 2634 Paulus‘,

212 2673 654 2744 I‘hilippcnsibus
675 2672 934 2728 scribens.
962 2668 1114 2738 Quod
1137 2678 1315 2722 autem
1347 2667 1400 2721 hi
1425 2665 1595 2721 Judaei
1614 2670 1814 2727 essent,

214 2771 396 2840 palam
425 2777 507 2822 est
534 2783 562 2820 a
590 2763 1034 2836 prtcccdeutihus,
1070 2762 1241 2831 palam
1272 2760 1400 2813 item
1426 2767 1508 2812 est
1528 2755 1676 2810 abiis
1696 2768 1818 2824 qutc

214 2860 492 2916 Christum
532 2857 791 2911 adeuntes
829 2854 1098 2909 dicebant.
1133 2851 1264 2905 Nam
1293 2864 1414 2904 eum
1455 2861 1650 2919 panem
1690 2844 1818 2914 ipsis

217 2952 408 3015 dedit,
443 2953 789 3023 ipsorumque
813 2955 1027 3002 ventres
1054 2944 1337 3014 implevit,
1371 2941 1687 3012 prophetam
1721 2951 1820 2992 vo-

226 3044 423 3100 cabant
445 3083 462 3107 ,
505 3052 556 3096 et
586 3056 766 3111 regem
793 3038 1123 3095 constituere
1151 3035 1400 3091 volebant
1430 3051 1445 3097 ;
1474 3047 1596 3087 cum
1639 3038 1819 3085 autem

219 3132 758 3204 Spiritualemcibum
779 3141 832 3185 et
857 3131 1020 3185 vitam
1045 3137 1302 3184 maternam
1331 3126 1533 3191 docuit,
1557 3139 1676 3179 cum
1701 3123 1821 3178 illos

221 3243 252 3282 a
280 3225 570 3281 sensilibus
598 3223 856 3290 abduxit,
890 3236 1010 3277 cum
1043 3219 1110 3275 de
1143 3219 1538 3275 resurrectione
1570 3216 1820 3285 loquutus

220 3329 302 3374 est
331 3361 344 3382 ,
389 3318 736 3387 ipsorumque
778 3324 1012 3369 mentem
1054 3313 1271 3373 erexit;
1323 3325 1445 3364 cum
1496 3307 1819 3378 oportuisset

222 3412 373 3466 illum
407 3409 641 3463 maxime
687 3406 901 3473 mirari,
935 3415 1062 3470 tunc
1104 3413 1433 3457 murmurant
1467 3411 1519 3454 ct
1548 3401 1816 3456 resiliunt.

211 3485 383 3571 .Alqui
417 3502 460 3555 si
484 3500 571 3554 hic
601 3509 716 3553 erat
743 3499 1000 3568 propheta
1036 3537 1052 3563 ,
1086 3505 1143 3550 ut
1180 3497 1324 3566 prius
1351 3495 1597 3549 dixerant
1625 3494 1684 3543 ἐ
1723 3490 1822 3544 llic

222 3606 296 3650 est
329 3596 460 3648 enim
486 3593 549 3647 de
569 3609 668 3662 quo
689 3593 819 3645 dixit
851 3591 1076 3662 Moyses,
1109 3589 1422 3658 Prop/return
1446 3586 1584 3642 vobis
1599 3586 1820 3642 suscita-

221 3688 291 3740 bit
326 3684 570 3739 Dominus
610 3682 750 3738 Deus
777 3684 840 3737 de
879 3682 1122 3750 fratribus
1161 3683 1336 3735 uestris
1361 3722 1375 3746 ,
1403 3689 1658 3748 tamquam
1706 3693 1822 3732 me:

220 3781 393 3848 ipsum
419 3778 591 3830 audite
621 3775 640 3848 (
673 3774 828 3828 Deut.
863 3775 951 3828 18.
983 3774 1052 3828 15
1079 3773 1098 3844 )
1123 3790 1136 3837 ;
1162 3772 1402 3842 Oportuit
1425 3772 1601 3841 ipsum
1632 3769 1822 3825 audire

221 3873 514 3931 dicentem,
549 3866 625 3922 De
666 3867 789 3920 ratio
815 3865 1071 3920 descendi.
1110 3862 1308 3918 Verum
1342 3878 1445 3916 non
1485 3861 1816 3926 audiebant,

220 3959 321 4016 Sed
365 3957 790 4013 murmurabant.
828 3954 1018 4010 Adhuc
1048 3954 1190 4009 enim
1224 3953 1396 4022 ipsqu
1438 3951 1823 4008 reverebantur

221 4052 295 4106 ob
343 4064 531 4106 recens
584 4064 775 4118 panum
826 4047 1166 4102 miraculum.
1219 4046 1345 4101 ldco
1385 4061 1492 4100 non
1542 4044 1823 4099 manifeste

221 4143 696 4208 Contradicebant;
727 4140 1113 4196 murmurando
1165 4126 1346 4196 tamen
1404 4139 1820 4209 indignationem

223 4255 338 4310 pra-
381 4252 440 4292 se
467 4235 747 4300 ferebant,
803 4236 926 4305 quia
979 4249 1084 4288 non
1125 4233 1337 4302 qualem
1391 4232 1642 4286 volebant
1694 4231 1822 4299 ipsis

223 4344 472 4385 mensam
519 4327 759 4398 parabat.
802 4326 868 4380 Et
908 4333 1306 4380 murmurantes
1330 4322 1601 4385 dicebant,
1636 4322 1824 4376 Nonne

219 4423 307 4474 Iric
339 4431 408 4475 est
436 4421 576 4488 filius
604 4416 798 4488 Ioseph
821 4418 846 4470 ?
881 4415 1030 4472 Unde
1054 4414 1232 4486 palam
1247 4423 1331 4470 cst
1352 4415 1499 4486 ipsos
1521 4412 1821 4469 mirabilem

218 4516 342 4583 ejus
396 4512 796 4582 generationem
840 4509 1076 4563 nondum
1127 4508 1364 4563 novisse.
1414 4506 1617 4561 Idcirco
1648 4505 1824 4560 adlmc

217 4623 344 4663 eum
366 4603 586 4671 Josephi
616 4602 779 4668 lilium
809 4601 1012 4656 dicunt.
1033 4600 1220 4670 Neque
1247 4611 1425 4654 tamen
1451 4599 1674 4667 corripit
1705 4612 1818 4663 eos,

216 4712 396 4767 neque
438 4695 602 4760 dicit,
636 4693 751 4748 Non
787 4707 906 4747 sum
940 4693 1082 4746 lilius
1123 4691 1342 4760 Joscphi
1373 4711 1385 4745 :
1419 4706 1524 4744 non
1556 4688 1698 4760 quod
1726 4688 1820 4744 Jo-

217 4788 372 4857 sophi
406 4786 546 4841 illius
571 4792 723 4839 esset
754 4783 898 4849 ,scd
938 4781 1079 4853 quod
1126 4781 1361 4836 nondum
1405 4789 1625 4851 possent
1652 4780 1822 4834 admi-

216 4869 448 4939 rabilem
481 4881 626 4935 illum
676 4889 887 4950 partum
925 4877 1132 4932 audire.
1173 4876 1325 4942 Quod
1353 4876 1398 4930 si
1431 4884 1641 4945 partum
1672 4876 1820 4931 illum

215 4973 521 5031 secundum
565 4986 782 5026 carnem
829 4969 1064 5024 nondum
1098 4978 1344 5039 poterant
1387 4969 1573 5023 audire
1602 5009 1616 5033 ,
1653 4967 1821 5022 multo

213 5069 397 5122 minus
455 5062 776 5120 inoll‘abilem
835 5061 984 5115 illum
1055 5071 1110 5116 et
1181 5075 1492 5130 supernum.
1550 5061 1605 5116 Si
1677 5060 1818 5130 quod

219 5159 483 5225 Itmnilius
540 5165 658 5211 erat
723 5171 830 5210 non
888 5153 1145 5208 revelavit
1178 5194 1192 5218 ,
1245 5153 1416 5207 multo
1487 5152 1663 5208 minus
1728 5151 1818 5205 illa

214 5253 436 5308 dixerit.
495 5250 654 5318 Atqui
701 5249 820 5304 ‘hoe
881 5247 1025 5317 ipsos
1092 5245 1398 5301 oll'endebat
1459 5243 1602 5316 quod
1677 5253 1821 5299 essm

209 5361 279 5398 es
355 5344 444 5397 vili
506 5353 656 5410 patre
718 5348 916 5394 natus:
950 5346 1184 5392 attamen
1238 5352 1342 5391 non
1391 5335 1650 5391 revelavit
1681 5377 1695 5401 ,
1751 5351 1819 5391 nc
1865 5355 1871 5362 '

211 5433 366 5487 aliud.
399 5433 597 5486 tollens
624 5429 1003 5486 oll‘endiculum
1037 5470 1051 5494 ,
1096 5427 1240 5483 aliud
1284 5428 1524 5482 inferret.
1557 5427 1661 5482 Sed
1687 5427 1816 5497 quid

211 5526 323 5581 illis
350 5522 813 5578 murnntrantibus
859 5519 1146 5588 rcSpondct
1170 5520 1192 5572 ?
1219 5519 1307 5572 44.
1346 5517 1510 5571 Nemo
1536 5529 1699 5589 potest
1730 5535 1816 5572 ve-

208 5619 324 5673 ru're
343 5619 409 5671 ad
439 5633 540 5681 me,
566 5615 666 5668 nisi
693 5611 866 5678 Pater,
893 5614 980 5683 qui
1001 5613 1135 5666 misit
1168 5627 1245 5664 me
1273 5653 1287 5678 ,
1320 5613 1528 5664 traxerit
1551 5629 1685 5666 eum.
1717 5613 1816 5667 llic

208 5710 500 5784 insurgunt
524 5707 808 5766 Manichrei
836 5706 1097 5773 dicentes,
1130 5706 1258 5760 nihil
1283 5720 1382 5760 nos
1414 5720 1480 5760 ex
1510 5706 1666 5762 nobis
1689 5707 1816 5779 ipsis

264 5867 280 5898 ¹
309 5865 404 5922 Alii
431 5866 643 5923 habent,
672 5859 840 5923 inquit.
867 5859 928 5923 de
951 5857 1137 5909 Jtttlt‘t'iS
1163 5859 1358 5922 loquens
1383 5858 1579 5911 Partitis.

262 5936 284 5968 ⁸
302 5934 396 5989 Alii
421 5922 638 5996 legunt,
659 5922 915 5986 dixt‘rutis,
943 5937 1048 5988 pro,
1071 5923 1314 5974 dixerunt.

1927 2023 2119 2079 posse:
2142 2010 2262 2080 quia
2297 2011 2346 2067 id
2387 2014 2620 2070 maxime
2656 2017 2850 2087 probat
2872 2060 2887 2086 ,
2921 2019 3250 2076 voluntatem
3284 2034 3526 2078 nostram

1923 2100 1974 2154 in
2004 2113 2187 2157 nostra
2218 2119 2338 2159 esse
2370 2116 2654 2174 potestate.
2686 2109 2791 2164 Sed
2821 2110 2865 2165 si
2898 2111 3017 2180 quis
3063 2114 3204 2168 venit
3233 2114 3300 2168 ad
3333 2115 3478 2171 illum
3506 2158 3522 2182 ,

1925 2193 2120 2264 inquit,
2147 2193 2272 2265 quid
2308 2212 2445 2267 opus
2467 2198 2625 2255 habet
2655 2210 2716 2255 ut
2752 2202 2998 2259 trahatur
3024 2206 3047 2257 Υ
3072 2205 3269 2262 Verum
3300 2208 3403 2264 hoc
3431 2226 3531 2264 no-

1923 2293 2094 2338 strum
2119 2301 2226 2341 non
2270 2286 2407 2342 tollit
2444 2289 2727 2346 arbitrium
2763 2335 2777 2358 ,
2808 2292 2904 2348 sed
2936 2294 3115 2365 potius
3159 2295 3398 2353 declarat
3428 2314 3529 2355 nos

1926 2377 2128 2431 auxilio
2149 2392 2284 2447 opus
2317 2379 2538 2438 habere.
2566 2381 2661 2436 llic
2687 2391 2998 2440 autemnon
3025 2386 3202 2458 agitur
3238 2387 3306 2445 de
3337 2390 3531 2461 quovis

1929 2467 2148 2526 homine
2176 2470 2472 2528 accedente
2501 2514 2518 2540 ,
2550 2473 2646 2529 sed
2678 2473 2746 2531 de
2769 2475 2865 2530 illo
2891 2477 2983 2548 qui
3012 2479 3182 2534 multo
3211 2480 3403 2538 fruitur
3429 2498 3529 2538 au-

1929 2560 2078 2614 xilio.
2115 2560 2323 2619 Deinde
2371 2564 2589 2622 modum
2635 2567 2876 2624 ostendit
2918 2586 3026 2641 quo
3059 2572 3242 2630 trahit.
3278 2574 3354 2631 Ne
3383 2577 3532 2632 enim

1926 2656 2183 2712 sensibile
2203 2656 2476 2728 quidpiam
2505 2660 2574 2716 de
2601 2659 2712 2718 Deo
2733 2666 3138 2734 suspicarentur
3160 2709 3176 2734 ,
3207 2669 3483 2740 subjunxit
3515 2690 3529 2726 :

1928 2749 2017 2806 46.
2049 2749 2173 2806 Non
2203 2753 2323 2822 quia
2345 2751 2513 2809 Deum
2541 2756 2664 2810 vidit
2690 2759 2978 2830 quisquam,
3003 2762 3102 2816 nisi
3124 2763 3211 2832 qui
3238 2774 3311 2819 est
3340 2781 3372 2818 a
3402 2763 3531 2833 Deo,

1928 2841 2012 2895 hic
2050 2842 2173 2896 vidit
2203 2841 2432 2900 Patrem.
2479 2847 2763 2914 Quomodo
2811 2850 3017 2906 trahit?
3061 2853 3238 2925 inquit
3267 2855 3380 2911 ille.
3416 2856 3532 2914 lloc

1930 2933 2189 3004 prepheta
2231 2935 2341 3005 jam
2383 2937 2509 2992 olim
2541 2938 2835 2996 declaravit
2865 2941 2949 2998 his
2990 2944 3174 3001 verbis
3198 2985 3212 3012 ,
3248 2947 3338 3002 45.
3365 2947 3537 3002 Erunt

1930 3039 2103 3078 onmes
2129 3025 2370 3082 docibiles
2395 3026 2504 3082 Dei.
2541 3027 2787 3086 Vidistin‘
2809 3031 2932 3087 ﬁdei
2958 3033 3294 3104 dignitatem,
3327 3047 3380 3092 et
3401 3055 3536 3109 quo-

1931 3117 2093 3173 modo
2122 3135 2226 3174 non
2255 3119 2324 3175 ab
2352 3120 2658 3179 hominibus
2682 3165 2697 3192 ,
2728 3141 2829 3182 nec
2856 3141 2953 3196 per
2975 3127 3250 3186 hominem
3307 3133 3402 3188 sed
3440 3149 3538 3202 per

1932 3209 2098 3265 Deum
2133 3211 2307 3281 ipsum
2335 3214 2465 3270 illud
2495 3214 2754 3273 edocendi
2787 3218 2895 3274 sint
2923 3219 2946 3272 ξ’
2977 3219 3209 3292 Ideoque
3241 3232 3298 3278 ut
3326 3240 3540 3281 sermo-

1931 3301 1983 3356 ni
2013 3316 2113 3357 suo
2145 3302 2344 3360 faceret
2375 3304 2533 3360 tinem
2559 3346 2574 3372 ,
2606 3307 2674 3361 ad
2722 3309 3012 3379 prophetas
3040 3312 3185 3382 ipsos
3213 3315 3437 3371 remisit.
3467 3317 3540 3374 Et

1929 3394 1974 3449 si
2004 3393 2204 3448 dictum
2232 3404 2314 3450 est
2338 3437 2352 3459 ,
2383 3397 2576 3467 inquit,
2609 3398 2756 3468 ipsos
2803 3399 2920 3457 fore
2950 3401 3218 3460 docibiles
3247 3405 3340 3460 Dei
3376 3448 3391 3472 ,
3439 3423 3539 3465 cur

1931 3485 2092 3558 aliqui
2143 3503 2246 3543 non
2305 3490 2733 3559 credunt?Quia
2767 3492 2900 3548 illud
2943 3493 3011 3549 de
3043 3496 3286 3566 pluribus
3328 3499 3532 3558 dictum

1931 3586 2034 3634 est.
2065 3579 2317 3650 Alioquin
2350 3590 2528 3637 autem
2559 3598 2665 3638 non
2697 3599 2885 3641 omnes
2911 3601 3133 3656 prorsus
3156 3631 3171 3653 ,
3222 3591 3317 3646 sed
3345 3606 3539 3649 omnes

1931 3670 2019 3741 qui
2051 3671 2353 3739 voluerint,
2384 3689 2480 3745 per
2510 3677 2826 3747 prOphetam
2855 3679 3246 3750 signiﬁcantur.
3283 3684 3539 3757 Magister

1931 3765 2078 3821 enim
2103 3767 2356 3823 omnibus
2385 3771 2723 3842 preponitur,
2759 3783 2976 3843 paratus
3002 3775 3070 3830 ad
3101 3791 3197 3830 sua
3231 3778 3490 3836 tradenda
3522 3824 3534 3846 ,

1931 3857 2019 3925 qui
2047 3856 2349 3913 doctrinam
2381 3875 2534 3916 suam
2557 3863 2807 3919 erunibus
2829 3864 3070 3920 cll'undit.
3111 3867 3176 3922 Et
3206 3885 3297 3941 ego
3317 3874 3538 3928 resusci-

1932 3948 2048 4001 tabo
2074 3965 2185 4002 eum
2217 3951 2269 4004 in
2300 3952 2574 4008 novissimo
2597 3956 2697 4009 die.
2732 3955 2849 4011 Non
2883 3971 3043 4026 parva
3076 3957 3180 4015 hoc
3217 3961 3269 4015 in
3297 3962 3414 4019 loco
3448 3965 3538 4020 Fi-

1931 4030 1985 4095 lii
2015 4041 2247 4112 dignitas
2279 4060 2294 4096 :
2325 4046 2588 4115 siquidem
2621 4048 2780 4104 l’ater
2803 4049 2965 4106 trahit
2987 4092 3000 4115 ,
3034 4060 3087 4108 et
3117 4052 3203 4108 hic
3225 4059 3531 4124 resuscitat,

1930 4151 2036 4188 non
2071 4135 2318 4192 dividens
2341 4138 2514 4217 Patris
2539 4149 2593 4195 ct
2624 4141 2741 4196 Filii
2809 4160 2976 4215 opera
3021 4168 3034 4204 :
3083 4149 3357 4216 quomodo
3390 4150 3544 4207 enim

1930 4230 2156 4299 posset?
2174 4229 2267 4284 sed
2285 4233 2578 4289 ostendens
2594 4237 2877 4304 potestatis
2891 4239 3278 4308 aequalitatem.
3311 4242 3444 4297 Nam
3475 4257 3537 4300 ut

1931 4322 2174 4386 illoloco,
2192 4322 2256 4376 Et
2269 4325 2355 4393 qui
2372 4327 2508 4380 misit
2522 4343 2600 4382 me
2628 4326 2804 4397 Pater,
2833 4331 3174 4386 testimonium
3208 4335 3434 4405 perhibet
3471 4339 3536 4393 de

1931 4431 2029 4482 me,
2065 4415 2262 4472 deinde
2283 4433 2351 4474 ne
2379 4419 2591 4488 quidam
2615 4419 2682 4476 de
2699 4436 2830 4477 voce
2859 4425 3127 4481 curiosius
3149 4426 3486 4497 inquirerent
3519 4473 3535 4497 ,

1930 4509 2138 4564 remis‘t
2179 4510 2300 4565 illos
2327 4510 2392 4565 ad
2418 4512 2726 4581 Seripturas
2754 4531 2768 4568 :
2801 4516 2871 4570 ita
2896 4527 2948 4572 et
2978 4517 3068 4574 hic
3093 4521 3321 4577 remittit
3349 4538 3443 4578 eos
3465 4525 3534 4579 ad

1931 4601 2361 4670 prephetas,hos
2387 4603 2616 4661 subinde
2650 4605 2946 4675 adducens,
2979 4619 3036 4664 ut
3066 4612 3318 4668 ostendat
3339 4631 3398 4670 se
3425 4632 3531 4671 non

1930 4708 2052 4748 esse
2081 4694 2223 4751 Patri
2250 4698 2601 4753 contrarium.
2636 4701 2723 4767 At,
2754 4701 2984 4772 inquies,
3009 4706 3135 4775 quid
3161 4709 3390 4765 antehac
3417 4709 3534 4767 fue-

1931 4788 2090 4840 runt?
2114 4801 2293 4842 annon
2315 4788 2576 4845 docibiles
2594 4790 2688 4847 Dei
2707 4795 2892 4847 erant?
2919 4779 3044 4865 quid
3070 4796 3172 4852 hoc
3199 4799 3252 4854 in
3276 4799 3394 4854 loco
3420 4803 3538 4856 cxi-

1927 4879 2096 4934 mium
2125 4880 2249 4935 est?
2276 4880 2431 4947 Quod
2460 4892 2585 4939 tunc
2608 4898 2704 4953 per
2730 4871 2986 4953 homian
3007 4904 3096 4945 res
3123 4889 3330 4947 divinas
3357 4893 3536 4951 disce-

1927 4983 2086 5038 rent;
2123 4989 2265 5029 nunc
2293 4987 2472 5030 autem
2504 4991 2602 5046 per
2625 4978 2952 5049 unigenitum
2980 4949 3179 5053 ii‘iliutn
3217 4983 3307 5040 Dei
3356 4997 3409 5040 et
3441 5003 3537 5058 per

1925 5064 2185 5134 Spiritum
2224 5077 2494 5125 sanctum.
2534 5069 2738 5126 Deinde
2789 5072 2945 5126 init-rt
2978 5073 3300 5144 :‘Nonquod
3330 5079 3535 5134 Patrem
3617 5066 3630 5074 ’

1926 5159 2106 5212 viderit
2139 5158 2442 5230 quisquam,
2473 5161 2571 5215 nisi
2599 5162 2643 5216 is
2663 5163 2749 5233 qui
2770 5179 2801 5216 a
2833 5163 2937 5218 Deo
2959 5172 3050 5248 est.
3079 5166 3199 5222 Non
3232 5170 3528 5227 secundum

1929 5266 2107 5307 causa:
2137 5253 2402 5308 rationem
2440 5253 2527 5308 hic
2560 5254 2797 5326 loquitur
2820 5297 2835 5322 ,
2866 5258 2959 5312 sed
2982 5251 3280 5315 secundum
3309 5263 3528 5320 modum

1927 5345 2262 5400 substantiae.
2295 5344 2427 5400 Nam
2455 5345 2500 5400 si
2527 5346 2823 5401 secundum
2855 5362 3034 5404 causte
3076 5349 3343 5406 rationem
3373 5352 3524 5410 dice-

1924 5449 2008 5496 ret
2042 5481 2058 5506 ,
2088 5455 2278 5495 oumes
2310 5455 2342 5495 a
2374 5440 2481 5495 Deo
2509 5457 2696 5496 sumus
2724 5458 2736 5505 ;
2769 5442 2820 5495 in
2876 5458 2982 5513 quo
3026 5454 3110 5500 est
3138 5447 3446 5516 pricstantia
3481 5459 3535 5502 ct

1924 5531 2223 5587 differentia
2260 5530 2377 5586 Filii
2408 5531 2431 5584 7
2464 5532 2531 5586 Et
2559 5548 2656 5588 cur
2685 5576 2698 5597 ,
2729 5533 2936 5604 inquies
2970 5577 2985 5602 ,
3034 5551 3141 5591 non
3175 5537 3303 5592 illud
3333 5538 3535 5597 clarius

1923 5627 2193 5696 expressit
2220 5625 2243 5678 ?
2274 5623 2354 5680 Ob
2385 5624 2598 5679 illorum
2633 5626 3023 5682 inﬁrmitatem.
3052 5627 3186 5683 Nam
3219 5629 3265 5683 si
3297 5644 3418 5685 cum
3449 5631 3529 5688 di-

1923 5720 2000 5776 xit
2030 5760 2044 5785 ,
2080 5718 2153 5772 De
2177 5717 2304 5772 creto
2331 5718 2588 5784 descendi,
2621 5719 2690 5773 ita
2731 5718 3263 5786 scandalicatisunt;
3289 5720 3414 5792 quid
3447 5721 3534 5778 fu-

1927 5824 2100 5868 turum
2127 5819 2245 5866 erat
2277 5850 2293 5878 ,
2344 5811 2388 5866 si
2436 5810 2564 5865 illud
2595 5811 2939 5866 addidissct‘?
2967 5811 3168 5868 Panem
3195 5824 3374 5868 autem
3407 5826 3532 5872 vim

1925 5907 2160 5978 scipsum
2199 5914 2376 5977 vocat,
2406 5904 2528 5977 quia
2557 5904 2719 5961 vitam
2753 5904 2908 5963 nobis
2948 5905 3087 5976 parit
3113 5913 3166 5970 et
3189 5905 3328 5963 hanc
3361 5916 3414 5961 et
3445 5906 3535 5965 ius
