4102 6514
699 446 802 503 εξεο

699 576 873 620 turam
902 576 916 615 :
948 557 1066 615 ideo
1094 553 1275 623 adjicit
1300 569 1313 606 :
1338 548 1398 603 Si
1421 545 1535 617 quis
1566 544 1938 601 manducauerit
1964 557 2026 595 et:
2053 539 2148 592 hoc
2176 550 2267 605 pa-

1434 434 1475 487 S
1530 428 1804 487 JOAN’NIS
1841 414 2309 483 CIIIiYSUSTOMl
2349 416 2664 481 ARCHIEP.
2706 428 3238 488 CONS'I‘ANTIN’UP.

704 670 782 719 ue,
813 656 939 710 siuet
965 655 1017 706 iu
1040 658 1301 705 cteruum.
1332 644 1531 699 [Panem
1554 655 1682 696 vero
1711 638 1798 695 hic
1826 636 1955 693 dicit
1975 632 2271 689 doctrinam

695 746 984 802 salutarem
1012 782 1028 806 ,
1054 740 1209 795 tidem
1243 737 1295 792 in
1320 750 1401 801 se,
1423 735 1537 790 sive
1557 748 1750 802 corpus
1770 743 1948 785 suum.
1974 726 2269 793 Utrumque

696 838 836 893 enim
857 832 1088 889 animam
1110 830 1345 884 roborat.
1373 826 1530 895 Atqui
1558 824 1679 878 alibi
1709 822 1862 883 dixit,
1893 820 1955 875 Si
1997 819 2107 890 quis
2150 831 2261 871 scr-

694 940 889 980 ruonem
916 938 1082 977 meum
1109 919 1361 983 audierit,
1393 932 1493 971 non
1527 912 1741 985 gustabit
1767 920 1975 966 mortem
2005 907 2180 981 (Joan.
2208 904 2263 959 8.

693 1014 783 1085 59.)
808 1056 823 1081 ,
854 1023 908 1070 et
931 1010 1269 1069 scaudalizati
1316 1017 1439 1063 sunt
1469 1024 1483 1061 :
1517 1007 1603 1060 hic
1627 1018 1757 1059 vero
1782 1017 1889 1057 non
1924 1000 2051 1056 item
2082 1014 2097 1063 ;
2127 996 2263 1052 forte

693 1110 813 1178 quia
825 1104 997 1161 adhuc
1012 1101 1388 1159 reverebantur
1408 1112 1529 1154 eum
1543 1095 1614 1152 ob
1627 1093 2057 1149 subministratos
2077 1101 2262 1158 panes.

760 1197 815 1253 2.
850 1195 1145 1264 Di/ferentia
1172 1195 1302 1247 inter
1316 1207 1504 1246 manna
1531 1199 1577 1244 et
1599 1203 1780 1260 panem
1802 1201 1971 1241 verum
2000 1193 2047 1238 et
2072 1182 2255 1237 cirum.

707 1285 1132 1342 --.\nimadverte
1160 1291 1336 1338 autem
1363 1297 1521 1353 quam
1551 1288 1715 1351 ponat
1741 1280 1879 1334 inter
1909 1278 2046 1333 hunc
2071 1288 2259 1344 panem

687 1391 741 1435 et
776 1391 966 1434 manna
1013 1374 1366 1431 diderentiam
1400 1414 1416 1437 ,
1444 1387 1511 1428 ex
1563 1372 1840 1441 utriusque
1887 1381 2077 1438 nempe
2129 1366 2258 1420 line.

685 1469 836 1539 Quod
856 1469 998 1525 enim
1029 1468 1118 1523 ille
1143 1466 1293 1522 cibus
1322 1464 1454 1520 nihil
1478 1478 1672 1518 novum
1696 1462 1933 1519 intulerit
1962 1501 1979 1529 ,
2025 1458 2210 1529 adjicit
2240 1476 2256 1513 :

682 1565 772 1621 49.
807 1563 986 1618 Patres
1012 1559 1162 1617 reslri
1187 1560 1616 1613 manducauerunt
1640 1571 1826 1611 manna
1855 1556 1907 1608 in
1944 1552 2147 1608 deserto
2166 1591 2182 1617 ,
2210 1559 2259 1605 et

685 1658 869 1711 mortui
893 1663 1029 1711 sunt.
1055 1653 1254 1709 Deinde
1287 1650 1337 1706 id
1367 1649 1631 1720 pra‘cipne
1659 1649 1768 1721 agit
1786 1655 1843 1701 nt
1872 1646 1974 1701 illis
1994 1642 2254 1710 suadeat,

680 1769 742 1807 se
770 1749 937 1805 multo
971 1745 1261 1817 majoribus
1287 1745 1535 1813 dignatos
1557 1757 1679 1797 esse
1707 1741 1860 1795 bonis
1887 1754 2045 1809 quam
2075 1744 2255 1807 patres

680 1845 914 1911 ipsorum
942 1880 958 1905 ,
996 1838 1065 1893 de
1106 1836 1286 1908 Moyse
1329 1833 1663 1890 subobscure
1707 1832 1929 1903 loquens
1953 1828 2099 1885 etde
2126 1828 2255 1884 viris

680 1934 784 1989 illis
837 1930 1190 1987 mirabilibus.
1239 1926 1362 1982 ideo
1408 1941 1530 1982 cum
1562 1924 1784 1980 dixisset
1811 1936 1905 1979 eos
1939 1921 2028 1993 qui
2058 1934 2251 1976 manna

675 2024 1022 2080 comederant
1047 2029 1288 2076 mortuos
1312 2032 1465 2084 esse,
1509 2015 1689 2072 intulit
1714 2033 1727 2069 :
1762 2014 1864 2083 Qui
1891 2013 2159 2068 niamfucat
2186 2026 2253 2065 ea:

677 2118 770 2170 hoc
790 2130 921 2186 pane
939 2155 954 2180 ,
985 2115 1111 2169 vivet
1153 2113 1206 2166 in
1234 2122 1495 2166 a'tcrnum.
1535 2107 1667 2164 Illud
1706 2122 1836 2163 vero
1859 2148 1873 2171 ,
1903 2104 1966 2159 In
2006 2106 2201 2159 deserto
2230 2143 2246 2169 ,

675 2224 780 2263 non
807 2210 921 2263 sine
946 2220 1104 2262 causa
1132 2205 1310 2275 posuit
1341 2244 1356 2268 ,
1384 2202 1479 2258 sed
1530 2199 1773 2256 indicans
1800 2240 1816 2265 ,
1858 2197 1988 2253 illud
2022 2212 2124 2252 non
2155 2197 2247 2251 diu

669 2300 892 2355 durasse
917 2340 932 2365 ,
965 2311 1136 2369 neque
1174 2297 1227 2352 in
1258 2305 1453 2352 terram
1482 2291 1845 2364 promissionis
1884 2288 2113 2345 venisse.
2149 2288 2246 2345 llic

669 2401 846 2448 autem
889 2392 1041 2463 panis
1070 2405 1173 2446 non
1202 2398 1283 2445 est
1314 2386 1634 2457 hnjusmodi.
1680 2384 1769 2441 52.
1809 2382 1879 2438 Et
1922 2383 2069 2453 panis
2095 2398 2245 2453 quem

666 2501 758 2554 rgo
778 2484 928 2549 dabo,
954 2498 1073 2537 caro
1101 2496 1212 2536 mea
1230 2490 1323 2547 est,
1342 2496 1492 2549 quam
1518 2493 1610 2550 eqo
1634 2476 1783 2543 dabo,
1808 2492 1902 2547 pro
1924 2475 2101 2529 mundi
2118 2474 2239 2529 vita.

664 2576 854 2631 Merito
879 2574 997 2645 quis
1034 2572 1280 2628 dubitans
1302 2571 1389 2626 hic
1412 2568 1686 2639 quzesierit
1713 2607 1728 2632 ,
1754 2581 1850 2621 cur
1864 2565 1967 2621 hoc
1997 2574 2241 2637 tempore

667 2670 782 2724 lucc
805 2668 1051 2736 loquutus
1076 2665 1167 2729 sit,
1199 2679 1317 2734 quae
1343 2662 1473 2717 nihil
1500 2659 1837 2733 proﬁcerent,
1857 2660 1988 2715 nihil
2008 2659 2239 2714 aedifica-

664 2764 802 2824 rent,
825 2757 932 2811 imo
954 2756 1129 2826 potius
1155 2753 1426 2809 a-dilicatis
1458 2763 1714 2809 nocerent
1740 2753 1780 2806 ’.
1810 2750 1894 2807 Ea:
1908 2751 2024 2819 hoc,
2049 2750 2237 2821 inquit.

662 2847 808 2901 mulli
842 2862 906 2900 ea:
930 2847 1193 2916 discipulis
1218 2849 1327 2915 ejus
1368 2855 1500 2900 retro
1524 2843 1755 2898 abierunt
1782 2842 2000 2897 dicentes
2019 2882 2036 2908 ,
2066 2841 2238 2895 Durus

659 2948 731 2991 cst
756 2937 836 2991 hic
862 2953 1042 2999 sermo,
1072 2937 1183 3006 quis
1208 2944 1365 3006 potest
1393 2952 1506 2990 eum
1529 2935 1707 2989 audire
1728 2934 1753 2988 .9
1772 2932 1939 2989 Erant
1957 2933 2098 2987 enim
2122 2931 2236 2987 haec

657 3029 788 3085 solis
838 3028 1111 3098 discipulis
1162 3026 1603 3083 communicanda
1635 3068 1650 3092 ,
1683 3036 1742 3082 ut
1786 3025 2068 3081 Manlia-us
2111 3026 2231 3092 ait,

658 3122 881 3176 Seorsim
909 3120 1201 3189 loquebatur
1228 3120 1298 3174 eis
1326 3119 1515 3191 (Marc.
1542 3120 1599 3175 4.
1624 3118 1735 3185 54).
1765 3116 1903 3185 Quid
1930 3117 1996 3172 ad
2026 3117 2125 3172 hoc
2146 3116 2231 3172 di-

656 3227 842 3267 cemus
870 3212 1158 3282 iqumnam
1189 3210 1376 3265 horum
1422 3210 1619 3265 utilitas
1647 3211 1670 3263 ‘i
1706 3209 1892 3279 Magna
1922 3217 2067 3265 certe
2093 3208 2233 3263 utili.

656 3315 737 3357 tas
758 3312 811 3357 et
837 3303 1144 3357 necessitas.
1168 3300 1301 3370 Quia
1316 3302 1458 3357 enim
1482 3300 1747 3358 instabant
1765 3300 1942 3356 cibum
1965 3308 2224 3371 petentes,

653 3393 748 3448 sed
788 3407 1104 3463 corporeum
1136 3434 1151 3457 ,
1184 3400 1238 3447 et
1268 3392 1559 3463 majoribus
1592 3392 1702 3447 suis
1745 3392 2020 3463 praebitam
2049 3406 2226 3447 escant

651 3494 1010 3542 memorantes
1033 3526 1049 3551 ,
1079 3499 1274 3539 manna
1318 3499 1565 3556 magnum
1610 3483 1880 3555 quidpiam
1910 3499 2032 3543 esse
2075 3484 2226 3541 dice-

653 3578 800 3640 bant,
828 3576 1115 3632 ostendens
1146 3577 1231 3631 illa
1259 3577 1434 3631 omnia
1465 3577 1683 3648 ﬁguram
1706 3585 1759 3631 et
1790 3576 2029 3632 umbram
2060 3592 2180 3633 esse
2208 3617 2225 3643 ,

656 3669 798 3723 hunc
822 3684 949 3723 vero
973 3668 1148 3723 cibum
1171 3669 1250 3725 rei
1273 3670 1551 3725 veritatem
1570 3709 1585 3735 ,
1612 3666 1791 3723 eseam
1823 3677 2087 3723 memorat
2115 3670 2226 3739 spi-

651 3760 916 3814 ritualem.
952 3760 1020 3812 At
1045 3799 1062 3824 ,
1095 3758 1336 3827 inquies,
1368 3756 1653 3813 dicendum
1682 3768 1797 3814 erat
1817 3800 1832 3824 ,
1863 3758 2048 3814 Patres
2063 3760 2225 3814 vestri

652 3849 1110 3904 mandumvernnt
1140 3857 1335 3904 mann:t
1384 3851 1435 3904 in
1478 3850 1726 3913 deserto,
1758 3865 1858 3922 ego
1879 3866 2005 3907 vero
2031 3867 2221 3923 panem

646 3944 767 3998 dedi
798 3943 971 3999 vobis.
1017 3943 1121 4000 Sed
1166 3958 1413 4012 magnum
1444 3954 1558 3999 erat
1586 3944 1875 4002 discrimen
1901 3964 1915 3999 τ
1940 3947 2042 4002 hoc
2070 3948 2220 4005 vide-

646 4035 800 4089 batur
842 4036 1016 4089 minus
1041 4050 1160 4089 esse
1184 4076 1199 4098 ,
1225 4034 1367 4104 quod
1399 4035 1527 4090 illud
1552 4035 1618 4091 de
1646 4038 1780 4092 caelo
1830 4039 2088 4103 venisset,
2118 4041 2218 4094 hoc

644 4137 824 4182 autem
856 4142 1050 4196 panum
1077 4126 1391 4181 miraculum
1423 4126 1473 4180 in
1501 4136 1641 4184 terra
1682 4129 1878 4184 factum
1900 4138 2061 4186 esset.
2085 4131 2218 4198 Quia

644 4232 773 4287 ergo
810 4214 1121 4287 quicrcbant
1158 4215 1336 4270 cibum
1365 4216 1430 4271 de
1458 4217 1588 4273 etelo
1615 4218 1849 4275 delatum
1879 4262 1895 4288 ,
1925 4220 2047 4277 ideo
2071 4236 2218 4292 szrpe

643 4305 852 4361 dicebat
878 4346 893 4372 ,
932 4304 1006 4360 De
1032 4305 1157 4360 carlo
1185 4305 1440 4360 descendi.
1469 4306 1525 4363 Si
1548 4308 1668 4378 quis
1706 4325 1833 4365 vero
1871 4312 2172 4368 seiscitetur
2197 4354 2213 4378 ,

642 4418 737 4456 cur
756 4400 821 4456 de
847 4399 1115 4470 mysteriis
1141 4399 1389 4468 loquutus
1406 4400 1495 4465 sit,
1523 4403 1985 4470 respondebimus,
2010 4412 2220 4476 tempus

641 4501 1000 4560 oppnrltlllum
1041 4492 1204 4545 fuisse
1232 4489 1348 4545 lucc
1380 4489 1615 4547 dicendi.
1649 4493 1781 4548 Nam
1810 4494 2093 4551 verborum
2123 4500 2218 4553 ob-

641 4582 868 4638 srnritas
907 4584 1201 4639 auditorem
1240 4598 1455 4656 semper
1494 4585 1689 4641 excitat
1720 4627 1736 4653 ,
1782 4595 1835 4642 et
1874 4588 2213 4642 attentiorem

648 4674 828 4730 el‘licit.
859 4674 973 4729 Non
1004 4690 1131 4746 ergo
1156 4676 1350 4732 aliendi
1377 4677 1631 4747 oportuit,
1660 4679 1753 4734 sed
1786 4678 1958 4749 potius
1988 4678 2216 4734 interro-

643 4780 791 4834 gare.
814 4764 966 4820 Nunc
986 4776 1162 4821 autem
1191 4768 1265 4823 illi
1292 4769 1509 4823 abeunt.
1550 4768 1681 4824 Nam
1708 4770 1752 4824 si
1784 4770 2098 4839 prophetam
2129 4770 2210 4840 ip-

644 4872 759 4911 sum
788 4871 907 4912 esse
940 4857 1225 4913 credebant
1254 4901 1269 4925 ,
1299 4859 1456 4916 dictis
1479 4859 1700 4917 credere
1736 4861 1993 4931 Oportuit.
2032 4858 2213 4931 Itaque

640 4950 779 5018 quod
812 4949 996 5004 offensi
1025 4950 1148 5015 sint,
1187 4952 1237 5006 id
1266 4967 1333 5007 ex
1363 4968 1548 5008 eorum
1581 4952 1881 5023 insipientia
1905 4953 2070 5017 venit,
2104 4967 2209 5006 non

639 5056 702 5095 ex
731 5040 1054 5096 obscuritate
1092 5044 1375 5098 sermonis.
1420 5045 1497 5099 Τιι
1546 5060 1673 5101 vero
1714 5045 2025 5101 consideres
2054 5046 2209 5099 velim

638 5131 906 5199 quomodo
928 5130 1220 5202 discipulos
1248 5149 1375 5189 suos
1402 5136 1653 5205 paulatim
1684 5138 1881 5192 alliciat
1908 5154 1923 5202 ;
1959 5138 2012 5192 hi
2064 5140 2207 5194 enim

635 5224 865 5290 suntqui
890 5223 1089 5287 dicunt,
1108 5224 1266 5279 Verba
1290 5229 1403 5281 vim
1420 5227 1569 5283 habes
1594 5245 1723 5297 :quo
1747 5230 1927 5285 ibimus
1952 5232 2126 5302 (Joau.
2154 5234 2206 5289 6.

634 5311 752 5383 nx)?
777 5311 1039 5369 Czeterum
1056 5315 1138 5370 hic
1165 5331 1223 5372 se
1249 5317 1491 5374 datorem
1518 5317 1665 5384 dicit,
1695 5336 1799 5375 non
1824 5321 2033 5377 Patrem
2061 5342 2072 5376 :
2104 5322 2208 5378 Pa-

634 5407 709 5458 nis
727 5407 745 5435 ²
764 5422 911 5475 quem
935 5422 1027 5476 ego
1056 5408 1202 5471 dabo,
1222 5426 1340 5463 caro
1358 5426 1467 5465 mea
1482 5422 1555 5465 est
1577 5430 1670 5481 pro
1689 5415 1862 5468 mundi
1883 5415 2205 5473 vita.Verum

746 5523 886 5586 ἱιιιιιιει
911 5516 1072 5592 Morel.
1103 5516 1365 5592 legendum
1382 5530 1595 5592 esset._...
1641 5533 1755 5592 Ha’c
1770 5525 1951 5592 locutus
1974 5528 2035 5577 sit
2060 5564 2073 5587 ,
2100 5542 2208 5592 qius

637 5580 865 5651 iamautem
886 5580 1403 5651 gedi/irarenbﬂm'ntini
1421 5589 1714 5647 prodessent,
1740 5588 1836 5639 imo
1858 5591 2011 5651 potius
2043 5580 2205 5645 iis'no-

636 5646 793 5707 iurent
815 5644 897 5703 qui
926 5651 1066 5707 amen
1097 5644 1327 5707 redi/lculi
1346 5644 1501 5697 erant.

700 5703 1064 5781 ξυιιιγιειδειχιιι,
1091 5703 1205 5773 post
1234 5707 1497 5781 illzul,qsnos
1528 5709 1757 5781 paulatim
1780 5712 1962 5764 alliciat
1988 5753 1999 5771 ,
2036 5715 2205 5781 legen-

634 5761 745 5837 dum
763 5774 920 5837 uastat:
950 5767 1035 5817 llic
1057 5761 1179 5819 vitim
1199 5782 1247 5819 δι’
1269 5761 1459 5820 (ΙιιιιιιῚη
1482 5761 1680 5829 ιιιίἰιιυϋ,
1709 5786 1799 5825 non
1826 5761 2014 5829 l'ali'ciit

638 5834 724 5881 ws,
758 5834 851 5874 υιις.
880 5843 900 5871 s

2235 5483 2260 5515 εί

3856 431 3952 485 9εο

2380 553 2484 591 ιιυιι
2507 540 2584 594 sic
2614 543 2780 597 turba:
2802 584 2821 612 ,
2846 546 2941 600 Sed
2970 558 3155 601 contra
3176 588 3193 616 ,
3233 544 3407 601 Durus
3434 559 3506 600 es:
3532 548 3615 602 Iu'c
3640 564 3803 603 sermo
3826 589 3841 614 ,
3876 564 3948 601 m-

2372 631 2584 699 qniunt.
2619 632 2848 707 ideoque
2876 637 3157 694 recedunt.
3178 639 3340 709 Atqui
3373 655 3478 695 non
3510 656 3647 695 nova
3674 650 3791 696 erat
3813 683 3829 706 ,
3858 656 3949 697 ne-

2373 737 2479 792 que
2528 726 2764 783 variabat
2812 728 3053 785 doctrina
3098 748 3114 785 :
3156 744 3279 786 nam
3326 731 3562 788 Joannes
3591 732 3717 787 illud
3748 735 3765 767 ⁸
3795 748 3949 804 supra

2372 812 2965 885 subindicaverat,cum
2985 815 3198 891 Agnum
3221 821 3394 891 ipsum
3426 823 3653 878 vocavit.
3682 822 3791 879 Sed
3827 865 3842 889 ,
3878 825 3952 878 in-

2372 905 2546 972 quies,
2581 908 2678 978 ipsi
2707 924 2811 964 non
2841 910 3236 969 intellexerant.
3263 913 3376 970 Hoc
3421 925 3475 970 et
3514 930 3616 985 ego
3654 916 3778 971 novi
3808 932 3824 975 :
3857 916 3946 971 sed

2372 1013 2546 1069 neque
2578 1000 2824 1073 discipuli
2868 1004 2917 1059 id
2949 1005 3210 1062 sciebant.
3241 1007 3371 1063 Nam
3410 1008 3455 1064 si
3498 1010 3946 1065 resurrectionem

2371 1092 2606 1147 nondum
2630 1095 2760 1149 satis
2783 1096 2931 1153 clare
2965 1097 3352 1170 intelligebaut,
3383 1100 3609 1171 ideoque
3632 1100 3949 1172 ignorabant

2368 1183 2492 1252 quid
2523 1184 2651 1239 illud
2682 1196 2846 1253 esset,
2874 1187 3068 1245 Solvite
3095 1193 3336 1262 templum
3361 1193 3474 1257 hoc,
3504 1202 3551 1251 et
3576 1192 3628 1247 in
3650 1192 3812 1247 tribus
3838 1192 3945 1246 die-

2370 1273 2463 1328 bus
2480 1276 2707 1332 excitabo
2733 1280 2866 1333 illud
2891 1279 2911 1358 (
2940 1278 3098 1336 Joan.
3123 1281 3180 1337 2.
3210 1280 3276 1338 l9
3305 1287 3361 1352 );
3393 1282 3565 1339 multo
3585 1283 3763 1340 minus
3787 1297 3943 1355 supra

2362 1366 2502 1421 dicta
2549 1372 2829 1439 capiebant
2859 1413 2873 1437 ,
2905 1391 3023 1442 quae
3055 1376 3365 1431 obscuriora
3392 1386 3565 1433 erant.
3599 1375 3756 1446 Quod
3794 1376 3940 1431 enim

2363 1461 2635 1533 prophctze
2666 1464 3115 1538 surrexissent(a)
3142 1508 3156 1534 ,
3190 1476 3401 1533 norant,
3428 1467 3555 1523 licet
3581 1468 3633 1523 id
3652 1468 3943 1539 Scriptura:

2362 1569 2467 1611 non
2497 1556 2642 1613 clare
2670 1558 2853 1614 dicant
2885 1577 2898 1613 :
2930 1560 3072 1631 quod
3104 1575 3229 1616 vero
3258 1575 3477 1616 carnem
3510 1562 3631 1631 quis
3656 1562 3943 1616 manduca-

2361 1650 2492 1703 verit
2517 1690 2533 1716 ,
2563 1665 2722 1704 nemo
2751 1666 2937 1707 eorum
2963 1652 3190 1707 dixerat.
3224 1654 3476 1708 Attamen
3504 1652 3943 1725 obtemperabant

2358 1750 2411 1794 et
2427 1741 2804 1811 scqttebantur,
2832 1754 2992 1815 atque
3011 1744 3400 1801 conﬁtebantur
3420 1745 3594 1815 ipsum
3626 1747 3790 1803 verba
3822 1747 3940 1800 vita:

2358 1840 2573 1887 aeterna:
2614 1833 2834 1889 habere.
2884 1835 3013 1890 Illud
3054 1837 3198 1892 enim
3238 1836 3481 1906 discipuli
3525 1846 3610 1893 est
3638 1879 3653 1903 ,
3699 1838 3938 1909 magistri

2360 1923 2517 1978 verba
2548 1939 2650 1979 non
2668 1926 2933 1982 curiOsius
2961 1927 3253 1998 inquirere,
3284 1927 3380 1984 sed
3409 1928 3596 1986 audire
3619 1936 3674 1985 et
3691 1929 3936 2001 obsequi,

2356 2029 2418 2069 ac.
2465 2026 2676 2088 tempus
2716 2019 2782 2074 ad
2826 2019 3148 2076 solutionem
3192 2030 3557 2091 opportunum
3602 2032 3935 2093 exspectare.

2352 2106 2461 2161 Cur
2486 2122 2615 2178 ergo
2651 2111 2979 2165 contrarium
3003 2152 3019 2177 ,
3062 2110 3255 2167 accidit
3276 2153 3291 2178 ,
3340 2112 3581 2183 inquient
3605 2152 3622 2179 ,
3649 2123 3702 2169 et
3731 2123 3936 2169 retror-

2351 2213 2467 2252 sum
2498 2200 2788 2255 abierunt?
2816 2201 2870 2257 id
2898 2218 2962 2257 ex
2990 2202 3200 2259 illorum
3228 2204 3526 2274 insipientia
3544 2205 3740 2260 evenit.
3759 2205 3938 2272 Quan-

2349 2289 2419 2345 do
2445 2292 2587 2347 enim
2618 2292 2760 2348 subit
2782 2293 3020 2349 animum
3054 2294 3138 2350 illa
3177 2295 3403 2365 qtucstio
3423 2336 3438 2361 ,
3472 2294 3777 2362 Quomodo,
3809 2305 3935 2352 tunc

2351 2396 2453 2436 una
2478 2381 2773 2453 ingreditur
2803 2384 3170 2441 incredulitas.
3202 2384 3294 2442 Sic
3316 2396 3371 2442 et
3392 2384 3714 2442 Nicodamus
3752 2386 3936 2442 turba-

2345 2470 2503 2528 batnr
2523 2474 2707 2530 dicens
2727 2491 2742 2530 :
2774 2474 3038 2542 Quomodo
3055 2485 3215 2548 potest
3235 2476 3387 2531 homo
3415 2477 3606 2531 intrare
3626 2478 3680 2531 in
3704 2487 3927 2531 ventrem

2345 2566 2519 2619 matris
2545 2582 2651 2620 sua!
2676 2565 2703 2620 .’
2743 2567 2822 2622 sic
2863 2576 2918 2623 et
2966 2567 3019 2622 hi
3053 2582 3195 2624 nunc
3224 2567 3502 2639 turbantur
3524 2568 3767 2625 dicentes
3794 2588 3807 2623 :
3839 2570 3928 2626 52.

2347 2655 2611 2721 Quomodo
2641 2667 2800 2727 potest
2837 2659 2921 2713 hic
2962 2661 3105 2715 nobis
3130 2675 3333 2715 carnem
3360 2676 3504 2715 suam
3532 2662 3657 2716 dare
3682 2662 3753 2715 ad
3780 2680 3931 2717 mau-

2342 2748 2633 2802 tiucandum
2652 2749 2680 2804 2
2705 2748 2838 2804 Nam
2869 2751 2914 2805 si
2947 2750 3096 2817 illud,
3126 2750 3414 2819 Quomodo,
3439 2753 3663 2823 inquiris
3687 2795 3701 2819 ,
3735 2770 3837 2809 cur
3861 2755 3930 2810 de

2342 2840 2568 2909 panibus
2598 2856 2705 2896 non
2734 2840 2870 2896 dicis
2893 2883 2908 2908 ,
2961 2842 3241 2911 Quomodo
3283 2844 3520 2914 q’uinque
3566 2859 3735 2914 panes
3766 2847 3818 2901 in
3854 2857 3929 2902 tot

2338 2932 2472 2987 alios
2496 2932 2868 3004 multiplicavit
2893 2932 2917 2987 ?
2942 2932 3077 2988 Nam
3116 2942 3242 2989 tunc
3270 2935 3499 2989 saturari
3541 2937 3804 2991 curabant
3832 2953 3924 2993 so-

2338 3022 2613 3079 lnmmodn
2635 3066 2651 3092 ,
2703 3040 2802 3082 nec
2826 3024 3239 3082 considerabant
3266 3026 3604 3082 miraculum.
3628 3027 3734 3084 Sed
3761 3044 3927 3099 expe-

2336 3115 2546 3181 rientia,
2579 3116 2804 3187 inquies,
2839 3126 2962 3172 tunc
2986 3116 3183 3177 docuit.
3214 3115 3353 3187 Ergo
3377 3117 3446 3172 ob
3468 3117 3613 3173 illam
3640 3120 3927 3189 experien-

2337 3206 2463 3261 tiam
2493 3206 2608 3262 hzcc
2634 3207 2844 3263 facilius
2868 3208 3015 3263 credi
3041 3210 3296 3279 oportuit.
3339 3208 3464 3265 Ideo
3497 3224 3727 3281 namque
3760 3212 3911 3281 prius

2334 3298 2466 3355 illud
2506 3310 2610 3354 tam
2638 3300 2881 3356 mirabile
2903 3301 3168 3370 patravit,
3192 3309 3249 3355 ut
3276 3300 3367 3357 illo
3395 3300 3569 3358 edocti
3598 3342 3611 3367 ,
3641 3316 3747 3356 non
3783 3303 3924 3357 ultra

2330 3392 2490 3449 dictis
2511 3392 2666 3449 fidem
2695 3401 2973 3463 negarent.
2998 3391 3077 3447 Illi
3108 3392 3322 3463 quidem
3350 3403 3475 3448 tunc
3498 3394 3758 3462 temporis
3787 3394 3921 3448 nihil

2331 3486 2574 3541 utilitatis
2619 3500 2683 3542 ex
2729 3485 2886 3541 dictis
2914 3487 3258 3552 retulerunt,
3287 3500 3386 3542 nos
3427 3484 3601 3555 reipsa
3651 3485 3923 3541 beneficio

2332 3575 2578 3630 fruimur.
2608 3576 2944 3649 Quapropter
2986 3576 3298 3633 discendum
3340 3576 3467 3648 quid
3497 3576 3567 3631 sit
3593 3578 3919 3633 miraculum

2332 3670 2706 3740 mysteriorum
2738 3712 2753 3737 ,
2785 3685 2883 3726 cur
2911 3669 3032 3727 data
3065 3671 3171 3725 sint
3199 3712 3215 3739 ,
3259 3685 3378 3741 qua:
3423 3671 3636 3725 illorum
3688 3672 3919 3726 utibtas.

2332 3760 2502 3816 Unum
2534 3778 2717 3831 corpus
2737 3778 2930 3827 sumus,
2957 3760 3152 3831 inquit,
3181 3771 3240 3829 et
3257 3762 3478 3816 membra
3502 3778 3568 3817 ea:
3586 3779 3741 3816 carne
3763 3774 3813 3817 et
3844 3779 3926 3816 os-

2324 3852 2460 3907 sibus
2481 3854 2590 3924 ejus
2617 3851 2840 3925 (Eplies.
2864 3854 2919 3909 5.
2946 3854 3014 3910 50
3032 3852 3074 3927 ).
3109 3852 3302 3909 lnitiati
3341 3854 3497 3909 dictis
3522 3854 3921 3925 obsequantur.

2401 3946 2453 3998 5.
2500 3943 2567 4001 Ut
2596 3959 2724 4015 ergo
2749 3960 2854 4000 non
2886 3946 3058 4001 solum
3109 3960 3205 4016 per
3227 3945 3568 4002 dzlectionem
3586 3988 3600 4012 ,
3625 3946 3720 4002 sed
3748 3948 3919 4003 etiam

2326 4036 2520 4105 reipsa,
2549 4049 2671 4089 eum
2702 4035 2790 4091 illa
2817 4050 2980 4091 carne
3017 4036 3499 4093 commisceamur:
3542 4035 3594 4091 id
3620 4036 3764 4108 quod
3797 4038 3923 4094 elfi-

2323 4127 2461 4180 eitur
2504 4142 2600 4198 per
2623 4126 2800 4183 cibum
2831 4141 2989 4197 quem
3044 4127 3134 4184 ille
3182 4126 3348 4194 dedit,
3381 4136 3438 4182 ut
3481 4127 3730 4183 ostendat
3757 4130 3921 4184 nobis

2322 4226 2520 4288 quanto
2549 4234 2674 4290 erga
2703 4233 2803 4275 nos
2830 4219 3030 4275 ferveat
3055 4234 3258 4274 amore.
3292 4218 3416 4274 Ideo
3460 4234 3521 4274 se
3562 4218 3719 4273 nobis
3764 4235 3919 4275 com.

2323 4310 2554 4374 miscuit,
2577 4318 2632 4364 et
2659 4310 2711 4363 in
2741 4324 2907 4364 unum
2933 4322 3130 4379 corpus
3154 4316 3320 4364 totum
3347 4308 3641 4374 constituit,
3665 4317 3723 4363 ιιι
3745 4325 3916 4365 ιιιιιιιιι

2322 4398 2511 4465 simus,
2541 4400 2693 4468 quasi
2724 4413 2923 4470 corpus
2969 4399 3212 4470 junctum
3259 4399 3441 4470 capiti.
3488 4397 3623 4455 Nam
3666 4399 3918 4458 ardentis

2322 4492 2520 4545 amoris
2570 4491 2672 4548 hoc
2713 4502 2796 4547 est
2846 4490 3123 4547 indicium.
3154 4490 3267 4547 Hoc
3292 4492 3636 4549 subindieans
3665 4491 3795 4559 Job,
3845 4494 3919 4551 de

2320 4583 2491 4637 servis
2539 4584 2649 4640 suis
2678 4584 2913 4651 dicebat,
2943 4600 2973 4640 a
3001 4584 3195 4655 quibus
3243 4584 3323 4639 sic
3361 4586 3660 4652 amabatur,
3692 4597 3752 4643 nt
3793 4589 3920 4659 ejus

2318 4674 2568 4728 carnibus
2610 4673 2895 4729 admisceri
2943 4684 3287 4744 pen-optarent
3315 4691 3328 4728 :
3360 4686 3416 4730 ut
3451 4677 3593 4731 enim
3623 4677 3916 4735 ardentem

2318 4780 2558 4820 amorem
2595 4765 2979 4833 ostenderent,
3026 4765 3316 4821 dicebant:
3351 4765 3477 4834 Quis
3526 4767 3610 4821 det
3658 4771 3807 4827 nobis
3850 4774 3919 4826 de

2318 4859 2550 4913 carnibus
2591 4860 2714 4924 suis,
2752 4869 2802 4913 ut
2840 4868 3127 4913 saturentur
3156 4858 3277 4933 (Job
3321 4859 3410 4915 5|.
3467 4854 3604 4930 διν
3643 4860 3803 4928 Quod
3853 4878 3913 4921 et

2316 4950 2561 5008 Christus
2593 4952 2738 5019 fecit,
2771 4952 2836 5008 ad
2866 4954 3123 5023 majorem
3165 4966 3264 5008 nos
3295 4952 3583 5008 amicitiam
3616 4952 3914 5025 inducens,

2317 5052 2370 5099 et
2400 5059 2551 5098 suum
2579 5043 2733 5098 nobis
2755 5043 3130 5099 demonstrans
3160 5057 3435 5109 amorem;
3475 5058 3649 5113 neque
3675 5057 3739 5100 se
3770 5061 3914 5102 cono

2316 5138 2493 5206 cupisc
2535 5135 2709 5191 ntibus
2738 5134 3025 5190 videndum
3062 5132 3223 5189 modo
3251 5134 3516 5204 prazbnit;
3543 5134 3638 5191 sed
3669 5144 3913 5209 tangen-

2315 5230 2462 5293 dnm,
2490 5250 2511 5284 ι
2536 5228 2899 5296 nnedentlum,
2927 5226 3179 5284 dentibus
3218 5227 3520 5293 terendum,
3542 5229 3913 5289 commiscen-

2313 5316 2443 5374 dum
2486 5336 2502 5384 ;
2614 5320 3047 5391 desideriumque
3072 5318 3311 5389 implevit
3333 5334 3513 5377 omne.
3538 5321 3620 5378 Ab
3644 5322 3736 5387 illa
3767 5341 3910 5399 ergo

2375 5477 2390 5507 ί
2430 5474 2483 5538 in
2502 5473 2638 5523 Savil.
2656 5473 2927 5538 legitur....
2956 5486 3044 5538 pro
3065 5473 3235 5538 mundi
3269 5474 3379 5525 vita.
3411 5483 3588 5526 rerum
3611 5511 3624 5535 ,
3649 5490 3778 5529 noua
3800 5481 3912 5535 lucc

2312 5537 2531 5600 doctrina
2547 5544 2633 5594 est,
2647 5536 2884 5600 inquiunt,
2902 5544 2946 5586 et
2958 5536 3183 5585 inaudita
3197 5551 3213 5586 :
3227 5544 3436 5600 Joannes
3459 5544 3618 5588 tamen
3629 5538 3780 5600 illud,
3802 5552 3908 5595 etc.

2311 5599 2491 5648 Morelli
2519 5598 3218 5661 lectionemsequimur,quam
3242 5599 3363 5661 item
3387 5607 3633 5661 sequutus
3656 5610 3737 5652 est
3757 5598 3909 5654 t-‘ran-

2308 5663 2465 5710 ciseus
2481 5664 2719 5725 Aretintts.
2749 5659 2934 5709 Verum
2956 5661 3115 5710 amba:
3140 5659 3393 5722 lectiones,
3418 5659 3595 5725 siquis
3610 5671 3812 5716 attente
3834 5667 3908 5718 leo

2311 5731 2409 5783 gat,
2438 5723 2611 5771 eodem
2636 5725 2865 5772 redeunt.

2371 5786 2443 5846 (α)
2476 5787 2554 5853 sic
2572 5785 2627 5853 in.
2671 5791 2754 5853 aut
2776 5784 2939 5853 omnia
2947 5780 3269 5853 exemplaria.
3295 5784 3386 5836 Sed
3408 5783 3564 5838 fateor
3587 5797 3684 5837 non
3709 5800 3906 5853 capere

2310 5861 2389 5898 me
2411 5848 2524 5910 quid
2544 5849 2619 5899 hic
2646 5850 2731 5897 ,ιιιῑ
2770 5847 2886 5897 wlit
2908 5846 3287 5910 Chrysostonms.
