4102 6498
293 543 486 583 mensa
520 527 860 591 recedamus,
897 534 1167 594 tamquam
1195 525 1378 579 leones
1408 525 1581 591 ignem
1613 523 1900 592 spirantes.

297 617 521 673 diabolo
545 619 842 683 terribiles,
866 620 1163 688 cogitantes
1189 615 1332 685 quod
1363 615 1432 669 sit
1452 624 1612 684 caput
1637 622 1900 679 nostrum,

298 721 357 765 et
386 718 646 780 quantam
681 709 834 764 nobis
879 709 1222 764 dilectionem
1270 707 1594 763 exhibuerit.
1644 707 1904 762 Parentes

302 816 448 872 sa-pe
473 801 676 857 liberos
694 816 820 856 suos
836 800 1060 870 aliisque
1077 799 1300 854 alendos
1320 800 1568 862 tradunt;
1595 813 1695 868 ego
1713 807 1902 856 contra

301 895 559 949 carnibus
590 895 711 949 illos
735 894 869 948 meis
897 893 1004 955 alo,
1038 892 1298 963 meipsum
1326 907 1561 965 appono,
1589 906 1684 947 vos
1712 906 1902 948 omnes

301 985 515 1041 nobiles
540 1000 662 1040 esse
687 985 826 1050 volo,
853 993 904 1039 et
959 985 1156 1039 bonam
1198 983 1266 1039 de
1297 984 1487 1039 futuris
1511 999 1662 1055 spem
1689 983 1896 1042 adfero.

298 1075 440 1131 Nam
465 1078 554 1147 qni
600 1078 652 1131 in
685 1075 786 1130 hac
816 1075 921 1130 vita
955 1089 1015 1130 se
1043 1076 1198 1130 vobis
1238 1075 1486 1139 tradidit,
1521 1076 1688 1130 nrulto
1732 1076 1902 1145 magis

297 1173 360 1225 in
409 1171 582 1225 frrtura
632 1170 847 1224 favebit.
881 1169 1071 1226 Frater
1107 1184 1229 1224 esse
1276 1177 1456 1224 vester
1482 1168 1646 1236 volui,
1681 1176 1902 1238 propter

299 1280 400 1318 vos
425 1279 766 1321 communem
797 1263 952 1317 habui
977 1278 1193 1317 carnem
1219 1270 1275 1316 et
1299 1262 1612 1332 sanguirrenr
1637 1279 1650 1314 :
1683 1276 1897 1315 rursum

301 1357 459 1412 vobis
484 1371 704 1413 carnem
745 1366 800 1412 et
829 1357 1144 1428 sanguinem
1170 1355 1324 1410 trado
1355 1371 1453 1426 per
1480 1370 1601 1426 quae
1630 1369 1902 1426 congencr

296 1449 456 1503 vobis
485 1448 655 1504 factus
689 1463 828 1502 sum.

375 1542 655 1612 Sanguinis
693 1540 879 1596 Christi
908 1543 1156 1596 encomia.
1179 1571 1251 1582 —
1279 1539 1375 1596 llic
1400 1540 1619 1611 sanguis
1659 1540 1712 1594 in
1742 1539 1898 1596 nobis

294 1633 525 1704 regiam,
555 1631 906 1702 ﬂoridamqrre
944 1632 1165 1689 exhibet
1192 1634 1504 1703 imaginem,
1537 1631 1892 1702 pulchritudi-

294 1741 423 1780 nem
457 1726 594 1794 parit
641 1725 1032 1790 incredibilem,
1063 1726 1257 1781 animai
1299 1727 1633 1784 nobilitatem
1683 1743 1893 1784 marce-

292 1834 452 1872 scere
495 1835 600 1873 non
646 1820 794 1886 sinit,
834 1819 961 1874 dum
1015 1819 1324 1892 freqnerrter
1367 1822 1551 1892 irrigat
1597 1831 1652 1877 et
1703 1823 1890 1878 nutrit.

292 1907 530 1979 Sanguis
574 1911 716 1964 enim
765 1926 872 1964 non
902 1913 1082 1966 statim
1135 1913 1187 1966 in
1237 1913 1393 1968 nobis
1430 1914 1483 1968 ιιι
1515 1929 1580 1969 ex
1628 1913 1771 1980 cibo,
1799 1915 1893 1970 sed

290 2003 442 2056 aliud
471 2003 741 2074 quidpiam
775 2023 789 2059 :
825 2003 911 2061 hic
962 2021 1084 2062 vero
1127 2007 1345 2077 sanguis
1382 2008 1664 2063 confestim
1708 2009 1894 2080 irrigat

288 2093 561 2158 animant,
595 2104 650 2149 et
692 2111 936 2167 magnam
981 2098 1086 2152 virn
1129 2099 1281 2154 indit.
1314 2099 1412 2154 Hic
1455 2101 1704 2170 sanguis‘
1735 2102 1895 2173 digne

288 2195 551 2253 acceptus
589 2187 862 2242 dmmonas
889 2191 1071 2258 procrrl
1102 2190 1269 2259 pellit,
1303 2193 1523 2260 angelos
1551 2193 1615 2247 ad
1652 2207 1750 2248 nos
1794 2194 1890 2249 ad-

291 2287 497 2343 vocat,
559 2279 839 2350 ipsumque
886 2283 1200 2354 angelorum
1251 2285 1554 2342 Dominum.
1609 2287 1894 2344 Dmrnones

286 2373 492 2440 quippe
526 2371 760 2444 fugiunt.
797 2375 884 2431 tibi
932 2376 1113 2432 vident
1157 2379 1472 2450 sangrrinem
1515 2381 1890 2450 Dominicum;

285 2476 586 2520 accurrunt
625 2476 805 2523 autem
854 2471 1051 2542 angeli.
1082 2471 1180 2526 Hic
1213 2474 1430 2544 sanguis
1477 2474 1680 2531 effusus
1723 2486 1891 2532 totum

285 2555 482 2611 orbem
511 2558 738 2613 abluit'.
775 2560 930 2616 Multa
963 2561 1032 2617 de
1061 2562 1162 2618 hoc
1189 2566 1449 2636 sanguine
1479 2565 1666 2622 beatus
1695 2567 1892 2624 Paulus

285 2647 346 2702 in
393 2649 630 2717 Epistola
663 2653 729 2706 ad
777 2652 1036 2710 Hebrmos
1084 2656 1459 2727 philosophice
1509 2659 1751 2714 tradidit.
1795 2661 1894 2718 Hic

284 2744 511 2812 sanguis
539 2744 696 2816 adyta
725 2755 779 2802 et
806 2756 991 2802 saneta
1020 2759 1329 2805 sanctorum
1360 2752 1628 2821 purgavit.
1662 2753 1815 2822 Quod
1845 2755 1892 2811 si

284 2833 410 2902 ejus
458 2834 623 2906 ﬁgura
666 2847 869 2893 tantam
904 2841 1010 2894 vim
1042 2840 1228 2896 lrabrrit
1258 2841 1312 2897 in
1357 2842 1707 2899 Hebraeorum
1751 2855 1889 2901 tem~

285 2925 401 2993 plo,
448 2926 498 2979 in
536 2927 708 2982 media
759 2927 1013 3001 Egypto,
1066 2930 1342 2988 liminibus
1394 2949 1670 3005 aspersus,
1723 2937 1893 2992 multo

285 3017 552 3087 majorem
583 3020 692 3089 ipsa
718 3022 914 3076 veritas
938 3022 1120 3078 habet.
1144 3023 1241 3079 Hic
1261 3027 1479 3097 sanguis
1495 3042 1641 3082 aram
1669 3043 1889 3085 auream

283 3109 528 3163 sacravit
555 3128 568 3164 ι
601 3111 719 3166 sine
752 3110 854 3166 hoc
883 3128 986 3167 non
1012 3115 1240 3169 andehat
1268 3117 1518 3187 princeps
1546 3119 1888 3175 sacerdotum

284 3201 346 3255 in
369 3201 526 3275 adyta
555 3203 781 3274 ingredi.
831 3205 928 3261 llic
972 3211 1191 3278 sanguis
1221 3211 1534 3266 sacerdotes
1582 3212 1887 3281 ordinabat,

285 3294 381 3351 hic
421 3295 472 3350 in
505 3295 687 3366 ligrrris
716 3308 930 3366 peccata
979 3299 1248 3356 abluebat.
1278 3303 1332 3356 Si
1377 3303 1437 3358 in
1468 3305 1653 3374 figuris
1685 3315 1889 3361 tantam

283 3389 398 3442 vim
427 3387 633 3452 habuit,
663 3394 706 3445 si
743 3393 985 3446 umbram
1030 3398 1100 3447 ita
1132 3410 1280 3450 mors
1309 3396 1552 3464 horrtrit;
1581 3400 1886 3465 veritatem,

284 3496 497 3553 qnmso,
525 3494 780 3553 quantum
811 3484 1163 3542 formidabit?
1215 3487 1310 3544 llic
1337 3491 1556 3560 sanguis
1582 3491 1728 3548 salus
1759 3494 1892 3548 ani-

284 3589 499 3628 marum
553 3585 855 3632 nostrarrrm
899 3587 1026 3634 est:
1079 3579 1181 3635 hoc
1219 3581 1489 3636 abluitur’
1533 3588 1744 3650 anirua,
1789 3585 1888 3641 hoc

283 3678 543 3734 ornatrrr,
597 3667 699 3725 hoc
753 3671 1055 3727 incenditur
1104 3691 1118 3728 :
1175 3673 1262 3729 hic
1297 3677 1418 3744 igne
1467 3677 1888 3746 splendidiorem

285 3771 525 3817 mentem
555 3771 796 3822 nostram
826 3765 1006 3822 reddit
1037 3782 1052 3821 :
1099 3766 1186 3824 bie
1215 3772 1438 3840 sanguis
1461 3770 1665 3826 eti‘usus
1694 3772 1885 3827 cadum

284 3853 530 3924 pervium
565 3855 710 3910 fecit.

358 3945 412 4000 4.
455 3945 757 4003 Trernenda
792 3964 920 4005 vere
945 3951 1199 4020 mysteria
1227 3952 1519 4020 Ecclesia);
1555 3955 1884 4011 horrendum

283 4053 418 4094 vere
444 4039 634 4095 altare.
666 4040 744 4094 Ex
772 4042 1020 4110 paradiso
1052 4045 1170 4100 fons
1199 4047 1442 4101 scaturiit
1469 4049 1700 4104 sensiles
1729 4051 1883 4104 emit-

283 4135 409 4185 tens
465 4129 698 4186 ﬂuvios:
730 4148 795 4188 ex
851 4133 952 4190 hac
1006 4151 1190 4192 mensa
1249 4137 1368 4194 fons
1421 4141 1646 4196 scaturrit
1694 4141 1886 4197 ﬂuvios

281 4223 540 4279 cmittens
572 4224 900 4296 spirituales.
929 4228 1010 4283 Ad
1039 4230 1180 4286 hunc
1207 4230 1408 4288 fontem
1450 4233 1734 4304 eriguntur
1779 4251 1884 4291 non

283 4314 483 4370 salices
541 4317 920 4384 inlruetuosre,
952 4320 1046 4377 sed
1096 4323 1318 4380 arbores
1368 4325 1435 4379 ad
1491 4327 1664 4396 ipsum
1695 4329 1884 4384 ca‘lum

285 4408 679 4478 pertingentes,
716 4426 836 4482 quae
874 4411 1078 4468 fructus
1105 4430 1321 4486 semper
1347 4418 1652 4490 producunt
1682 4429 1887 4492 tempe-

284 4500 482 4562 stivos,
514 4501 605 4570 qui
655 4517 946 4573 numquam
993 4491 1352 4564 marcescunt.
1397 4509 1452 4566 Si
1500 4513 1622 4581 quis
1667 4525 1883 4579 :eslual.

283 4588 431 4646 hunc
451 4589 612 4646 adeat
641 4591 865 4662 fontem,
882 4604 936 4650 et
959 4596 1208 4653 ardorem
1234 4607 1516 4672 temperet.
1536 4601 1672 4659 Nam
1693 4613 1886 4662 aestum

285 4681 454 4754 fugat,
483 4693 539 4738 et
567 4683 757 4740 adusta
785 4688 964 4742 omnia
998 4693 1280 4761 refrigerat
1311 4711 1324 4747 :
1360 4711 1466 4750 non
1509 4713 1629 4766 quae
1662 4713 1728 4752 ex
1755 4700 1887 4753 solis

283 4775 484 4831 ardore
515 4787 768 4846 :estuant,
796 4781 888 4834 sed
919 4798 1035 4851 qu:e
1069 4784 1237 4854 igneis
1285 4788 1493 4857 sagittis
1521 4801 1710 4844 exusta
1737 4803 1879 4847 sunt.

284 4867 594 4942 Supernum
621 4872 766 4928 enim
808 4873 966 4932 habet
1008 4879 1330 4951 principium
1357 4892 1412 4937 et
1451 4885 1712 4952 radicem,
1744 4888 1886 4943 unde

349 5027 364 5098 ξ
402 5023 498 5098 alii
515 5027 709 5098 legunt,
732 5027 812 5098 Itic
833 5032 1029 5094 sanguis
1044 5035 1290 5098 mysticus.

341 5089 366 5161 ξ
393 5095 540 5161 J_u_xta
561 5089 1041 5161 glor_el._legt_errdtrm,
1065 5089 1262 5161 eiipuit.
1291 5114 1406 5161 pro,
1433 5103 1603 5156 abluit.

348 5151 367 5180 ³
405 5150 542 5201 Idem
568 5154 711 5216 legit,
737 5150 1155 5228 la't'tﬁcutttr,'pro'.
1178 5150 1412 5214 abluitur:

1287 421 1354 478 IN
1390 412 1706 476 JOANNEM
1749 411 1983 470 uouit.
2028 412 2236 474 XLVll.
2275 423 2347 478 al.
2391 424 2576 486 xm,

3510 440 3618 498 9.6!

2013 524 2067 570 et
2097 515 2367 588 irrigatur.
2401 521 2477 576 Ex
2523 521 2624 578 hoc
2667 523 2815 579 fonte
2860 526 3013 580 mrdti
3062 527 3162 582 rivi
3207 542 3447 600 manant,
3478 553 3612 604 quos

2013 610 2211 664 emittit
2226 611 2552 676 Paracletns,
2571 615 2844 687 Filinsqnc
2862 619 3128 675 mediator
3142 632 3225 676 est
3243 643 3253 676 :
3272 639 3375 680 non
3397 627 3616 686 bidente

2010 701 2152 754 viam
2203 703 2495 768 parat,sed
2545 704 2793 761 allectum
2827 719 3073 763 nostrum
3106 714 3296 779 aperit.
3349 715 3447 772 llic
3496 716 3616 773 fons

2012 789 2148 844 lucis
2179 802 2281 858 cst,
2315 797 2557 850 veritatis
2587 799 2765 854 radios
2797 801 3118 858 dili'untlt-ns.
3156 804 3286 859 lluic
3326 809 3486 862 etiam
3522 812 3616 864 ad-

2010 891 2155 936 stant
2211 899 2458 954 snpcrnze
2506 889 2772 956 virtutes,
2826 893 3102 948 alveorum
3157 897 3610 963 pulclrritrnlinern

2013 972 2285 1030 intuentes
2321 993 2333 1028 :
2368 978 2489 1044 quia
2519 979 2717 1035 clarius
2766 985 3056 1052 proposita:
3100 987 3176 1040 rr-i
3207 989 3333 1051 vim,
3368 1001 3420 1044 et
3468 994 3609 1046 inar-

2008 1081 2195 1122 cessms
2239 1069 2420 1124 radios
2465 1073 2816 1142 perspiciunt.
2849 1074 2915 1130 Ut
2942 1076 3085 1130 enirn
3119 1079 3164 1132 si
3200 1081 3322 1147 quis
3354 1083 3404 1135 in
3441 1082 3606 1152 lique-

2008 1161 2204 1218 factum
2234 1179 2423 1219 aurum
2459 1182 2676 1221 mantrrn
2718 1172 2800 1224 vel
2846 1171 3078 1238 linguam
3110 1176 3331 1244 injiciat,
3357 1179 3399 1231 si
3433 1191 3610 1236 tamen

2007 1252 2058 1307 id
2086 1255 2198 1308 fieri
2238 1257 2427 1324 possit,
2455 1261 2636 1313 statim
2670 1260 2966 1317 inauratam
2999 1265 3208 1329 reddit;
3243 1268 3292 1321 id
3339 1275 3608 1340 proposita

2007 1343 2261 1417 mysteria
2294 1348 2450 1420 longe
2474 1352 2666 1406 melirrs
2696 1354 2890 1410 animm
2917 1367 3190 1424 prtestant.
3227 1360 3444 1417 Fluvios
3463 1366 3608 1420 enim

2007 1438 2127 1507 igne
2167 1440 2461 1497 ferventius
2497 1441 2720 1512 ebullit;
2772 1432 2825 1501 at
2854 1463 2961 1502 non
3008 1451 3132 1516 urit,
3165 1451 3258 1507 sed
3292 1455 3455 1509 abluit
3489 1467 3609 1512 tan-

2006 1541 2139 1584 trrtn.
2183 1532 2335 1588 Hunc
2372 1534 2688 1606 sanguinem
2712 1537 2842 1593 olim
2887 1542 3301 1610 prmligurabant
3329 1545 3382 1599 in
3419 1547 3609 1603 altar-i-

2004 1623 2125 1689 bus,
2152 1623 2204 1679 itr
2235 1624 2485 1696 legitimis
2506 1629 2779 1684 cmdibus:
2809 1629 2908 1685 hoc
2936 1642 3020 1687 est
3046 1635 3194 1688 orbis
3221 1637 3471 1705 pretium,
3509 1639 3612 1695 hoc

2003 1724 2087 1770 est
2112 1731 2218 1786 quo
2245 1717 2493 1773 Christus
2543 1719 2838 1776 Ecclesium
2887 1725 3049 1784 emit.
3097 1728 3198 1782 hoc
3247 1728 3392 1782 illam
3441 1739 3608 1785 totarrr

2002 1808 2235 1862 ornavit.
2268 1808 2333 1865 Ut
2360 1810 2502 1865 enirn
2534 1813 2624 1882 qui
2655 1826 2842 1869 servos
2867 1817 3016 1879 emit,
3047 1832 3234 1872 aurum
3267 1819 3377 1881 dat.
3409 1831 3463 1876 et
3491 1822 3610 1877 illos

2003 1897 2046 1950 si
2080 1912 2277 1952 ornare
2317 1901 2464 1968 velit,
2497 1917 2630 1956 auro
2658 1914 2854 1960 ornat:
2885 1905 2954 1960 ita
2986 1916 3038 1960 et
3065 1907 3310 1967 Christus
3351 1927 3450 1966 ttr‘s
3477 1929 3606 1968 san-

2001 1990 2161 2059 guine
2185 2004 2283 2044 suo
2313 2003 2366 2046 et
2389 1994 2840 2050 emilelornavit.
2859 1997 2957 2066 Qui
2993 1997 3151 2068 hujus
3179 2003 3455 2071 sanguinis
3483 2021 3607 2074 par-

2003 2082 2190 2152 ticipes
2219 2095 2361 2151 sunt,
2392 2101 2513 2140 cum
2541 2090 2746 2158 angelis
2790 2098 2936 2144 stant
2966 2101 3018 2146 et
3049 2092 3391 2164 archangelis
3418 2107 3473 2152 et
3513 2114 3608 2152 su-

2000 2175 2184 2244 pernis
2214 2179 2757 2251 potestatibus..regia
2781 2181 2978 2238 Christi
3007 2187 3140 2241 stola
3173 2187 3338 2243 induti
3365 2199 3421 2244 et
3443 2193 3608 2246 armis

2001 2263 2368 2334 spiritualihus
2406 2270 2674 2326 irrstrrrcti.
2709 2272 2816 2328 Sed
2870 2276 2998 2329 nihil
3051 2293 3299 2347 nragnurn
3349 2280 3610 2339 hactenus

2001 2358 2108 2413 dixi
2143 2376 2158 2413 :
2194 2377 2312 2416 nam
2349 2362 2467 2432 ipso
2500 2374 2626 2418 sunt
2672 2366 2843 2420 indtrti
2893 2384 3039 2439 rege.
3073 2370 3176 2424 Sed
3227 2372 3364 2426 sicut
3408 2388 3493 2429 res
3524 2385 3606 2429 est

2000 2466 2191 2522 magna
2236 2462 2292 2508 et
2336 2456 2734 2512 mirabiliszita
2778 2460 2823 2514 si
2863 2477 2983 2514 cum
3014 2463 3247 2533 puritate
3289 2468 3606 2534 accesseris,

1999 2543 2066 2596 ad
2119 2543 2347 2600 salutem
2398 2550 2704 2616 occessisti;
2736 2551 2780 2606 si
2812 2566 2930 2606 curn
2974 2554 3112 2607 mala
3148 2556 3508 2621 COIlSClt'lllla,
3541 2557 3607 2613 ad

1999 2635 2320 2704 supplicium
2349 2648 2403 2693 et
2444 2639 2722 2696 ultionem.
2770 2641 2870 2710 Qui
2906 2644 3040 2697 enim
3083 2646 3381 2711 manducut,
3412 2647 3607 2719 inquit,

1999 2738 2045 2780 et
2087 2727 2206 2782 bibit
2248 2730 2455 2801 indigne
2503 2730 2756 2799 Domino,
2792 2734 3049 2806 judicium
3097 2737 3190 2791 sibi
3238 2739 3513 2793 manducet
3563 2751 3609 2793 et

2001 2817 2122 2874 bibit
2157 2820 2233 2892 (l.
2260 2820 2378 2876 Cor.
2415 2823 2501 2878 il.
2540 2823 2654 2894 29).
2684 2825 2738 2880 Si
2772 2826 2950 2896 itaque
2981 2827 3014 2882 ii
3042 2828 3130 2898 qui
3166 2830 3365 2898 regiam
3401 2846 3605 2902 purpu-

1999 2925 2114 2966 ram
2160 2912 2459 2983 inqninant,
2493 2932 2556 2970 ac
2599 2918 2643 2971 si
2693 2917 3081 2985 discinderent,
3114 2922 3446 2991 puniuntur:
3480 2924 3605 2993 quid

1999 3004 2193 3058 mirum
2222 3007 2265 3059 si
2292 3007 2324 3061 ii
2349 3009 2437 3076 qui
2462 3008 2739 3064 immundo
2759 3011 2942 3065 animo
2969 3010 3070 3066 hoc
3087 3027 3285 3081 corpus
3312 3015 3597 3084 accipiunt,

1999 3094 2140 3151 idem
2182 3098 2407 3152 subeant
2452 3101 2794 3169 supplicium,
2830 3101 2971 3171 quod
3021 3103 3054 3157 ii
3099 3102 3188 3170 qui
3238 3103 3364 3157 illud
3408 3119 3612 3172 corpus

1997 3187 2170 3244 ciavis
2226 3190 2660 3247 trarrsfiserurrt?
2708 3193 2840 3248 Vide
2886 3210 3046 3264 quam
3103 3196 3344 3251 terribile
3408 3197 3606 3253 Paulus

1998 3281 2250 3336 exhibeat
2266 3285 2586 3354 supplicium
2608 3304 2621 3342 :
2647 3285 2859 3341 lrritam
2877 3288 2991 3357 quis
3009 3289 3202 3356 faciens
3225 3287 3384 3362 legem
3409 3289 3601 3363 Moysi,

1997 3375 2108 3428 sine
2136 3374 2244 3428 ulla
2270 3377 2595 3431 miseratione
2618 3377 2814 3432 duobus
2835 3379 2913 3434 vel
2932 3379 3092 3435 tribus
3113 3381 3321 3436 testibus
3355 3386 3603 3439 moritur:

1996 3480 2186 3541 quanto
2226 3471 2388 3541 magis
2442 3471 2634 3539 putatis
2682 3471 2935 3525 deteriora
2975 3475 3162 3527 mereri
3207 3476 3483 3545 supplicia,
3513 3478 3604 3548 qui

1997 3560 2193 3615 Filium
2221 3559 2320 3616 Dei
2356 3563 2748 3629 conculcaverit,
2774 3573 2821 3617 et
2847 3565 3148 3634 sanguinem
3174 3574 3458 3624 testamenti
3488 3570 3605 3640 pol-

1998 3651 2161 3707 lutum
2204 3653 2435 3714 duxerit,
2469 3654 2523 3708 in
2559 3670 2657 3724 quo
2681 3657 3030 3724 sanctiﬁcante
3069 3667 3142 3711 est
3173 3657 3358 3730 (llebr.
3392 3659 3478 3714 10.
3507 3661 3599 3718 28.

1994 3745 2127 3816 29)?
2153 3746 2692 3817 Attendamus'igitur
2719 3748 2877 3802 nobis
2904 3749 3414 3817 ipsis,dilecti,curn
3441 3754 3601 3808 tantis

1993 3838 2236 3894 fruamur
2283 3838 2474 3904 bonis;
2507 3851 2561 3895 et
2605 3855 2730 3895 cum
2759 3850 2916 3911 turpe
2941 3841 3214 3912 quidpiam
3261 3844 3409 3916 loqtn
3455 3846 3600 3903 subit

1994 3932 2254 3998 animum,
2287 3933 2368 3986 vel
2417 3932 2632 4002 quando
2661 3935 2763 3999 ira,
2794 3935 2876 3989 vel
2927 3950 3092 4005 pravo
3122 3937 3372 4007 quopiam
3403 3937 3599 3993 aﬂ'cctu

1993 4040 2094 4080 nos
2145 4025 2343 4094 corripi
2396 4026 2691 4093 cernimus,
2726 4025 3004 4081 nobiscrrm
3050 4039 3360 4098 repulemtts
3405 4031 3599 4100 quibus

1990 4117 2195 4188 dignati
2227 4117 2394 4171 simus
2426 4116 2719 4182 beneflciis,
2739 4125 2896 4186 quem
2922 4117 3179 4188 Spiritum
3208 4121 3598 4190 acceperimus.

1995 4212 2120 4268 [huc
2140 4211 2392 4281 cogitatio
2421 4195 2636 4265 nostros
2659 4210 3010 4280 temperabit‘
3042 4212 3285 4269 allectus.
3309 4213 3600 4284 Quousque

1991 4306 2135 4360 enim
2187 4305 2348 4358 rebus
2373 4304 2730 4373 prmseotibus
2758 4303 3124 4360 haerebimus?
3170 4322 3451 4378 quousque
3493 4325 3599 4363 non

1992 4395 2391 4451 excitahimur?
2426 4411 2708 4464 quousque
2740 4397 2938 4450 nrrllarrr
2968 4397 3157 4453 salutis
3185 4409 3385 4454 nostr:e
3413 4415 3598 4456 curam

1994 4487 2350 4544 habebimus?
2381 4487 2692 4558 Cogitemus
2715 4487 3036 4554 quibusnam
3067 4505 3165 4543 nos
3190 4491 3329 4545 Deus
3351 4491 3601 4562 dignatus

1993 4580 2085 4643 sit,
2127 4580 2328 4649 gratias
2373 4592 2617 4648 agamus,
2659 4577 2883 4647 gloriam
2919 4578 3236 4642 referamus.
3288 4596 3395 4635 non
3441 4583 3602 4639 modo

1996 4687 2093 4742 per
2116 4671 2296 4734 iidem,
2324 4671 2418 4725 sed
2452 4671 2612 4725 etiam
2647 4686 2740 4740 per
2764 4685 2964 4740 opera:
3009 4682 3067 4727 ut
3100 4673 3275 4727 futura
3305 4689 3600 4745 consequa-

1996 4779 2117 4817 mur
2148 4762 2309 4825 bona,
2341 4760 2506 4832 gratia
2540 4771 2594 4816 et
2633 4761 2964 4832 benignitate
3012 4764 3218 4817 Domini
3261 4767 3428 4820 nostri
3473 4765 3601 4821 vau

1994 4854 2217 4918 Christi,
2239 4855 2454 4925 qrricurn
2490 4853 2629 4907 l‘atri
2663 4853 2855 4924 gloria,
2878 4870 2981 4908 una
3009 4870 3128 4908 curn
3159 4866 3347 4910 sancto
3373 4856 3600 4926 Spiritu,

1995 4963 2140 5004 nunc
2162 4959 2214 5003 et
2240 4961 2456 5018 semper
2482 4956 2536 5002 et
2567 4946 2619 5001 in
2649 4945 2849 5001 saecula
2877 4945 3229 5002 sazculorurn.
3263 4951 3456 5005 Amen.

2063 5150 2080 5184 ί
2117 5145 2213 5198 Alii
2239 5145 2443 5204 habent,
2471 5147 2721 5205 temperet.

1646 5308 1999 5375 HOMILIA
2062 5311 2296 5374 XLVII.

276 5392 413 5449 Car.
453 5391 508 5455 ϐ,
565 5411 613 5448 v.
656 5397 743 5452 55.
791 5397 932 5453 Dixit
976 5416 1095 5472 ergo
1135 5403 1206 5457 eis
1250 5402 1401 5459 Iesus
1439 5423 1458 5460 :
1501 5407 1696 5472 Amen,
1743 5427 1891 5466 amen

354 5487 472 5540 dico
501 5487 659 5551 vobis,
688 5489 784 5542 nisi
822 5493 1248 5549 manducaveritis
1284 5511 1488 5550 carnem
1519 5497 1645 5552 Filii
1671 5501 1890 5557 hominis

353 5590 402 5631 et
425 5581 453 5630 ιι
476 5576 650 5633 beritis
672 5581 782 5650 ejus
815 5585 1135 5653 sanguinem,
1168 5604 1266 5640 non
1289 5589 1532 5644 [rubebitis
1558 5593 1712 5645 vitam
1738 5605 1889 5647 auer-

353 5685 477 5722 narn
527 5671 579 5724 in
627 5671 784 5726 vobis.
816 5674 905 5729 54.
941 5675 1042 5739 Qui
1083 5690 1251 5732 autem
1282 5682 1556 5736 manducet
1586 5702 1748 5738 mcum
1776 5703 1889 5739 mr-

353 5778 508 5827 nem,
556 5775 602 5817 et
652 5764 772 5819 bibit
826 5783 991 5822 meum
1040 5773 1341 5842 sanguinem
1366 5813 1381 5839 ,
1445 5775 1593 5830 liabet
1637 5779 1791 5832 vitam
1835 5779 1888 5832 in

351 5858 644 5926 semetipso.

361 5951 408 6005 l.
448 5951 586 6007 Cum
617 5950 686 6010 de
735 5954 899 6013 rebus
945 5958 1311 6030 splrilualibus
1357 5962 1701 6035 disserimus,
1749 5963 1880 6021 nihil

1997 5410 2257 5467 srcculare
2303 5408 2375 5463 sit
2414 5407 2465 5462 in
2510 5406 2704 5461 animis
2751 5406 2975 5470 nostris,
3012 5405 3141 5460 nihil
3185 5415 3478 5484 terrenum,
3509 5410 3602 5464 sed

1998 5503 2084 5559 his
2111 5499 2359 5555 omnibus
2387 5498 2648 5553 abdicatis
2673 5513 2736 5552 ac
2763 5498 3238 5567 depulsis,divinis
3266 5504 3604 5558 sermonibus

1998 5597 2094 5652 toti
2123 5593 2448 5649 hmrearnus.
2476 5592 2609 5646 Nam
2661 5591 2705 5646 si
2737 5605 2862 5660 rege
2892 5592 2945 5645 in
2990 5592 3173 5646 urbem
3220 5595 3487 5656 veniente.
3525 5605 3607 5649 trr-

1993 5687 2198 5745 multus
2245 5686 2422 5741 omnis
2461 5683 2779 5754 depellitur;
2823 5684 2994 5738 multo
3042 5685 3211 5754 magis
3254 5685 3456 5754 Spiritu
3509 5704 3604 5744 nos

1995 5781 2327 5850 alloquente,
2375 5793 2497 5832 ctrm
2544 5775 2711 5830 multa
2757 5776 2960 5846 quiete,
3009 5790 3130 5831 cum
3176 5777 3346 5831 multo
3399 5788 3604 5834 terrore

1994 5873 2182 5928 audire
2232 5887 2329 5929 nos
2380 5887 2478 5942 par
2525 5880 2627 5927 est.
2665 5869 2906 5927 Horrore
2943 5885 3176 5940 namque
3228 5871 3390 5942 digna
3447 5873 3604 5929 hodie

2000 5966 2134 6023 lecta
2167 5976 2310 6021 sunt.
2343 5965 2475 6021 Audi
2521 5964 2685 6020 enirn.
2739 5961 2896 6016 Amen
2937 5962 3050 6015 dico
3082 5960 3238 6029 vobis,
3273 5963 3461 6034 inquit,
3497 5963 3600 6017 nisi
