4084 6460
576 401 678 458 205

576 513 686 575 quis
716 505 1084 562 manducauerit
1112 516 1308 554 carnem
1351 517 1538 565 meam,
1565 511 1610 553 et
1648 495 1822 551 biberit
1850 491 2140 562 sanguinem

576 616 759 658 meum.
775 612 872 649 non
894 595 1088 647 habebit
1107 592 1261 645 citant
1283 593 1334 645 in
1352 592 1615 659 semetipso
1631 591 1667 640 '.
1682 587 1811 654 Quia
1835 583 1978 655 prius
1994 581 2144 634 disc-

579 697 696 742 rant
741 686 788 739 id
823 683 1150 754 impossibile
1177 698 1319 744 esse.
1352 680 1585 736 ostendit
1633 677 1684 732 id
1717 691 1820 729 non
1852 671 2010 726 modo
2039 685 2145 724 non

579 776 940 846 impossibile.
1007 777 1103 830 sed
1154 775 1314 831 etiam
1375 771 1528 825 valde
1585 765 1942 822 necessarium
2004 774 2143 815 esse.

575 867 929 933 Quamobrem
963 867 1139 923 subdit
1169 883 1181 918 :
1215 865 1314 930 Qui
1355 861 1627 914 inanducat
1669 872 1828 910 meam
1852 868 2074 916 caruerit,
2099 859 2146 904 et

577 962 694 1014 bibit
723 976 886 1017 meum
913 961 1224 1030 sanguinem,
1249 954 1392 1008 habet
1419 953 1572 1006 vitam
1597 959 1855 1012 attentam,
1884 955 1931 999 et
1957 960 2047 1015 ego
2067 958 2146 997 re-

579 1053 830 1110 suscitabo
849 1067 959 1105 eum
998 1052 1051 1102 in
1089 1046 1354 1102 novissimo
1379 1044 1478 1098 die.
1503 1042 1634 1110 Quia
1665 1042 1805 1096 enim
1831 1038 2053 1096 dixerat.
2085 1033 2148 1091 Si

578 1147 690 1212 quis
718 1139 1089 1195 manducauerit
1112 1153 1178 1191 ea:
1201 1138 1297 1191 hoc
1338 1151 1487 1206 pane,
1521 1150 1621 1187 non
1649 1133 1885 1186 morietur
1907 1129 1959 1182 in
2003 1138 2148 1183 ater-

580 1248 742 1294 num;
784 1229 1174 1298 verisimileun
1211 1236 1324 1284 erat
1361 1225 1484 1279 hinc
1512 1224 1633 1279 illos
1669 1221 1900 1276 olfetssos
1927 1218 2056 1284 fore,
2091 1227 2148 1272 ut

582 1328 723 1394 prius
759 1338 880 1378 cum
920 1323 1180 1384 dicerent,
1232 1319 1488 1374 Abraham
1531 1326 1758 1370 mortuus
1796 1322 1890 1378 est,
1933 1321 1979 1366 et
2025 1326 2145 1379 pro.

579 1419 741 1485 pliette
774 1415 958 1469 mortui
983 1423 1120 1474 sunt,
1153 1422 1199 1466 et
1225 1408 1498 1480 quomodo'
1523 1419 1579 1462 tu
1621 1407 1769 1468 dicis,
1802 1421 1899 1459 non
1929 1402 2147 1474 gustabit

581 1505 835 1560 nionem?
885 1504 1324 1560 resurrectionem
1367 1501 1511 1570 ponit
1537 1498 1750 1555 solvens
1774 1493 2145 1565 quaestionem,

580 1608 631 1650 et
672 1595 958 1652 ostendens
986 1609 1091 1648 non
1123 1593 1434 1648 moriturum
1481 1605 1602 1646 esse
1651 1602 1815 1658 usque
1865 1587 1915 1640 in
1962 1583 2139 1638 ﬁnem.

583 1689 912 1757 Frequenter
949 1693 1126 1740 autem
1157 1684 1207 1738 in
1239 1683 1507 1754 mysteriis
1535 1689 1797 1746 versatur,
1821 1687 1878 1731 ut
1902 1675 2150 1731 ostendat

578 1793 732 1846 quam
761 1777 1055 1832 necessaria
1089 1791 1176 1831 res
1207 1777 1296 1840 sit,
1325 1784 1381 1830 et
1404 1772 1544 1844 quod
1583 1773 1798 1827 omnino
1835 1769 1949 1824 ﬁeri
1988 1783 2146 1838 opor-

580 1879 702 1921 teat.
729 1867 858 1922 Nam
884 1867 973 1922 55.
1000 1865 1130 1922 Caro
1157 1883 1264 1919 mea
1285 1881 1398 1920 vere
1416 1875 1484 1920 est
1510 1865 1668 1925 cibus.
1693 1873 1738 1916 et
1762 1862 1968 1932 sanguis
2008 1877 2148 1915 naeus

577 1974 687 2010 vere
713 1966 785 2012 est
825 1969 990 2026 potus.
1021 1957 1153 2024 Quid
1179 1956 1278 2012 sibi
1308 1956 1418 2010 vult
1456 1954 1625 2010 illud?
1673 1957 1779 2008 Aut
1805 1953 1916 2007 vult
1945 1951 2148 2022 signiti-

576 2063 718 2111 care,
752 2048 891 2102 hunc
939 2062 1058 2104 esse
1088 2063 1266 2102 verum
1299 2047 1472 2102 cibum
1493 2087 1507 2110 ,
1537 2045 1623 2116 qui
1666 2046 1894 2099 animam
1936 2053 2143 2107 servet;

578 2153 666 2193 aut
697 2140 808 2194 vult
835 2139 990 2194 dictis
1034 2139 1148 2195 suis
1196 2139 1350 2194 ﬁdem
1399 2139 1593 2215 facere,
1625 2153 1688 2191 ne
1719 2146 1901 2206 putent
1927 2135 1977 2190 id
2003 2135 2143 2206 quod

577 2234 775 2287 dictum
803 2231 922 2295 fuit,
952 2233 1173 2302 a‘nigma
1204 2233 1285 2287 vel
1317 2231 1617 2302 parabolam
1645 2245 1765 2285 esse
1785 2270 1800 2294 ,
1841 2228 1932 2284 sed
1976 2229 2146 2283 sciant

576 2333 821 2392 optulere
874 2323 1090 2378 omnino
1136 2337 1328 2391 corpus
1375 2321 1676 2377 comedere.
1706 2320 1905 2375 Deinde
1929 2320 2023 2385 ait,
2053 2319 2141 2374 56.

579 2417 678 2479 Qui
708 2414 976 2468 manducet
1015 2430 1174 2468 meam
1215 2429 1436 2478 cantent,
1475 2413 1527 2466 in
1559 2429 1636 2468 me
1684 2420 1872 2478 manet,
1903 2421 1959 2464 ut
1983 2410 2148 2481 signi-

578 2509 697 2561 ﬁcet
738 2504 879 2576 quod
925 2521 982 2560 se
1011 2521 1130 2560 cum
1163 2505 1276 2574 ipso
1305 2505 1616 2560 admisceat.
1652 2503 1802 2572 Quod
1830 2514 2004 2559 autem
2055 2518 2144 2560 sco

573 2597 772 2665 quitur,
796 2609 899 2649 non
921 2593 1194 2650 cohaerere
1227 2595 1458 2658 videtur,
1492 2595 1591 2650 nisi
1621 2594 1972 2648 attendamus.
1992 2594 2144 2662 Quze,

576 2689 766 2755 inquit,
797 2695 879 2741 est
905 2689 1302 2753 consequentia,
1328 2696 1605 2756 postquam
1627 2686 1854 2753 dixerat,
1883 2688 1982 2755 Qui
2003 2705 2148 2741 man-

575 2781 723 2832 ducat
766 2795 926 2832 meum
978 2796 1198 2842 carnem,
1229 2781 1282 2833 in
1333 2797 1410 2835 me
1451 2791 1636 2846 manet,
1681 2780 2019 2849 subjungere,
2052 2781 2142 2835 57.

574 2870 719 2924 Sicut
755 2871 888 2923 misit
927 2887 1006 2925 me
1045 2872 1208 2925 vivens
1239 2869 1412 2935 Pater,
1445 2871 1517 2923 ita
1561 2879 1606 2924 et
1650 2887 1740 2941 ego
1789 2871 1896 2924 vivo
1942 2883 2146 2941 praptcr

577 2962 827 3017 Putrem?
872 2961 982 3016 lmo
1036 2963 1147 3017 lure
1179 2978 1419 3031 magnam
1476 2961 1674 3016 habent
1719 2964 2143 3017 consonantiam.

574 3053 704 3108 Nam
733 3068 853 3108 cum
882 3054 1042 3106 vitam
1071 3063 1325 3108 aaternam
1357 3069 1498 3122 stupe
1527 3053 1766 3116 dixisset,
1796 3054 1861 3109 ad
1913 3055 1964 3108 id
2013 3070 2144 3109 eon-

575 3143 889 3196 lirmandnm
937 3142 1100 3204 addit,
1149 3140 1211 3196 1η
1237 3160 1314 3197 me
1340 3153 1521 3197 manet.
1559 3143 1613 3198 Si
1654 3145 1793 3198 enim
1828 3145 1879 3197 in
1915 3159 1999 3199 me
2029 3160 2144 3199 ma-

575 3244 682 3295 net,
728 3242 779 3286 et
806 3248 904 3303 ego
936 3234 1073 3296 vivo,
1109 3233 1278 3300 palam
1309 3246 1391 3287 est
1433 3245 1487 3287 et
1533 3235 1677 3288 illum
1709 3250 1828 3290 esse
1859 3237 2140 3289 victurum.

575 3323 774 3378 Deinde
801 3323 920 3378 ait:
967 3324 1109 3378 Sicut
1154 3325 1286 3378 misit
1333 3342 1414 3379 me
1461 3327 1624 3381 vivens
1673 3326 1846 3382 Pater.
1897 3328 2020 3382 llaec
2063 3337 2145 3383 est

572 3415 898 3482 comparatio
925 3424 974 3470 et
1001 3415 1313 3477 similitudo.
1334 3431 1396 3471 ac
1422 3419 1464 3471 si
1487 3417 1704 3482 diceret,
1725 3419 1858 3472 Vivo
1885 3434 1985 3487 ego
2009 3421 2146 3474 sicut

572 3515 618 3555 et
671 3505 845 3559 Pater.
893 3504 956 3559 Et
995 3522 1060 3560 ne
1093 3506 1380 3575 ingenitum
1433 3516 1665 3577 putares,
1694 3509 1872 3562 statim
1919 3508 2142 3574 addidit,

579 3594 791 3662 Propter
843 3594 1067 3661 Patrem,
1101 3611 1204 3650 non
1253 3596 1392 3665 quod
1440 3599 1747 3666 operatione
1799 3599 2024 3667 quadam
2079 3599 2143 3654 ad

572 3684 853 3738 vivendum
885 3700 1019 3754 opus
1051 3685 1258 3741 habeat.
1282 3684 1537 3754 Superius
1558 3689 1702 3741 enim
1731 3692 1867 3742 hanc
1893 3703 2145 3744 amovens

575 3775 930 3842 suspicionem
981 3775 1192 3830 dicebat
1246 3793 1258 3829 :
1313 3775 1460 3831 Sicut
1508 3775 1662 3830 Pater
1716 3778 1861 3832 habet
1901 3780 2050 3832 vitam
2092 3781 2147 3834 in

573 3867 850 3935 semetipso,
883 3882 954 3921 sic
987 3867 1125 3920 dedit
1152 3852 1210 3920 et.
1225 3865 1360 3920 Filio
1394 3868 1544 3920 vitam
1572 3869 1754 3922 habere
1781 3871 1831 3922 in
1857 3872 2140 3936 semetipso.

573 3955 723 4022 Quod
752 3957 794 4009 si
819 3965 970 4025 egeat
995 3957 1328 4027 operatione,
1356 3966 1609 4025 sequetur
1652 3968 1742 4011 aut
1787 3958 1995 4014 Patrem
2039 3977 2142 4016 non

571 4046 803 4110 dedisse,
821 4056 874 4101 et
895 4046 944 4101 id
973 4047 1157 4100 lalsum
1181 4062 1333 4111 esse;
1370 4047 1452 4102 vel
1473 4049 1515 4101 si
1543 4048 1768 4111 dederit,
1791 4050 1935 4104 nullo
1959 4061 2144 4121 postea

572 4136 862 4203 opitulante
918 4150 1052 4205 Opus
1105 4136 1403 4190 habiturmn
1456 4153 1594 4192 esse.
1659 4137 1793 4204 Quid
1844 4141 1944 4196 sibi
2000 4143 2141 4209 vult,

573 4226 790 4297 Propter
817 4226 1063 4281 Patrem?
1109 4227 1332 4284 Causam
1375 4229 1548 4283 solmn
1593 4230 1810 4287 indicat.
1845 4233 1954 4288 lloc
1987 4250 2145 4304 porro

575 4321 678 4373 vult
711 4320 1006 4389 signiﬁcare
1038 4337 1050 4372 :
1094 4321 1244 4375 Sicut
1284 4321 1410 4374 vivit
1459 4321 1634 4384 Pater,
1661 4331 1713 4376 et
1741 4338 1840 4393 ego
1886 4326 2025 4381 vivo.
2080 4327 2146 4380 Et

570 4412 654 4481 qui
700 4412 970 4464 manducat
1016 4427 1111 4474 me,
1144 4422 1188 4465 et
1218 4412 1304 4466 ille
1328 4414 1449 4466 vivet
1479 4424 1684 4482 pmptcr
1728 4432 1824 4470 me.
1859 4417 2026 4472 Vitam
2059 4419 2146 4474 hic

570 4503 698 4555 dicit
734 4516 837 4554 non
863 4501 1317 4571 qualemcumque,
1348 4503 1440 4558 sed
1478 4505 1839 4572 conspicuam.
1871 4507 2021 4574 Quod
2049 4526 2145 4564 au-

572 4602 674 4644 tem
718 4591 766 4644 id
799 4605 901 4644 non
931 4591 997 4645 de
1025 4592 1246 4660 simplici
1272 4593 1372 4647 vita
1415 4592 1576 4657 dicat,
1602 4594 1691 4650 sed
1719 4596 1786 4650 de
1814 4598 2043 4667 gloriosa
2088 4611 2143 4656 et

572 4679 819 4734 iuetl’abili
861 4680 968 4744 illa,
1001 4680 1124 4736 hinc
1161 4684 1330 4751 palam
1358 4693 1458 4750 est,
1492 4685 1631 4755 quod
1663 4702 1849 4742 omnes
1901 4689 2142 4748 inﬁdeles

571 4783 622 4825 et
675 4789 777 4826 non
828 4773 1014 4827 initiati
1059 4775 1254 4841 vivant,
1285 4777 1405 4831 licet
1430 4777 1496 4831 de
1525 4777 1641 4845 ejus
1670 4794 1829 4834 carne
1857 4797 1961 4836 non
1994 4800 2143 4838 man-

570 4865 786 4918 durent.
819 4863 1004 4918 Viden‘
1043 4867 1180 4935 quod
1211 4883 1312 4921 non
1357 4869 1421 4922 de
1471 4869 1567 4923 hac
1594 4871 1698 4926 vita
1725 4887 1902 4927 sermo
1932 4875 2019 4936 sit,
2047 4875 2141 4930 sed

569 4956 634 5006 de
669 4947 794 5008 illa?
824 4955 973 5022 Quod
1005 4967 1176 5011 autem
1205 4959 1349 5023 dicit,
1385 4959 1684 5030 hujusmodi
1730 4973 1830 5019 est.
1857 4965 1955 5032 Qui
1993 4982 2144 5020 man-

567 5048 725 5100 dneat
777 5062 943 5100 meam
997 5063 1232 5115 carnem,
1265 5053 1537 5107 moriendo
1569 5071 1671 5110 non
1721 5059 1932 5126 peribit,
1969 5076 2139 5130 neque

573 5139 836 5203 punietur.
871 5137 977 5192 lmo
1011 5155 1112 5192 non
1142 5140 1206 5195 de
1251 5145 1516 5198 communi
1549 5149 1935 5204 resurrectione
1967 5151 2139 5220 loqui-

574 5236 692 5289 tur;
745 5242 930 5283 onmes
975 5232 1168 5301 quippe
1222 5246 1534 5304 resurgent;
1585 5238 1677 5291 sed
1727 5239 1794 5294 de
1840 5241 2031 5294 eximia
2086 5253 2142 5295 et

567 5319 794 5384 gloriosa
849 5323 1253 5386 resurrectione,
1285 5341 1440 5393 quam
1493 5343 1697 5383 merces
1747 5342 2016 5400 sequetur.
2045 5331 2134 5386 59.

572 5405 667 5460 llic
693 5419 764 5462 est
792 5411 937 5478 panis
963 5413 1046 5479 qui
1071 5420 1133 5466 de
1171 5417 1292 5468 cwlo
1314 5417 1569 5471 descendit
1591 5438 1609 5472 :
1640 5438 1740 5475 non
1767 5423 1895 5475 sicut
1919 5426 2137 5478 mandu-

566 5513 799 5552 ruvcrunt
827 5514 992 5570 patres
1012 5509 1155 5558 vestri
1179 5523 1380 5568 manna,
1408 5520 1454 5562 et
1483 5513 1667 5563 mortui
1704 5525 1837 5566 sunt.
1875 5514 1974 5580 Qui
1998 5533 2137 5569 mau-

565 5592 713 5642 ducnt
758 5594 890 5645 hunc
934 5612 1131 5663 panem,
1165 5603 1284 5652 vivet
1323 5601 1372 5652 in
1415 5611 1675 5656 wternmn.
1730 5601 2058 5674 Frequenter
2088 5607 2136 5661 iol

568 5682 770 5745 repetit,
799 5693 848 5735 ut
880 5685 929 5737 in
961 5696 1189 5739 mentem
1212 5689 1509 5745 auditorum
1539 5693 1719 5762 inligat
1754 5695 1970 5762 (ultima
1993 5696 2133 5750 enim

631 5793 642 5818 ί
683 5793 808 5843 Alias
831 5795 1025 5860 legitur,
1048 5812 1136 5847 non
1162 5803 1298 5851 habet
1325 5811 1462 5852 utam
1488 5812 1584 5855 a'tc.
1607 5819 1728 5858 nunt.

1304 388 1358 441 S.
1395 383 1674 444 JOANNIS
1710 366 2179 437 CIIRYSUSTOMI
2223 365 2538 423 AllClllEl‘.
2579 364 3104 424 CONSTANTINUP.

3729 365 3834 422 ΜΛ

2255 483 2368 539 lucc
2405 491 2519 538 erat
2548 478 2849 551 doctrina),
2893 490 2947 536 et
2990 479 3058 536 de
3107 481 3520 546 resurrectione,
3550 493 3602 537 ct
3632 482 3702 540 de
3730 487 3832 538 vlta

2252 583 2449 630 aeterna
2479 573 2610 628 ﬁdes
2640 573 3067 628 continuaretur.
3119 569 3344 639 Ideoque
3385 573 3836 628 resurrectionem

2253 664 2431 729 addit;
2457 674 2566 718 tum
2585 663 2704 732 quia
2731 662 2885 728 dixit,
2913 660 3077 715 Vitam
3100 670 3360 723 uernam,
3379 671 3486 715 tum
3513 669 3570 714 nt
3589 662 3839 717 ostendat

2253 758 2395 813 illam
2429 758 2588 810 vitam
2617 770 2722 810 non
2751 770 2890 809 ltltllc
2919 767 3057 817 esse,
3089 753 3183 808 sed
3219 763 3336 821 post
3363 754 3836 811 resurrectionem.

2255 847 2320 905 Et
2349 849 2639 914 undcnam,
2669 847 2896 917 inquies,
2929 845 3032 900 ltoc
3057 844 3352 916 probatur?
3391 844 3471 899 Ex
3519 843 3836 914 Scripturis.

2252 942 2384 998 Nam
2411 943 2604 1012 ubique
2634 941 2753 996 illos
2781 954 2847 995 eo
2874 939 3058 1003 mittit,
3078 947 3133 993 ut
3159 937 3282 992 inde
3306 935 3536 992 discant.
3553 936 3688 992 Cum
3712 953 3840 992 vero

2252 1037 2404 1099 dixit.
2438 1037 2536 1102 Qui
2561 1035 2650 1088 dat
2675 1035 2828 1088 vitam
2855 1033 3066 1095 mundo,
3092 1033 3143 1086 in
3173 1029 3568 1086 aemulationem
3599 1029 3836 1091 deducit,

2253 1137 2310 1183 ut
2339 1129 2470 1183 alios
2492 1126 2634 1182 dono
2660 1135 2806 1180 tanto
2834 1124 2936 1180 frui
2960 1124 3223 1189 videntes,
3252 1137 3356 1178 non
3389 1134 3537 1178 extra
3561 1132 3835 1178 maneant.

2255 1219 2587 1289 Frequenter
2611 1226 2788 1271 autem
2813 1231 3005 1270 manna
3031 1223 3440 1280 commemorat,
3461 1222 3572 1268 tum
3603 1225 3661 1268 ut
3686 1211 3839 1267 diffe-

2253 1310 2478 1364 rentiam
2503 1307 2720 1373 indicet,
2755 1317 2864 1362 tum
2893 1316 2948 1360 ut
2980 1306 3100 1362 illos
3127 1305 3192 1360 ad
3223 1305 3380 1360 ﬁdem
3425 1306 3658 1361 inducat.
3704 1307 3838 1362 Nam

2252 1400 2296 1456 si
2321 1400 2492 1470 potuit
2523 1399 2664 1454 Deus
2688 1399 2804 1454 sine
2852 1412 3048 1463 messe,
3075 1397 3191 1452 sine
3217 1396 3505 1458 frumento.
3535 1406 3591 1453 et
3632 1397 3841 1464 reliquo

2250 1499 2504 1561 apparatu
2537 1491 2657 1545 illos
2694 1505 2788 1560 per
2822 1488 3171 1561 quadraginta
3219 1503 3387 1544 annos
3433 1492 3614 1554 alere;
3669 1491 3840 1544 inulto

2252 1586 2420 1654 magis
2449 1600 2613 1650 nunc,
2646 1594 2926 1654 postquam
2972 1583 3038 1637 ad
3069 1583 3271 1654 majora
3302 1585 3558 1654 patranda
3590 1586 3758 1649 venit,
3783 1586 3834 1639 id

2252 1677 2467 1746 poterit.
2500 1677 2748 1746 Alioquin
2780 1679 2822 1730 si
2862 1675 2950 1730 illa
2992 1674 3172 1746 ﬁgura:
3203 1685 3377 1742 erant,
3407 1686 3461 1730 et
3498 1679 3614 1731 sine
3641 1678 3840 1733 sudore

2252 1766 2537 1836 laboreque
2563 1766 2884 1836 colligebant.
2908 1781 3124 1828 escam;
3174 1766 3342 1820 multo
3372 1768 3540 1836 magis
3568 1783 3708 1822 nunc
3739 1769 3840 1824 hoc

2249 1859 2373 1920 erit,
2407 1858 2494 1913 ubi
2527 1867 2670 1911 tanta
2700 1857 3020 1924 dill’erentia,
3060 1857 3147 1912 ubi
3192 1857 3340 1913 nulla
3385 1873 3514 1914 vere
3547 1874 3715 1925 mors,
3750 1862 3837 1916 ubi

2254 1951 2358 2004 vita
2393 1967 2514 2007 vera
2540 1951 2784 2006 fruimur.

2322 2043 2425 2097 Cur
2459 2042 2688 2098 Christus
2733 2059 2864 2113 προ
2907 2045 3058 2097 citam
3105 2053 3369 2097 memorat.
3401 2073 3472 2084 -—
3498 2044 3538 2099 Ε
3569 2060 3627 2099 re
3657 2055 3836 2099 mrtem

2249 2137 2370 2188 vita:
2399 2151 2542 2205 sa'pe
2570 2135 2831 2201 meminit,
2862 2135 2981 2204 quia
3009 2133 3133 2190 illud
3162 2133 3301 2204 apud
3333 2133 3578 2190 homines
3609 2135 3659 2189 in
3687 2145 3840 2201 opta-

2251 2226 2318 2279 tis
2363 2235 2478 2288 est;
2531 2224 2768 2295 nihilque
2811 2225 3048 2290 suavius,
3094 2239 3253 2295 quam
3286 2240 3391 2279 non
3434 2226 3590 2279 mori.
3621 2225 3752 2280 Nam
3783 2227 3836 2281 in

2252 2315 2427 2370 Veteri
2468 2316 2812 2370 Testamento
2855 2316 3175 2370 diuturnitas
3223 2317 3346 2371 vita:
3395 2317 3835 2386 promittebatur;

2249 2408 2341 2462 sed
2374 2422 2514 2462 nunc
2561 2423 2663 2462 non
2705 2407 3026 2462 diuturnitas
3072 2406 3254 2472 modo,
3295 2405 3386 2463 sed
3437 2408 3541 2462 vita
3583 2409 3699 2464 sine
3731 2409 3838 2466 ﬁne

2249 2501 2592 2570 promittitur.
2635 2499 2806 2554 Simul
2844 2499 3006 2553 etiam
3056 2499 3166 2552 vult
3196 2498 3502 2564 ostendere,
3543 2514 3601 2554 se
3628 2501 3835 2570 suppli-

2249 2590 2388 2644 cium
2417 2605 2444 2644 a
2485 2599 2703 2659 peccato
2733 2588 3002 2644 inductum
3033 2605 3172 2644 nunc
3212 2604 3484 2656 revocare,
3515 2594 3836 2647 sententiam

2251 2681 2394 2734 illam
2414 2681 2598 2734 mortis
2614 2681 2890 2746 solvendo,
2912 2680 3038 2734 dum
3057 2679 3216 2735 vitam
3240 2696 3346 2736 non
3368 2681 3830 2754 qualemcumque,

2249 2769 2342 2823 sed
2389 2779 2667 2835 aeternam,
2711 2779 2896 2824 contra
2945 2786 3104 2840 quam
3150 2771 3296 2841 prius
3339 2780 3594 2826 statutum
3643 2772 3834 2840 fuerat,

2249 2858 2540 2913 induceret.
2572 2859 2658 2915 59.
2689 2857 2812 2913 "ac
2838 2860 2965 2913 dixit
2989 2861 3041 2914 in
3071 2877 3329 2932 synagoga
3351 2861 3534 2916 docens
3561 2863 3612 2916 in
3642 2863 3836 2932 Caper-

2249 2966 2420 3014 naum,
2467 2949 2554 3004 ubi
2602 2951 2768 3006 multa
2813 2952 3073 3006 mirabilia
3107 2961 3376 3022 patrarat;
3405 2969 3570 3025 quare
3601 2957 3840 3012 maxime

2248 3041 2542 3095 audiendus
2566 3050 2701 3096 erat.

2317 3131 2372 3186 2.
2413 3134 2521 3188 Cur
2552 3148 2709 3202 porro
2740 3135 2792 3188 in
2819 3149 3083 3206 synagoga
3112 3135 3358 3201 docebat,
3407 3145 3461 3190 et
3511 3138 3563 3192 in
3603 3139 3838 3209 templo?

2248 3221 2384 3276 Tum
2416 3233 2472 3276 ut
2497 3223 2888 3279 multitudinem
2918 3225 3172 3292 traheret,
3205 3237 3314 3281 tum
3346 3238 3403 3282 nt
3441 3231 3751 3285 ostenderet
3777 3245 3837 3287 se

2249 3329 2352 3367 non
2381 3315 2707 3368 contrarium
2733 3331 2853 3371 esse
2885 3317 3048 3372 Patri.
3078 3317 3166 3372 60.
3200 3317 3354 3373 Multi
3394 3330 3560 3374 autem
3589 3338 3652 3375 ea:
3678 3323 3834 3376 disci-

2247 3404 2382 3474 pulis
2406 3407 2662 3460 audientes
2691 3407 2937 3469 dicebant,
2972 3405 3142 3462 Durus
3163 3419 3233 3463 est
3257 3409 3338 3462 Itic
3359 3427 3539 3464 scroto.
3567 3411 3704 3478 Quid
3735 3413 3838 3468 sibi

2247 3496 2359 3549 vult
2388 3495 2507 3559 hoc,
2543 3495 2712 3551 Durus
2740 3498 2850 3552 est?
2882 3497 2934 3552 Id
2965 3508 3068 3561 est,
3101 3515 3278 3570 asper,
3329 3501 3647 3558 laboriosus.
3680 3506 3838 3574 Atqui

2251 3588 2378 3643 nihil
2412 3590 2513 3643 tale
2540 3589 2788 3644 dicebat:
2825 3606 2996 3660 neque
3037 3593 3180 3647 enim
3211 3592 3279 3648 de
3327 3594 3448 3647 vita:
3488 3595 3730 3650 instituto
3762 3596 3842 3650 lo-

2249 3681 2528 3750 quebatur,
2586 3681 2680 3737 sed
2735 3682 2802 3737 de
2855 3683 3122 3746 doctrina,
3183 3683 3469 3739 identidem
3527 3685 3594 3741 de
3641 3688 3744 3744 ﬁde
3785 3690 3836 3742 in

2247 3773 2516 3828 Christum
2546 3774 2785 3830 habenda
2819 3775 3056 3845 loquens.
3096 3774 3203 3830 Cur
3231 3792 3359 3847 ergo
3397 3778 3565 3832 durus
3618 3791 3698 3835 est
3724 3797 3840 3835 ser-

2249 3865 2366 3920 mo?
2396 3867 2475 3920 An
2501 3866 2638 3936 quod
2669 3869 2827 3922 vitam
2861 3868 3134 3936 promittat
3179 3876 3233 3922 ct
3259 3871 3744 3927 resurrectinncm?
3772 3891 3853 3928 ε-η-

2248 3956 2388 4026 quod
2417 3956 2559 4012 dicat
2591 3973 2650 4013 se
2677 3974 2744 4012 ex
2777 3960 2909 4012 ca-lo
2951 3957 3332 4015 descendisse?
3374 3975 3441 4013 an
3491 3963 3629 4029 quod
3679 3980 3848 4020 nemo

2248 4049 2424 4104 salvus
2455 4065 2577 4105 esse
2605 4051 2792 4120 possit,
2825 4052 2925 4104 nisi
2948 4067 3161 4106 carnem
3191 4051 3305 4120 ejus
3332 4052 3655 4108 manducet?
3683 4054 3837 4110 lla-c-

2246 4141 2385 4203 ciae,
2417 4156 2619 4212 quaeso.
2650 4142 2777 4196 dura
2805 4144 2970 4196 sunt?
2995 4143 3124 4210 Quis
3173 4144 3272 4198 hoc
3301 4145 3532 4199 dixerit?
3557 4148 3692 4215 Quid
3735 4149 3846 4204 sibi

2247 4234 2357 4284 vult
2384 4247 2512 4302 ergo
2556 4232 2701 4296 illml,
2732 4231 2948 4286 Durus?
2985 4233 3151 4302 Captu
3195 4234 3445 4300 difﬁcilis,
3475 4237 3838 4294 inﬁrmitatem

2250 4324 2456 4378 illorum
2479 4339 2758 4392 superans,
2780 4334 2980 4380 terrore
2995 4327 3200 4396 plenus.
3225 4327 3484 4384 Putabant
3503 4332 3641 4385 enim
3663 4333 3844 4403 ipsum-

2248 4431 2306 4469 ea
2336 4416 2475 4486 loqui
2508 4433 2626 4486 qua:
2670 4417 2786 4486 ejus
2830 4418 3139 4488 dignitatem
3167 4433 3215 4474 et
3245 4420 3466 4491 gradum
3495 4438 3831 4494 superarent.

2248 4509 2371 4564 ideo
2413 4509 2680 4575 dicebant,
2719 4513 2842 4578 Quis
2895 4523 3054 4583 potest
3105 4531 3218 4567 eum
3263 4517 3479 4572 audire?
3511 4519 3672 4590 idque
3699 4520 3837 4576 forte

2247 4601 2310 4654 ad
2357 4602 2435 4655 sui
2488 4605 2908 4667 excusationem,
2943 4606 3082 4675 quod
3139 4618 3317 4662 essent
3371 4609 3679 4668 discessuri.
3739 4615 3828 4670 6t.

2247 4693 2425 4747 Sciens
2473 4705 2639 4749 autem
2677 4695 2828 4750 .Icsus
2868 4697 3009 4766 apud
3043 4700 3358 4769 semetipsum
3383 4743 3397 4764 ,
3439 4703 3559 4772 quia
3605 4721 3832 4759 murmu-

2245 4785 2423 4836 rabant
2475 4785 2538 4838 de
2574 4787 2668 4839 hoc
2714 4785 2948 4856 discipuli
2992 4789 3099 4857 ejus
3147 4790 3290 4858 (hoc
3338 4792 3478 4846 enim
3535 4794 3827 4851 divinitatis

2221 4874 2382 4929 illius
2410 4884 2540 4939 erat,
2574 4887 2776 4931 secreta
2810 4879 2859 4931 iu
2889 4879 3119 4932 medium
3153 4880 3414 4949 proferre)
3445 4883 3636 4939 deinde
3656 4885 3820 4941 dicit:

2251 4965 2359 5019 Hoc
2386 4985 2467 5023 vos
2492 4971 2842 5024 scandalizat?
2880 4971 2966 5025 62.
3002 4971 3064 5025 Si
3103 4989 3219 5042 ergo
3261 4974 3482 5028 videritis
3508 4975 3701 5030 Filium
3730 4979 3824 5030 Ito.

2246 5059 2391 5111 minis
2427 5061 2790 5124 ascendentem,
2849 5063 2931 5116 ubi
2977 5074 3080 5117 erat
3115 5065 3270 5133 prius.
3324 5065 3466 5120 ltlcm
3521 5066 3831 5124 Nathanaeli

2243 5149 2374 5204 dixit
2404 5169 2415 5202 τ
2455 5153 2584 5218 Quia
2615 5156 2720 5206 dixi
2747 5155 2854 5218 tibi,
2895 5155 3012 5210 l'idi
3055 5168 3101 5210 te
3131 5160 3221 5212 sub
3248 5161 3368 5228 ficu,
3399 5161 3602 5215 credis?
3637 5165 3835 5226 maiora

2245 5243 2319 5294 his
2344 5244 2527 5297 ridebis
2558 5247 2574 5310 (
2595 5245 2750 5300 Joan.
2786 5248 2828 5300 Ι.
2853 5249 2967 5316 50);
2997 5259 3050 5302 et
3077 5249 3388 5315 Nieodemo,
3424 5251 3588 5305 Nemo
3607 5256 3833 5307 ascendit

2242 5335 2293 5387 in
2325 5338 2522 5401 carlum,
2555 5339 2650 5392 nisi
2683 5338 2846 5394 Filius
2873 5343 3109 5408 hominis,
3141 5345 3226 5413 qui
3254 5345 3400 5398 estin
3431 5346 3554 5400 ratio
3577 5345 3830 5417 (Joan.5.

2247 5427 2354 5495 l5).
2402 5428 2536 5495 Quid
2584 5431 2780 5499 igitur?
2823 5432 3164 5490 ditlicoltates
3206 5434 3611 5490 difﬁcultatibus
3648 5436 3832 5491 addit’

2241 5519 2472 5582 Minime,
2523 5522 2697 5586 absit;
2747 5524 2838 5578 sed
2885 5525 3143 5580 doetrina:
3191 5527 3554 5598 magnitudine
3595 5537 3649 5582 et
3677 5531 3828 5598 copia

2243 5609 2385 5678 ipsos
2435 5613 2650 5670 allicere
2691 5627 2934 5670 conatur.
2989 5616 3120 5675 Nam
3171 5621 3259 5685 qui
3314 5620 3539 5682 dixerat,
3587 5618 3662 5674 De
3705 5620 3834 5673 creto

2243 5704 2509 5772 descendi,
2543 5708 2584 5759 si
2633 5708 2760 5761 nihil
2809 5710 3030 5763 ulterius
3055 5709 3366 5776 addidisset,
3402 5711 3572 5782 majus
3601 5712 3828 5766 ochudi-

2245 5797 2420 5853 culum
2447 5800 2760 5855 obtulisset:
2791 5817 2910 5856 cum
2955 5816 3079 5857 vero
3111 5801 3178 5856 till
3202 5803 3255 5868 it,
3290 5803 3484 5871 Corpus
3525 5820 3690 5857 mrum
3734 5819 3832 5859 rm
