4102 6498
274 436 373 496 εδδ

272 563 341 610 est
367 550 584 612 "nitidi;
610 557 686 618 et,
715 549 861 606 Sicut
880 551 1022 610 misit
1053 567 1132 605 me
1152 550 1316 605 vivens
1344 549 1520 616 Pater,
1555 558 1604 604 et
1631 565 1722 618 ego
1750 549 1858 601 vivo

274 653 474 713 propter
505 641 754 706 Patrem;
795 651 870 706 et,
905 643 968 695 de
1009 643 1132 696 ctelo
1163 640 1417 704 descendi,
1450 641 1539 696 ille
1567 639 1857 694 difficulta-

272 745 370 789 tem
397 734 580 788 solvit.
613 734 712 801 Qui
742 734 882 788 enim
914 732 1113 803 aliquid
1143 749 1392 804 magnum
1417 731 1486 787 de
1508 747 1566 787 se
1592 731 1854 800 loquitur,

269 835 546 895 suspectus
593 827 695 880 erit
724 824 989 880 mendacii
1016 839 1031 888 ;
1061 825 1151 895 qui
1193 837 1323 879 vero
1354 823 1474 877 talia
1503 822 1697 878 deinde
1724 821 1854 874 sub-

269 916 359 982 dit,
413 931 627 972 omnem
674 915 811 970 tollit
853 916 1233 984 suspicionem.
1264 914 1404 968 Nihil
1451 929 1577 969 vero
1599 929 1708 967 non
1749 913 1858 983 agit

267 1025 326 1064 ac
353 1009 505 1072 dicit,
538 1024 604 1062 ne
635 1017 818 1078 putent
845 1023 964 1062 eum
992 1020 1111 1060 esse
1130 1006 1349 1075 Iosephi
1377 1005 1565 1060 filium.
1589 1004 1703 1059 Non
1727 1019 1856 1074 ergo

267 1103 376 1157 haec
429 1101 582 1166 dixit,
643 1110 702 1155 ut
755 1100 1063 1154 scandalum
1114 1108 1354 1168 angeret,
1400 1099 1493 1153 sed
1524 1107 1578 1152 ut
1621 1097 1850 1152 tolleret.

266 1191 511 1261 Quisquis
538 1191 680 1247 enim
711 1207 834 1246 eum
863 1189 1028 1244 illium
1055 1190 1272 1260 Josephi
1297 1197 1553 1259 putasset,
1577 1188 1716 1244 dicta
1745 1203 1853 1242 non

263 1284 560 1353 accepisset
594 1301 606 1336 :
636 1285 726 1353 qui
774 1297 900 1336 vero
930 1296 1220 1352 persuasus
1244 1291 1388 1336 esset
1426 1283 1597 1349 ipsum
1626 1280 1693 1336 de
1720 1280 1853 1335 czelo

262 1373 625 1440 descendisse,
656 1383 797 1428 eteo
821 1388 1169 1427 escensurum
1193 1387 1311 1427 esse
1334 1373 1540 1426 facilius
1565 1371 1850 1426 libentius-

260 1482 360 1537 que
410 1465 570 1520 dictis
613 1463 952 1518 attendisset.
994 1462 1106 1518 Sub
1136 1463 1249 1518 haec
1274 1464 1432 1516 aliam
1461 1463 1682 1517 adduxit
1704 1463 1851 1516 solu-

261 1560 460 1614 tionem
491 1576 505 1613 :
539 1557 630 1613 63.
663 1557 893 1627 Spiritus
911 1566 1001 1622 est,
1030 1557 1218 1624 inquit,
1242 1557 1328 1627 qui
1347 1557 1584 1624 viviﬁcat,
1610 1572 1731 1610 caro
1751 1572 1853 1610 non

259 1652 461 1721 prodest
509 1650 831 1720 quidquam:
859 1649 962 1703 hoc
1014 1657 1115 1712 est,
1165 1647 1294 1714 Quae
1340 1647 1412 1702 de
1463 1664 1546 1702 me
1575 1648 1847 1715 dicuntur,

258 1743 604 1812 spiritualiter
626 1750 750 1795 sunt
777 1741 1085 1810 accipienda
1112 1757 1123 1791 :
1158 1755 1280 1794 nam
1311 1741 1400 1810 qui
1431 1741 1720 1795 carnaliter
1755 1756 1852 1793 au-

258 1834 349 1898 dit,
372 1832 513 1887 nihil
545 1832 795 1896 lucratur,
847 1830 976 1886 nihil
1007 1830 1238 1901 proficit.
1271 1829 1501 1886 Carnale
1547 1840 1665 1886 erat
1690 1831 1848 1886 dubi-

259 1935 365 1980 tare
383 1923 666 1995 quomodo
692 1925 759 1979 de
783 1923 915 1978 cado
936 1923 1322 1988 descendisset,
1351 1933 1648 1993 putareqne
1675 1923 1848 1992 ipsum

255 2033 370 2073 esse
417 2017 584 2071 lilium
635 2015 886 2085 Iosephi;
935 2031 1145 2071 necnon
1194 2016 1342 2081 illud,
1392 2015 1658 2081 Quomodo
1687 2025 1850 2085 potest

256 2109 395 2163 nobis
416 2125 622 2162 carnem
649 2124 792 2161 suam
812 2107 936 2161 dare
954 2108 1022 2160 ad
1047 2106 1500 2161 manducandum?
1521 2108 1649 2162 limo
1669 2108 1848 2162 omnia

254 2200 522 2266 carnalia;
555 2215 674 2269 qua:
699 2199 983 2268 Oportebat
1027 2200 1252 2270 mystice
1294 2210 1349 2254 et
1383 2200 1732 2268 spiritualiter
1761 2202 1840 2255 itt-

256 2293 515 2363 telligere.
552 2292 621 2346 Et
669 2291 941 2363 quomodo
971 2302 1241 2362 poterant,
1268 2293 1497 2362 inquies,
1549 2294 1848 2364 intelligere

253 2383 374 2455 quid
402 2393 549 2440 esset
575 2399 790 2438 carnem
813 2384 1139 2439 comedere?
1165 2384 1458 2453 Oportebat
1479 2394 1626 2441 certe
1652 2400 1849 2456 Opporo

255 2483 434 2528 tuuum
470 2483 682 2542 tempus
730 2483 1042 2543 exspectare
1069 2483 1123 2529 et
1177 2475 1535 2545 interrogare,
1569 2490 1669 2530 nec
1705 2476 1849 2531 desi-

253 2577 410 2622 stere.
453 2565 620 2620 Verba
668 2582 781 2635 qua:
825 2577 917 2637 ego
961 2565 1195 2636 loquutus
1223 2583 1334 2620 sum
1379 2568 1535 2634 vobis,
1566 2568 1775 2638 spiritus
1802 2577 1848 2622 et

253 2659 349 2713 vita
375 2667 531 2722 sunt;
561 2658 612 2713 id
645 2667 746 2723 est,
778 2658 957 2713 divina
988 2669 1042 2713 et
1066 2658 1359 2727 spiritualia
1392 2669 1538 2724 sunt,
1587 2659 1720 2715 nihil
1747 2661 1848 2714 ha-

253 2748 374 2806 bent
418 2750 661 2817 carnale,
718 2765 817 2806 nec
870 2752 1170 2806 naturalem
1224 2752 1703 2821 consequentiam;
1750 2753 1845 2808 sed

252 2845 390 2898 Omni
444 2844 751 2914 hujusmodi
796 2847 1137 2910 necessitate,
1189 2855 1243 2901 et
1287 2845 1444 2916 hujus
1491 2847 1612 2900 vita:
1645 2847 1848 2916 legibus

253 2933 416 2990 libera
447 2946 596 2998 sunt,
630 2935 899 3004 aliumque
951 2947 1004 2991 et
1053 2936 1321 2992 diversum
1366 2952 1584 2991 sensum
1625 2937 1843 2994 habent.

250 3023 398 3080 Sicut
424 3041 556 3094 ergo
583 3025 686 3080 hoc
712 3027 831 3082 loco
874 3026 1122 3097 spiritum
1161 3043 1260 3098 pro
1295 3030 1664 3099 spiritualibus
1689 3031 1843 3095 dixit,

249 3118 321 3172 sic
351 3131 472 3170 cum
500 3132 715 3171 carnem
743 3118 891 3184 dicit,
915 3134 1017 3173 non
1045 3120 1276 3174 carnalia
1309 3121 1583 3193 intelligit;
1610 3123 1702 3177 sed
1728 3137 1845 3177 car-

249 3209 438 3262 naliter
478 3223 575 3263 eos
619 3209 804 3264 audire
851 3210 1178 3278 subindicat,
1225 3214 1314 3282 qui
1362 3228 1578 3283 semper
1607 3215 1844 3269 carnalia

248 3299 558 3368 cupiebant,
601 3314 722 3353 cum
771 3302 1100 3369 oportuisset
1142 3303 1437 3372 spiritualia
1481 3314 1756 3376 appetere.
1789 3308 1845 3364 Si

247 3390 360 3459 quis
387 3391 534 3446 enim
563 3391 662 3445 hoc
691 3393 978 3449 carnaliter
1001 3396 1246 3465 accipiat,
1272 3398 1404 3453 nihil
1426 3399 1682 3454 lucratur.
1706 3401 1842 3468 Quid

247 3482 404 3550 ergo?
433 3497 501 3534 an
531 3496 661 3536 caro
691 3482 806 3552 ejus
833 3497 937 3539 non
964 3494 1045 3540 est
1064 3488 1230 3541 caro?
1257 3488 1349 3542 Est
1372 3499 1539 3544 certe.
1564 3490 1845 3557 Quomodo

246 3587 371 3642 ergo
399 3575 557 3638 dixit,
589 3573 719 3628 Caro
751 3592 849 3628 non
878 3576 1082 3645 prodest
1107 3580 1430 3649 quidquam?
1455 3581 1571 3636 Non
1598 3582 1664 3636 de
1681 3597 1844 3638 carne

246 3677 336 3719 sua
367 3666 640 3737 intelligit,
693 3667 869 3730 absit;
916 3669 1010 3725 sed
1053 3669 1120 3725 de
1146 3671 1211 3725 iis
1239 3674 1328 3742 qui
1372 3673 1510 3730 dicta
1556 3676 1880 3730 carnaliter'

246 3761 574 3827 acciperent.
629 3760 765 3827 Quid
811 3771 894 3816 est
941 3773 1121 3819 autem
1168 3768 1462 3823 carnaliter
1502 3770 1843 3841 intelligere?

246 3848 520 3919 I’rnpodta
578 3852 893 3921 simpliciter
923 3855 1240 3927 intelligere,
1275 3875 1446 3929 neque
1500 3863 1636 3917 ultra
1683 3865 1840 3933 quid-

245 3945 380 4012 piam
435 3946 768 4014 excogitare.
825 3947 935 4003 lloc
983 3958 1067 4004 est
1120 3952 1408 4008 carnaliter
1459 3955 1660 4010 videre.
1720 3957 1838 4011 Non

243 4046 449 4103 Oportet
476 4048 660 4092 autem
685 4038 751 4092 de
784 4038 848 4093 iis
878 4055 997 4109 quae
1025 4040 1272 4097 videntur
1302 4045 1651 4113 itajudicium
1675 4045 1837 4115 ferre,

242 4126 331 4180 sed
381 4129 567 4182 omnia
621 4131 875 4200 mysteria
917 4133 1264 4188 interioribus
1294 4136 1463 4190 oculis
1506 4140 1834 4208 perSpicere,

243 4216 290 4270 id
319 4228 420 4283 est,
451 4219 829 4288 spiritualiter.
860 4223 939 4276 Au
970 4224 1016 4278 is
1045 4226 1132 4294 qui
1160 4241 1267 4280 non
1298 4228 1585 4285 manducat
1618 4245 1836 4288 carnem

241 4309 371 4380 ejus,
405 4327 506 4367 nec
535 4312 673 4368 bibit
716 4313 832 4384 ejus
875 4318 1210 4387 sanguinem,
1243 4336 1347 4376 non
1380 4320 1546 4378 habet
1587 4326 1749 4380 vitam
1783 4327 1835 4381 in

239 4404 530 4474 semetipso
562 4422 578 4459 :
607 4405 877 4476 quomodo
926 4425 1055 4481 ergo
1102 4426 1228 4467 caro
1280 4427 1384 4468 non
1419 4417 1635 4485 prodest
1677 4419 1834 4487 quid-

239 4507 415 4562 quam,
445 4496 567 4550 sine
594 4513 696 4565 qua
723 4513 826 4552 non
859 4514 1142 4568 possumus
1173 4503 1391 4559 vivere?
1421 4506 1536 4562 Non
1565 4507 1632 4563 de
1670 4524 1836 4566 carne

241 4581 400 4652 ipsius
430 4588 535 4641 hoc
559 4587 761 4642 dictum
787 4605 907 4646 esse
939 4593 1106 4660 vides,
1135 4595 1228 4648 sed
1259 4596 1327 4650 de
1353 4600 1553 4652 carnali
1583 4599 1832 4656 audiendi

238 4678 412 4731 tnodo.
447 4680 538 4733 σι.
576 4679 684 4734 Sed
706 4693 822 4735 sunt
849 4683 1056 4752 quidam
1096 4702 1157 4738 ea:
1183 4685 1316 4741 vobis
1343 4690 1431 4757 qui
1460 4706 1559 4742 non
1598 4694 1828 4745 credunt.

238 4767 464 4822 ltuisum
517 4785 618 4838 pro
661 4785 809 4826 more
835 4787 934 4827 suo
964 4775 1272 4844 dignitatem
1306 4780 1479 4833 verbis
1505 4781 1707 4848 adjicit.
1747 4783 1831 4837 fu-

238 4865 455 4927 turaque
480 4857 728 4927 praedicit
754 4873 810 4916 et
836 4863 1088 4931 ostendit,
1121 4881 1181 4919 se
1205 4881 1310 4919 non
1358 4876 1414 4920 ut
1438 4869 1664 4939 gloriam
1692 4873 1830 4942 apud

230 4939 350 5000 illos
387 4955 659 5014 captaret,
702 4948 795 5002 sed
841 4951 982 5019 quod
1029 4967 1214 5008 eorum
1259 4957 1419 5014 saluti
1476 4939 1832 5033 prospiceret,

186 5019 200 5030 ⁸
231 5028 329 5089 hoc
349 5034 558 5090 dicere.
587 5040 721 5090 Cum
745 5037 877 5093 dicit
899 5051 1102 5106 autem,
1125 5042 1371 5110 Quidam,
1398 5019 1831 5117 tliseipu'losvsub:

230 5123 394 5180 duxit.
427 5127 592 5181 Initio
643 5143 874 5197 namque
921 5131 1155 5198 dixerat,
1192 5133 1258 5186 Et
1288 5136 1484 5191 vidistis
1514 5155 1615 5203 me,
1639 5151 1685 5193 ct
1729 5159 1833 5195 non

227 5216 511 5273 credidistis
542 5219 705 5283 mihi;
735 5220 821 5275 hic
872 5237 1018 5286 vero,
1056 5223 1191 5279 Sunt
1219 5227 1430 5294 quidam
1459 5245 1522 5282 ea:
1567 5232 1706 5287 vobis
1744 5233 1832 5302 qui

226 5319 324 5361 non
351 5314 595 5364 credunt.
629 5310 836 5365 Sciebat
858 5315 994 5367 enim
1020 5317 1083 5368 ab
1113 5317 1282 5380 initio,
1309 5319 1520 5386 quinam
1549 5336 1713 5376 essent
1741 5328 1830 5394 qui

227 5415 320 5454 non
351 5404 640 5469 crederent,
669 5416 716 5458 et
742 5409 858 5476 quis
885 5411 1168 5463 traditurus
1192 5423 1317 5465 esset
1345 5429 1480 5469 eum.
1514 5417 1603 5469 05.
1639 5416 1706 5471 Et
1741 5420 1823 5472 dio

225 5495 381 5558 cebut,
415 5496 547 5552 Ideo
589 5499 699 5551 dixi
730 5500 893 5567 vobis,
924 5501 1090 5557 Nemo
1124 5516 1285 5572 potest
1315 5509 1485 5561 venire
1505 5511 1574 5562 ad
1603 5527 1698 5571 me,
1723 5513 1822 5566 nisi

228 5592 371 5654 luerit
418 5592 465 5643 ei
507 5592 692 5644 datum
721 5581 961 5663 ‘desuper
999 5613 1030 5648 a
1072 5596 1231 5652 Patre
1277 5617 1406 5656 meo.
1456 5603 1818 5672 Spontaneam

223 5679 332 5746 ejus
360 5683 726 5738 mcunomiam
760 5685 844 5739 hic
873 5690 1198 5755 evangelista
1231 5693 1531 5749 subindicat
1551 5735 1567 5760 ,
1592 5695 1819 5767 ejusque

225 5772 550 5840 patientiam.
589 5776 852 5847 ll'udqne,
888 5782 957 5833 Ab
1002 5783 1170 5850 initio,
1205 5801 1312 5840 non
1363 5788 1478 5842 sine
1526 5803 1686 5844 eau~a
1733 5791 1819 5848 hic

221 5870 460 5938 partitur;
505 5870 603 5926 sed
639 5882 692 5928 ut
723 5873 841 5944 ejus
889 5879 1282 5946 prtcscientiam
1333 5882 1621 5955 intelligas,
1658 5895 1818 5957 atque

1227 437 1294 494 IN
1330 437 1645 497 ιοιΝΝΕιι
1684 433 1917 493 IIOIIIL.

1963 433 2172 491 XLVII.
2218 437 2288 491 al.
2334 436 2517 493 XLVI.
3460 450 3567 507 266

1968 545 2142 616 ipsum
2173 557 2299 604 ante
2327 550 2441 605 haec
2478 550 2661 620 verba,
2707 569 2882 627 neque
2929 569 3211 631 postquam
3257 561 3331 618 illi
3376 568 3565 627 oll'ensi

1967 651 2460 709 murnmraverant,
2510 644 2838 712 proditorem
2868 651 3115 716 novisse;
3165 653 3215 706 id
3257 655 3399 725 quod
3429 659 3566 714 divi-

1964 728 2147 783 nitatis
2176 741 2311 785 erat.
2343 732 2544 788 Deinde
2566 736 2771 804 adjicit,
2804 737 2922 792 Nisi
2951 741 3101 810 fuerit
3130 745 3174 796 ei
3202 745 3382 801 datum
3409 751 3559 804 dem-

1965 837 2055 890 per
2082 839 2115 873 a
2148 820 2306 877 Putre
2332 841 2461 889 meo,
2495 828 2728 883 suadens
2757 831 2835 886 eis
2864 843 2919 885 ut
2965 833 3174 889 Patrem
3209 853 3363 894 suum
3408 856 3566 912 puta-

1963 920 2084 965 rent
2131 914 2319 981 Deum,
2362 932 2467 971 non
2514 918 2831 989 Josephnm,
2879 934 2930 978 et
2979 929 3270 983 ostendens
3303 949 3413 986 rem
3457 953 3563 990 non

1961 1016 2082 1057 esse
2129 1006 2424 1075 vulgarem,
2474 1009 2524 1062 in
2569 1026 2692 1066 eum
2724 1014 2946 1071 credere
2978 1036 2992 1072 :
3026 1034 3090 1073 ac
3117 1021 3161 1073 si
3187 1021 3411 1086 diceret,
3448 1028 3563 1082 Non

1965 1094 2201 1160 turbant,
2233 1111 2339 1151 non
2371 1099 2804 1168 obstupefaciunt
2845 1122 2950 1172 me,
2999 1110 3086 1177 qui
3135 1127 3241 1166 non
3286 1115 3511 1171 credunt
3544 1137 3559 1175 :

1961 1183 2066 1239 hoc
2089 1185 2199 1254 jam
2229 1187 2358 1243 olim
2388 1191 2510 1245 novi
2533 1194 2820 1265 antequa’nt
2853 1196 3007 1253 fieret
3037 1217 3050 1254 :
3081 1203 3203 1256 novi
3239 1207 3562 1274 quibuwatn

1960 1274 2119 1330 Pater
2143 1277 2372 1334 dederit.

2029 1366 2084 1421 5.
2126 1368 2259 1424 Cum
2301 1371 2428 1426 illud
2459 1374 2633 1443 audis,
2673 1377 2840 1442 Dedit,
2884 1397 2950 1435 ne
3000 1393 3155 1452 putes
3188 1401 3309 1442 esse
3357 1402 3559 1448 sortem

1959 1461 2244 1528 quamdam
2268 1480 2282 1528 ;
2312 1466 2403 1518 sed
2432 1469 2593 1521 crede
2622 1485 2746 1523 eum
2773 1472 2861 1540 qui
2900 1489 2959 1527 se
2987 1475 3205 1545 dignum
3251 1483 3561 1551 praebuerit,

1960 1550 2012 1603 id
2040 1554 2304 1623 accfpere.
2333 1555 2419 1610 66.
2459 1557 2539 1611 Ea:
2564 1560 2658 1613 ltoc
2687 1564 2833 1616 multi
2871 1567 3240 1633 discipulorum
3272 1575 3381 1644 ejus
3422 1550 3562 1630 abie-

1957 1651 2076 1694 runt
2124 1654 2277 1705 retro,
2332 1655 2378 1698 et
2412 1648 2528 1716 jam
2574 1667 2675 1705 non
2720 1670 2832 1707 cum
2884 1657 2974 1710 illo
3012 1660 3360 1719 ambulabant.
3400 1666 3563 1723 Iiecte

1955 1735 2282 1804 evangelista
2312 1754 2416 1792 non
2449 1741 2602 1808 di\it,
2633 1743 3013 1812 Recesserunt,
3056 1753 3170 1816 sed,
3203 1755 3448 1811 Abierant
3475 1778 3560 1813 re.

1957 1833 2054 1892 tro,
2100 1829 2393 1885 ostendens
2437 1848 2466 1888 a
2515 1836 2728 1892 virtutis
2779 1840 3018 1908 profectu
3065 1847 3296 1915 excisos,
3345 1861 3399 1905 et
3440 1869 3560 1908 eam

1955 1933 2114 1987 quam
2165 1922 2292 1976 olim
2347 1924 2645 1983 habuerant
2691 1933 2848 1986 fidem
2902 1938 3222 2004 perdidisse,
3269 1960 3389 1997 eum
3439 1961 3560 2001 sese

1954 2010 2356 2069 abscinderent.
2388 2016 2584 2072 Verum
2632 2021 2915 2079 duodecim
2965 2027 3037 2081 illi
3085 2046 3189 2084 non
3233 2033 3381 2089 item.
3414 2037 3556 2105 Qua-

1959 2113 2179 2170 propter
2207 2107 2340 2160 dixit
2393 2110 2517 2174 illis,
2570 2113 2656 2166 (i7.
2691 2113 2955 2184 Numquid
2980 2131 3025 2173 et
3057 2137 3140 2176 vos
3189 2126 3338 2181 vultis
3381 2130 3563 2184 abire?

1955 2195 2246 2250 ostendens
2295 2214 2354 2254 se
2405 2201 2612 2256 illorum
2643 2208 2942 2264 ministerio
2974 2222 3028 2267 ct
3070 2215 3214 2270 cultu
3245 2233 3347 2274 non
3376 2236 3557 2290 egere,

1954 2300 2130 2354 neque
2177 2289 2296 2343 ideo
2343 2291 2463 2346 illos
2509 2297 2932 2355 cireun‘tduccre.
2969 2303 3248 2370 Quomodo
3285 2289 3429 2364 enini
3458 2315 3562 2369 ill's

1955 2392 2092 2447 opus
2122 2378 2323 2436 habere
2352 2387 2524 2452 potuit
2552 2389 2642 2456 qui
2685 2389 2799 2444 ba'c
2844 2392 3016 2448 dixit?
3045 2397 3150 2450 Cur
3176 2413 3270 2453 eos
3313 2417 3416 2456 non
3448 2405 3563 2459 latt-

1953 2469 2132 2524 davit?
2162 2488 2258 2527 cur
2287 2491 2392 2530 non
2430 2481 2779 2546 prmdicivit?
2807 2485 3008 2553 l‘rimo,
3037 2495 3092 2541 ut
3122 2491 3361 2560 magistri
3388 2496 3562 2566 digni-

1955 2570 2116 2618 tatem
2142 2579 2406 2636 servaret,
2458 2582 2616 2640 atque
2665 2583 2720 2627 ut
2765 2578 3097 2647 ostenderet,
3130 2583 3210 2637 sic
3257 2585 3381 2639 illos
3421 2590 3558 2644 trahi

1953 2659 2280 2726 oportuisse.
2310 2661 2441 2716 Nam
2471 2665 2514 2717 si
2551 2664 2839 2734 laudasset,
2876 2683 3121 2738 putantes
3150 2690 3208 2730 se
3230 2680 3452 2745 gratiam
3484 2683 3559 2737 illi

1955 2750 2291 2816 pra'SIilisse,
2340 2754 2542 2822 aliquid
2589 2757 2880 2816 lmmannm
2931 2767 3071 2833 passi
3127 2766 3399 2826 fuissent:
3433 2789 3556 2830 cum

1952 2850 2131 2896 autem
2164 2846 2396 2900 ostendit
2424 2862 2484 2903 se
2507 2849 2720 2905 illorum
2753 2868 2857 2908 non
2887 2871 3050 2926 egere
3078 2864 3355 2925 comitatu,
3389 2870 3559 2935 magis

1953 2947 2046 2986 eos
2090 2936 2376 2990 continuit.
2430 2940 2492 2993 Et
2539 2943 2908 3001 animadverte
2953 2966 3111 3018 quam
3167 2955 3560 3022 prudenterlo-

1952 3035 2166 3094 qnatur.
2200 3029 2317 3085 Non
2341 3031 2492 3098 dixit,
2527 3036 2723 3094 Abite:
2757 3039 2808 3093 id
2839 3042 2982 3097 enim
3009 3047 3318 3126 repellentis
3347 3050 3554 3120 fui~sct;

1951 3119 2044 3173 sed
2076 3121 2388 3195 interrogat,
2421 3126 2561 3182 Nunt
2590 3140 2634 3184 et
2662 3147 2749 3186 vos
2776 3136 2924 3190 vultis
2949 3137 3128 3193 abire?
3157 3119 3307 3210 Quod
3339 3160 3555 3203 Omnem

1950 3215 2228 3273 auferebat
2257 3223 2359 3275 vim
2392 3232 2445 3278 et
2475 3229 2877 3296 necessitatem,
2910 3247 2978 3286 ne
3007 3233 3211 3302 pudore
3248 3237 3555 3297 detineren-

1953 3313 2057 3368 tur,
2091 3309 2184 3362 sed
2216 3320 2269 3364 et
2313 3315 2536 3382 gratiam
2579 3315 2859 3373 haberent.
2912 3322 3046 3375 Cum
3077 3335 3254 3380 autem
3297 3329 3417 3384 illos
3449 3350 3554 3389 non

1953 3399 2128 3468 palam
2158 3407 2450 3468 accusavit,
2483 3407 2577 3461 sed
2628 3409 2872 3465 modeste
2921 3416 3113 3484 tetigit.
3159 3421 3393 3475 ostendit
3423 3440 3556 3492 quo-

1950 3494 2112 3549 tnodo
2142 3507 2390 3566 Oporteat
2419 3500 2469 3552 in
2497 3500 2764 3557 similibus
2811 3505 3198 3576 pltilosOphari.
3243 3512 3350 3568 Nos
3371 3527 3551 3572 autem

1943 3586 2064 3656 jure
2087 3594 2356 3645 contraria
2388 3594 2640 3662 patimur,
2675 3598 2796 3666 quia
2817 3602 2998 3654 omnia
3015 3602 3202 3670 gloria:
3230 3622 3387 3660 causa
3420 3610 3552 3666 faei-

1947 3694 2085 3744 mns,
2139 3678 2366 3752 ideoque
2411 3701 2478 3739 ex
2528 3686 2847 3744 famulorum
2908 3708 3126 3750 recessu
3174 3709 3354 3754 nostra
3385 3704 3550 3762 minui

1950 3781 2216 3839 putamus.
2271 3776 2360 3830 Sic
2419 3794 2580 3848 porro
2632 3797 2729 3836 nec
2774 3784 3022 3840 adulatus
3065 3799 3167 3852 est,
3203 3808 3302 3847 nec
3331 3798 3545 3865 repulit.

1946 3863 2042 3917 sed
2089 3864 2460 3938 interrogavit.
2491 3869 2606 3926 Non
2650 3889 2779 3943 ergo
2806 3881 3111 3946 spernentis
3159 3883 3258 3937 hoc
3286 3863 3420 3953 erat,
3455 3893 3548 3946 sed

1947 3956 2178 4010 nolentis
2205 3974 2301 4012 eos
2341 3961 2389 4014 vi
2414 3971 2467 4016 et
2495 3966 2817 4021 necessitate
2848 3969 3129 4037 detinere;
3165 3993 3285 4031 nam
3330 3980 3397 4036 ita
3431 4002 3549 4040 ma-

1945 4062 2096 4113 nere,
2150 4050 2289 4106 idem
2342 4053 2532 4111 fuisset
2582 4069 2741 4124 atque
2768 4062 2938 4118 abire.
2989 4065 3127 4134 Quid
3165 4085 3293 4140 ergo
3322 4075 3551 4134 Petrus?

1944 4138 2033 4193 68.
2070 4142 2149 4193 Ad
2177 4159 2322 4212 quem
2367 4146 2592 4201 ibimus?
2655 4150 2814 4205 Verba
2864 4157 2978 4209 vita:
3019 4138 3419 4221 (uertite/tabes.
3455 4173 3548 4229 (ἐξ).

1943 4231 2010 4285 Et
2056 4250 2147 4287 nos
2192 4237 2499 4293 credidimus
2547 4252 2594 4294 et
2636 4247 2980 4313 cegnorimus.
3014 4253 3133 4319 quia
3156 4262 3206 4305 tu
3236 4271 3288 4310 es
3319 4257 3550 4318 Christus

1943 4321 2113 4377 Filius
2145 4325 2241 4379 Dei
2290 4329 2402 4382 vivi.
2442 4330 2629 4387 Viden'
2657 4351 2762 4389 non
2791 4339 2950 4393 verba
2994 4340 3346 4403 oll‘ensionem
3381 4368 3546 4422 pepe-

1940 4416 2099 4481 risse,
2126 4418 2220 4472 sed
2244 4420 2569 4488 socordiam,
2615 4424 2902 4494 desidiam,
2936 4442 2989 4486 et
3027 4416 3423 4504 improbitatem
3448 4461 3545 4499 an~

1940 4505 2212 4562 diturum?
2236 4509 2364 4562 Nam
2396 4512 2605 4567 etiamsi
2642 4516 2743 4571 hoe
2770 4535 2875 4572 non
2918 4521 3162 4591 dixisset,
3196 4528 3544 4592 nihilominus

1939 4598 2127 4653 oliensi
2158 4599 2404 4668 fuissent,
2424 4620 2520 4658 nec
2549 4606 2900 4676 destitissent,
2918 4613 3095 4669 cibum
3114 4631 3330 4688 semper
3351 4639 3544 4695 corpo-

1939 4706 2089 4745 reum
2118 4706 2388 4760 curantes,
2418 4710 2480 4750 ac
2511 4707 2668 4752 terra:
2694 4700 2859 4755 affixi.
2892 4705 3140 4774 Alioquin
3159 4719 3337 4765 autem
3363 4716 3413 4768 hi
3437 4733 3540 4774 una

1938 4797 2058 4836 cum
2089 4783 2191 4837 illis
2213 4788 2519 4851 audierunt,
2545 4789 2639 4844 sed
2670 4794 2944 4847 contrario
2968 4795 3142 4852 ail'ecti
3189 4803 3349 4857 modo
3385 4806 3508 4860 dixt-

1931 4875 2084 4940 ’ruut,
2115 4877 2193 4929 Ad
2220 4894 2366 4947 quem
2395 4880 2626 4936 ibimus?
2652 4882 2888 4941 Verbum
2931 4891 3108 4959 magni
3139 4891 3374 4959 aﬂ'ectus
3404 4900 3546 4954 indi-

1939 4962 2109 5015 cium.
2142 4963 2425 5033 Significat
2452 4986 2597 5026 enim
2645 4976 2956 5048 Magistrum
2997 4986 3096 5037 sibi
3148 4992 3398 5047 omnibus
3429 5010 3553 5052 esse

1940 5053 2232 5121 cariorem,
2280 5064 2543 5131 patrihus,
2600 5071 2882 5140 matribus,
2935 5078 3298 5148 facultatibus,
3341 5103 3546 5157 eosque

2063 5145 2132 5249 ab
2164 5147 2283 5218 ipso
2312 5151 2621 5223 discedunt,
2656 5177 2760 5216 non
2804 5165 3004 5224 habere
3030 5187 3138 5238 quo
3169 5189 3229 5229 se
3259 5143 3544 5249 recipiant:

1941 5232 2145 5331 lleiude
2195 5255 2265 5297 ne
2317 5245 2589 5304 videri-tur
2637 5251 2803 5322 illul,
2847 5260 2927 5312 Ad
2975 5232 3122 5331 quem
3168 5232 3394 5326 ibimus;

1939 5326 2162 5395 dixisse,
2191 5337 2336 5402 quod
2361 5354 2466 5394 non
2498 5355 2683 5401 essent
2712 5351 2804 5419 qui
2835 5353 2982 5421 ipsos
3010 5358 3334 5430 reciperent,
3361 5376 3467 5420 stat
3492 5384 3542 5422 ιη

1928 5422 2134 5516 adjicit,
2165 5425 2331 5484 Verba
2361 5434 2477 5489 vita:
2498 5449 2704 5496 aeterna:
2728 5447 2905 5504 habes.
2933 5451 3034 5505 Alii
3062 5422 3206 5509 enim
3246 5461 3535 5516 carnaliter

1928 5527 1982 5569 et
2014 5515 2243 5576 humana
2279 5537 2460 5583 mente
2490 5535 2812 5603 audiebant;
2848 5541 2900 5596 hi
2931 5559 3057 5600 vero
3085 5547 3457 5619 spiritualiter,
3483 5566 3538 5611 et

1930 5607 2049 5663 fidei
2072 5622 2241 5670 totum
2260 5623 2683 5684 committentes.
2702 5607 3311 5698 ldeoCbristusdicebat
3333 5664 3344 5699 :
3369 5607 3536 5703 Veiba

1927 5722 2042 5774 quo:
2072 5709 2310 5779 loquutus
2341 5732 2454 5772 sunt
2484 5722 2656 5792 vobis,
2688 5729 2901 5798 spiritus
2932 5745 3088 5798 sunt;
3120 5737 3170 5791 id
3202 5748 3304 5805 est,
3337 5740 3413 5796 Ne
3445 5757 3536 5798 su-

1927 5801 2153 5867 spiceris
2195 5804 2496 5866 doctrinam
2547 5831 2744 5887 meam,
2791 5837 2971 5880 rerum
3021 5833 3424 5900 consequentia:
3470 5850 3536 5892 ac
