4102 6500
579 415 678 472 987

583 545 677 586 nec
704 529 930 583 terrenls
963 523 1165 593 legibus
1189 521 1340 576 subdi
1382 523 1673 591 patiuntur.
1705 521 1757 575 Id
1787 519 1980 574 Paulus
2013 531 2143 586 qnoo

573 637 680 693 que
707 619 938 676 declarat
968 615 1050 669 his
1081 615 1258 669 verbis
1286 633 1300 670 :
1335 615 1415 669 Ne
1443 615 1582 668 dicas
1625 615 1677 667 in
1703 612 1852 667 corde
1887 623 1989 676 tuo,
2026 610 2150 673 Quis

575 711 809 766 ascendet
856 708 908 760 in
951 705 1171 760 cadunt?
1216 706 1311 758 hoc
1340 715 1430 769 est,
1459 703 1714 758 Christum
1754 701 2032 765 deducere;
2060 708 2150 752 aut

576 803 686 871 quis
712 798 973 852 descendet
998 798 1050 849 in
1078 795 1351 865 abyssum?
1392 795 1484 847 hoc
1512 803 1604 857 est,
1639 793 1896 846 Christum
1923 807 1984 845 ea:
2009 806 2147 843 mor-

577 892 673 944 tuis
694 904 925 943 revocare
947 886 1119 956 (Rom.
1144 885 1227 941 IO.
1263 884 1318 940 6.
1338 885 1415 953 'I).
1447 882 1607 937 Verba
1632 884 1745 937 vita:
1755 893 1956 937 a'terme
1975 880 2142 934 habes.

572 983 690 1035 .Iant
742 980 796 1034 hi
845 977 1286 1035 resurrectionem
1317 983 1666 1045 acceperant,
1709 982 1765 1029 et
1805 982 1966 1027 totam
2003 970 2146 1024 illam

573 1083 796 1128 sortem.
841 1071 990 1136 Vide,
1041 1083 1244 1139 quzeso,
1298 1067 1518 1121 fratrum
1547 1075 1833 1127 amantem,
1881 1062 2147 1134 quomodo

576 1165 736 1218 totius
762 1172 931 1218 cetus
950 1174 1162 1215 causam
1193 1164 1356 1229 agat“;
1387 1173 1492 1213 non
1518 1157 1653 1212 dixit
1692 1158 1856 1222 enim,
1886 1155 2142 1225 Cognovi,

574 1256 689 1319 sed,
717 1252 1049 1321 Cognouimus
1072 1268 1091 1305 :
1122 1252 1228 1304 imo
1271 1251 1447 1320 potius
1491 1248 1856 1304 animadverte
1878 1245 2145 1318 quomodo

573 1346 636 1399 ad
666 1348 775 1414 ipsa
803 1343 1033 1410 Magistri
1063 1342 1221 1396 verba
1248 1341 1486 1406 accedat,
1512 1355 1614 1393 non
1636 1339 1820 1393 eadem
1841 1353 1957 1408 quae
1976 1337 2145 1392 Jndmi

575 1437 813 1502 loquens.
848 1432 923 1486 Illi
948 1433 1088 1486 enim
1115 1415 1382 1493 dicebant,
1411 1428 1512 1482 Hic
1539 1440 1610 1482 est
1640 1431 1778 1497 filius
1804 1427 2030 1498 Ioseph;
2059 1426 2146 1482 hic

570 1535 767 1588 autem,
797 1523 876 1578 Tu
905 1541 957 1579 es
979 1524 1206 1577 Christus
1235 1520 1281 1574 F
1283 1523 1381 1574 lius
1411 1520 1509 1575 Dei
1549 1521 1679 1584 uiui,-
1709 1529 1781 1585 et,
1838 1517 1999 1573 Verba
2033 1519 2148 1574 uitta

571 1632 773 1672 a-ternte
815 1617 986 1670 habes.
1032 1614 1192 1669 Forte
1235 1614 1356 1684 quia
1385 1627 1530 1682 saepe
1560 1612 1731 1682 ipsum
1761 1612 2025 1666 dicentem
2051 1626 2147 1664 au-

571 1714 742 1766 dierat
770 1729 784 1767 :
815 1710 916 1775 Qui
940 1709 1098 1762 credit
1120 1709 1288 1771 inme,
1312 1707 1458 1760 habet
1475 1707 1624 1760 vitam
1645 1715 1904 1759 aeternam.
1926 1705 2148 1760 Demon-

570 1811 702 1856 strat
727 1802 870 1856 enim
911 1815 972 1855 se
1014 1799 1151 1854 dicta
1177 1800 1356 1853 omnia
1401 1797 1651 1862 retinere,
1685 1811 1805 1852 cum
1837 1798 1949 1867 ipsa
1985 1797 2144 1851 verba

569 1902 807 1963 usurpat.
835 1892 970 1959 Quid
999 1906 1127 1962 ergo
1147 1889 1427 1945 Christus?
1453 1888 1568 1944 Non
1598 1887 1850 1954 laudavit,
1878 1903 1977 1944 nec
2007 1888 2147 1945 cele-

571 1985 741 2039 bravit
768 1985 1002 2048 Petrum,
1025 1981 1165 2052 quod
1187 1989 1364 2035 tamen
1386 1980 1508 2035 alibi
1540 1978 1681 2034 fecit.
1706 1978 1811 2035 Sed
1833 1979 1958 2050 quid
1979 1979 2147 2034 dicit?

573 2075 659 2130 70.
714 2075 898 2128 Nonne
941 2089 1030 2144 ego
1077 2088 1162 2126 vos
1190 2073 1452 2125 duodecim
1480 2071 1627 2141 elegi,
1676 2080 1721 2126 et
1764 2087 1892 2124 unus
1919 2088 1984 2125 ea:
2010 2069 2147 2124 vobis

567 2169 796 2224 diabolus
823 2168 939 2222 est?
979 2167 1109 2235 Quia
1150 2167 1290 2221 enim
1323 2165 1413 2220 ille
1448 2164 1677 2226 dixerat.
1709 2163 1776 2218 Et
1803 2181 1895 2218 nos
1923 2166 2144 2218 credidi-

567 2278 698 2320 mus,
730 2260 924 2329 excipit
964 2275 1030 2313 ex
1061 2273 1282 2313 numero
1324 2257 1536 2313 ludam.
1569 2258 1706 2313 Alibi
1738 2260 1880 2313 enim
1918 2258 2046 2313 nihil
2077 2259 2146 2316 de

567 2351 844 2421 discipulis
869 2350 1002 2404 dixit
1027 2367 1040 2402 :
1067 2345 1159 2404 sed
1186 2365 1304 2403 cum
1326 2347 1568 2404 Christus
1587 2350 1830 2414 dixisset,
1863 2348 1962 2404 Vos
1981 2360 2146 2403 autem

567 2460 714 2510 quem
744 2460 820 2496 me
861 2460 967 2495 esse
987 2441 1190 2495 dicitis?
1219 2441 1512 2510 respondit,
1542 2440 1620 2496 Tu
1643 2458 1693 2495 es
1723 2441 1953 2496 Christus
1980 2441 2146 2496 Filius

568 2534 661 2587 Dei
688 2533 930 2600 viventis(
959 2531 1145 2585 Matth.
1177 2531 1263 2587 I6.
1294 2532 1426 2600 15).
1473 2531 1567 2586 llic
1595 2547 1722 2587 vero
1767 2533 1886 2600 quia
1916 2533 2144 2597 dixerat,

568 2625 634 2678 Et
663 2640 755 2678 uos
783 2625 1106 2689 credidimus,
1137 2623 1327 2677 merito
1348 2622 1537 2676 .lndam
1555 2623 1739 2677 eximit
1760 2638 1823 2678 ex
1846 2623 1936 2677 illo
1957 2623 2145 2687 choro;

568 2715 620 2771 id
648 2730 774 2770 vero
801 2713 944 2779 iacit,
972 2717 1080 2783 jam
1109 2713 1198 2768 ditt
1227 2724 1350 2768 ante
1394 2713 1679 2782 proditoris
1723 2714 1996 2783 perfidiam
2027 2729 2150 2782 pro-

568 2809 805 2874 pulsans.
837 2803 1046 2860 Guarus
1090 2820 1147 2860 se
1197 2803 1328 2858 nihil
1360 2803 1640 2874 prolicere,
1691 2802 1831 2874 quod
1857 2803 1909 2858 in
1949 2818 2009 2858 se
2034 2812 2149 2858 erat

567 2899 713 2955 fecit.

642 2994 696 3046 4.
739 2991 804 3046 Et
833 2991 1040 3047 intuere
1081 2988 1392 3059 sapientiam
1427 3003 1569 3046 :non
1616 2988 1762 3045 illum
1808 2987 2146 3045 manifesmm

576 3084 826 3149 reddidit,
858 3098 1030 3152 neque
1071 3082 1236 3139 latere
1265 3087 1484 3138 omnino
1514 3083 1786 3152 permisit;
1822 3092 1930 3136 tum
1959 3096 2025 3136 ne
2051 3081 2148 3136 im-

569 3173 850 3245 pudentior
892 3173 1326 3243 pervicaciorque
1365 3172 1555 3237 ﬁeret;
1611 3183 1720 3227 tum
1765 3187 1832 3228 ne
1879 3187 1938 3228 se
1981 3173 2149 3227 latere

566 3276 778 3334 putans,
822 3264 1072 3319 audacius
1104 3265 1233 3318 illud
1284 3265 1488 3319 facinus
1511 3264 1700 3320 adiret.
1730 3263 1933 3320 Idcirco
1960 3263 2012 3318 in
2057 3279 2147 3318 se-

565 3356 847 3427 quentibus
875 3357 1106 3426 apertius
1151 3355 1297 3410 illum
1339 3357 1596 3426 coarguit.
1632 3357 1784 3411 Prius
1809 3365 1956 3412 certe
1996 3355 2142 3410 illum

566 3464 687 3502 cum
711 3449 832 3502 aliis
856 3450 1282 3516 connumeravit,
1310 3465 1431 3504 cum
1476 3449 1642 3516 dixit,
1691 3448 1824 3505 Sunt
1850 3451 2054 3518 quidam
2083 3466 2147 3504 ex

566 3539 700 3593 nobis
725 3540 809 3609 qui
837 3555 936 3593 non
960 3540 1204 3609 credunt,
1237 3541 1287 3596 id
1315 3541 1456 3611 quod
1499 3541 1737 3596 declarat
1777 3543 2100 3612 evangelista
2127 3559 2140 3596 :

567 3631 766 3687 Sciebat
812 3633 943 3685 enim
971 3631 1033 3685 ab
1057 3633 1199 3686 initio
1229 3634 1313 3699 qui
1337 3643 1498 3687 essent
1522 3650 1623 3688 non
1651 3635 1926 3699 credentes,
1960 3643 2004 3688 et
2033 3635 2143 3703 quis

567 3726 841 3778 traditurus
862 3734 985 3778 esset
1002 3726 1187 3794 ipsum.
1207 3725 1334 3792 Quia
1359 3741 1486 3779 vero
1511 3726 1597 3779 ille
1619 3725 2144 3796 persistehat,acrins

566 3816 764 3884 arguit,
798 3815 940 3870 Unus
986 3833 1046 3869 ea:
1086 3815 1222 3869 vobis
1269 3816 1500 3870 diabolus
1550 3826 1661 3883 est,
1701 3831 2144 3886 communemque

565 3909 811 3964 omnibus
841 3916 1039 3962 metum
1067 3908 1286 3972 incutit,
1317 3919 1371 3962 ut
1413 3909 1556 3962 illum
1584 3909 1876 3978 obtegeret.
1905 3909 2001 3964 Iiic
2024 3910 2143 3979 jure

565 4011 834 4071 qutcratur
860 4017 872 4051 :
902 3998 1010 4053 Cur
1037 3999 1165 4053 nihil
1205 3999 1448 4068 discipuli
1490 4015 1628 4054 nunc
1665 4001 1869 4065 dicunt,
1902 4001 1998 4054 sub
2031 4001 2145 4055 lucc

567 4101 742 4144 autem
765 4089 1006 4143 dubitant
1033 4129 1048 4154 ,
1084 4090 1308 4154 timent,
1339 4103 1396 4142 se
1426 4099 1608 4143 mutuo
1633 4091 1924 4160 respiciunt
1955 4105 2144 4160 rogan-

569 4194 666 4246 tes,
697 4181 955 4250 Numquid
999 4195 1087 4252 ego
1130 4197 1260 4243 sum,
1295 4179 1506 4234 Domine
1535 4179 1554 4252 (
1579 4180 1762 4233 Matth.
1792 4181 1882 4236 26.
1906 4181 1975 4235 22
1999 4182 2049 4251 )?
2078 4181 2145 4236 Et

565 4274 753 4328 Joauni
788 4274 971 4328 Petrus
1013 4274 1204 4337 innuit,
1229 4283 1284 4327 ut
1310 4272 1614 4341 Magistrum
1655 4283 1999 4342 percontetur
2025 4274 2144 4342 quis

566 4366 635 4420 sit
661 4365 915 4434 proditor.
944 4365 1057 4431 Qua
1107 4380 1234 4433 ergo
1277 4365 1344 4418 de
1385 4365 1589 4418 causa?
1619 4363 1862 4418 Nondum
1907 4365 2147 4419 audierat

568 4459 778 4522 Petrus,
819 4457 958 4510 Vade
1001 4467 1111 4527 post
1151 4473 1264 4520 me,
1299 4466 1496 4510 satana.
1551 4456 1673 4512 Ideo
1723 4472 1826 4511 non
1877 4457 2141 4511 timebat:

568 4562 846 4621 postquam
872 4561 1047 4604 autem
1077 4551 1378 4618 increpatus
1403 4559 1503 4615 est,
1536 4559 1589 4604 et
1615 4551 1782 4604 multo
1807 4566 1925 4605 cum
1952 4549 2141 4604 aIchut

567 4645 817 4714 loquutus
842 4684 856 4705 ,
888 4658 991 4698 non
1021 4643 1262 4697 laudatus
1291 4653 1371 4698 est
1398 4685 1412 4708 ,
1444 4643 1540 4699 sed
1581 4652 1632 4698 et
1660 4656 1872 4699 satanas
1897 4646 2096 4699 audivit
2125 4663 2140 4712 ;

569 4736 667 4790 hac
698 4743 941 4804 percepta
970 4749 1121 4799 voce,
1153 4733 1295 4788 Unus
1333 4751 1394 4788 ea:
1420 4736 1557 4789 vobis
1599 4737 1760 4790 tradet
1790 4753 1868 4788 me
1890 4777 1903 4798 ,
1931 4737 2051 4805 jure
2080 4739 2145 4790 ti-

568 4825 720 4880 muit.
753 4825 999 4894 Aitoqnin
1022 4867 1036 4889 ,
1071 4841 1171 4878 non
1204 4825 1328 4878 dicit
1355 4841 1495 4879 nunc
1515 4866 1530 4888 ,
1572 4825 1715 4879 Unus
1740 4843 1801 4879 ea'
1821 4826 1956 4880 vobis
1983 4830 2144 4881 tradet

569 4934 680 4980 me;
712 4915 827 4982 sed,
863 4915 1003 4970 Unus
1027 4933 1088 4969 ex
1112 4917 1248 4970 vobis
1271 4925 1342 4969 est
1371 4915 1619 4968 diabolus.
1654 4916 1827 4983 Quare
1854 4932 1956 4972 non
1991 4919 2146 4972 intel-

569 5009 802 5080 ligebant
825 5008 946 5077 quid
973 5007 1227 5063 diceretur
1263 5049 1276 5071 ,
1305 5007 1398 5062 sed
1428 5008 1678 5062 malitiam
1725 5019 1925 5064 tantum
1959 5026 2144 5078 repre-

568 5101 726 5157 hendi
757 5103 1027 5170 putabant.
1055 5100 1164 5154 Cttr
1192 5109 1367 5154 autem
1394 5098 1554 5167 dixit,
1587 5099 1770 5155 Nonne
1798 5118 1887 5172 ego
1912 5119 1997 5155 cos
2019 5102 2145 5155 duo-

568 5195 726 5248 decim
752 5193 896 5262 elegi,
931 5203 975 5246 et
1005 5209 1133 5246 unus
1171 5208 1234 5246 ea:
1258 5192 1393 5244 vobis
1433 5192 1660 5248 diabolus
1702 5195 1814 5247 est?
1841 5195 2141 5250 Doctrinam

569 5300 716 5338 suam
747 5283 890 5336 omni
937 5284 1237 5340 adulatione
1282 5299 1500 5339 vacuam
1548 5286 1803 5339 indicans.
1835 5285 1968 5341 Cum
1999 5289 2140 5342 etaim

567 5375 971 5432 abscedentibus
992 5377 1239 5430 omnibus
1258 5419 1272 5442 ,
1307 5377 1404 5445 ipsi
1435 5377 1534 5430 soli
1562 5389 1833 5432 manerent
1857 5421 1872 5443 ,
1903 5389 1958 5433 et
2001 5379 2141 5436 Petri

569 5484 660 5524 ore
681 5467 950 5522 Christum
987 5468 1402 5532 couli'erentur;
1432 5483 1499 5522 ne
1526 5476 1765 5536 putarent
1788 5484 1846 5524 se
1869 5470 1986 5524 ideo
2017 5471 2143 5540 ip-is

571 5559 906 5614 adulatorum
955 5573 1075 5612 esse
1100 5598 1115 5623 ,
1151 5559 1284 5611 hanc
1334 5568 1547 5613 amovet
1593 5561 1981 5628 suspicionem;
2011 5578 2072 5617 ac
2101 5567 2140 5618 si

571 5651 767 5704 diceret
797 5668 810 5702 :
835 5647 972 5703 Nihil
1003 5663 1088 5702 me
1130 5647 1340 5703 cohibet
1368 5650 1653 5718 quominus
1682 5651 1849 5704 malos
1880 5667 2093 5721 arguam
2127 5671 2138 5705 :

574 5756 641 5794 ne.
663 5742 852 5810 putetis
878 5756 963 5795 me
992 5739 1163 5805 vobis,
1194 5741 1310 5810 quia
1342 5742 1590 5806 manetis,
1619 5741 1955 5798 adulatorum
1983 5759 2100 5799 esse
2125 5762 2138 5812 ;

574 5844 658 5887 aut
689 5835 806 5903 quia
852 5852 934 5891 me
982 5836 1300 5907 sequimini,
1329 5837 1596 5909 improbos
1640 5853 1745 5893 non
1784 5837 2141 5908 reprehensu-

1312 405 1367 462 S.
1408 403 1683 461 .IOANNIS
1710 392 2180 460 CIIRYSOSTOSII
2234 394 3116 462 ARCIIIEP..CO-.\"STANTINOP.

3745 417 3840 477 Μ

2262 533 2399 572 rum.
2429 517 2559 573 Nam
2586 521 2727 590 quod
2761 523 2926 594 magis
2956 535 3134 593 posset
3171 525 3481 597 Magistrum
3508 532 3758 604 lle'ctere,
3791 538 3839 594 id

2256 625 2362 664 non
2395 626 2480 665 me
2510 611 2693 668 ﬂectit.
2724 613 2823 679 Qui
2853 623 3035 671 manet
3055 656 3070 677 .
3093 619 3291 674 amoris
3325 621 3409 676 sui
3437 621 3529 678 dat
3561 628 3835 686 lndicimu.

2256 700 2356 770 Qui
2383 703 2583 759 electus
2619 714 2699 760 est
2730 721 2760 760 a
2787 705 3058 776 Magistro,
3083 709 3152 764 ab
3182 711 3577 784 insipientibus,
3602 732 3667 773 ac
3690 721 3734 776 si
3765 723 3839 777 in.

2254 795 2427 850 saniat
2451 836 2464 862 ,
2497 795 2805 867 repelletur.
2837 801 3083 855 Attamen
3136 817 3306 873 neque
3345 803 3448 861 hoc
3487 822 3573 863 me
3599 823 3628 860 a
3658 826 3841 881 repre-

2255 884 2541 941 hendendo
2590 887 2825 944 abducit.
2857 889 2966 945 Hac
3007 890 3076 946 de
3122 908 3182 948 re
3231 894 3390 949 etiam
3432 913 3573 953 nunc
3610 904 3841 970 gentiles

2252 976 2523 1033 Christum
2572 992 2858 1045 accusant,
2887 982 2982 1038 sed
3026 982 3215 1055 frigide
3249 994 3305 1041 et
3339 989 3521 1045 stulte.
3551 989 3667 1047 Non
3696 996 3841 1050 enim

2254 1070 2572 1125 necessitate
2618 1083 2708 1126 aut
2757 1074 2806 1128 vi
2855 1073 2996 1130 Deus
3041 1075 3210 1131 bonos
3237 1078 3414 1135 facere
3463 1082 3634 1150 solet,
3665 1100 3841 1154 neque

2253 1163 2444 1218 electio
2473 1163 2588 1234 ejus
2617 1173 2699 1219 est
2727 1166 2957 1222 violenta
2982 1210 2998 1236 ,
3040 1169 3133 1225 sed
3174 1186 3205 1226 a
3248 1171 3497 1230 suasione
3544 1176 3837 1245 perﬁcitur.

2255 1254 2323 1308 Ut
2365 1266 2544 1312 autem
2597 1257 2771 1321 discas
2802 1261 3136 1317 vocationem
3172 1279 3278 1319 non
3320 1265 3424 1320 vim
3455 1267 3687 1336 inferre,
3722 1286 3840 1340 per-

2252 1347 2427 1416 pende
2471 1360 2598 1418 qnot
2629 1350 2798 1404 vocati
2831 1353 3106 1420 perierint.
3139 1355 3292 1412 Unde
3321 1360 3494 1428 palam
3519 1371 3624 1428 est,
3657 1362 3710 1417 in
3743 1379 3842 1416 uo-

2249 1447 2362 1493 stro
2409 1440 2564 1494 sitam
2609 1455 2727 1498 esse
2760 1444 2983 1500 arbitrio
3028 1446 3109 1502 vel
3139 1448 3389 1518 salutetn,
3420 1452 3500 1508 vel
3547 1457 3839 1525 perniciem

2251 1538 2509 1585 nostram.

2321 1623 2373 1677 5.
2418 1623 2541 1679 Haec
2585 1624 2762 1694 itaque
2805 1629 3080 1686 audientes
3105 1675 3119 1695 .
3149 1633 3492 1692 instituamur
3527 1636 3594 1692 ad
3636 1654 3838 1695 caven-

2250 1712 2374 1767 dum
2403 1715 2832 1788 vigilandumqne
2857 1735 3089 1792 semper.
3106 1723 3236 1778 Nam
3267 1726 3311 1781 si
3342 1727 3431 1782 ille
3460 1730 3547 1798 qui
3576 1730 3627 1784 in
3651 1745 3840 1788 saneto

2251 1806 2341 1860 illo
2370 1806 2536 1862 choro
2565 1811 2883 1866 censebatur
2904 1855 2920 1878 ,
2951 1815 3038 1883 qui
3091 1826 3294 1872 tantum
3331 1833 3693 1891 consequutus
3723 1837 3838 1880 erat

2248 1895 2469 1966 donum,
2504 1901 2591 1970 qui
2619 1902 2770 1972 signa
2804 1903 3002 1960 fecerat
3031 1908 3049 1976 (
3079 1910 3277 1964 etenim
3327 1925 3448 1967 cum
3487 1914 3604 1969 aliis
3644 1918 3839 1973 missus

2249 1989 2420 2044 fuerat
2455 1992 2521 2046 ad
2563 2004 2804 2050 mortuos
2833 1999 3170 2056 suscitandas
3202 2001 3550 2075 leprososque
3575 2009 3841 2065 mundan-

2250 2079 2392 2152 dus),
2417 2083 2536 2151 quia
2566 2085 2879 2150 gravissimo
2907 2090 3142 2144 avaritia
3172 2093 3361 2148 morbo
3389 2104 3574 2166 captus
3598 2109 3702 2164 est,
3732 2100 3838 2154 Do-

2250 2171 2450 2226 minum
2496 2189 2650 2228 suum
2698 2178 2948 2246 prodidit,
2992 2181 3228 2253 nihilque
3257 2183 3331 2239 illi
3363 2188 3608 2256 profuere
3634 2190 3838 2246 benefl-

2248 2261 2329 2316 cia
2353 2304 2368 2328 ,
2397 2263 2532 2318 dona
2556 2306 2571 2331 ,
2620 2281 2724 2321 non
2773 2272 3103 2327 consuetudo
3121 2315 3135 2339 ,
3164 2290 3268 2329 non
3301 2276 3430 2331 lotio
3454 2278 3650 2349 pedum
3670 2321 3686 2347 ,
3730 2299 3835 2339 non

2249 2370 2448 2410 mensa:
2479 2358 2728 2425 societas,
2760 2377 2865 2416 non
2894 2362 3186 2419 Ioculorum
3232 2368 3474 2424 cnsmdia
3503 2386 3518 2433 ;
3569 2370 3678 2427 imo
3722 2375 3836 2429 haec

2251 2447 2322 2500 illi
2352 2447 2526 2503 aditus
2547 2450 2612 2504 ad
2637 2453 2951 2522 supplicium
2985 2453 3137 2511 fuere
3164 2474 3178 2510 :
3213 2460 3493 2515 timeamus
3522 2469 3576 2516 et
3605 2478 3704 2518 nos
3728 2505 3745 2530 ,
3771 2482 3837 2521 ne

2250 2541 2463 2608 quando
2482 2542 2670 2598 Iudam
2694 2558 2788 2614 per
2815 2547 3094 2602 avaritiam
3119 2547 3408 2606 imitemur.
3435 2551 3704 2608 Christum
3729 2571 3834 2610 non

2253 2633 2467 2700 prodis?
2491 2633 2594 2689 Sed
2621 2636 2833 2705 quando
2865 2653 3146 2708 pauperem
3171 2639 3309 2694 fame
3332 2643 3716 2713 tabescentem,
3748 2658 3838 2703 aut

2252 2722 2446 2793 frigore
2496 2737 2743 2782 enectum
2810 2732 3150 2797 contemnis,
3208 2732 3384 2788 eidem
3446 2735 3712 2792 obnoxius
3779 2755 3838 2795 es

2249 2813 2598 2872 damnationi.
2634 2817 2845 2873 Etcum
2881 2820 3094 2891 indigne
3137 2825 3389 2894 mysteria
3418 2827 3834 2898 participamns,

2249 2908 2490 2962 eamdem
2519 2908 2570 2963 in
2595 2911 2884 2979 perniciem
2915 2912 3074 2981 imus,
3101 2931 3257 2986 quam
3285 2918 3373 2988 qui
3397 2917 3667 2976 Christum
3695 2926 3838 2978 occi-

2249 2998 2464 3056 dernnt.
2497 2999 2628 3057 Cum
2656 3005 2910 3076 rupimus,
2943 3022 3063 3062 cum
3092 3023 3289 3079 egenos
3315 3011 3690 3082 Opprimimus,
3717 3032 3832 3070 ma-

2249 3093 2446 3146 ximam
2497 3095 2647 3150 nobis
2694 3097 2947 3152 ultionem
2992 3100 3338 3168 attrahimus;
3369 3118 3433 3160 ac
3465 3103 3588 3175 jure
3617 3109 3831 3162 merito.

2253 3181 2535 3256 Usquequo
2561 3189 2701 3242 enim
2729 3205 2904 3244 rerum
2930 3194 3270 3261 pra-sentiam
3297 3211 3468 3262 amor,
3492 3199 3756 3256 inutilium
3782 3213 3836 3257 et

2247 3292 2694 3347 supervacuarum
2739 3297 2837 3336 nos
2861 3286 3181 3355 occupabit?
3209 3287 3410 3344 Divitiae
3438 3304 3669 3362 namque
3695 3293 3836 3349 inter

2247 3369 2511 3438 superflua
2545 3381 2599 3427 et
2643 3374 2844 3430 inutilia
2875 3387 3240 3434 numerantur.
3275 3379 3564 3453 Usqueqno
3589 3385 3836 3442 inanibus

2244 3461 2404 3515 rebus
2431 3462 2574 3518 afﬁxi
2615 3469 2854 3522 erimus?
2881 3484 3158 3541 usquequo
3202 3487 3308 3528 non
3350 3476 3699 3547 respiciemus
3724 3495 3831 3535 ca:-

2248 3552 2370 3607 los?
2401 3571 2502 3610 non
2533 3558 2886 3629 vigilabimus,
2916 3578 3020 3617 non
3053 3565 3103 3618 in
3135 3564 3404 3622 fastidium
3432 3568 3693 3626 noxarum
3725 3582 3832 3628 ter-

2245 3663 2599 3720 renarnmque
2645 3668 2822 3707 rerum
2874 3656 3186 3711 veniemus?
3236 3673 3413 3714 annon
3463 3666 3829 3730 experimento

2247 3739 2452 3795 illarum
2480 3743 2737 3799 vilitatem
2765 3744 3092 3801 ediscimus?
3140 3747 3449 3819 Cogitemus
3476 3751 3670 3808 divites
3713 3755 3832 3810 illos

2244 3833 2489 3902 quiante
2534 3851 2630 3891 nos
2677 3836 2913 3893 fuerunt.
2947 3843 3136 3897 Annon
3169 3841 3284 3899 haec
3328 3846 3508 3900 omnia
3562 3850 3829 3904 somnium

2246 3923 2408 3976 sunt?
2449 3939 2627 3980 annon
2675 3929 2857 3982 umbra
2908 3939 2962 3984 et
3015 3930 3152 3986 llos?
3190 3949 3368 3989 annon
3419 3936 3558 3991 unda
3609 3949 3831 4008 prater-

2247 4013 2457 4068 ﬂuens?
2483 4030 2660 4071 annon
2692 4018 2850 4074 verba
2898 4033 2951 4075 et
2995 4022 3228 4077 fabulae?
3257 4023 3349 4079 Ille
3375 4025 3526 4082 dives
3568 4028 3701 4095 fuit;
3735 4033 3828 4086 sed

2245 4121 2355 4175 quo
2379 4108 2624 4164 abierunt
2649 4111 2891 4168 divitim?
2919 4114 3217 4184 Perierunt,
3247 4131 3514 4188 corrupta:
3539 4131 3664 4176 sunt
3692 4139 3706 4187 ;
3737 4125 3828 4178 sed

2247 4209 2457 4266 peccata
2489 4215 2583 4269 per
2607 4201 2816 4257 divitias
2845 4216 2993 4273 parta
3027 4215 3264 4274 manent,
3296 4217 3350 4261 et
3371 4217 3588 4279 propter
3616 4225 3830 4279 peccata

2246 4291 2585 4358 supplicium.
2619 4294 2731 4347 Imo
2760 4311 2886 4350 vero
2920 4298 3020 4351 etsi
3053 4313 3150 4352 nec
3176 4299 3491 4370 supplicium
3523 4311 3684 4368 esset,
3732 4319 3833 4360 nec

2248 4395 2490 4451 regnum,
2524 4386 2873 4454 contribules,
2901 4403 3227 4459 congeneres
3270 4400 3325 4446 et
3367 4402 3645 4449 consortes
3674 4411 3833 4451 reve-

2248 4477 2350 4529 reri
2381 4486 2675 4544 oporteret.
2704 4481 2773 4533 At
2821 4496 2962 4536 nunc
3005 4497 3168 4538 canes
3213 4484 3437 4550 alimus;
3469 4487 3617 4541 multi
3667 4489 3830 4543 etiam

2246 4583 2496 4639 onagros,
2527 4587 2696 4636 ursos,
2728 4574 3007 4642 variasque
3040 4575 3181 4632 feras
3209 4576 3285 4646 (a)
3310 4592 3324 4630 :
3351 4577 3622 4634 hominem
3651 4590 3831 4635 autem

2248 4663 2386 4717 fame
2411 4664 2712 4720 confectum
2756 4667 3091 4737 negligimus,
3119 4683 3182 4724 ac
3212 4668 3376 4738 pluris
3421 4669 3645 4727 facimus
3693 4671 3832 4728 alie-

2248 4770 2372 4808 num
2401 4770 2569 4824 genus
2593 4798 2607 4821 ,
2636 4773 2794 4826 quam
2822 4770 3084 4814 nostrum.
3119 4762 3307 4815 Annon
3336 4761 3557 4830 pulchra
3587 4778 3673 4818 res
3703 4773 3789 4820 est
3811 4806 3826 4830 ,

2247 4847 2377 4912 aies,
2407 4847 2713 4917 splendidas
2743 4850 2886 4906 ardes
2915 4861 3227 4907 construere
3253 4893 3267 4914 .
3298 4848 3711 4908 multos'servos
3736 4853 3827 4910 ha-

2249 4937 2374 4992 bere
2399 4980 2414 5004 ,
2447 4954 2606 4993 aurea
2653 4940 2917 5010 laquearia
2943 4941 3186 5011 jaceutes
3229 4943 3581 5012 conSpicere?
3611 4944 3720 5000 Res
3750 4957 3832 5001 est

2248 5043 2637 5098 supervacanea
2663 5042 2716 5087 et
2749 5034 2964 5089 inutilis.
2995 5034 3126 5089 Sunt
3154 5033 3254 5088 alia
3285 5033 3506 5089 aediﬁcia
3539 5035 3624 5090 his
3662 5039 3831 5092 multo

2248 5125 2605 5191 splendidiora
2660 5141 2714 5183 et
2772 5127 3075 5182 honestiora
3122 5146 3136 5183 :
3186 5127 3268 5182 his
3325 5128 3515 5184 oculos
3557 5128 3834 5185 oblectare

2248 5237 2423 5292 operae
2449 5222 2677 5290 pretium
2706 5220 2862 5274 fuerit
2894 5235 2908 5272 :
2940 5234 3001 5273 ac
3029 5234 3187 5274 nemo
3208 5227 3293 5274 est
3316 5220 3404 5289 qni
3435 5220 3708 5290 impediat.
3745 5220 3835 5275 Vis

2248 5325 2443 5371 tectum
2494 5314 2908 5384 pulcherrimum
2956 5313 3191 5367 intueri?
3243 5314 3544 5383 Appeteuto
3607 5327 3832 5383 vespera

2247 5409 2366 5463 vide
2414 5409 2603 5462 caelum
2653 5406 2823 5461 stellis
2875 5413 3141 5460 ornatum.
3191 5404 3297 5458 Sed
3351 5419 3454 5460 non
3502 5412 3585 5458 est
3634 5412 3832 5458 tectum

2247 5517 2423 5555 meum
2452 5541 2466 5564 ,
2491 5500 2717 5569 inquies.
2746 5498 2855 5552 lino
2899 5497 3067 5566 magis
3108 5507 3287 5559 tuum,
3314 5510 3472 5565 quam
3503 5494 3630 5550 illud
3661 5494 3828 5548 aliud.

2247 5592 2470 5658 Proplt‘l‘
2498 5601 2547 5643 te
2591 5605 2819 5659 namque
2850 5591 3040 5642 factum
3069 5595 3188 5654 est,
3219 5595 3272 5641 et
3318 5601 3602 5642 commune
3632 5587 3723 5642 tibi
3752 5596 3833 5641 est

2245 5697 2365 5737 cum
2407 5683 2657 5737 fratribus
2684 5683 2807 5737 tuis.
2839 5681 2951 5736 [loc
2980 5690 3157 5734 autem
3187 5679 3327 5734 aliud
3365 5694 3468 5735 non
3507 5690 3657 5735 tuum
3707 5690 3823 5743 est,

2313 5845 2386 5910 (a)
2410 5846 2491 5895 llic
2523 5841 2652 5894 {eras
2685 5841 2844 5894 alendi
2867 5856 2971 5894 mos
3012 5843 3333 5908 chrysostonn
3357 5845 3500 5891 atate
3551 5837 3768 5900 vigebat.
