4102 6510
78 2 340 36 λιν-ω.
361 30 378 36 ν

264 438 362 496 ωε)

265 553 359 608 sed
395 553 655 608 heredum
710 565 828 624 post
881 565 1107 611 mortem
1142 565 1306 611 luam.
1339 557 1471 611 lllml
1505 558 1736 612 maxime
1765 557 1858 610 tibi

265 660 388 700 esse
409 646 544 700 utile
577 650 793 716 poterit,
823 663 944 705 cum
996 664 1063 703 ex
1106 648 1502 717 pulchritudine
1550 664 1645 702 sua
1695 657 1746 702 te
1798 646 1864 701 ad

266 736 576 793 Creatorem
602 737 866 804 advocet;
901 739 1004 795 hoc
1047 751 1228 796 autem
1255 740 1396 795 aliud
1434 741 1664 796 maxime
1707 754 1867 794 noce-

267 829 346 882 bit
367 871 383 895 ,
415 839 575 901 teque
605 822 856 902 graviter
895 833 948 887 in
974 832 1063 888 die
1080 834 1268 902 judicii
1313 834 1626 896 accusabit,
1651 831 1866 903 quando

267 920 441 988 ipsum
483 923 700 993 quidem
728 938 861 978 auro
885 923 1123 995 undique
1167 925 1389 994 lulgebit
1410 967 1426 991 ,
1459 923 1703 980 Christus
1735 939 1866 979 vero

267 1027 334 1066 ne
361 1021 514 1068 veste
542 1014 758 1084 quidem
785 1015 1087 1070 necessaria
1118 1023 1397 1070 contectus
1422 1016 1545 1070 erit.
1576 1015 1653 1070 Ne
1685 1017 1864 1085 itaque

267 1103 319 1155 in
373 1111 573 1158 tantam
619 1104 881 1160 insaniam
931 1105 1266 1169 incidamus;
1301 1121 1367 1162 ne
1410 1107 1757 1176 insequamur
1785 1104 1866 1159 fu-

264 1193 489 1262 gientia,
522 1209 590 1250 ne
621 1194 886 1265 fugiamus
907 1196 1197 1263 manentia,
1223 1212 1292 1253 ne
1322 1199 1609 1267 prodamus
1635 1196 1863 1251 salutem

267 1296 532 1352 nostram,
563 1287 656 1342 sed
715 1286 906 1343 futurze
955 1289 1071 1359 spei
1121 1290 1465 1345 haereamus:
1509 1305 1691 1355 senes,
1720 1288 1864 1359 quod

265 1376 504 1432 sciamus
551 1393 772 1450 parvum
803 1379 965 1436 nobis
985 1382 1108 1437 vita:
1135 1395 1351 1437 cursum
1405 1397 1726 1452 superesse;
1772 1382 1864 1450 juc

1263 444 1328 500 IN
1365 444 1678 502 JOANNEM
1722 441 1948 499 1103111..
1984 441 2218 497 XLVIII.
2257 442 2328 497 al.
2374 442 2582 498 XLVII.

3475 443 3583 498 270

1975 569 2162 616 venes.
2184 554 2324 625 quod
2359 554 2598 624 persuasi
2631 554 2740 610 sint
2769 568 2874 611 non
2903 555 3132 610 multum
3163 553 3266 611 sibi
3295 571 3581 626 superesse

1975 648 2253 714 temporis.
2290 645 2356 702 Ut
2399 647 2532 700 enim
2555 650 2640 718 fur
2667 647 2720 700 in
2750 658 2896 703 nocte
2919 690 2934 714 ,
2966 649 3039 702 ita
3085 648 3194 702 dies
3235 648 3322 702 ille
3352 649 3581 703 adveniet

1973 737 1993 806 (
2024 738 2076 792 1.
2099 735 2281 792 Thess.
2311 737 2364 793 5.
2392 735 2428 791 2
2448 737 2490 807 ).
2521 735 2646 792 llarc
2674 737 2851 807 itaque
2872 754 2994 794 cum
3023 740 3277 804 sciamus.
3302 747 3358 794 et
3387 754 3582 795 uxores

1974 829 2118 884 viros
2149 829 2449 896 hortentur,
2482 839 2536 884 et
2579 827 2679 883 viri
2712 845 2913 886 uxores
2943 839 3220 896 moueant,
3251 831 3493 900 juniores
3520 846 3585 887 ac

1973 922 2208 992 virgines
2235 920 2544 987 doceamus,
2580 937 2786 992 nosque
2815 937 3004 977 omnes
3027 931 3212 976 mutuo
3239 921 3586 977 instituamus

1973 1013 2040 1067 ad
2069 1016 2353 1084 praesentia
2383 1014 2804 1080 contemnenda,
2836 1024 2894 1070 et
2925 1014 3100 1070 futura
3130 1015 3583 1084 concupiscenda,

1975 1115 2034 1158 ut
2075 1105 2162 1159 illa
2203 1104 2459 1175 consequi
2501 1106 2790 1174 pessimus,
2817 1105 2985 1176 gratia
3025 1115 3079 1162 et
3127 1105 3458 1176 benignitate
3482 1107 3587 1160 Do-

1973 1194 2103 1248 mini
2133 1195 2300 1248 nostri
2327 1193 2454 1249 .lesu
2496 1194 2714 1262 Christi,
2743 1211 2837 1265 per
2876 1211 3036 1266 quem
3065 1206 3112 1249 et
3157 1210 3280 1252 cum
3309 1211 3416 1266 quo
3446 1197 3585 1252 [‘atri

1975 1287 2165 1358 gloria,
2193 1301 2404 1356 unaque
2430 1286 2652 1358 Spiritui
2690 1298 2898 1354 sancto,
2926 1302 3066 1344 nunc
3092 1300 3145 1344 et
3172 1302 3391 1359 semper
3414 1330 3430 1353 ,
3451 1298 3508 1344 et
3534 1290 3586 1344 iu

1975 1378 2171 1433 saecula
2202 1376 2548 1435 saeculorum.
2580 1381 2774 1434 Amen.

1593 1588 1946 1652 HOMILIA
1988 1588 2278 1651 XLVIII.

265 1728 400 1786 (lar.
464 1731 517 1785 7.
550 1746 603 1785 ν.
630 1733 681 1788 1.
713 1731 840 1786 Post
884 1732 993 1787 lucc
1025 1742 1190 1788 autent
1217 1732 1508 1787 ambulabat
1521 1730 1673 1787 Iesus
1694 1731 1744 1784 in
1765 1731 1868 1786 Ga-

340 1822 479 1877 liltea
500 1840 520 1877 :
549 1841 649 1877 non
677 1825 810 1878 enim
840 1824 1039 1878 uolebat
1075 1826 1128 1879 in
1177 1824 1366 1879 ludam
1419 1825 1706 1889 ambulare,
1745 1825 1868 1896 quia

338 1913 631 1981 quarebant
660 1929 772 1966 eum
795 1914 969 1968 ,Ιηάωί
989 1915 1289 1983 interﬁcere.
1324 1913 1379 1968 2.
1429 1912 1556 1968 Erat
1605 1925 1773 1968 autem
1815 1916 1869 1967 itt

339 2003 574 2071 proximo
621 2003 727 2058 dies
784 2009 938 2076 festus
962 2003 1284 2072 Judcorum,
1317 2004 1654 2074 Scettopegia.

345 2095 392 2148 I.
425 2092 632 2148 Invidia
659 2106 902 2167 quantum
928 2096 1143 2151 malum.
1195 2123 1268 2139 ——-
1305 2097 1446 2153 Nihil
1481 2098 1670 2163 livore,
1730 2097 1863 2153 nihil

269 2186 472 2243 invidia
503 2187 782 2254 deterius;
817 2204 911 2257 per
933 2205 1049 2244 eam
1080 2205 1226 2245 mors
1255 2190 1306 2245 in
1334 2190 1592 2246 mundum
1626 2191 1866 2246 intravit.

265 2278 400 2344 Quia
422 2279 569 2334 enim
612 2279 745 2336 vidit
771 2280 1018 2337 diabolus
1042 2282 1313 2338 hominem
1347 2283 1398 2337 in
1425 2283 1630 2338 honore
1655 2282 1866 2349 haberi,

267 2372 388 2439 ejus
419 2371 730 2428 felicitatem
765 2389 868 2428 non
900 2375 1095 2439 ferens,
1156 2375 1284 2430 nihil
1327 2391 1432 2431 non
1481 2377 1591 2446 egit
1637 2385 1691 2431 ut.
1743 2390 1866 2430 eun

269 2462 522 2532 perderet
549 2464 570 2538 (
601 2464 732 2535 Sap.
766 2465 820 2522 2.
850 2465 921 2521 2t
950 2469 1043 2537 ).A
1076 2468 1164 2522 tali
1190 2468 1369 2524 radice
1418 2468 1579 2524 talem
1634 2467 1865 2523 fructum

265 2570 556 2625 erumpere
585 2571 802 2626 semper
847 2557 1113 2628 videmus.
1157 2559 1260 2616 Per
1290 2561 1430 2615 hanc
1476 2559 1610 2616 Abel
1656 2561 1868 2616 occisus

266 2657 385 2710 est;
413 2662 512 2715 per
543 2645 680 2701 hanc
715 2648 879 2703 David
910 2650 961 2704 in
988 2651 1179 2706 mortis
1223 2652 1521 2722 periculum
1549 2652 1697 2708 venit
1723 2670 1737 2718 ;
1773 2669 1868 2724 per

270 2737 410 2791 hanc
433 2739 589 2794 multi
621 2738 709 2793 alii
733 2741 862 2810 justi
892 2743 1034 2812 passi
1067 2753 1228 2809 sunt;
1279 2757 1377 2815 per
1398 2745 1535 2800 hanc
1589 2745 1863 2800 Christum

269 2827 440 2884 Judwi
471 2830 880 2888 interfecerunt.
915 2833 1026 2890 Iloc
1045 2834 1329 2891 declarans
1358 2837 1685 2908 evangelista
1716 2838 1867 2893 dice-

270 2919 396 2975 bat:
423 2921 550 2975 Post
567 2923 676 2977 haec
700 2924 995 2979 ambulabat
1021 2925 1172 2982 Jesus
1202 2928 1254 2982 in
1282 2927 1500 2983 Catilina
1525 2945 1544 2983 :
1584 2947 1688 2985 non
1732 2933 1864 2984 enim

272 3020 467 3080 poterat
497 3014 638 3084 (a)in
663 3015 849 3071 Iudam
868 3018 1148 3084 ambulare,
1176 3021 1295 3089 quia
1323 3022 1613 3092 quazrtbant
1639 3041 1749 3078 cum
1766 3023 1866 3078 Ju-

268 3104 364 3156 αὶαῆ
383 3105 684 3175 interﬁcere.
715 3107 852 3175 Quid
869 3108 1026 3175 dicis,
1055 3110 1210 3167 beate
1226 3112 1500 3169 Joannes?
1520 3114 1636 3170 Non
1659 3105 1866 3185 poterat

267 3196 357 3265 qui
392 3206 570 3265 potest
597 3202 774 3255 omnia
801 3217 921 3273 qum
947 3203 1087 3257 vult?
1104 3205 1192 3273 qui
1220 3205 1376 3271 dixit,
1407 3206 1568 3272 Quem
1614 3209 1860 3278 quam'tis,

265 3297 320 3341 et
349 3302 444 3343 eos
465 3297 611 3344 retro
639 3292 821 3362 pulsos
851 3296 1175 3362 prostravit?
1198 3298 1284 3368 qui
1315 3314 1550 3368 pratsens
1581 3317 1687 3355 non
1713 3303 1864 3358 vide-

267 3386 376 3444 tur,
425 3378 631 3437 hiccine
658 3393 980 3453 p0testatem
1007 3401 1113 3440 non
1147 3386 1369 3443 habuit?
1395 3389 1676 3458 Quomodo
1706 3404 1858 3464 post-

265 3484 327 3523 ea
360 3469 412 3523 in
437 3470 614 3526 medio
646 3487 858 3540 eorum,
891 3475 944 3530 ltt
976 3477 1200 3546 templo,
1222 3479 1272 3534 in
1324 3479 1662 3539 solemnitate
1683 3525 1697 3547 ,
1729 3485 1860 3554 ipsis

263 3564 635 3632 congregatis,
684 3565 1040 3633 prtesentibus
1073 3568 1394 3637 homicidis,
1430 3587 1491 3627 ea
1542 3573 1863 3644 loquebatur

263 3671 385 3720 qua:
414 3658 582 3727 magis
613 3657 733 3713 illos
783 3664 1210 3731 exasperarent?
1255 3664 1366 3719 Hoc
1415 3665 1489 3721 illi
1528 3667 1862 3724 mirabantur

261 3742 529 3810 dicentes,
562 3744 750 3802 Nonne
776 3749 858 3804 hic
883 3761 957 3805 est
986 3769 1134 3822 quem
1168 3765 1403 3824 quierunt
1430 3757 1715 3826 interﬁcere
1737 3760 1763 3814 Ρ
1791 3758 1861 3815 Et

261 3854 375 3891 erce
391 3840 561 3923 pqlaut
592 3840 834 3911 loquitur,
865 3854 911 3897 et
939 3846 1068 3900 nihil
1092 3847 1172 3902 illi
1188 3848 1381 3901 dicunt.
1414 3849 1546 3923 Qua:
1575 3862 1702 3905 sunt
1743 3853 1860 3909 Ita'c

261 3931 546 4001 amigtbata
567 3932 593 3986 7
620 3935 801 4006 Apage
826 3953 840 3988 :
875 3951 979 3992 non
1008 3939 1151 3994 enim
1177 3940 1290 3995 lure
1314 3940 1470 4010 dixit,
1501 3952 1558 3997 ut
1576 3943 1858 4014 aenigmata

261 4035 382 4077 esse
413 4027 888 4090 putarentur;sed
935 4038 994 4084 ut
1015 4028 1316 4088 declararet
1365 4043 1420 4087 et
1466 4033 1762 4090 divinitatis
1805 4045 1860 4092 et

265 4111 616 4168 humanitatis
645 4131 808 4186 opera
846 4117 1080 4174 exhibita
1117 4120 1300 4179 fuisse.
1333 4123 1466 4179 Cum
1507 4127 1652 4182 enim
1678 4127 1855 4194 dixit,

266 4201 577 4257 I’otestatem
598 4221 699 4260 non
727 4208 941 4262 ltabebat
965 4251 980 4274 ,
1030 4213 1181 4282 quasi
1214 4213 1282 4267 de
1309 4215 1528 4270 homine
1583 4217 1820 4288 loquitur
1840 4264 1856 4297 ο

259 4292 426 4348 multa
457 4292 692 4352 humano
717 4312 868 4354 more
894 4311 1118 4372 agente:
1143 4319 1264 4360 cum
1281 4322 1412 4361 vero
1436 4307 1565 4363 dicit
1597 4309 1768 4379 ipsum
1803 4292 1854 4368 in

260 4383 442 4440 medio
472 4400 659 4441 evrum
689 4390 926 4456 stetisse,
959 4407 1059 4448 nec
1073 4398 1472 4464 apprehensum
1506 4399 1689 4464 fuisse.
1721 4404 1857 4457 divi-

258 4473 444 4563 nitatis
473 4477 653 4546 utique
701 4489 1022 4549 potestatem
1069 4486 1287 4543 indicat.
1332 4490 1465 4546 Nam
1517 4491 1754 4563 fugiebat
1799 4505 1855 4551 ut

259 4561 448 4629 homo,
480 4569 770 4638 apparebat
795 4581 855 4627 ut
877 4573 1055 4640 Deus;
1090 4586 1376 4650 utrumque
1394 4597 1519 4638 vere
1549 4561 1853 4653 represen-

259 4662 399 4707 tans.
431 4655 567 4712 Cum
594 4659 736 4714 enim
774 4661 827 4716 iu
868 4664 1060 4720 mediis
1099 4667 1499 4726 insidiatoribus
1529 4688 1635 4728 non
1667 4677 1851 4746 capie-

258 4744 438 4810 batur,
485 4747 738 4806 invictam
769 4763 1090 4822 potestatem
1115 4772 1268 4812 suam
1297 4761 1670 4831 signiﬁcabat;
1726 4744 1848 4820 cum

256 4849 384 4890 vero
410 4839 712 4910 secederet,
768 4844 1122 4906 incarnationi
1155 4850 1313 4907 [idem
1345 4855 1570 4911 faciebat
1599 4875 1613 4924 ;
1657 4868 1715 4913 ut
1748 4875 1849 4916 uec

256 4927 457 4986 l’anlus
506 4931 909 5000 Samosatenus.
939 4957 1038 4996 nec
1067 4942 1300 5000 Marcion
1331 4987 1346 5011 ,
1392 4963 1494 5002 nec
1519 4950 1610 5020 qui
1655 4951 1846 5006 eodem

254 5023 447 5078 morbo
471 5023 738 5093 laborant,
765 5032 1135 5089 contradicere
1153 5047 1392 5106 possent.
1423 5038 1513 5094 llis
1535 5041 1696 5112 igitur
1727 5043 1848 5097 illo-

251 5125 370 5166 rum
397 5115 639 5181 pontium
663 5119 679 5152 ¹
705 5134 765 5175 os
782 5121 1031 5178 obstruit.
1068 5124 1190 5180 Post
1209 5129 1318 5182 ltwc
1333 5140 1440 5183 erat
1458 5135 1614 5201 festus
1632 5133 1847 5189 Judwo-

250 5221 385 5271 rum,
403 5205 739 5281 Sceaopegia.
755 5212 879 5269 llatc
890 5217 1169 5287 particula,
1193 5218 1316 5273 Post
1331 5222 1462 5290 lucc,
1483 5223 1608 5277 nihil
1621 5225 1765 5280 aliud
1780 5229 1845 5281 si-

248 5297 492 5365 gnillcat,
513 5316 670 5372 quam
703 5305 928 5362 multum
957 5317 1142 5382 postea
1172 5315 1427 5383 temporis
1450 5316 1838 5378 intercessisse.

312 5430 330 5505 ξ
479 5431 678 5505 l_e_gu_ttt,_
691 5437 959 5505 tut-iusque,
985 5454 1086 5505 pro,
1112 5441 1306 5505 illorum
1326 5448 1558 5502 omnium.

311 5492 386 5570 (a)
401 5492 486 5570 in.
499 5492 643 5570 titulo
654 5492 872 5570 legitur:
891 5492 1202 5570 ηᾰηύοιὲὺᾀξ,
1231 5492 1710 5566 1ἑὲιῖὀῆἷεῖ1ἷῠητίο
1727 5529 1835 5569 mu-

243 5556 766 5638 tautlfulggtuglim',
791 5556 945 5638 inquit
966 5573 1065 5615 Jac.
1095 5556 1278 5638 uirilius
1293 5556 1710 5638 iiiJc'iBbB'di,

242 5616 575 5711 :ﬂfbﬁijﬂf.
596 5616 1358 5711 multifreaetijbiuéé
1367 5616 1830 5711 ,Ἑέῑάρῖδ-ῥξςςςιειῑτ

241 5682 342 5754 {ton
389 5679 939 5754 volebat_....‘_uutatu_nt
955 5696 1117 5754 autem
1138 5679 1203 5742 in,
1214 5679 1543 5747 t\'on"vi)l'elt':tt.1
1552 5679 1834 5754 Ehﬁiz‘iﬁziti

239 5745 466 5814 gamma
489 5752 538 5794 et
556 5745 749 5814 Grotius
764 5785 776 5806 ,
805 5761 836 5796 α
860 5751 1086 5801 delicatis
1101 5789 1114 5810 ,
1142 5757 1280 5813 quasi
1310 5745 1491 5808 clins-ti
1515 5745 1832 5814 suauia}:

434 5807 639 5878 faceret.
667 5801 812 5878 nocte
843 5820 1010 5861 autem

234 5869 292 5914 sti
315 5869 588 5931 potentiam
604 5880 698 5915 non
724 5869 925 5922 ltederc.
1042 5869 1056 5876 “
1332 5869 1349 5882 ’

561 5943 836 6010 Parnm.
886 5952 976 6013 Gn
991 6000 1014 6032 .,
1053 5953 1214 6023 LIX.

1975 1730 2105 1787 lude
2130 1745 2258 1786 vero
2285 1729 2474 1801 liquet,
2504 1730 2647 1801 quod
2666 1744 2788 1784 eum
2821 1730 2872 1784 in
2904 1737 3090 1785 monte
3115 1727 3356 1794 sederet,
3386 1726 3582 1783 festum

1972 1831 2117 1876 esset
2140 1821 2394 1887 Pascha;
2454 1821 2539 1876 hic
2581 1830 2760 1876 autem
2814 1819 3164 1892 Scenopegia:
3212 1821 3492 1882 meminit,
3525 1827 3584 1873 et

1974 1912 2210 1983 quinque
2235 1913 2502 1968 mensium
2527 1913 2702 1983 spatio
2721 1911 2854 1967 nihil
2889 1912 3030 1966 aliud
3066 1911 3306 1966 narravit
3357 1913 3441 1965 vel
3466 1911 3572 1964 do-

1974 2005 2107 2069 cuit,
2135 2020 2296 2076 quam
2324 2020 2521 2074 panum
2554 2003 2872 2060 miraculum
2901 2043 2919 2067 .
2969 2012 3025 2059 et
3057 2005 3374 2060 concionem
3417 2003 3577 2058 habi-

1977 2105 2084 2149 tam
2109 2095 2174 2150 iis
2199 2096 2291 2166 qui
2322 2093 2707 2151 comederunt:
2749 2095 2960 2150 etiamsi
3001 2095 3090 2150 ille
3121 2110 3229 2150 non
3274 2096 3575 2151 cessaverit

1975 2189 2126 2260 signa
2155 2187 2332 2244 facere
2358 2197 2413 2244 et
2437 2188 2770 2250 concionari.
2805 2203 2912 2242 non
2959 2187 3048 2244 die
3072 2196 3277 2243 tantum
3305 2197 3360 2243 et
3395 2204 3582 2257 vespe-

1975 2296 2056 2345 ra,
2085 2280 2180 2335 sed
2201 2281 2364 2337 etiam
2391 2295 2538 2350 saepe
2565 2290 2744 2336 nocte.
2775 2279 2858 2335 Ad
2885 2280 3185 2351 discipulos
3203 2280 3351 2336 enim
3383 2281 3461 2335 sic
3483 2282 3583 2334 ad-

1974 2373 2141 2438 venit,
2171 2381 2230 2426 ttt
2253 2387 2445 2428 omnes
2473 2373 2816 2444 evangelista:
2859 2383 3102 2429 narrant.
3144 2371 3253 2429 Cur
3276 2389 3404 2444 ergo
3451 2373 3582 2428 illud

1973 2462 2315 2518 omiserunt?
2334 2463 2467 2531 Quia
2497 2479 2604 2518 non
2631 2471 2878 2534 poterant
2895 2464 3074 2519 omnia
3094 2479 3405 2520 recensere.
3436 2464 3581 2519 Alio-

1976 2553 2104 2623 quin
2137 2554 2224 2608 illa
2248 2555 2433 2611 dicere
2489 2556 2837 2624 studuerunt,
2870 2571 2937 2613 ex
2968 2557 3165 2628 quibus
3203 2557 3450 2628 qua-dant
3494 2575 3583 2612 re-

1977 2644 2267 2714 prehensio
2299 2647 2384 2702 vel
2414 2648 2775 2704 contradictio
2829 2664 2896 2704 ex
2944 2647 3145 2704 Juda-is
3175 2659 3581 2720 consequutura

1975 2746 2113 2793 erat.
2149 2737 2312 2793 Multa
2336 2740 2481 2796 enim
2515 2741 2631 2795 istis
2653 2741 2849 2795 similia
2863 2752 3037 2797 erant.
3061 2742 3214 2810 Quod
3243 2744 3387 2797 enim
3409 2759 3581 2814 aegros

1979 2838 2224 2899 curaret,
2257 2842 2504 2888 mortuos
2530 2835 2837 2900 suscitaret,
2866 2835 3008 2903 quod
3035 2834 3381 2888 admirationi
3409 2847 3578 2900 esset,

1972 2937 2119 2992 sa-pe
2139 2922 2475 2993 scripserunt
2501 2941 2515 2978 :
2546 2924 2634 2980 ubi
2660 2935 2838 2980 autem
2870 2925 3070 2997 aliquid
3097 2925 3334 2982 insolens
3357 2942 3580 2981 narrat:-

1973 3013 2099 3068 dum
2127 3016 2399 3084 suppetit,
2457 3016 2542 3071 vel
2599 3015 2887 3086 quamdam
2941 3017 3421 3087 reprehensionem
3477 3018 3579 3086 ipsi

1971 3106 2208 3161 oblatam
2237 3107 2574 3164 referendam
2602 3108 2822 3173 habent,
2853 3109 2966 3164 haec
2996 3119 3274 3180 apponunt
3303 3128 3318 3175 ;
3347 3119 3404 3165 ut
3432 3127 3578 3166 nunc

1971 3210 2216 3264 narrant,
2248 3200 2445 3257 fratres
2492 3201 2614 3272 ejus
2642 3216 2749 3258 non
2780 3202 2880 3273 ipsi
2931 3201 3230 3259 credidisse
3261 3221 3276 3258 :
3319 3219 3440 3274 qua:
3485 3221 3577 3259 res

1973 3293 2228 3347 odiosum.
2246 3293 2521 3364 quidpiam
2547 3309 2660 3364 pra:
2680 3309 2741 3350 se
2771 3292 2915 3350 ferre
2944 3295 3180 3351 videtur.
3237 3295 3307 3351 Et
3335 3306 3419 3352 est
3440 3311 3573 3351 sane

1973 3399 2061 3440 res
2094 3384 2377 3450 mirabilis,
2410 3400 2570 3456 quam
2619 3400 2840 3442 veraces
2892 3386 2993 3457 ipsi
3024 3387 3260 3451 fuerint;
3293 3389 3570 3460 quomodo

1967 3491 2027 3530 ea
2063 3493 2166 3531 non
2191 3486 2476 3533 vereantur
2515 3478 2740 3544 referre,
2770 3495 2891 3550 qure
2923 3480 3176 3552 Magistro
3203 3497 3303 3537 suo
3331 3485 3566 3553 ignomi-

1968 3571 2118 3624 niosa
2143 3584 2265 3625 esse
2288 3569 2568 3633 videntur;
2621 3572 2731 3626 imo
2759 3570 2876 3628 haec
2906 3574 3086 3643 potius
3113 3583 3306 3629 curent
3350 3591 3572 3630 coarta-

1967 3678 2044 3726 re,
2074 3678 2233 3734 quant
2266 3672 2485 3719 caetera.
2542 3663 2607 3719 Et
2663 3680 2806 3720 nunc
2846 3665 3030 3735 itaque
3081 3665 3336 3730 Joannes,
3389 3668 3573 3725 multis

1969 3757 2347 3824 prmterntissis
2373 3756 2567 3828 signis,
2603 3758 2886 3828 prodigiis,
2921 3760 3300 3825 concionibns.
3339 3761 3405 3816 ad
3431 3762 3571 3816 hanc

1967 3864 2080 3903 rem
2109 3850 2435 3904 narrandam
2485 3852 2741 3906 accurrit.
2802 3853 2855 3907 5.
2919 3850 3195 3914 Dixerunt.
3246 3854 3449 3925 inquit,
3503 3860 3569 3909 ait

1965 3955 2080 3992 eum
2096 3939 2282 4008 fratres
2311 3943 2424 4012 ejus
2448 3957 2465 3995 .'
2494 3940 2681 3998 Transi
2704 3943 2822 3996 hinc
2836 3948 2889 3997 in
2918 3941 3197 4010 Iudaeam,
3229 3953 3284 3999 ut
3334 3958 3378 4000 et
3417 3947 3571 4001 discis

1966 4029 2076 4097 puli
2104 4032 2182 4084 tui
2206 4031 2409 4085 videant
2437 4048 2594 4094 opera
2616 4050 2729 4104 qua:
2754 4035 2905 4104 facis.
2954 4034 3008 4088 4.
3067 4033 3238 4090 Nemo
3276 4037 3468 4107 quippe
3517 4040 3570 4094 in

1964 4121 2162 4175 occulto
2183 4122 2384 4190 aliquid
2407 4123 2552 4194 facit,
2576 4134 2622 4177 et
2644 4124 2826 4195 quierit
2856 4125 2964 4195 ipse
3017 4126 3192 4196 palam
3230 4143 3360 4182 esse.
3393 4127 3569 4183 Mani-

1964 4214 2090 4281 festa
2109 4213 2326 4282 teipsunt
2355 4217 2567 4271 mundo.
2597 4217 2652 4273 5.
2680 4215 2862 4289 Neque
2889 4218 3024 4272 enim
3045 4219 3232 4288 fratres
3259 4221 3372 4289 ejus
3392 4223 3568 4275 crede-

1961 4303 2080 4357 bant
2107 4306 2161 4358 ia
2188 4322 2325 4359 eum.
2353 4306 2553 4378 Ecqua,
2590 4308 2821 4376 inquies,
2856 4308 2986 4365 hinc
3034 4311 3406 4379 incredulitas,
3434 4313 3564 4370 dunt

1963 4405 2155 4463 rogant
2183 4405 2392 4451 eumut
2433 4397 2584 4468 signa
2617 4398 2794 4455 edat?
2840 4399 3026 4470 Magna
3070 4403 3276 4474 utique.
3332 4404 3462 4460 Nam
3512 4418 3566 4462 ct

1961 4486 2145 4552 verba,
2177 4494 2235 4540 et
2251 4487 2500 4552 audacia,
2532 4497 2588 4542 et
2611 4490 2984 4559 intempestiva
3004 4491 3249 4562 libertas,
3277 4495 3564 4551 increduli-

1961 4585 2123 4631 tatem
2154 4577 2438 4634 denotant.
2465 4579 2895 4640 Putabantenim
2915 4598 2973 4640 se
3002 4586 3341 4655 cognationis
3389 4603 3552 4645 causa

1960 4667 2192 4724 lldeulcr
2219 4671 2363 4742 loqui
2384 4688 2563 4744 posse.
2592 4674 2661 4730 Et
2706 4676 2922 4733 videtur
2948 4679 3168 4748 quidem
3215 4683 3564 4754 compellatio

1955 4761 2256 4819 amicorum
2295 4778 2450 4833 esse;
2500 4765 2599 4822 sed
2629 4767 2771 4823 dicta
2825 4771 3125 4826 acerbitate
3171 4783 3301 4829 sunt
3357 4776 3551 4845 plena:

1955 4854 2153 4909 etenim
2189 4855 2288 4926 ipsi
2318 4867 2372 4912 et
2404 4858 2742 4917 timiditatem
2770 4869 2825 4916 et
2865 4877 3058 4918 vanam
3083 4864 3310 4936 gloriam
3355 4882 3553 4939 expro-

1955 4947 2132 5002 brant.
2159 4947 2294 5004 Cum
2328 4950 2472 5005 enim
2499 4951 2688 5008 dicunt
2711 4994 2726 5020 ,
2756 4953 2926 5010 Nemo
2947 4958 2999 5012 in
3023 4959 3225 5013 occulto
3268 4962 3463 5032 aliquid
3487 4970 3559 5019 fu-

1953 5041 2041 5107 cit,
2071 5044 2443 5099 accusantium
2465 5055 2647 5115 partes
2671 5057 2859 5119 agunt,
2893 5051 2999 5121 -qui
3035 5053 3379 5112 timiditatem
3412 5057 3556 5130 obji-

1951 5131 2096 5186 ciant
2125 5143 2178 5188 et
2203 5143 2354 5203 gesta
2408 5135 2529 5205 ejus
2572 5149 2826 5209 suspecta
2879 5141 3114 5198 habeant
3151 5161 3165 5198 :
3203 5161 3328 5202 eum
3371 5161 3551 5205 autem

1949 5222 2190 5291 addtmt,
2244 5225 2442 5290 Qucrit
2467 5230 2641 5300 palam
2666 5247 2774 5288 esse
2800 5274 2817 5300 ,
2866 5248 3060 5290 vanam
3104 5236 3333 5308 gloriam
3373 5244 3556 5312 suspi-

1948 5325 2160 5372 cantur.

2016 5409 2072 5465 9..
2100 5411 2179 5466 'I‘u
2208 5427 2338 5467 vero
2364 5412 2562 5471 Christi
2585 5417 2834 5473 virtutem
2855 5421 3160 5480 considera.
3186 5425 3266 5484 Ex
3292 5426 3378 5484 his
3401 5431 3546 5486 enim

1944 5504 2034 5574 qui
2079 5505 2203 5559 talia
2241 5506 2489 5564 dicebant
2529 5511 2734 5580 primus
2783 5512 2880 5568 fuit
2927 5514 3388 5592 lerosolymorum
3429 5527 3548 5594 epi-

1943 5609 2156 5665 scopus,
2181 5595 2368 5652 beatus
2387 5599 2623 5658 Jacobus
2640 5603 2735 5673 (a),
2757 5603 2824 5660 de
2844 5620 2950 5675 quo
2969 5607 3164 5668 Paulus
3183 5611 3316 5668 dicit
3338 5633 3350 5668 :
3379 5616 3548 5670 Alium

1941 5699 2111 5743 autent
2135 5695 2484 5759 apostolorum
2512 5696 2616 5750 ridi
2643 5700 2891 5753 nemiuem
2917 5703 3018 5758 nisi
3045 5704 3299 5762 Iacobum
3335 5710 3546 5777 fratrem

1942 5779 2150 5836 Domini
2178 5781 2321 5851 (Gal.
2353 5785 2402 5839 1.
2437 5785 2550 5857 19).
2577 5787 2778 5844 Dicitur
2805 5799 2858 5846 et
2879 5790 3044 5849 ludas
3074 5798 3334 5853 mirabilis
3358 5801 3542 5860 fuisse.

2001 5893 2075 5955 (a)
2097 5882 2300 5944 Jaéobus
2325 5894 2474 5947 frater
2490 5895 2685 5951 Domini
2720 5903 3126 5968 Jerosolymatum
3155 5911 3434 5972 episootm.

3087 5999 3148 6052 I7
