4102 6486
597 441 690 494 ΞἾΙ
1324 429 1381 481 S.
1411 423 1685 482 JOANNIS
1721 412 2164 477 CllilYSUS'l'O.“

2283 409 2546 466 llCllli'IP.
2575 411 3110 470 CONSTANTlNOP.

597 559 752 629 Atqui
786 557 836 610 itt
863 552 999 608 Cum
1022 551 1260 613 aderant,
1289 562 1406 599 etnn
1438 559 1625 612 aquam
1656 542 1707 595 in
1745 538 1922 593 vinum
1945 550 2171 591 conver.

598 627 695 714 tit;
727 647 817 703 sed
850 644 976 698 nihil
1002 641 1173 697 adhuc
1192 638 1312 693 inde
1333 635 1521 691 lncrati
1547 643 1692 687 sunt.
1721 630 1873 686 Untlc
1902 627 2171 730 ergoOillis

600 748 741 795 tanta
792 733 1166 792 incredulitas?
1213 732 1286 785 Ex
1336 729 1469 782 mala
1514 727 1784 781 voluntate
1830 730 1885 776 et
1930 736 1995 775 ex
2041 718 2173 772 invi-

598 834 683 886 dia
710 828 782 899 (α)
810 846 822 881 :
848 844 969 883 nam
991 828 1227 896 cognatis
1246 822 1333 893 qui
1359 816 1631 889 conspicui
1656 823 1798 878 sunt,
1821 813 1993 868 solent
2011 808 2169 865 etiam

598 924 801 995 cognati
833 938 935 976 non
968 922 1034 974 ita
1065 917 1330 991 conspicui
1368 913 1621 968 invidere.
1650 908 1921 1004 Quosnam
1956 904 2039 1004 hic
2064 900 2174 1004 dis-

599 993 801 1085 cipulos
851 1012 1064 1069 dicunt?
1101 1009 1332 1065 Turbam
1362 1010 1698 1074 sequentem,
1748 1013 1853 1052 non
1889 993 2168 1050 duodecim

600 1110 736 1165 illos.
767 1104 902 1174 Quid
927 1119 1052 1172 ergo
1080 1097 1356 1155 Christus?
1396 1094 1529 1149 Vide
1572 1105 1731 1162 quam
1775 1094 2050 1187 mansuete
2081 1098 2168 1138 re-

597 1200 875 1272 spondi-at.
913 1194 1093 1263 Neque
1130 1191 1269 1245 enim
1309 1186 1439 1242 dixit
1469 1203 1484 1239 :
1512 1184 1612 1252 Qui
1641 1183 1771 1238 estis
1803 1194 1917 1246 vos,
1956 1183 2043 1247 qui
2084 1189 2169 1229 me

600 1292 700 1345 hoc
715 1288 934 1344 consilio
961 1282 1200 1339 docetis?
1223 1278 1317 1334 sed
1340 1276 1505 1349 quid?
1533 1276 1587 1331 6.
1613 1272 1834 1343 Tempus
1857 1284 2020 1323 meum
2042 1282 2172 1319 nou-

598 1384 717 1436 dtnn
744 1380 959 1435 aduenit.
992 1378 1087 1433 llic
1114 1374 1240 1429 mihi
1278 1371 1417 1427 aliud
1447 1367 1715 1440 quidpiam
1741 1360 2061 1419 subindicari
2089 1358 2168 1412 vi-

597 1479 768 1530 detur.
801 1471 955 1526 Forte
990 1471 1130 1524 enim
1161 1465 1352 1522 invidia
1391 1462 1520 1518 moti
1557 1460 1703 1515 illum
1731 1455 1927 1512 ludatis
1961 1449 2169 1506 tradere

597 1566 1024 1623 meditabantur;
1067 1561 1291 1628 ideoque
1334 1556 1388 1611 id
1428 1553 1708 1609 declarans
1751 1547 1898 1612 dicit,
1950 1542 2169 1613 Tempus

599 1674 761 1712 meum
796 1655 1018 1709 nondum
1043 1652 1260 1715 advenit,
1302 1649 1353 1703 id
1380 1657 1478 1712 est,
1515 1656 1723 1715 tempus
1746 1640 1917 1696 crucis
1941 1645 1995 1693 et
2027 1649 2170 1691 mor-

598 1751 687 1804 tis.
716 1749 824 1803 Cur
853 1761 936 1801 me
966 1755 1088 1798 ante
1132 1754 1338 1811 tempus
1374 1736 1617 1793 occidere
1661 1728 1991 1804 preparatis?
2023 1726 2170 1781 Tem-

599 1856 692 1909 pus
716 1849 877 1891 autem
902 1846 1117 1889 oestrum
1142 1846 1336 1902 semper
1363 1838 1595 1900 paratum
1623 1835 1712 1879 est.
1753 1823 1863 1878 Hoc
1899 1829 1981 1876 est
2012 1837 2025 1872 :
2063 1817 2171 1871 Vos

596 1929 785 1993 Jndzei,
831 1927 928 1983 etsi
967 1941 1178 1994 semper
1214 1938 1339 1978 cum
1390 1920 1494 1976 illis
1534 1914 1840 1981 versemini,
1881 1924 2167 1995 numquam

596 2020 859 2083 occident,
902 2025 1081 2084 utpote
1116 2015 1303 2070 eadem
1341 2011 1661 2072 sentientes;
1702 2021 1787 2060 me
1826 2017 1952 2057 vero
1990 2001 2166 2055 statim

596 2110 840 2165 occidere
880 2107 1175 2162 tentabunt.
1220 2104 1399 2172 Itaque
1444 2101 1596 2153 vobis
1633 2110 1857 2165 semper
1889 2094 2011 2149 licet
2048 2106 2166 2144 emn

599 2204 704 2259 illis
730 2217 848 2257 esse
873 2201 988 2254 sine
1017 2196 1249 2269 periculo
1278 2213 1293 2249 :
1321 2193 1447 2247 mihi
1491 2205 1618 2245 vero
1658 2199 1781 2242 tunc
1808 2197 2015 2252 tempus
2044 2183 2164 2245 erit,

597 2309 716 2346 cum
742 2289 975 2361 crueiftgi
1007 2299 1059 2343 et
1085 2287 1217 2341 mori
1244 2282 1525 2354 oportebit.
1557 2279 1688 2335 Nam
1717 2276 1858 2348 quod
1883 2275 1982 2329 hoc
2007 2272 2168 2327 intel-

599 2386 725 2453 ligat
748 2398 810 2437 ex
856 2379 1199 2443 sequentibus
1248 2377 1449 2445 liquet:
1482 2372 1536 2426 7.
1587 2368 1707 2423 Non
1749 2374 1909 2439 potest
1953 2362 2167 2418 mumlus

597 2478 763 2529 odisse
792 2489 899 2528 vos.
937 2470 1215 2537 Quomodo
1244 2469 1406 2529 enim,
1455 2464 1498 2519 si
1536 2462 1721 2518 eadem
1762 2458 1940 2524 vultis,
1979 2455 2165 2511 eadem

598 2563 1015 2636 persequimini?
1045 2561 1129 2616 ille
1166 2570 1329 2613 autem
1358 2556 1485 2621 odit,
1530 2554 1649 2623 quia
1694 2549 2003 2622 reprehendo
2033 2563 2165 2608 eum,

596 2656 732 2725 quod
756 2656 891 2709 mala
914 2656 1012 2708 siut
1054 2667 1207 2720 opera
1248 2653 1396 2718 eius;
1425 2649 1524 2701 huc
1554 2653 1655 2707 est,
1687 2643 1818 2711 Quia
1849 2641 2165 2710 perstringo,

599 2749 719 2816 quia
754 2760 937 2816 arguo,
971 2743 1089 2799 ideo
1113 2741 1329 2796 odiosus
1356 2754 1492 2794 sum.
1518 2737 1651 2791 Hinc
1678 2735 1995 2796 ediscamus,
2024 2729 2173 2784 cohi-

599 2837 825 2892 bendam
854 2850 973 2891 esse
1010 2834 1141 2888 iratn
1170 2842 1224 2887 et
1260 2830 1694 2901 indignationem,
1727 2824 1932 2882 etiamsi
1973 2822 2167 2892 abjecti

594 2931 703 2983 sint
728 2930 814 2997 qui
844 2926 970 2980 dant
995 2924 1295 2980 consilium.
1326 2922 1452 2976 Nam
1474 2920 1519 2975 si
1544 2935 1648 2974 non
1676 2915 2005 2972 credentium
2037 2930 2166 2968 eon-

595 3020 769 3073 silium
796 3017 1042 3073 Christus
1076 3014 1345 3071 moderate
1376 3014 1511 3077 tulit,
1552 3010 1760 3066 etiamsi
1798 3008 1885 3062 illa
1916 3005 2167 3062 consule-

596 3120 733 3177 rent,
766 3126 881 3181 qua:
917 3125 1021 3166 non
1049 3106 1329 3170 decebant,
1366 3105 1523 3173 idque
1547 3118 1653 3158 non
1683 3118 1748 3157 ex
1782 3102 1919 3155 bono
1947 3099 2164 3163 animo;

596 3219 756 3272 quam
781 3218 876 3258 nos
901 3202 1286 3271 conseqtfemur
1321 3198 1549 3263 veniam,
1591 3196 1679 3267 qui
1713 3209 1899 3250 smnus
1939 3202 2075 3248 terra
2116 3202 2171 3247 et

594 3296 750 3359 ciuis,
787 3304 837 3348 et
867 3292 1203 3347 consulentes
1251 3290 1429 3358 iniquo
1455 3289 1633 3342 animo
1676 3287 1913 3348 ferimus.
1960 3283 2168 3339 etiamsi

593 3385 784 3453 objecti
810 3394 864 3439 et
901 3384 1033 3437 viles
1061 3381 1274 3452 q‘uidam
1314 3380 1421 3433 sint
1449 3379 1543 3444 illi,
1586 3392 1696 3433 rem
1744 3376 2010 3447 indignam
2050 3389 2169 3429 esse

593 3483 838 3544 putantes
858 3474 883 3514 ν
923 3471 1299 3526 Animadverte
1327 3483 1454 3538 ergo
1481 3484 1600 3524 eum
1628 3477 1820 3539 quanta
1867 3475 2171 3521 mansuetu-

593 3566 717 3620 dine
763 3562 1186 3618 criminationem
1231 3560 1524 3630 propulset.
1579 3558 1709 3612 Nam
1760 3573 1879 3611 cum
1930 3558 2170 3611 dicerent
2230 3628 2233 3631 Α

593 3640 690 3723 illi,
723 3657 995 3723 Manifesta
1025 3655 1234 3725 teipsum
1255 3652 1482 3717 mundo;
1511 3652 1796 3721 respondet
1825 3670 1837 3705 :
1868 3649 1989 3704 Non
2011 3660 2171 3717 potest

594 3753 811 3806 mundus
838 3750 997 3803 odisse
1020 3763 1126 3811 vos,
1155 3764 1232 3800 me
1272 3755 1435 3799 autem
1481 3746 1629 3808 odit;
1672 3759 1854 3799 eorum
1895 3741 2172 3812 depellens

593 3843 1005 3899 accusationem.
1039 3840 1265 3894 Tantum
1295 3839 1465 3905 abest,
1499 3838 1687 3907 inquit,
1724 3846 1780 3890 ut
1806 3851 2038 3906 qumram
2067 3834 2167 3890 bo-

593 3938 793 3993 minum
842 3935 1086 4005 gloriam,
1139 3941 1196 3986 ut
1244 3920 1348 3987 non
1404 3930 1561 3985 finem
1610 3929 1797 3985 faciam
1846 3929 2167 4000 coarguendi

593 4029 752 4093 illos;
780 4025 987 4082 etiamsi
1030 4024 1266 4079 noverim
1296 4023 1422 4078 mihi
1456 4023 1577 4077 hinc
1604 4032 1657 4077 et
1694 4023 1871 4077 odium
1894 4032 1948 4076 et
1981 4038 2165 4077 necem

592 4119 853 4190 apparari.
887 4118 953 4173 Et
989 4117 1096 4183 ubi,
1140 4116 1363 4188 inquies,
1410 4117 1645 4187 coarguit
1678 4117 1809 4171 eos?
1846 4115 1956 4171 Imo
2000 4133 2168 4184 quan-

593 4212 784 4264 donam
832 4208 933 4263 hoc
976 4207 1151 4263 facere
1182 4206 1452 4262 cessavit?
1500 4222 1680 4263 nonne
1718 4207 1947 4273 dicebat,
1992 4206 2168 4262 Nolite

592 4312 772 4372 putare
798 4301 915 4371 quia
941 4316 1024 4354 uos
1050 4310 1379 4353 accusaturus
1404 4292 1514 4353 sum
1533 4300 1672 4369 apud
1701 4298 1907 4353 Patrem
1935 4316 1953 4353 :
1980 4311 2053 4353 est
2082 4302 2167 4369 qui

592 4405 794 4448 metuat
815 4410 899 4447 vos
930 4393 1164 4463 Moyses;
1191 4401 1264 4458 et,
1292 4392 1399 4463 Ego
1428 4393 1635 4461 cognovi
1662 4406 1768 4452 vos,
1791 4391 1909 4460 quia
1937 4392 2167 4445 dilectio-

594 4506 707 4541 nem
736 4487 826 4541 Dei
857 4503 956 4539 non
998 4485 1223 4546 habetis;
1260 4493 1332 4548 et,
1384 4482 1649 4549 Quomodo
1690 4484 1895 4553 potestis
1941 4484 2163 4548 credere,

593 4580 677 4648 qui
721 4578 933 4647 gloriam
960 4578 1021 4628 ab
1046 4576 1327 4629 hominibus
1373 4575 1617 4643 accipitis,
1650 4584 1696 4628 et
1727 4575 1960 4644 gloriam,
2000 4590 2112 4644 qui:
2134 4592 2166 4629 a

592 4668 701 4723 solo
728 4665 835 4719 Deo
864 4674 955 4727 est,
986 4681 1085 4718 non
1112 4664 1375 4735 (γηωίιὶιῖ
1411 4662 1597 4717 Vidcn’
1626 4664 1893 4733 quomodo
1922 4679 2017 4734 per
2051 4680 2166 4719 om-

594 4761 679 4813 nia
707 4756 1021 4818 ostenderit,
1066 4755 1247 4809 odium
1288 4754 1568 4809 adverstnn
1598 4769 1657 4809 se
1694 4767 1997 4826 susceptum
2043 4755 2167 4810 inde

593 4858 769 4904 ortum
800 4863 939 4908 esse,
970 4846 1111 4915 quod
1143 4846 1284 4913 ipsos
1312 4845 1475 4899 libere
1497 4844 1859 4914 redargueret,
1893 4861 2000 4900 non
2022 4846 2165 4915 quod

594 4940 870 4996 sabbatum
897 4935 1172 4991 solveret?
1195 4935 1302 4989 Cur
1336 4946 1511 4990 autem
1543 4934 1660 4988 illos
1689 4934 1752 4989 ad
1786 4934 1975 4990 festum
2007 4936 2167 4991 mittit

592 5032 778 5084 dicens
808 5028 907 5083 :8.
968 5026 1063 5081 Vos
1107 5026 1357 5080 ascertdite
1406 5024 1475 5078 ad
1516 5025 1647 5079 diem
1698 5028 1895 5089 festum,
1931 5043 2023 5097 ego
2065 5044 2166 5082 non

594 5120 861 5174 ascendam
887 5118 1056 5171 adhuc
1076 5119 1103 5171 Ρ
1132 5117 1199 5173 Ut
1230 5116 1471 5171 ostendat
1498 5130 1557 5172 se
1586 5132 1689 5171 non
1729 5118 1817 5172 illa
1854 5118 2074 5183 dixisse,
2106 5134 2166 5173 se

594 5209 879 5264 excusandi
911 5208 991 5263 vel
1021 5207 1269 5261 adulandi
1293 5220 1473 5272 causa,
1508 5206 1599 5261 sed
1626 5217 1682 5261 ut
1713 5208 2043 5277 permitteret
2070 5208 2167 5263 Ju-

594 5302 777 5355 daicos
806 5314 1019 5354 servare
1046 5298 1197 5353 ritus.
1218 5298 1326 5353 Cur
1345 5312 1473 5369 ergo
1492 5298 1748 5362 ascendit,
1774 5314 1893 5355 cum
1921 5300 2160 5366 dixisset,

597 5391 719 5445 Non
745 5390 1009 5444 ascendam
1026 5389 1051 5444 7
1070 5385 1185 5445 Non
1210 5388 1342 5443 dixit
1363 5388 1699 5459 simpliciter,
1718 5388 1833 5445 Non
1850 5392 2163 5459 ascendant;

594 5482 688 5535 sed
705 5479 870 5539 addit,
897 5476 1072 5544 Nunc,
1100 5479 1149 5532 id
1173 5489 1273 5542 est,
1296 5480 1597 5545 vobiscum;
1629 5480 1764 5547 Quia
1794 5490 1986 5553 tempus
2002 5500 2166 5539 meum

598 5571 817 5624 nondum
843 5570 1100 5639 impletum
1127 5579 1219 5623 est.
1250 5571 1406 5639 Atqui
1435 5572 1484 5625 in
1507 5571 1754 5640 proximo
1776 5571 2032 5628 Pasebate
2053 5590 2167 5630 cru-

594 5660 887 5732 ciligendns
908 5670 1041 5716 erat.
1073 5660 1179 5716 Cur
1206 5676 1335 5732 ergo
1358 5678 1463 5717 non
1493 5665 1604 5734 ipse
1636 5664 1917 5720 ascendit?
1944 5666 1998 5721 Si
2023 5669 2161 5723 enim

652 5771 735 5835 ta)
761 5770 890 5835 Quod
908 5783 1023 5820 vero
1042 5772 1244 5835 {acubus
1274 5769 1422 5835 frater
1446 5774 1628 5835 Domini
1654 5788 1715 5823 ex
1738 5788 1943 5824 nurnero
1966 5774 2162 5828 fratrum

596 5848 693 5889 non
720 5831 1029 5883 credentium
1050 5832 1212 5893 fuerit,
1239 5834 1406 5884 nescio
1421 5846 1483 5883 an
1502 5833 1625 5885 alius
1641 5838 1877 5899 quispiam
1900 5838 2098 5887 dixerit.

3750 420 3857 479 9.7-3

2283 546 2389 585 non
2420 529 2679 597 ascendit,
2698 530 2839 601 quod
2868 531 3101 585 nondum
3130 538 3335 600 tempus
3364 543 3526 601 esset,
3563 550 3668 590 non
3700 554 3865 607 opor-

2281 622 2423 675 tebat
2449 622 2667 677 omnino
2690 621 3003 676 ascendere.
3026 620 3221 675 Verum
3260 636 3363 675 non
3394 624 3511 677 ideo
3539 627 3781 681 ascendit
3809 638 3862 682 ut

2282 723 2569 779 pateretur,
2597 713 2691 769 sed
2731 724 2788 767 nt
2826 714 2947 769 illos
2982 713 3236 769 erudirct.
3277 714 3385 768 Cur
3410 715 3547 770 clam
3586 720 3865 774 ascendit?

2278 801 2408 857 Nam
2436 811 2641 873 poterat
2668 802 2840 873 palam
2863 802 3154 859 ascendere
3179 812 3232 857 et
3260 803 3310 857 in
3335 805 3510 859 medio
3539 807 3863 871 consistere,

2276 897 2671 966 violentumque
2710 896 2916 951 illorum
2972 899 3225 966 impetum
3273 912 3560 963 coercere,
3621 908 3680 954 ut
3720 917 3867 970 sa'pe

2278 988 2421 1043 fecit.
2444 988 2546 1043 Sed
2571 988 2782 1042 uolebat
2807 988 2856 1042 id
2880 988 3205 1059 frequentius
3232 987 3429 1045 facere.
3460 990 3590 1045 Nam
3612 991 3658 1046 si
3689 993 3867 1061 palam

2277 1078 2621 1144 ascendisset,
2653 1094 2944 1149 rursusque
2970 1079 3090 1133 illos
3114 1081 3263 1149 quasi
3291 1095 3463 1135 caecos
3484 1082 3865 1149 continuisset,

2276 1170 2602 1226 divinitatem
2635 1183 2787 1224 suam
2816 1170 3012 1225 elatius
3039 1170 3373 1226 exhibuisset
3399 1180 3522 1227 ante
3544 1184 3779 1244 tempus,
3809 1185 3864 1229 et

2277 1263 2445 1333 magis
2483 1262 2606 1317 inde
2636 1263 2925 1318 revelassct
2969 1278 3109 1318 eam.
3156 1262 3286 1319 Cum
3319 1279 3447 1319 vero
3496 1276 3745 1336 putarent
3789 1266 3863 1323 illi

2275 1350 2448 1420 ipsum
2479 1363 2622 1405 metu
2652 1352 2896 1414 detineri,
2943 1365 3128 1408 contra
3177 1354 3412 1409 ostendit
3450 1369 3510 1410 se
3548 1365 3603 1411 et
3634 1356 3859 1413 lidentct

2272 1453 2327 1496 et
2357 1443 2646 1512 prudenter
2666 1458 2845 1514 agere,
2874 1453 2929 1499 et
2949 1459 3168 1514 gnarum
3198 1446 3453 1514 temporis
3473 1462 3578 1517 quo
3607 1463 3864 1517 missurus

2274 1544 2455 1599 esset;
2486 1536 2577 1589 illo
2604 1536 2939 1601 adveniente,
2969 1551 3027 1591 se
3056 1538 3195 1591 ultro
3217 1536 3603 1609 Jerosolymam
3634 1556 3863 1596 caucos-

2274 1640 2455 1682 surum
2488 1643 2628 1682 esse.
2665 1628 2788 1683 Mihi
2818 1644 2979 1698 porro
3016 1628 3225 1685 videtur
3253 1630 3406 1698 illud,
3447 1628 3551 1686 Vos
3579 1635 3859 1701 ascendite,

2275 1716 2378 1773 hoc
2404 1718 2503 1773 sibi
2550 1719 2685 1774 velle
2714 1740 2726 1775 :
2753 1718 2831 1774 Ne
2865 1721 3060 1789 putetis
3085 1736 3173 1776 me
3203 1737 3297 1777 vos
3324 1737 3519 1793 cogere
3562 1735 3618 1779 ut
3650 1742 3863 1782 mecum

2274 1807 2420 1861 inviti
2453 1810 2714 1863 maneatis
2745 1826 2760 1866 :
2788 1819 3101 1865 cumantetn
3125 1811 3290 1876 addit,
3322 1811 3569 1867 Nondum
3594 1816 3863 1885 impletum

2272 1908 2343 1953 est
2370 1908 2563 1969 tempus
2593 1916 2777 1966 meum,
2809 1900 2909 1955 hoc
2934 1901 3252 1971 significare,
3283 1903 3425 1973 quod
3464 1905 3671 1961 scilicet
3696 1922 3861 1977 opor-

2273 1997 2379 2043 teat
2410 1991 2557 2060 sigua
2585 1991 2717 2056 lieri,
2753 2001 2806 2047 et
2825 1993 3111 2047 conciones
3140 1991 3346 2061 haberi,
3381 1995 3449 2050 ita
3481 2006 3537 2050 ut
3564 2012 3629 2052 ex
3662 2000 3865 2069 populo

2275 2080 2442 2134 multo
2460 2082 2643 2149 plures
2662 2082 2965 2150 crederent,
2989 2093 3045 2139 et
3066 2083 3312 2153 discipuli
3334 2085 3577 2154 videntes
3599 2101 3859 2145 constan-

2274 2171 2401 2226 tiam
2432 2172 2785 2244 liduciamque
2810 2175 3042 2244 Magistri
3070 2177 3174 2241 sui,
3202 2186 3361 2248 atque
3386 2192 3479 2233 eos
3500 2195 3637 2249 quos
3666 2197 3857 2250 passus

2271 2271 2351 2317 est
2377 2264 2662 2329 cruciatus,
2689 2266 2953 2322 firmiores
2982 2268 3293 2326 evaderent.

2342 2354 2396 2408 5.
2440 2354 2734 2427 Benignitas
2777 2358 2967 2413 Christi
3009 2360 3274 2415 imitanda.
3299 2362 3457 2417 --Ex
3501 2378 3660 2433 supra
3702 2365 3862 2419 dictis

2275 2462 2434 2517 porro
2478 2451 2593 2517 ejus
2640 2450 3017 2521 benignitatem
3057 2462 3111 2506 et
3140 2454 3601 2510 mansuetudinem
3646 2457 3860 2512 edisca-

2274 2556 2392 2594 mus
2426 2558 2438 2593 :
2473 2540 2658 2596 Discite
2695 2561 2726 2597 a
2776 2561 2873 2612 me,
2904 2547 3025 2615 quia
3064 2546 3200 2601 mitis
3230 2563 3341 2601 sum
3384 2557 3433 2602 et
3469 2547 3678 2603 Immitis
3707 2552 3861 2605 corde

2274 2631 2292 2701 (
2318 2630 2501 2685 Matth.
2537 2633 2623 2688 Η.
2655 2633 2763 2706 29)
2789 2651 2802 2689 :
2834 2650 3155 2707 omnemque
3186 2638 3530 2694 acerbitatem
3569 2643 3852 2697 esscinda-

2272 2738 2412 2777 mus.
2444 2722 2499 2777 Si
2539 2724 2660 2794 quis
2689 2726 2843 2781 nobis
2878 2726 3232 2794 insultaverit,
3283 2744 3380 2784 nos
3427 2730 3699 2787 humiliter
3734 2748 3855 2803 aga-

2273 2829 2423 2879 mus;
2457 2814 2501 2869 si
2540 2816 2659 2885 quis
2700 2815 2951 2873 ferociter
2988 2821 3174 2889 egerit,
3228 2822 3397 2889 ipsum
3437 2824 3783 2893 mitigemus;
3811 2828 3857 2883 si

2271 2906 2640 2975 momorderit,
2675 2909 2967 2965 traduxerit
3006 2922 3060 2967 et
3097 2912 3366 2981 deriseril,
3414 2930 3481 2969 ne
3518 2918 3855 2989 dejiciamur,

2273 3013 2407 3053 neve
2436 3001 2605 3056 vicem
2633 3003 2930 3071 rependere
2949 3007 3208 3075 aggressi,
3250 3022 3346 3061 nos
3378 3010 3520 3079 ipsos
3548 3012 3857 3080 perdamus.

2272 3088 2407 3145 Fera
2439 3092 2634 3161 quippe
2672 3103 2756 3148 est
2796 3095 2892 3161 ira,
2929 3095 3038 3150 fera
3065 3099 3353 3152 vehemens
3377 3111 3430 3155 et
3453 3101 3672 3156 ardens.
3716 3105 3864 3159 Can-

2277 3190 2447 3236 temus
2491 3183 2669 3253 itaque
2720 3186 2874 3241 nobis
2916 3187 3108 3242 divinae
3154 3187 3445 3260 Scripturce
3490 3194 3747 3258 carmina,
3804 3208 3859 3253 et

2272 3270 2511 3327 dicamus
2543 3290 2557 3325 :
2584 3274 2747 3330 Terra
2768 3284 2823 3331 et
2850 3278 2985 3332 cinis
3005 3293 3062 3332 es
3088 3278 3237 3350 (Gen.
3271 3283 3322 3336 5.
3358 3283 3472 3356 19),
3506 3284 3642 3352 Quid
3675 3303 3859 3355 super-

2274 3363 2344 3416 bit
2372 3374 2504 3418 terra
2526 3375 2572 3419 et
2610 3367 2738 3420 cinis
2764 3365 2871 3434 (Ib.
2903 3369 2989 3424 18.
3016 3368 3109 3423 27.
3138 3370 3297 3426 Eccli.
3335 3373 3423 3427 10.
3455 3374 3509 3444 9)
3530 3375 3553 3428 ἲ
3577 3383 3652 3442 ct,
3685 3375 3860 3444 Impe-

2272 3465 2353 3507 tus
2384 3455 2493 3521 irtu,
2519 3456 2666 3511 ruina
2700 3467 2770 3511 est
2799 3457 2878 3511 illi
2905 3458 3094 3528 (Eccli.
3122 3461 3175 3514 1.
3214 3460 3304 3515 28.
3347 3461 3478 3527 22);
3511 3474 3585 3528 et,
3640 3464 3731 3519 Vir
3756 3469 3859 3521 ira.

2272 3546 2488 3609 candus,
2522 3564 2620 3600 non
2650 3550 2902 3604 modestus
2931 3560 3004 3605 est
3042 3550 3222 3623 (Prov.
3252 3553 3339 3608 il.
3382 3553 3496 3625 25).
3541 3555 3681 3611 Nihil
3712 3560 3861 3614 enim

2276 3640 2483 3708 turpius
2500 3639 3028 3711 furibundoaspectu,
3050 3644 3177 3698 nihil
3196 3645 3625 3715 ingratius.Quod
3643 3651 3685 3705 si
3703 3665 3861 3722 θερε-

2272 3740 2381 3796 ctu,
2423 3731 2590 3785 multo
2614 3733 2781 3803 magis
2814 3733 3012 3790 animo.
3042 3737 3497 3802 Quemadmodum
3537 3742 3679 3797 enim
3711 3760 3862 3799 com-

2272 3832 2415 3878 moto
2441 3839 2598 3880 caeno
2623 3824 2779 3881 fartor
2808 3825 3096 3883 effunditur
3133 3846 3146 3883 :
3181 3829 3258 3885 sic
3280 3832 3463 3888 animo
3485 3832 3561 3888 ira
3590 3846 3858 3907 permoto,

2271 3916 2434 3971 multa
2463 3919 2668 3974 orietur
2696 3920 2967 3990 turpitudo
2990 3929 3045 3976 et
3071 3921 3335 3979 molestia.
3364 3924 3453 3991 At,
3489 3924 3714 3996 inquies,
3749 3945 3860 3986 non

2272 4006 2385 4062 fero
2425 4009 2809 4064 contumeliam
2833 4010 2901 4066 ab
2929 4011 3157 4068 inimicis
3200 4013 3423 4068 illatam.
3470 4014 3621 4071 Cur?
3648 4033 3857 4089 quaeso.

2270 4098 2402 4154 Nam
2434 4102 2479 4155 si
2507 4116 2631 4156 vere
2658 4101 2807 4166 dicit,
2837 4104 2996 4157 etiam
3023 4118 3205 4160 coram
3251 4105 3343 4161 illo
3370 4110 3654 4180 compungi
3691 4126 3859 4182 opor-

2273 4200 2429 4256 teret,
2470 4200 2523 4245 et
2548 4192 2772 4261 gratiam
2805 4194 2904 4262 ipsi
2933 4194 3165 4262 habere;
3210 4196 3291 4249 sin
3322 4212 3451 4252 vero
3493 4201 3769 4268 mentitur,
3804 4202 3857 4256 id

2271 4291 2574 4338 contemne.
2627 4283 2921 4353 Pauperem
2976 4286 3169 4340 vocat?
3217 4286 3372 4342 Ride.
3429 4289 3716 4359 ignobilem
3771 4295 3856 4349 vel

2272 4372 2490 4427 stultum
2520 4374 2789 4443 appellat?
2828 4374 3120 4444 lugentisce
3147 4392 3241 4448 pro
3267 4378 3377 4433 illo.
3407 4379 3561 4446 Nam,
3605 4382 3706 4449 Qui
3732 4385 3859 4439 dicit

2272 4464 2419 4533 fratri
2460 4479 2574 4530 suo,
2622 4463 2810 4531 Fatue,
2840 4483 2954 4520 reus
2995 4470 3089 4521 erit
3126 4470 3368 4539 gehennae
3390 4472 3522 4542 ignis
3551 4473 3767 4545 (Matth.
3798 4479 3854 4534 5.

2270 4553 2384 4623 22).
2417 4555 2473 4609 Si
2502 4557 2881 4612 contumeliam
2913 4557 3126 4625 inferat,
3158 4563 3331 4631 cogita
3360 4564 3681 4634 supplicium
3711 4567 3857 4638 quod

2270 4644 2441 4715 ipsum
2486 4655 2687 4712 manet,
2722 4662 2823 4703 nec
2868 4647 3031 4705 modo
3070 4650 3203 4705 iram
3230 4651 3528 4721 cohibebis,
3567 4657 3660 4713 sed
3690 4659 3856 4715 etiam

2270 4736 2531 4807 lacrymas
2577 4738 2840 4793 elfuudes.
2886 4738 3070 4811 Neque
3113 4742 3255 4798 enim
3299 4745 3536 4801 irritatur
3588 4749 3856 4823 quispiam

2271 4839 2454 4882 contra
2490 4830 2910 4901 febricitantem,
2940 4843 3205 4891 autaeuto
3226 4837 3414 4893 morbo
3443 4839 3852 4907 inflammatum.

2271 4919 2363 4973 sed
2392 4921 2593 4977 similes
2637 4924 2783 4978 viros
2810 4924 3095 4981 miseratur
3126 4935 3182 4985 et
3226 4926 3488 4998 deplorat.
3540 4931 3857 5003 llujustnodi

2272 5022 2352 5066 est
2378 5013 2495 5067 irati
2523 5015 2751 5070 animus.
2767 5014 2871 5072 Sed
2892 5017 2936 5073 si
2964 5017 3044 5073 vis
3068 5028 3119 5076 te
3136 5020 3336 5085 ulcisci,
3359 5031 3497 5092 tace,
3521 5036 3574 5081 et
3592 5040 3858 5098 Opportu-

2270 5118 2391 5158 natn
2415 5106 2512 5176 ipsi
2536 5106 2744 5176 plagam
2765 5108 2991 5180 iuliiges.
3016 5109 3107 5165 Sin
3134 5117 3510 5171 contumeliam
3532 5123 3859 5180 contumelia

2270 5194 2526 5263 depellas,
2559 5197 2731 5267 ignem
2756 5202 3098 5255 succendisti.
3122 5204 3210 5269 At,
3240 5204 3465 5275 inQuies,
3492 5208 3536 5263 si
3562 5221 3856 5283 taceamus,

2273 5286 2445 5355 pusilli
2476 5288 2638 5342 animi
2674 5304 2980 5359 urguemur.
3006 5291 3120 5347 Non
3150 5302 3200 5348 te
3232 5296 3406 5364 pusilli
3447 5300 3606 5355 animi
3634 5316 3858 5361 accusa-

2270 5376 2420 5442 bunt,
2448 5378 2541 5433 sed
2573 5380 2961 5452 philosophiam
2991 5394 3135 5439 tuam
3164 5387 3513 5446 mirabuntur.
3543 5392 3598 5447 Si
3630 5409 3761 5451 vero
3790 5413 3859 5453 ex

2269 5471 2584 5525 contumelia
2633 5472 3001 5539 inﬂammcris,
3052 5476 3228 5532 locum
3269 5478 3421 5535 dabis
3470 5485 3687 5552 putandi
3729 5502 3861 5544 vera

2269 5578 2386 5615 esse
2411 5578 2530 5634 quae
2558 5564 2903 5635 objiciuntur.
2929 5566 3057 5631 Cur,
3088 5584 3292 5639 qureso,
3323 5572 3463 5629 ridet
3490 5574 3648 5633 dives
3680 5581 3774 5649 qtti
3801 5597 3863 5638 se

2273 5670 2556 5721 pauperem
2584 5659 2836 5727 appellari
2861 5658 3050 5714 audit?
3069 5676 3244 5717 annon
3267 5665 3388 5736 quia
3414 5667 3528 5737 ipse
3554 5670 3653 5725 scit
3670 5686 3730 5727 se
3752 5690 3864 5732 tum

2270 5759 2388 5800 esse
2415 5750 2735 5815 pauperem?
2763 5750 2834 5804 Ita
2863 5761 2915 5805 et
2941 5766 3037 5807 nos
3060 5753 3105 5807 si
3125 5752 3192 5808 de
3212 5759 3547 5813 contumeliis
3564 5760 3863 5833 rideamus,

2272 5837 2372 5892 hoc
2413 5855 2779 5911 argumentum
2821 5844 2923 5899 crit
2960 5844 3275 5916 maximum,
3319 5862 3417 5905 nos
3453 5850 3572 5905 talis
3606 5853 3686 5908 rei
3732 5870 3868 5913 cou-
