4102 6542
279 526 426 578 scius
453 522 620 576 nobis
645 534 748 574 non
772 529 909 572 esse.
944 511 1024 566 Ad
1050 510 1165 564 tunc
1189 518 1466 578 quousque
1495 505 1768 560 hominum
1795 519 1888 558 ac-

276 615 601 670 cusationes
640 605 974 666 metuemus?
1016 614 1295 674 quousque
1322 611 1663 653 communem
1707 594 1890 649 Domi-

275 721 406 760 num
436 704 824 774 despiciemus,
856 705 910 752 et
931 695 1079 752 carni
1111 691 1427 762 alligentur?
1457 688 1583 744 Cum
1604 688 1737 741 enim
1760 687 1891 740 inter

273 811 360 850 ros
387 796 457 850 sit
488 793 748 849 contentio
787 800 834 843 et
864 786 1122 842 wntutatio
1147 793 1193 838 et
1223 781 1516 844 seditiones,
1565 793 1732 832 nonne
1770 793 1886 830 car-

271 888 417 940 nales
449 887 577 940 estis
633 883 709 955 (1.
759 879 876 936 Cor.
926 879 981 933 3.
1023 876 1113 946 3)?
1155 873 1334 930 Simus
1381 886 1512 942 ergo
1559 870 1884 939 spirituales,

271 976 415 1032 banc
448 976 807 1032 deterrimam
847 969 1014 1025 iet-am
1049 965 1338 1022 fronemus.
1376 962 1514 1016 Iram
1545 961 1683 1015 inter
1709 966 1765 1014 et
1803 957 1886 1011 iu-

272 1085 461 1123 rorem
510 1068 719 1123 nullum
764 1062 1092 1124 discrimen;
1139 1056 1233 1112 sed
1275 1054 1627 1124 temporarius
1670 1049 1883 1121 quidam

270 1164 496 1217 ι1,ι·ιιιοιι
529 1173 644 1226 est;
676 1161 784 1214 imo
821 1153 1153 1210 datmoniaoo
1190 1149 1360 1220 pejor.
1386 1147 1518 1202 Nam
1555 1144 1886 1199 dzemoniaco

266 1255 423 1308 venia
454 1253 646 1316 datur;
679 1247 966 1304 iracundus
1001 1253 1181 1298 autem
1210 1241 1358 1296 mille
1386 1237 1659 1308 suppliciis
1693 1235 1884 1305 dignus

261 1348 389 1407 erit,
422 1343 520 1414 qui
563 1359 623 1398 se
662 1349 854 1410 sponte
896 1337 948 1391 in
993 1333 1244 1404 perniciei
1298 1329 1546 1384 barathro
1581 1325 1783 1395 dejicit,
1817 1333 1872 1378 et

263 1445 393 1488 ante
419 1433 662 1488 futuram
683 1428 984 1500 gehennam
1017 1423 1104 1478 bic
1139 1422 1249 1490 jam
1281 1433 1477 1491 pinnas
1497 1417 1626 1472 dare
1657 1415 1879 1484 incipit:

1255 393 1323 452 IN
1361 392 1670 450 IOANNEM
1710 389 1939 447 HOMIL.
1981 391 2166 450 XLIX.
2207 392 2278 450 aI‘.
2321 394 2549 454 XLVIII".

3493 403 3600 460 27!

2004 507 2128 565 dum
2159 515 2384 568 tumultu
2423 524 2679 586 perpetuo
2709 523 2763 571 et
2789 523 2924 571 a‘stu
2966 516 3288 574 intolerabili
3320 518 3600 588 cogitatio-

2001 619 2126 658 num
2172 614 2328 661 nocte
2353 605 2547 676 dieque
2587 607 2907 678 ﬂagitetur.
2941 606 3010 665 Ut
3050 608 3229 679 itaque
3258 618 3312 664 ct
3341 612 3594 681 praesenti

1997 697 2256 767 supplicio
2286 706 2340 754 et
2369 700 2540 754 futura
2575 699 2806 755 vindicta
2836 714 2937 754 nos
2961 700 3276 766 liberemus,
3309 699 3413 756 hoc
3439 701 3597 772 pulso

1997 791 2160 845 animi
2208 789 2416 856 morbo,
2455 805 2671 846 omnem
2712 791 3061 847 exhibeamus
3099 792 3590 856 mansuetudinem,

1998 889 2054 936 ut
2081 882 2317 952 requiem
2355 880 2637 936 animabus
2665 882 2865 938 nostris
2890 881 3222 937 inveniamus
3251 890 3307 936 et
3343 881 3429 936 hic
3458 891 3512 938 et
3539 882 3591 936 in

1995 988 2160 1042 regno
2198 973 2484 1039 oratorum;
2539 973 2682 1043 quod
2733 973 2938 1029 utinam
2978 987 3168 1030 omnes
3216 987 3586 1043 assequamur,

1993 1065 2158 1136 gratia
2204 1075 2259 1119 et
2314 1063 2640 1135 benignitate
2688 1063 2898 1120 Domini
2953 1064 3123 1119 nostri
3165 1063 3295 1119 Jesu
3348 1062 3582 1127 Christi,

1995 1173 2088 1227 Per
2116 1172 2275 1228 quem
2329 1165 2384 1212 ει
2432 1172 2553 1212 cum
2599 1171 2705 1226 quo
2746 1156 2891 1211 Patri
2939 1156 3107 1227 gloria
3157 1155 3424 1225 simulque
3471 1152 3591 1221 Spi-

1993 1249 2114 1302 ritui
2147 1255 2352 1313 sancto,
2394 1262 2537 1303 nunc
2582 1257 2638 1303 et
2683 1261 2919 1317 semper,
2962 1256 3023 1302 et
3060 1247 3112 1300 iu
3141 1244 3338 1301 sucula
3363 1243 3592 1301 stt-culo-

1996 1361 2134 1400 rum.
2166 1347 2357 1399 Amen;

269 1528 2278 1640 W635.

258 1723 392 1780 Car.
426 1724 485 1778 'l.
520 1738 575 1777 ν.
597 1721 652 1776 9.
685 1718 810 1774 Hec
836 1732 951 1769 cum
984 1713 1202 1767 dixisset
1222 1709 1323 1763 illis
1347 1749 1366 1774 ,
1387 1708 1574 1762 mansit
1622 1705 1677 1758 in
1725 1701 1871 1757 Gali-

335 1820 461 1869 lwn.
490 1815 582 1869 10.
630 1811 699 1868 Ut
727 1819 894 1864 autem
923 1805 1254 1860 ascenderunt
1291 1804 1473 1872 fratres
1515 1801 1644 1863 eius,
1679 1806 1796 1850 tunc
1824 1805 1871 1848 et

333 1907 449 1975 ipse
492 1903 718 1959 ascendit
767 1899 840 1953 nd-
877 1900 1011 1952 diem
1051 1898 1257 1967 festum,
1302 1908 1402 1946 non
1448 1888 1730 1958 manifeste,
1781 1886 1870 1941 sed

331 1997 489 2066 quasi
511 1997 565 2050 in
597 1993 815 2049 occulto.

333 2091 387 2144 I.
416 2087 651 2144 Christus
681 2086 905 2139 humano
947 2096 1085 2135 more
1112 2080 1280 2133 virens
1320 2075 1546 2130 homines
1580 2073 1759 2128 docere
1786 2072 1867 2126 in-

261 2180 445 2235 tendit.
481 2179 586 2234 Cur
610 2175 840 2234 Christus
860 2175 946 2242 qui
969 2173 1141 2244 palam
1167 2185 1360 2241 semper
1388 2166 1700 2236 loquebatur,
1732 2180 1873 2218 nunc

255 2274 310 2326 in
355 2272 562 2326 occulto
593 2264 1068 2338 [aquilum—Qua:
1108 2264 1345 2316 humano
1383 2273 1535 2313 more
1579 2273 1608 2311 a
1652 2255 1866 2310 Christo

259 2364 670 2432 dispensantur,
703 2376 807 2415 non
841 2359 973 2413 ideo.
1012 2365 1216 2412 tantum
1259 2355 1391 2408 limit
1438 2362 1494 2406 ut
1543 2350 1866 2406 incarnatio-

262 2473 386 2512 nem
417 2458 764 2516 conlirment,
799 2452 893 2507 sed
924 2449 1085 2506 etiam
1114 2456 1173 2501 ut
1201 2461 1300 2500 nos
1329 2445 1394 2498 ad
1424 2445 1672 2498 virtutem
1707 2441 1863 2496 insti-

260 2560 434 2604 tuant.
483 2549 547 2605 Si
571 2548 713 2604 enim
739 2545 922 2600 omnia
951 2551 1220 2611 tamquam
1267 2539 1406 2592 Deus
1451 2537 1683 2599 fecisset,
1733 2548 1867 2604 quo-

258 2641 428 2695 modo
476 2651 758 2711 possemus
801 2649 921 2702 nos,
972 2648 1094 2687 cum
1145 2631 1350 2699 ingrata
1404 2627 1685 2689 accidunt,
1736 2623 1862 2695 quid

259 2733 570 2788 faciendum
599 2731 668 2784 sit
698 2726 978 2784 ediscere?
1007 2734 1064 2778 ut
1099 2722 1246 2777 verbi
1296 2720 1462 2791 gratia
1505 2719 1608 2773 hoc
1634 2720 1685 2773 in
1717 2717 1860 2783 loco,

256 2824 300 2876 si
331 2822 540 2876 Inda-is
568 2835 752 2875 necem
793 2815 1138 2887 spirantibus,
1189 2813 1242 2866 in
1284 2810 1518 2866 medium
1565 2807 1862 2880 procedens

255 2916 443 2970 statim
491 2928 677 2968 eorum
727 2912 982 2981 impetum
1036 2906 1384 2962 coercuisset.
1429 2903 1482 2958 Si
1537 2903 1715 2973 itaque
1760 2901 1861 2956 hoc

256 3007 484 3062 assidue
515 3005 748 3067 fecisset,
779 3016 881 3056 nos
926 3000 978 3053 in
1009 2997 1199 3052 eadem
1248 2995 1567 3058 inridentes,
1596 3010 1715 3048 cum
1751 3007 1856 3048 non

257 3112 545 3168 possemus
590 3095 734 3150 idem
782 3101 1060 3162 prmstare,
1106 3087 1376 3160 quomodo
1420 3087 1680 3143 sciremus
1730 3086 1856 3157 quid

254 3192 524 3261 agnelldum
552 3187 732 3243 esset?
761 3197 938 3240 utrum
965 3183 1100 3238 mori
1122 3189 1412 3252 Oporteret,
1441 3195 1509 3234 an
1535 3178 1677 3234 aliud
1704 3178 1856 3248 quid-

254 3282 396 3352 piam
430 3279 735 3352 providere,
783 3289 838 3330 ιιι
880 3289 1062 3330 sermo
1115 3272 1466 3342 procederet?
1513 3269 1646 3337 Quia
1697 3270 1856 3341 igitur

253 3388 374 3440 nos,
408 3374 502 3444 qui
533 3374 643 3443 pari
691 3377 955 3440 potestate
1003 3365 1208 3436 praediti
1250 3379 1354 3418 non
1400 3377 1606 3421 sumus.
1638 3360 1765 3432 quid
1798 3365 1850 3416 in

251 3465 494 3520 medium
522 3463 777 3534 Ingressis
806 3446 1104 3514 faciendum
1136 3463 1282 3510 esset
1307 3469 1410 3508 non
1437 3451 1847 3516 didicissemus;

251 3555 366 3612 hmo
397 3556 523 3612 ideo
542 3554 611 3608 ab
639 3553 729 3608 illo
758 3552 1033 3605 docemur.
1064 3547 1196 3602 Num
1223 3546 1320 3610 ait,
1358 3543 1483 3599 Ηωε
1502 3560 1613 3596 cum
1644 3543 1849 3597 dixisset

248 3648 421 3714 Jesus,
453 3646 640 3700 mansit
666 3646 720 3698 in
759 3642 993 3697 Galilwa.
1048 3639 1115 3693 Ut
1158 3647 1325 3690 autem
1369 3634 1700 3689 ascenderunt
1740 3638 1847 3703 fra-

249 3748 347 3793 tres
390 3740 527 3811 ejus,
578 3745 696 3789 tunc
745 3745 790 3788 et
822 3734 929 3803 ipse
968 3728 1212 3791 ascendit,
1274 3744 1374 3780 non
1419 3726 1706 3796 manifeste,
1755 3723 1843 3778 sed

249 3829 392 3898 quasi
414 3846 475 3884 sn
497 3826 712 3882 occulto.
753 3825 894 3888 lIa'c,
935 3820 1279 3875 Ascenderunt
1310 3822 1494 3888 fratres
1525 3817 1654 3886 ejus,
1681 3813 1846 3885 signi-

249 3923 406 3976 licant
457 3920 632 3990 ipsum
678 3915 910 3971 noluisse
937 3929 1058 3967 eum
1092 3911 1192 3965 illis
1219 3908 1532 3964 ascendere.
1575 3905 1845 3975 Quamob-

248 4027 371 4072 rem,
393 4012 467 4068 ibi
499 4016 714 4074 manet,
743 4020 915 4076 neque
961 4019 1082 4059 sese
1118 4001 1401 4056 manifeste
1431 3998 1690 4063 oStendit,
1721 3997 1846 4051 licet

247 4102 297 4158 id
326 4105 399 4159 illi
439 4103 750 4158 suaderent.
775 4100 888 4153 Cur?
903 4112 1028 4152 vero
1066 4097 1155 4166 qui
1199 4095 1370 4164 palam
1413 4107 1625 4159 semper
1653 4092 1841 4158 loque-

247 4193 423 4263 batur,
480 4209 622 4250 nnnc
660 4192 808 4263 quasi
857 4191 910 4246 in
940 4189 1151 4245 occulto
1202 4187 1253 4242 id
1308 4187 1471 4242 facit?
1514 4185 1630 4239 Non
1683 4184 1836 4248 dixit,

247 4288 487 4353 Occulta,
519 4285 635 4351 sed,
669 4285 829 4352 Quasi
856 4285 906 4336 in
950 4283 1169 4336 occulto.
1213 4279 1300 4335 Sic
1351 4279 1493 4334 enim
1533 4277 1836 4347 Oportebat,

245 4377 700 4448 quemadmodum
731 4376 863 4440 dixi,
899 4384 954 4429 ut
979 4389 1075 4428 nos
1099 4373 1319 4427 doceret
1356 4372 1469 4426 Iuec
1497 4375 1706 4440 negotia
1746 4387 1837 4441 ge-

247 4487 382 4529 rere.
418 4472 629 4542 Alioqui
662 4484 766 4523 non
801 4485 892 4538 par
921 4475 1036 4522 erat
1066 4466 1171 4521 illis
1214 4464 1364 4520 iratis
1393 4474 1448 4520 et
1489 4464 1839 4520 frementibus

244 4574 366 4622 tune
419 4581 751 4634 comparere,
792 4565 886 4619 sed
926 4571 1044 4632 post
1086 4561 1228 4617 diem
1275 4560 1489 4615 iustum.
1537 4560 1624 4614 11.
1665 4558 1837 4612 Judwi

239 4673 354 4728 ergo
393 4661 674 4726 quatiebant
697 4676 828 4719 eum,
857 4667 903 4711 et
924 4657 1172 4720 dicebant,
1203 4654 1302 4710 Ubi
1323 4665 1394 4709 est
1421 4655 1549 4709 ille?
1575 4655 1834 4709 Prmelara

239 4761 393 4804 certe
424 4752 476 4803 in
516 4749 602 4802 die
654 4748 790 4803 festo
829 4747 1030 4816 opera!
1067 4745 1131 4800 ad
1179 4745 1379 4799 caulem
1428 4752 1737 4817 properant,
1781 4743 1834 4797 in

241 4838 385 4895 festo
409 4841 712 4894 consultant
740 4839 1007 4908 quomodo
1035 4838 1243 4907 capiant
1293 4839 1460 4891 illum.
1510 4837 1600 4891 Sic
1631 4845 1684 4892 et
1708 4836 1832 4890 alibi

240 4930 430 4985 dicunt
462 4946 476 4982 :
507 4929 642 4994 Quid
669 4931 873 4998 putatis,
913 4930 1031 4999 quia
1075 4946 1176 4981 non
1225 4931 1355 4982 venit
1380 4929 1448 4981 ad
1474 4929 1605 4981 diem
1645 4927 1832 4995 festum

241 5017 427 5087 (Jomt.
481 5021 566 5075 11.
611 5019 744 5091 56)?
784 5020 850 5074 Et
893 5020 978 5074 hic
1016 5019 1288 5082 dicebant,
1345 5018 1440 5072 Ubi
1483 5029 1552 5071 est
1595 5017 1726 5072 ille?
1753 5017 1837 5072 Ex

242 5112 416 5164 nimio
452 5110 576 5164 odio
621 5127 688 5166 ne
731 5111 1006 5164 nominare
1051 5109 1266 5178 quidem
1297 5108 1603 5179 dignantur.
1645 5108 1830 5178 Magna

240 5212 388 5258 certe
411 5201 530 5257 festi
562 5202 879 5266 reverentia,
912 5203 1097 5270 ingens
1137 5201 1338 5268 pietas!
1370 5200 1456 5254 die
1493 5199 1627 5253 festo
1659 5199 1831 5268 ipsum

242 5307 440 5364 capere
469 5293 734 5347 volebant.
762 5293 845 5346 12.
879 5292 944 5346 Et
972 5310 1202 5346 murmur
1238 5294 1453 5346 multum
1481 5303 1588 5346 erat
1614 5293 1675 5346 de
1694 5309 1753 5346 eo
1782 5294 1833 5348 in

243 5383 412 5438 turba.
445 5383 583 5438 Puto
602 5393 776 5438 autem
814 5384 932 5437 illos
971 5384 1020 5438 in
1057 5384 1288 5439 furorem
1322 5395 1474 5439 actos
1497 5399 1526 5438 a
1566 5384 1702 5449 loco,
1745 5385 1832 5438 ubi

244 5475 452 5543 signum
487 5475 686 5528 factum
715 5474 903 5540 fuerat,
933 5487 1092 5545 atque
1127 5487 1493 5544 exasperatos,
1525 5493 1632 5531 non
1668 5478 1736 5530 ita
1765 5478 1832 5532 de

248 5579 300 5617 re
325 5572 480 5635 gesta
523 5563 821 5634 indignatos
850 5579 990 5629 esse,
1016 5575 1073 5619 nt
1106 5568 1362 5621 timebant
1409 5582 1476 5621 ne
1504 5567 1629 5636 quid
1660 5568 1832 5624 simile

251 5656 438 5713 iterum
471 5659 688 5712 faceret.
735 5658 1071 5712 Contrarium
1101 5673 1261 5728 porro
1302 5660 1513 5724 accidit,
1559 5661 1640 5714 vel
1685 5661 1830 5716 inviti

248 5750 445 5807 clarum
487 5750 658 5820 ipsum
701 5750 1067 5807 reddiderunt.
1126 5752 1347 5816 Quidam
1395 5753 1660 5817 dicebant,
1714 5753 1832 5824 quia

248 5838 400 5896 beatis
425 5850 521 5911 est,
551 5839 663 5910 alii,
710 5840 848 5909 Non,
893 5841 978 5895 sed
1025 5842 1216 5896 seducit
1263 5841 1453 5896 turbas.
1509 5841 1651 5897 Illam
1705 5853 1832 5914 puto

1983 1698 2146 1754 fuisse
2176 1699 2532 1755 multitudinis
2560 1700 2902 1772 opinionem;
2931 1702 3090 1758 aliam
3127 1718 3256 1760 vero
3284 1705 3594 1776 principum

1979 1800 2035 1844 et
2058 1789 2397 1844 sacerdotum
2430 1807 2442 1844 :
2477 1806 2599 1844 nam
2630 1791 2946 1847 calumniari
2976 1792 3042 1847 ad
3075 1793 3289 1848 illorum
3324 1795 3582 1850 invidiam

1977 1891 2032 1936 ct
2076 1882 2368 1952 nequitiam
2409 1883 2735 1955 pertinebat.
2780 1884 2991 1941 Seducit
3037 1864 3268 1951 turbani,
3313 1889 3583 1960 inquiunt.

1977 1973 2279 2042 Quomodo,
2305 1977 2528 2047 quaeso?
2550 1975 2824 2048 Num-quia
2849 1979 2997 2048 signa
3024 1979 3260 2049 simulat,
3282 1997 3386 2036 non
3420 1983 3582 2038 facit?

1975 2069 2488 2139 Atqui-contrarium
2518 2070 2849 2140 experientia
2875 2071 3052 2128 docet.
3088 2072 3176 2129 15.
3209 2071 3378 2128 Nemo
3408 2083 3588 2130 tamen

1975 2163 2146 2230 palam
2185 2161 2486 2233 loquebatur
2533 2164 2596 2217 de
2634 2163 2725 2218 illo
2773 2173 2979 2235 propter
3018 2175 3205 2220 metam
3247 2166 3573 2221 Judteorum.

1977 2253 2137 2310 Vides
2168 2255 2366 2325 ubique
2391 2256 2677 2325 optimates
2700 2267 3007 2327 corruptos,
3034 2258 3242 2327 plebem
3276 2273 3404 2313 vero
3425 2269 3573 2315 recte

1971 2344 2314 2410 sentientem,
2347 2345 2440 2400 sed
2481 2360 2589 2401 non
2635 2345 2913 2416 praeditam
2965 2361 3028 2402 ea
3065 2346 3377 2404 fortitudine
3411 2364 3574 2418 quam

1971 2437 2287 2509 oportebat?
2315 2438 2402 2492 14.
2431 2437 2553 2492 lam
2582 2448 2752 2494 autem
2782 2439 2865 2493 die
2884 2440 3012 2510 festo
3040 2439 3314 2507 mediante,
3343 2440 3572 2495 ascendit

1969 2529 2138 2592 Jesus,
2183 2540 2231 2584 et
2273 2529 2498 2584 docebat.
2553 2531 2898 2600 Exspectatio
2944 2531 3261 2586 attentiorcs
3313 2530 3567 2587 reddiditt

1968 2620 2101 2676 Nam
2127 2623 2215 2693 qui
2262 2623 2528 2693 prioribus
2553 2622 2744 2678 diebus
2784 2623 3096 2693 quatrebant
3137 2639 3259 2679 eum
3303 2622 3563 2688 dicentes,

1972 2713 2072 2768 (lbi
2121 2722 2194 2768 est
2233 2714 2359 2768 ille?
2416 2724 2636 2784 repente
2681 2713 2831 2768 illum
2882 2713 3146 2779 videntes,
3196 2714 3569 2771 animadverte

1967 2806 2238 2876 quomodo
2265 2806 2500 2871 adstent,
2555 2815 2609 2862 et
2648 2806 2954 2876 loquentem
3000 2805 3309 2870 observent,
3348 2814 3455 2861 tam
3487 2806 3563 2860 illi

1966 2901 2053 2970 qui
2083 2900 2301 2965 bonum,
2331 2914 2488 2970 quam
2517 2898 2605 2954 alii
2631 2899 2722 2970 qui
2751 2899 2947 2955 malum
2971 2897 3118 2954 illum
3149 2899 3400 2954 dicebant
3429 2900 3562 2956 :sed

1967 2992 2040 3046 illi
2091 3001 2148 3046 ut
2196 2993 2468 3062 quidpiam
2515 2992 2643 3047 lucri
2697 3002 3069 3063 reportarent,
3127 2978 3560 3066 mirarenturth

1965 3083 2172 3152 ipsum;
2203 3084 2290 3138 alii
2337 3091 2395 3137 ut
2432 3082 2953 3154 comprehenderent
2997 3094 3052 3140 et
3097 3096 3371 3155 caperent.
3423 3087 3576 3141 Illud.

1962 3186 2162 3240 autem,
2193 3176 2403 3231 Sedueit
2441 3180 2659 3243 turbam,
2707 3191 2804 3248 per
2827 3177 3124 3234 doctrinam
3176 3179 3401 3239 scilicet.
3449 3194 3573 3236 nun.

1961 3268 2321 3336 intelligentes
2345 3267 2471 3337 quid
2495 3267 2701 3324 diceret
2733 3286 2746 3322 :
2776 3269 2903 3325 illud
2931 3285 3080 3337 vero,
3111 3269 3306 3338 Bonas,
3335 3287 3365 3326 a
3389 3273 3557 3344 signis

1957 3358 2256 3414 dicebatur.
2283 3359 2479 3414 Sedato
2529 3359 2707 3428 itaque
2738 3360 2948 3415 illorum
2993 3361 3174 3418 lurore
3223 3364 3294 3419 ita
3341 3364 3551 3431 institit,

1959 3457 2016 3504 ut
2040 3450 2202 3505 verba
2231 3464 2326 3505 sua
2355 3450 2640 3520 diligenter
2665 3451 2934 3520 audirent,
2978 3468 3152 3524 neque
3189 3455 3422 3525 amplius
3467 3458 3553 3512 in-

1953 3539 2154 3610 dignati
2184 3554 2343 3595 aures
2367 3539 2732 3596 obstruerent.
2764 3541 2902 3610 Quid
2931 3543 3194 3610 docuerit,
3225 3561 3328 3601 non
3371 3560 3554 3604 narrat

1953 3634 2310 3704 evangelista;
2359 3633 2409 3688 id
2455 3633 2628 3690 solum
2676 3635 2803 3690 dicit
2843 3636 2984 3707 quod
3028 3637 3346 3694 mirabiliter
3371 3641 3441 3695 sit
3467 3641 3549 3696 lo.

1951 3737 2168 3799 quotus,
2200 3730 2342 3800 quod
2373 3731 2518 3799 ipsos
2542 3729 2876 3798 demulserit,
2911 3740 2968 3786 et
2997 3734 3255 3788 mutarit:
3289 3741 3433 3788 tanta
3461 3734 3546 3790 di-

1949 3831 2158 3876 ctorum
2186 3823 2354 3876 virtus
2370 3831 2506 3876 erat.
2525 3821 2626 3890 Qui
2657 3838 2784 3878 vero
2800 3821 3070 3892 dicebant,
3092 3823 3305 3880 Seducit
3326 3825 3545 3893 turbam,

1937 3913 2136 3967 mutati
2158 3913 2269 3982 jam
2297 3913 2717 3979 admirabantur,
2762 3914 2989 3985 ideoque
3032 3916 3110 3971 sic
3148 3916 3542 3987 loquebantur:

1949 4005 2034 4060 15.
2073 4003 2339 4071 Quomodo
2367 4005 2460 4057 scit
2489 4005 2680 4069 literas,
2712 4006 2798 4075 qui
2828 4021 2927 4059 non
2954 4006 3174 4061 didicit?
3201 4005 3390 4062 Viden'
3410 4023 3547 4076 quo-

1948 4094 2108 4148 modo
2134 4094 2541 4149 admirationem
2586 4110 2770 4150 eorum
2812 4097 3044 4165 nequitia
3077 4097 3290 4167 plenam
3319 4097 3544 4154 demon—

1945 4186 2121 4240 stret?
2150 4185 2266 4240 Non
2312 4189 2454 4240 enim
2486 4185 2615 4240 dicit
2645 4187 2789 4256 ipsos
2817 4185 3114 4242 doctrinam
3149 4191 3369 4244 miratos
3398 4205 3541 4255 esse,

1948 4279 2032 4332 vel
2063 4277 2202 4333 dicta
2235 4263 2516 4332 admisisse
2549 4298 2561 4333 :
2593 4279 2688 4333 sed
2718 4289 2942 4344 tantum,
2972 4279 3329 4345 Mirabantur;
3363 4281 3410 4336 id
3436 4293 3539 4347 est,

1945 4369 2001 4423 in
2027 4383 2299 4439 stuporem
2328 4369 2639 4426 deciderant
2664 4369 2926 4437 dicentes,
2958 4370 3111 4428 Unde
3132 4372 3207 4427 illi
3240 4373 3395 4428 hmo?
3415 4390 3538 4432 cum

1943 4477 2009 4516 ex
2040 4462 2375 4517 dubitatione
2407 4463 2504 4517 tali.
2548 4463 2853 4533 perspicere
2887 4463 3203 4521 debuissent
3245 4465 3373 4521 nihil
3421 4473 3541 4539 puri

1945 4555 2178 4610 hominis
2207 4555 2260 4609 in
2305 4554 2398 4610 illo
2445 4555 2628 4611 luisse.
2666 4555 2862 4611 Verum
2894 4558 3016 4628 quia
3046 4559 3147 4613 ltoe
3179 4560 3253 4614 illi
3295 4561 3541 4618 conllteri

1944 4645 2220 4715 nolebant,
2245 4647 2338 4702 sed
2372 4649 2704 4704 mirabantur
2731 4650 3073 4716 solum,audi
3095 4651 3221 4722 quid
3252 4652 3341 4708 ille
3361 4653 3537 4710 dicat:

1947 4740 2034 4794 I6.
2075 4737 2196 4793 Mea
2237 4739 2468 4792 doctrina
2495 4756 2596 4792 non
2631 4750 2704 4794 est
2748 4756 2877 4795 mea.
2911 4741 3117 4796 Rursus
3145 4758 3332 4799 eorum
3361 4749 3538 4816 suspi-

1940 4831 2083 4886 cioni
2109 4829 2420 4900 respondet,
2448 4829 2515 4884 ad
2546 4831 2759 4886 Patrem
2809 4831 2930 4886 illos
2971 4833 3264 4902 abducens,
3309 4845 3366 4890 ut
3413 4837 3540 4894 inde

1941 4926 2046 4982 illis
2072 4928 2343 4984 silentium
2374 4931 2615 5000 imponat
2642 4949 2665 4985 :.
2690 4932 2779 4986 17.
2824 4931 2888 4987 Si
2914 4931 3027 5002 quis
3058 4934 3271 4988 voluerit
3300 4936 3539 4990 uolunta-

1941 5032 2039 5074 tem
2063 5023 2185 5092 ejus
2205 5025 2391 5094 facere,
2432 5034 2714 5097 cognoscet
2741 5027 2804 5079 de
2833 5026 3093 5093 doctrina,
3126 5037 3298 5082 utrum
3336 5046 3400 5084 ea:
3433 5029 3539 5086 Deo

1940 5114 2020 5176 sit,
2047 5130 2114 5167 an
2137 5131 2228 5185 ego
2252 5131 2287 5168 a
2311 5116 2504 5186 meipso
2532 5116 2730 5187 loquar.
2764 5104 2878 5172 Hoc
2898 5126 3002 5183 est,
3031 5117 3352 5188 Nequitiam,
3381 5120 3533 5184 iram,

1942 5202 2192 5258 invidiam
2220 5205 2426 5274 ejicite;
2456 5221 2661 5262 necnon
2690 5208 2870 5262 odium
2899 5208 3039 5278 quod
3080 5219 3266 5264 contra
3304 5225 3391 5265 me
3419 5210 3540 5266 sine

1941 5307 2098 5346 causa
2125 5295 2460 5364 suscepistis,
2489 5305 2544 5352 ct
2570 5297 2701 5352 nihil
2742 5298 2997 5368 impediet
3023 5300 3150 5370 quin
3200 5304 3538 5370 cognoscatis

1945 5383 2106 5437 verba
2137 5399 2252 5438 mea
2279 5400 2405 5440 vere
2441 5388 2531 5442 liei
2564 5404 2703 5442 esse.
2739 5389 2886 5443 Nunc
2918 5390 3032 5444 haec
3061 5406 3155 5444 vos
3188 5393 3422 5446 tenebris
3453 5394 3536 5447 of-

1943 5473 2190 5536 fundunt,
2213 5486 2266 5530 et
2293 5488 2498 5531 rectum
2530 5479 2668 5548 apud
2707 5495 2802 5534 vos
2822 5480 3082 5550 judicium
3111 5493 3459 5550 pervertunt;
3492 5488 3537 5538 si

1943 5566 2056 5622 lucc
2081 5568 2386 5633 climinetis,
2423 5586 2527 5625 non
2561 5571 2688 5627 illud
2733 5573 3027 5644 patiemini.
3061 5574 3165 5630 Sed
3194 5591 3301 5630 non
3348 5577 3416 5628 ita
3458 5575 3539 5630 Io-

1941 5669 2138 5729 quutus
2167 5668 2266 5726 est,
2295 5675 2362 5716 ne
2404 5662 2562 5717 nimis
2603 5662 2722 5719 illos
2753 5664 3174 5736 perstringeret;
3206 5681 3390 5722 verum
3420 5667 3541 5725 hare

1943 5754 2121 5808 omnia
2148 5752 2524 5820 subindicavit,
2551 5771 2673 5813 cum
2695 5758 2918 5826 diceret,
2945 5759 3048 5829 Qui
3077 5762 3198 5831 facit
3228 5764 3537 5820 uoluntatem

1942 5848 2073 5914 ejus,
2103 5859 2365 5915 cognoscet
2406 5849 2467 5901 de
2495 5850 2745 5916 doctrina,
2787 5862 2950 5905 utrum
2982 5870 3047 5907 ex
3073 5852 3182 5910 Deo
3210 5856 3296 5922 sit,
3339 5873 3406 5911 an
3441 5876 3538 5926 eqs
