4102 6484
634 314 700 367 73$
1369 310 1423 359 S.
1466 308 1739 361 “HNle
1778 308 2124 363 (ὶιιιιγδοδτ

2233 305 2242 358 Ι
2288 308 2322 357 .-\
2336 306 2598 358 llCllll-Il’.
2640 308 2897 361 (IUNS'l'A
2911 311 3174 366 ΝΙΊΧΟΡ.

594 449 625 482 n
656 430 842 494 "teipse
869 426 1081 495 loquar;
1111 424 1158 476 id
1190 433 1289 486 est,
1326 423 1456 479 Nunt
1502 423 1731 476 alienum
1770 422 1914 490 quid,
1944 434 2026 474 aut
2064 436 2154 473 no-

596 539 737 583 vnnt,
762 529 850 573 aut
876 519 1196 570 contrarium
1228 516 1514 583 proferam.
1545 516 1670 569 Nam
1704 516 1850 575 illud,
1877 516 1914 565 Α
1949 515 2154 583 nteipso,

593 626 801 677 semper
829 607 895 662 ad
940 607 1040 663 hoc
1083 606 1325 673 refertur,
1352 608 1491 677 quod
1535 607 1658 659 nihil
1688 614 1867 673 prater
1906 606 2154 674 placitum

584 702 699 765 eius
733 701 953 764 loquar;
985 699 1078 752 sed
1121 699 1295 752 omnia
1336 715 1453 767 quas
1484 699 1639 752 Pater
1668 697 1794 761 vult,
1839 697 1949 749 bzec
1977 706 2029 749 et
2057 711 2156 766 ego

586 790 723 843 volo.
759 788 821 844 Si
853 791 965 860 quis
993 789 1292 843 voluntatem
1335 790 1442 860 ejus
1470 789 1638 859 faciat,
1686 797 1944 858 cognoscet
1971 788 2031 841 de
2070 790 2155 840 do-

584 882 764 934 ctrina.
798 882 932 948 Quid
962 882 1061 936 sibi
1110 882 1219 935 vult
1266 880 1409 943 illud,
1461 879 1522 934 Si
1568 880 1679 944 quis
1714 880 2013 933 voluntatem
2043 881 2155 945 ejus

582 974 735 1038 faciat
758 973 784 1026 .9
801 972 854 1025 ld
871 984 970 1036 est,
995 972 1050 1028 Si
1075 974 1190 1041 quis
1208 970 1413 1048 virtutis
1436 971 1743 1032 sitamator.
1761 968 2024 1025 dictorum
2046 970 2151 1025 vim

580 1077 896 1132 mgnuscet;
928 1065 970 1117 si
1017 1064 1135 1133 quis
1176 1063 1301 1117 velit
1348 1062 1639 1132 prophetiis
1680 1062 1974 1127 attendere,
2022 1077 2149 1115 nmn

580 1153 871 1208 secundum
898 1169 989 1208 eas
1014 1156 1217 1223 loquar,
1242 1169 1426 1209 necne.

650 1245 704 1302 9..
739 1244 1000 1311 Quomodo
1029 1246 1192 1299 dicere
1215 1246 1425 1315 potuerit
1450 1242 1678 1300 Christus
1704 1244 1926 1308 eamdem
1955 1244 2148 1300 doctri-

576 1353 690 1387 nam
719 1352 822 1387 esse
847 1345 892 1389 et
922 1352 1019 1389 non
1048 1352 1152 1390 esse
1178 1354 1340 1390 suout.
1373 1335 1671 1406 llypostasis
1696 1337 1797 1390 alia
1824 1336 2015 1402 Patris,
2044 1340 2149 1394 alia

579 1426 719 1479 Filii.
743 1457 813 1466 —
833 1425 1109 1491 Quomodo
1128 1442 1218 1481 sua
1243 1442 1360 1481 esse
1386 1437 1574 1496 potest,
1600 1437 1653 1481 et
1679 1443 1781 1480 non
1809 1441 1901 1481 sua
1920 1427 1943 1479 ?
1963 1427 2146 1497 Neque

575 1520 717 1571 enim
740 1518 890 1581 dixit,
918 1518 1161 1571 Doctrina
1192 1518 1305 1571 hate
1334 1534 1437 1571 non
1463 1527 1541 1571 est
1565 1534 1679 1572 mea
1704 1535 1717 1583 ;
1741 1519 1833 1573 sed
1854 1535 1974 1574 eum
2000 1521 2146 1589 prius

573 1625 743 1663 meam
776 1610 1014 1675 dixisset,
1036 1618 1089 1664 et
1116 1609 1212 1664 sibi
1245 1611 1509 1680 propriam
1539 1610 1771 1677 fecisset,
1798 1622 1920 1668 tunc
1947 1613 2141 1676 intulit,

572 1700 694 1754 Non
724 1712 795 1754 est
826 1702 955 1755 utea.
987 1701 1263 1766 Quomodo
1296 1711 1464 1770 potest
1499 1702 1723 1770 idipsum
1753 1719 1872 1758 esse
1909 1721 2061 1759 suum
2089 1716 2143 1761 et

569 1808 674 1846 non
714 1794 901 1847 suum?
937 1791 1040 1849 Sua
1064 1835 1077 1857 ,
1110 1792 1228 1863 quia
1274 1810 1375 1847 non
1414 1793 1462 1847 id
1501 1795 1719 1849 edoctus
1756 1795 2002 1864 dicebat;
2035 1815 2138 1855 non

567 1902 658 1940 sua
683 1928 697 1952 ,
727 1888 847 1955 quia
878 1886 1115 1942 doctrina
1148 1887 1320 1941 Patris
1344 1898 1479 1941 erat.
1511 1889 1788 1956 Quomodo
1816 1905 1946 1960 ergo
1973 1891 2137 1958 dicit,

570 1978 751 2030 Omnia
780 1993 892 2044 qua?
915 1988 1030 2030 sunt
1060 1977 1231 2031 Patris
1258 1995 1366 2032 mea
1393 1988 1508 2033 sunt
1526 2022 1540 2043 ,
1574 1989 1620 2033 et
1651 1997 1764 2050 qua:
1792 1998 1935 2047 mea,
1970 1982 2150 2040 Patris.

567 2068 741 2134 (Jotm.
778 2069 862 2121 Π.
894 2068 1021 2138 t0)?
1048 2068 1102 2123 Si
1128 2070 1267 2122 enim
1299 2069 1417 2138 quia
1446 2069 1617 2124 Patris
1640 2079 1754 2134 est,
1783 2071 1903 2126 ideo
1930 2088 2033 2127 non
2056 2084 2138 2128 est

567 2170 649 2212 tua
672 2201 686 2223 ,
720 2159 909 2215 falsum
950 2168 1032 2215 est
1076 2160 1239 2221 illud;
1282 2161 1399 2215 ideo
1440 2177 1664 2230 namque
1692 2174 1777 2217 tua
1809 2178 1928 2219 esse
1954 2166 2131 2225 debet.

561 2252 664 2307 Sed
698 2253 863 2317 illud,
900 2252 1018 2307 Non
1057 2267 1129 2307 est
1166 2271 1308 2318 mea,
1340 2269 1486 2308 suam
1514 2264 1570 2309 et
1600 2255 1771 2319 Patris
1811 2257 2131 2313 voluntatem

563 2359 717 2396 unam
740 2360 860 2398 esse
885 2345 1137 2413 majorem
1163 2346 1214 2399 in
1233 2346 1443 2400 modum
1466 2346 1735 2412 declarat;
1758 2362 1819 2402 ac
1841 2348 1883 2402 si
1906 2349 2128 2416 diceret,

558 2433 696 2487 Nihil
738 2434 893 2489 habet
932 2436 1229 2501 diversum,
1259 2438 1408 2506 quasi
1452 2439 1671 2493 alterius
1710 2450 1869 2495 esset.
1911 2440 2129 2497 Etiamsi

558 2530 698 2581 enim
734 2527 1032 2597 hypostasis
1068 2530 1137 2582 sit
1169 2528 1289 2593 alia,
1319 2530 1396 2584 sic
1425 2530 1631 2600 loquor,
1659 2532 1736 2596 sic
1764 2547 1883 2600 ago.
1918 2548 1986 2587 ne
2014 2535 2128 2589 exi-

556 2620 801 2672 stimetur
828 2620 967 2672 aliud
1008 2635 1035 2673 a
1076 2619 1265 2683 Patre,
1298 2620 1391 2674 sed
1432 2622 1571 2675 idem
1608 2622 1778 2690 ipsum
1808 2624 1946 2691 quod
1977 2625 2131 2679 Pater

556 2710 711 2773 facit,
740 2719 794 2765 et
830 2711 910 2779 agi
947 2720 1000 2765 et
1033 2711 1155 2764 diei.
1196 2710 1600 2766 'Deiudealimn
1649 2715 1860 2768 adducit
1909 2716 2123 2785 syllogi«

552 2819 722 2857 sutum
748 2844 763 2867 ,
796 2802 879 2857 cui
909 2804 1198 2858 contradici
1248 2815 1494 2873 nequeat.
1531 2806 1761 2859 humano
1790 2815 1843 2861 et
1870 2818 2125 2862 e0nsueto

552 2894 797 2963 exemplo
844 2896 1044 2948 nixum.
1082 2895 1357 2961 Quodnam
1407 2897 1533 2951 ilhul
1565 2898 1685 2952 est?
1720 2899 1805 2954 18.
1842 2900 1939 2967 Qui
1976 2917 2009 2954 a
2043 2918 2125 2954 se-

552 2986 661 3050 ὀρεο
687 2985 931 3052 loquitur,
956 2987 1209 3053 propriam
1237 2986 1450 3054 gloriam
1478 2989 1674 3055 quierit.
1701 2990 1753 3043 Id
1776 2999 1876 3055 est,
1904 2992 1991 3059 qni
2015 2994 2124 3046 vult

551 3076 648 3130 sibi
683 3077 947 3144 propriam
978 3085 1213 3133 statuere
1246 3077 1542 3133 doctrinam
1564 3122 1578 3141 ,
1610 3081 1736 3135 nihil
1766 3082 1905 3136 aliud
1936 3092 2120 3152 optat,

549 3185 706 3237 quam
738 3180 794 3223 ιιι
822 3171 920 3225 sibi
949 3171 1169 3240 gloriam
1196 3171 1316 3225 hinc
1342 3174 1511 3242 pariat
1535 3174 1572 3226 ι.
1600 3173 1655 3229 Si
1676 3186 1851 3229 autem
1875 3192 1974 3246 ego
2000 3179 2128 3231 nolo

550 3261 674 3314 mihi
703 3261 923 3331 gloriam
965 3277 1149 3330 parere
1173 3303 1187 3327 ,
1224 3279 1320 3316 cur
1365 3265 1630 3334 propriam
1676 3266 1973 3321 doctrinam
2007 3279 2120 3322 sta-

548 3364 694 3406 tuere
721 3353 916 3421 cupio?
947 3353 1047 3420 Qui
1074 3369 1105 3405 a
1130 3354 1392 3423 semetipso
1420 3355 1670 3424 loquitur;
1702 3355 1750 3410 id
1777 3366 1879 3418 est,
1907 3357 2005 3424 Qui
2036 3358 2118 3412 di-

545 3461 749 3498 versum
781 3446 1045 3515 quidpiam
1076 3458 1128 3501 et
1158 3448 1257 3500 sibi
1294 3449 1560 3517 proprium
1595 3449 1766 3515 all'ert,
1802 3451 1920 3505 ideo
1950 3451 2121 3521 loqui-

544 3547 627 3588 tur
648 3547 701 3589 ut
722 3526 938 3604 gloriam
961 3538 1058 3591 sibi
1093 3548 1256 3606 paret.
1283 3540 1335 3594 Si
1359 3551 1535 3595 autem
1562 3556 1660 3610 ego
1688 3557 1869 3611 quarm
1894 3543 2114 3612 gloriam

542 3626 654 3692 ejus
674 3628 760 3696 qui
786 3627 927 3681 misit
954 3643 1057 3693 me,
1082 3644 1177 3683 cur
1202 3630 1300 3682 alia
1325 3630 1517 3685 dueere
1539 3632 1734 3686 velim?
1758 3632 1941 3687 Videu'
1969 3636 2113 3689 illum

539 3718 764 3781 quadam
804 3718 873 3772 de
913 3733 1071 3772 causa
1117 3720 1293 3775 dicere
1333 3736 1392 3776 se
1441 3722 1568 3775 nihil
1614 3739 1642 3777 a
1682 3726 1859 3794 seipso
1904 3726 2116 3782 facere?

537 3810 790 3874 Quantam
823 3808 909 3864 illa
940 3825 1098 3864 causa
1132 3813 1256 3866 est?
1282 3812 1344 3869 Ut
1372 3814 1654 3869 crederent
1679 3831 1737 3871 se
1762 3834 1864 3871 non
1889 3818 2113 3888 gloriam

537 3901 670 3968 apud
700 3903 911 3971 vulgum
940 3913 1174 3973 captare.
1200 3905 1533 3975 Quapropter
1555 3922 1674 3961 cum
1705 3908 1920 3963 humilia
1946 3912 2115 3980 loqui-

537 4003 639 4054 tur,
670 3991 776 4063 Ego
804 3993 971 4048 Patris
994 3997 1207 4065 gloriam
1226 4014 1414 4066 (puero,
1444 3998 1631 4069 inquit,
1661 4010 1714 4055 ut
1741 4001 1984 4057 ostendat
2010 4004 2114 4060 illis

536 4083 749 4152 ubique,
780 4098 839 4137 se
870 4098 973 4138 non
1004 4100 1245 4155 quaerere
1278 4088 1519 4154 gloriam.
1551 4090 1659 4145 Cur
1686 4101 1863 4146 autem
1892 4092 2109 4150 humilia

535 4178 794 4245 loquatur,
829 4178 1010 4232 multa:
1035 4187 1154 4232 sunt
1190 4195 1363 4235 eausa-
1389 4198 1403 4247 ;
1438 4192 1594 4251 puta,
1625 4198 1689 4239 ne
1720 4186 1983 4255 ingenitus
2012 4205 2110 4256 pu-

532 4276 670 4321 tetur
695 4284 814 4323 esse
837 4311 851 4332 ,
892 4287 959 4325 ne
1005 4270 1112 4326 Deo
1147 4272 1515 4335 adversarius,
1550 4285 1603 4328 ut
1628 4290 1842 4330 carnem
1876 4279 2112 4335 induisse

530 4362 797 4428 credatur,
828 4375 878 4418 ut
910 4364 1199 4419 inﬁrmitati
1232 4367 1532 4422 auditorum
1560 4370 1820 4459 censulat,
1846 4380 1902 4424 nt
1928 4372 2109 4427 mode-

530 4452 685 4506 stiam
725 4456 916 4508 Sectari
962 4464 1013 4510 et
1054 4455 1361 4524 iactantiam
1390 4457 1572 4527 fugere
1600 4452 1806 4517 doceat.
1850 4460 2107 4519 Sublimia

528 4558 652 4599 vero
681 4545 924 4614 loquendi
955 4563 1053 4600 una
1082 4550 1251 4602 solum
1280 4550 1574 4619 reperiatur
1595 4566 1774 4616 e:insa,
1804 4569 1993 4623 nempe
2016 4570 2109 4609 na.

530 4650 661 4690 Iura:
692 4641 1017 4707 prmstantia.
1044 4640 1147 4695 Sed
1180 4642 1222 4695 si
1252 4644 1371 4707 quia
1402 4644 1562 4709 dixit,
1598 4661 1657 4701 se
1683 4656 1807 4702 ante
1837 4648 2104 4703 Abraham

526 4730 709 4795 fuisse,
734 4730 918 4785 (ισοηεί
942 4741 1083 4798 sunt,
1110 4750 1215 4801 quo
1242 4751 1345 4789 non
1376 4737 1762 4806 prorupissent,
1790 4740 1833 4793 si
1860 4739 2105 4795 sublimia

524 4837 739 4890 semper
774 4822 1091 4879 audissent?
1118 4825 1205 4879 19.
1251 4826 1434 4881 Nonne
1478 4828 1678 4900 Moyses
1707 4832 1843 4885 dedit
1870 4834 2005 4887 vobis
2034 4835 2107 4888 lc-

522 4930 631 4981 gem
652 4956 666 4979 ,
703 4926 749 4967 et
783 4931 926 4968 nemo
960 4933 1023 4969 ea:
1058 4917 1193 4971 vobis
1232 4921 1353 4991 facit
1389 4922 1587 4991 legem?
1616 4923 1749 4989 Quid
1777 4942 1855 4977 me
1884 4928 2106 4996 quieritis

522 5006 801 5073 inter/icere
819 5008 845 5059 ?
868 5008 1036 5074 Quam
1063 5012 1518 5079 consequentiam,
1547 5015 1671 5083 quid
1699 5029 1982 5071 commune
2010 5017 2108 5073 ha-

525 5096 651 5150 bent
683 5096 794 5151 haec
823 5114 942 5153 cum
978 5101 1401 5170 prmcedentibus
1430 5104 1640 5159 verbis?

594 5184 823 5242 Christus
857 5206 909 5242 se
948 5196 1191 5265 a'qimtem
1232 5192 1335 5247 Deo
1366 5203 1412 5248 et
1441 5192 1587 5249 Patri
1615 5195 1754 5251 dicit.
1785 5229 1855 5239 —
1883 5199 1997 5252 Duo
2028 5201 2099 5256 illi

520 5280 744 5334 erimina
776 5281 1141 5345 intentabant;
1170 5286 1335 5350 aliud,
1360 5288 1501 5356 quod
1527 5289 1803 5343 sabbatum
1837 5294 2059 5347 solveret
2084 5312 2098 5360 ;

523 5374 682 5435 aliud,
715 5375 853 5444 quod
892 5376 1055 5431 Deum
1090 5377 1294 5439 Panem
1330 5380 1551 5447 diceret,
1582 5397 1744 5455 seque
1788 5384 1895 5439 Deo
1920 5402 2099 5455 mqua-

529 5464 628 5515 hain
673 5464 887 5520 faceret.
920 5468 1068 5535 Quod
1109 5472 1248 5522 enim
1289 5486 1392 5526 non
1425 5490 1487 5527 ex
1522 5473 1731 5529 illorum
1762 5477 2094 5546 suspicione,

527 5555 614 5609 sed
642 5571 705 5611 ex
748 5560 954 5627 propria
984 5564 1243 5617 sententia
1272 5566 1347 5619 sic
1373 5568 1717 5638 loqueretur;
1749 5581 1799 5624 at
1833 5587 1935 5625 non
1964 5573 2099 5628 sicut

590 5691 602 5719 '
638 5688 705 5767 In.
722 5689 881 5739 Morel.
910 5690 1105 5767 legitur,
1123 5695 1204 5765 qui
1228 5696 1322 5746 rult
1344 5710 1374 5747 a
1397 5700 1644 5767 semetipzo
1671 5702 1797 5767 (σηιὴὶ
1819 5704 1939 5755 miti!
1960 5705 2094 5756 alia!

526 5752 720 5804 intenuit
746 5765 887 5815 quant
912 5752 1023 5806 inite
1044 5752 1246 5820 gloriam
1270 5762 1508 5825 consequi.

3748 319 3848 375 276

2270 422 2356 473 alii
2388 422 2556 485 multi,
2588 422 2678 475 sed
2709 423 2857 489 quasi
2893 424 3163 491 propritttti
3193 425 3291 478 sibi
3320 436 3367 478 et
3401 427 3655 481 eximium
3686 430 3734 483 id
3764 430 3845 484 tli-

2266 522 2433 574 reret,
2459 512 2577 565 hinc
2600 512 2769 579 palam
2794 521 2894 567 eSt.
2923 513 3068 566 Multi
3093 531 3234 584 saepe
3262 526 3465 581 patrem
3488 535 3642 571 suum
3667 521 3845 575 dixere

2268 602 2431 657 Deum
2468 622 2482 657 :
2510 605 2731 673 exempli
2763 619 2942 669 causa,
2971 606 3105 660 Deus
3127 624 3254 661 unus
3284 611 3466 661 crearit
3494 627 3607 676 nos,
3637 625 3686 666 et
3710 626 3851 681 pater

2264 711 2395 748 unus
2416 705 2486 747 rst
2510 698 2728 748 omnium
2757 708 2983 751 nostrum
3006 696 3159 766 (Mal.
3192 701 3245 754 2.
3280 702 3402 771 10);
3437 719 3534 757 nec
3565 700 3843 775 βώμιοι-θη

2265 786 2489 853 populus
2518 787 2732 855 aequalis
2770 788 2877 840 Deo
2917 800 3051 842 erat.
3083 793 3420 862 Quapropter
3457 811 3562 853 non
3601 798 3845 854 oﬂ‘emle-

2261 875 2454 929 bantur
2472 891 2591 931 eum
2620 877 2732 932 luce
2750 880 3014 934 audirent.
3042 881 3106 937 Ut
3124 898 3249 951 ergo
3269 898 3389 939 cum
3408 885 3519 942 dice
3531 899 3648 943 rent
3671 891 3842 960 ipsum

2259 982 2322 1019 ex
2357 966 2462 1021 Deo
2493 982 2595 1021 non
2627 983 2775 1032 esse,
2813 970 2956 1037 ipsos
2985 987 3125 1041 sape
3152 976 3423 1040 correxit,
3456 988 3510 1033 et
3538 979 3604 1034 de
3635 983 3841 1038 sabbati

2257 1056 2519 1111 solutione
2556 1072 2675 1112 sese
2714 1060 2951 1117 defendit
2980 1080 2992 1118 :
3026 1064 3095 1117 ita
3127 1065 3169 1118 si
3200 1081 3263 1120 ex
3307 1067 3517 1125 illorum
3554 1072 3836 1140 opinione,

2259 1163 2363 1201 non
2394 1164 2458 1202 ex
2486 1165 2577 1203 sua
2610 1154 2870 1206 sententia
2900 1152 3003 1209 hoc
3031 1156 3228 1210 dictmn
3258 1157 3463 1224 luisset,
3494 1163 3837 1232 corripuisset

2258 1238 2393 1291 haud
2415 1239 2575 1294 dubie
2598 1240 2733 1306 illos,
2753 1241 3099 1314 dixissetque,
3124 1246 3229 1301 Cur
3250 1264 3334 1304 me
3357 1252 3552 1319 putatis
3574 1256 3834 1323 mqualeiu

2253 1345 2372 1385 esse
2402 1330 2554 1385 Deo?
2583 1332 2696 1386 Non
2729 1348 2843 1387 smn
2874 1337 3114 1406 aequalis.
3154 1338 3345 1394 Verum
3377 1343 3503 1397 nihil
3531 1343 3833 1414 huiusmodi

2251 1419 2415 1485 dixit,
2447 1423 2553 1476 imo
2592 1426 2826 1479 ostendit
2864 1427 2915 1480 in
2956 1430 3300 1497 sequentibus
3326 1448 3386 1487 se
3418 1450 3541 1489 vere
3574 1439 3835 1506 :equalem

2253 1511 2349 1565 insi
2381 1527 2516 1567 esse.
2551 1513 2680 1569 illud
2712 1516 2853 1570 enim
2879 1558 2893 1579 ,
2927 1518 3075 1571 Sicut
3112 1518 3269 1575 Pater
3304 1526 3511 1577 suscitat
3537 1540 3763 1580 mortuos
3792 1541 3835 1583 et

2250 1604 2498 1670 rit'iﬁcat,
2534 1606 2606 1660 sic
2645 1615 2690 1659 et
2736 1606 2939 1673 Filius;
2966 1619 3052 1675 et,
3086 1610 3152 1664 Ut
3180 1629 3349 1666 omnes
3375 1617 3711 1685 honori/irent
3742 1622 3833 1674 Fi-

2250 1694 2391 1761 lium,
2416 1706 2471 1748 ut
2496 1700 2828 1767 honoriﬁcam
2855 1701 3061 1756 Putrem
3085 1723 3104 1769 ;
3132 1714 3205 1769 et,
3237 1706 3406 1775 Opera
3429 1727 3540 1779 qua!
3559 1713 3669 1780 ipse
3692 1717 3831 1779 facit,

2247 1786 2353 1838 Itarc
2381 1798 2425 1841 et
2455 1787 2620 1843 Filius
2658 1792 2887 1845 similiter
2924 1796 3047 1860 facit
3075 1812 3094 1847 .·
3125 1797 3237 1851 Ιιίῐιρ
3264 1801 3439 1853 ιιιιιιιί.ι
3473 1806 3831 1871 τιιιξιιςιιίιιιιυιει

2244 1879 2580 1933 confirmant.
2608 1881 2681 1935 De
2704 1883 2818 1953 lege
2839 1902 3045 1956 quoque
3066 1888 3162 1948 ait.
3191 1888 3365 1943 Nolite
3384 1904 3562 1961 putare
3582 1900 3703 1963 quia
3727 1903 3831 1954 t‘t’tti

2244 1968 2435 2022 solvere
2460 1970 2617 2041 legem
2657 1985 2743 2025 aut
2782 1978 3051 2044 ιινοιιΙιειιιδ
3083 1980 3294 2050 (Matt/1.
3326 1984 3382 2038 5.
3426 1986 3537 2057 l7).
3579 1988 3667 2043 Sic
3697 1994 3832 2047 solet

2244 2059 2410 2113 malas
2453 2064 2787 2132 suspiciones
2835 2084 2900 2121 ex
2943 2072 3210 2126 mentibus
3237 2075 3490 2132 evellere.
3525 2079 3622 2135 llic
3650 2095 3831 2139 autem

2240 2154 2594 2221 :equalitatem
2617 2172 2736 2211 cum
2766 2159 2923 2215 Patre
2950 2180 3053 2216 non
3081 2166 3240 2219 modo
3265 2183 3368 2224 non
3402 2172 3557 2237 tollit,
3582 2175 3675 2229 sed
3703 2193 3831 2231 con-

2240 2244 2436 2300 llrmat.
2484 2247 2660 2315 Quare
2702 2251 2826 2305 alibi
2877 2254 3177 2311 dicentibus
3228 2260 3362 2327 illis,
3415 2261 3568 2318 Facis
3612 2268 3828 2335 teipsum

2238 2335 2423 2398 Deum,
2454 2342 2813 2411 suspicionem
2846 2362 2949 2399 non
2979 2348 3204 2416 depulit,
3238 2352 3346 2404 imo
3379 2370 3553 2409 veram
3584 2360 3827 2425 probavit

2239 2427 2320 2481 his
2349 2430 2524 2483 Verbis
2555 2449 2567 2484 :
2601 2430 2667 2486 Ut
2693 2445 2861 2487 autem
2891 2439 3060 2493 sciatis
3088 2442 3206 2510 quia
3236 2453 3527 2512 potestatem
3555 2447 3703 2501 liabet
3737 2450 3826 2503 l"i«

2237 2519 2335 2572 lius
2352 2520 2567 2574 hominis
2583 2525 2867 2579 dimittendi
2888 2542 3091 2597 peccata
3111 2532 3160 2585 iit
3184 2542 3335 2598 ιρι-να,
3361 2538 3481 2591 dicit
3503 2544 3784 2612 paralytiro
3806 2562 3822 2599 :

2238 2610 2381 2666 Tolle
2412 2615 2710 2683 grabbatum
2738 2630 2910 2685 tuum,
2946 2632 2992 2675 et
3016 2625 3220 2679 antbula
3248 2628 3460 2697 (Matth.
3492 2632 3545 2685 9.
3578 2610 3666 2703 6').—
3691 2635 3822 2691 Illuc!

2234 2704 2393 2772 igitur
2422 2708 2562 2774 quod
2596 2710 2740 2778 prius
2768 2713 2965 2766 dictum
2994 2727 3095 2780 εει,
3123 2720 3424 2783 eonllrmat.
3453 2726 3595 2794 quod
3628 2744 3822 2795 nempe

2230 2800 2487 2867 mqualem
2520 2818 2593 2856 se
2609 2804 2763 2858 faciat
2794 2807 2903 2861 Deo
2929 2825 2943 2871 ;
2977 2811 3316 2881 ostenditque
3341 2831 3400 2870 se
3427 2833 3531 2871 non
3560 2836 3681 2875 esse
3713 2823 3824 2876 Drin

2229 2890 2613 2962 adversarium,
2638 2897 2730 2950 sed
2755 2898 2962 2965 eadem,
2987 2918 3104 2969 qua:
3129 2896 3216 2957 ille
3237 2905 3384 2972 dicit,
3407 2908 3606 2974 dicere,
3631 2914 3818 2968 eadem

2228 2981 2460 3048 docere;
2507 2984 2719 3042 demum
2766 2988 2834 3043 de
2877 2992 3081 3047 sabbati
3128 2996 3390 3052 solutione
3433 3002 3542 3070 agit
3583 3004 3815 3060 dit-ens:

2230 3071 2417 3128 Nonne
2442 3075 2646 3148 Moyses
2675 3080 2811 3133 dedit
2840 3083 2974 3136 vobis
3000 3082 3175 3154 legem,
3207 3098 3253 3140 et
3284 3106 3427 3143 nemo
3457 3108 3518 3145 ex
3544 3094 3679 3149 vobis
3707 3114 3817 3150 ser-

2227 3176 2306 3217 vat
2325 3166 2519 3236 legem?
2539 3172 2613 3224 Ac
2634 3172 2677 3225 si
2695 3172 2898 3228 diceret
2923 3192 2935 3227 :
2963 3176 3068 3230 Lex
3091 3182 3297 3247 statuit,
3321 3164 3433 3236 Non
3457 3187 3701 3250 occides;
3723 3206 3816 3245 vos

2225 3266 2400 3312 autem
2423 3260 2686 3327 occiditis,
2711 3272 2869 3319 etme
2897 3275 2951 3319 ιιι
2974 3266 3106 3338 legis
3130 3280 3579 3342 transgressorcm
3598 3295 3817 3335 accusa-

2228 3347 2337 3400 tis?
2361 3348 2468 3403 Cur
2494 3362 2668 3405 autem
2700 3354 2849 3420 dixit,
2886 3355 3090 3413 Nemo?
3118 3362 3249 3427 Quia
3291 3378 3477 3419 omnes
3504 3373 3815 3435 qnmrehant

2225 3453 2345 3493 euut
2378 3440 2699 3497 interﬁcere.
2735 3445 2880 3515 Ego,
2912 3449 3080 3518 inquit
3105 3492 3117 3513 .
3147 3453 3191 3506 si
3223 3454 3394 3521 legem
3426 3459 3559 3512 solvi
3581 3500 3595 3521 ,
3630 3462 3681 3515 id
3713 3464 3744 3533 [ι
3764 3465 3814 3519 ei

2222 3540 2280 3583 ut
2308 3530 2576 3589 hominem
2604 3552 2876 3593 servarem
2904 3558 2917 3603 ;
2945 3557 3038 3595 vos
3058 3554 3233 3598 autem
3260 3547 3324 3599 ad
3354 3552 3547 3603 malum
3577 3554 3814 3609 inferen-

2220 3624 2347 3678 dutn
2370 3629 2575 3682 solvitis
2604 3630 2767 3684 illam.
2803 3632 3022 3687 Etiamsi
3054 3640 3468 3705 transgredi-rer,
3500 3644 3549 3698 id
3577 3647 3642 3700 ad
3671 3650 3814 3703 salu-

2223 3729 2328 3773 tem
2357 3720 2511 3789 t‘aeio,
2538 3738 2708 3792 neque
2730 3738 3001 3795 oporteret
3024 3746 3107 3783 me
3128 3747 3157 3783 a
3182 3732 3350 3796 vobis,
3375 3738 3461 3804 qui
3487 3739 3537 3791 in
3563 3743 3814 3808 gravibus

2222 3811 2363 3864 illam
2392 3815 2845 3883 transgredimiui,
2874 3818 3124 3875 incusari.
3158 3822 3289 3877 Nam
3320 3829 3461 3896 quod
3491 3844 3585 3882 Vos
3618 3834 3809 3897 tacitis,

2221 3901 2350 3971 legis
2379 3910 2591 3960 eversio
2619 3924 2837 3977 prorsus
2869 3920 2967 3966 est.
3006 3913 3206 3970 Deinde
3234 3918 3393 3972 etiam
3420 3919 3680 3984 decertat,
3712 3926 3815 3978 etsi

2222 3995 2368 4062 plura
2392 3998 2518 4051 olim
2542 4000 2915 4069 disseruisset;
2946 4005 3037 4060 sed
3064 4015 3187 4061 tunc
3211 4010 3508 4074 sublimius,
3540 4024 3593 4068 et
3618 4030 3813 4073 secun-

2217 4086 2343 4141 dum
2364 4088 2681 4160 dignitatem
2711 4110 2899 4161 suam;
2927 4114 3066 4153 nunc
3089 4111 3268 4155 autem
3299 4104 3567 4158 humilius.
3594 4107 3815 4175 Quare?

2216 4181 2349 4247 Quia
2382 4186 2593 4241 nolebat
2626 4197 2731 4240 tam
2773 4188 3081 4259 frequenter
3119 4194 3239 4248 illos
3276 4210 3635 4266 exasperare;
3667 4220 3809 4261 nunc

2215 4289 2347 4328 vero
2384 4276 2463 4331 ira
2502 4277 2942 4345 ineemlehantnr,
2979 4292 3032 4337 et
3066 4284 3117 4337 in
3155 4286 3354 4343 credem
3397 4293 3807 4359 praeessissent.

2216 4365 2549 4438 QuaprOpter
2588 4372 2783 4425 insistit
2810 4382 2865 4427 ιιι
2901 4390 3086 4431 eorum
3116 4378 3327 4434 sedaret
3353 4382 3626 4451 animum,
3662 4389 3810 4445 hisce

2214 4459 2422 4515 duobus
2448 4472 2601 4518 utens
2634 4466 2825 4531 modis,
2858 4477 2910 4521 et
2941 4467 3144 4524 facinus
3169 4485 3464 4542 coarguens
3494 4476 3576 4530 his
3605 4479 3802 4544 verbis,

2215 4553 2351 4627 Quid
2382 4571 2459 4609 me
2484 4559 2707 4625 (liuet-itis
2731 4559 3048 4626 interﬁcere?
3070 4570 3125 4617 et
3151 4565 3393 4621 modeste
3421 4569 3625 4625 addens
3645 4612 3660 4634 ,
3699 4572 3806 4626 ΙΙο-

2214 4646 2417 4713 minem,
2445 4649 2531 4717 qui
2560 4651 2815 4705 veritatem
2840 4654 3073 4725 loquutus
3100 4672 3233 4723 sum,
3259 4668 3313 4712 et
3340 4661 3631 4717 ostendens
3660 4665 3799 4731 illos,

2212 4755 2332 4794 cum
2364 4741 2562 4796 cmdem
2594 4744 2822 4810 Spirent,
2848 4761 2953 4800 non
2977 4746 3172 4803 debere
3198 4748 3267 4803 de
3292 4749 3409 4803 aliis
3432 4736 3695 4818 judicare.
3722 4756 3803 4814 Tu

2211 4846 2338 4885 vero
2369 4832 2495 4885 mihi
2528 4834 2838 4889 consideres
2867 4837 3046 4902 velim,
3077 4855 3235 4907 quam
3264 4842 3334 4894 sit
3360 4840 3575 4898 humilis
3602 4846 3800 4902 Christi

2212 4922 2573 4993 interrogatio,
2603 4940 2760 4992 quant
2792 4929 3087 4982 truculenta
3121 4931 3329 4985 illorum
3364 4939 3641 5003 responsio
3666 4956 3679 4990 :
3708 4939 3799 4993 ‘20.

2210 5004 2529 5068 Pannonium
2570 5014 2722 5071 [tabes
2749 5035 2768 5072 :
2794 5022 2905 5089 quis
2934 5030 2981 5073 te
3006 5024 3183 5090 quierit
3213 5025 3534 5093 interﬁcere?
3565 5028 3799 5085 Verbum

2212 5108 2301 5161 ira:
2332 5117 2386 5163 et
2416 5108 2609 5163 luroris
2630 5152 2643 5174 ,
2673 5112 2942 5182 animique
2984 5116 3035 5168 in
3081 5116 3458 5185 impudentiam
3487 5123 3628 5187 acti,
3657 5126 3797 5193 quod

2212 5199 2571 5269 inexspcetato
2616 5204 2775 5261 modo
2822 5205 3300 5277 redarguerentur,
3334 5221 3388 5265 et
3427 5229 3486 5267 se
3520 5214 3799 5271 lacessitos

2208 5304 2472 5363 putarent.
2506 5295 2573 5353 Ut
2597 5298 2738 5351 enim
2771 5298 3003 5354 latrones
3032 5302 3081 5355 in
3111 5304 3312 5357 insidiis
3334 5314 3571 5372 mutant,
3600 5306 3795 5363 deinde

2207 5396 2267 5441 ut
2296 5388 2610 5457 imparatum
2641 5392 3053 5460 aggrediantur,
3088 5395 3298 5448 silentio
3338 5411 3448 5450 rem
3492 5408 3748 5469 peragunt
3778 5418 3791 5453 :

2207 5480 2275 5534 ita
2306 5488 2359 5534 et
2396 5481 2585 5536 Judaei.
2631 5482 2747 5552 Ipse
2794 5499 2953 5548 vero,
2995 5486 3191 5540 omissa
3238 5503 3358 5556 repr
3396 5488 3685 5555 hensione,
3730 5504 3792 5543 ιιι

2208 5574 2625 5644 impudentiores
2658 5575 2934 5638 redderet,
2964 5577 3032 5631 de
3061 5578 3265 5632 sabbati
3291 5595 3500 5634 rursum
3528 5581 3797 5635 solutione

2206 5681 2324 5721 sese
2354 5676 2561 5736 purgat,
2593 5683 2655 5722 ex
2689 5670 2801 5737 lege
2831 5683 2951 5722 eum
2983 5669 3086 5722 illis
3110 5670 3407 5737 disputans.

2281 5761 2329 5815 5.
2366 5760 2427 5815 lit
2461 5762 2577 5815 vide
2613 5776 2767 5833 quam
2819 5761 3123 5831 prudenter.
3156 5762 3293 5818 i‘iihil
3325 5764 3517 5821 mirum
3539 5805 3554 5832 ,
3588 5766 3787 5838 inquit,
