4088 6492
211 414 306 470 277
1316 409 1381 466 ΙΝ
1419 405 1733 467 ,ΙΟΑΝΝΕΜ
1773 405 1802 462 ll

1911 404 2006 470 ll...
2054 406 2116 463 L.
2157 410 2226 465 al.
2271 410 2452 468 XLIX.

210 555 249 608 si
283 553 410 607 tnihi
441 568 549 609 non
582 569 784 609 morem
813 553 1014 625 geritis,
1044 552 1257 623 quando
1286 568 1355 608 ne
1383 553 1554 622 legem
1586 551 1806 622 quidem

210 644 426 710 auditis,
456 655 513 701 et
539 661 701 716 quam
723 660 751 698 a
775 644 955 716 Moyse
981 643 1159 699 datam
1185 643 1404 713 putatis,
1426 658 1542 697 eam
1570 643 1800 698 violatis.

208 731 346 790 Nihil
373 752 506 807 ergo
535 752 755 804 novum,
778 737 823 792 si
852 736 1028 792 verbis
1053 736 1187 790 meis
1212 750 1318 790 non
1345 735 1640 790 attentlitis.
1671 735 1804 802 Quia

208 828 348 881 enim
375 827 658 890 dixerant,
695 826 864 899 Moysi
901 827 1136 896 loquutus
1163 835 1236 881 est
1268 825 1437 888 Deus,
1467 826 1602 879 hunc
1638 836 1806 879 autem

209 921 455 974 nescimus
484 920 622 974 unde
648 921 713 974 sit
735 918 914 988 (Joan.
948 919 1002 975 0.
1029 919 1144 990 29),
1171 920 1403 975 ostendit
1428 921 1559 989 ipse,
1586 919 1803 989 Moysen

205 1016 270 1070 ab
298 1017 400 1071 illis
427 1016 817 1071 contumeliose
850 1015 1086 1069 habitum
1111 1033 1124 1068 :
1150 1030 1272 1069 eum
1304 1014 1396 1070 ille
1424 1013 1596 1084 legem
1627 1013 1806 1068 dedis-

206 1118 282 1163 set
309 1152 322 1173 ,
352 1124 515 1178 quam
551 1108 651 1178 ipsi
679 1124 783 1163 non
817 1107 1087 1162 audirem.
1114 1106 1205 1162 ει.
1240 1105 1412 1162 Unum
1444 1123 1572 1176 Opus
1599 1107 1730 1177 feci,
1759 1116 1806 1160 et

205 1217 374 1256 omnes
399 1201 682 1255 miramini.
707 1200 1090 1257 Animadverte
1119 1198 1391 1269 quomodo
1413 1199 1500 1254 ubi
1532 1213 1653 1254 sese
1677 1213 1804 1266 pur-

205 1307 326 1360 gare
348 1302 647 1362 oporteret,
677 1303 730 1346 ct
757 1290 995 1345 oblatum
1018 1291 1220 1345 crimen
1245 1290 1545 1355 confutare,
1581 1289 1667 1342 ille
1696 1303 1803 1342 non

205 1383 416 1439 l'atretn
457 1394 883 1446 commemoret,
917 1382 1012 1437 sed
1050 1397 1332 1452 personam
1372 1396 1524 1437 suam
1568 1381 1800 1435 inducat.

208 1475 378 1530 Unum
405 1493 539 1546 apns
565 1478 681 1548 feci.
708 1476 833 1532 Vttlt
864 1477 1169 1540 ostendere.
1202 1479 1246 1531 si
1275 1493 1380 1532 non
1409 1477 1641 1542 iecisset,
1677 1487 1804 1531 tunc

205 1568 374 1633 legem
404 1570 637 1624 solutam
666 1569 770 1623 dici
802 1571 1058 1638 potuisse,
1088 1579 1142 1624 et
1171 1570 1334 1624 multa
1365 1584 1485 1625 esse
1514 1570 1801 1624 observant

202 1661 441 1730 digniora
468 1702 484 1726 ,
530 1677 690 1732 quam
742 1662 912 1732 legem
953 1679 967 1715 ε
1005 1661 1351 1734 Moysemque
1397 1672 1581 1717 contra
1632 1662 1802 1732 legem

202 1751 511 1806 mandatum
534 1753 830 1820 accepisse,
854 1752 994 1821 quod
1021 1752 1138 1822 lege
1159 1753 1370 1822 dignius
1395 1761 1558 1808 esset.
1588 1753 1803 1823 Dignior

200 1845 394 1913 quippe
437 1844 667 1900 sabbato
704 1845 1044 1900 circumcisio
1079 1855 1229 1906 erat.
1262 1849 1505 1916 quamvis
1534 1861 1595 1900 ea
1633 1862 1738 1899 non
1770 1861 1800 1899 a

201 1935 347 2007 lege,
381 1949 477 1993 seu
503 1954 540 1995 a
576 1939 814 2010 patribus
853 1939 1065 1994 inducta
1103 1939 1309 1995 fuisset.
1359 1939 1470 2010 Ego
1514 1956 1645 1996 vero
1689 1957 1800 1994 rem

200 2029 498 2100 digniorem
545 2030 929 2101 melioremque
971 2033 1070 2087 feci
1096 2074 1109 2094 ,
1142 2046 1302 2101 quatn
1340 2031 1412 2085 sit
1442 2032 1800 2087 circumcisio.

204 2120 368 2177 l’orro
394 2138 503 2176 non
531 2123 774 2178 meminit
806 2123 990 2193 legalis
1018 2123 1252 2179 mandati
1277 2140 1292 2188 ;
1326 2139 1520 2194 nempe
1548 2124 1690 2194 quod
1717 2139 1803 2178 sa-

200 2215 446 2271 cerdotes
469 2218 754 2273 sabbatum
779 2218 1257 2288 transgrediantur,
1279 2229 1333 2273 ιιι
1353 2218 1463 2288 jam
1485 2229 1609 2273 ante
1630 2219 1798 2273 dixit:

199 2306 291 2363 sed
331 2322 455 2364 cum
505 2309 697 2378 majori
739 2312 1058 2365 auctoritate
1107 2311 1360 2380 loquitur.
1408 2310 1538 2365 lllttd
1585 2321 1798 2378 autem,

204 2394 488 2462 Miramini,
520 2400 571 2454 id
597 2410 700 2468 est,
736 2402 1040 2457 turbantini.
1068 2401 1201 2456 Nam
1225 2402 1268 2457 si
1296 2403 1467 2472 legem
1499 2404 1567 2459 ita
1594 2403 1800 2458 firmant

201 2503 317 2543 esse
344 2491 702 2558 oportuisset,
732 2492 1069 2548 circumcisio
1098 2510 1202 2548 nou
1235 2494 1320 2547 illa
1355 2495 1696 2564 praestantior
1716 2509 1796 2550 es-

201 2590 313 2646 set;
345 2598 520 2653 neque
547 2583 788 2648 dixisset,
819 2599 879 2640 se
903 2587 1075 2655 majus
1101 2586 1373 2655 quidpiam
1403 2587 1614 2654 iecisse,
1641 2602 1800 2656 quam

201 2675 666 2730 circnmcisionem
691 2693 706 2742 ;
736 2676 830 2732 scd
859 2692 921 2733 ex
953 2678 1274 2734 auctoritate
1305 2679 1546 2734 conl'utat
1581 2694 1676 2735 eos
1715 2679 1801 2735 di-

202 2781 326 2821 cens
350 2783 363 2819 :
390 2767 484 2823 25.
516 2766 582 2823 Si
601 2769 1032 2824 circumcisionem
1062 2771 1243 2841 accipit
1269 2773 1438 2826 homo.
1469 2771 1656 2828 Vidcn’
1678 2784 1803 2830 tunc

204 2858 434 2914 maxime
462 2869 611 2914 stare
655 2859 863 2930 legem,
894 2877 1017 2918 cum
1055 2863 1223 2932 ipsam
1255 2864 1447 2917 solvit?
1472 2864 1648 2919 viden‘
1675 2865 1802 2919 sab-

206 2948 306 3003 bati
347 2951 680 3007 solutionem
725 2967 845 3007 esse
893 2952 1022 3022 legis
1063 2955 1531 3022 observationem;
1565 2957 1637 3011 ita
1670 2966 1728 3011 ut
1756 2956 1802 3012 sl

205 3057 305 3095 non
337 3041 528 3098 (uiaset
557 3044 790 3098 solutum
832 3044 1115 3100 sabbatum
1139 3086 1154 3110 ,
1197 3046 1366 3116 legem
1407 3048 1540 3103 solvi
1580 3064 1803 3106 necesse

205 3134 394 3190 fuerit?
427 3137 612 3206 Itaque
638 3137 810 3208 legem
837 3153 938 3208 ego
967 3140 1192 3194 lirmavi.
1219 3141 1334 3195 Non
1362 3142 1516 3207 dixit,
1546 3142 1671 3198 Milti
1699 3144 1803 3199 ira-

203 3227 408 3282 scimini
432 3271 445 3292 ,
479 3229 626 3300 quod
661 3245 771 3286 rem
799 3231 1209 3289 circumcisione
1239 3235 1496 3304 majorem
1529 3235 1752 3294 fecerim
1787 3256 1800 3293 :

204 3319 293 3374 sed
331 3336 446 3376 rem
478 3331 685 3376 tantum
716 3338 1026 3392 exponens,
1055 3324 1313 3394 judicium
1355 3329 1483 3398 ipsis
1519 3332 1762 3400 permisit
1784 3371 1801 3397 ,

205 3427 328 3468 nutu
376 3415 548 3484 magis
596 3416 896 3471 necessaria
940 3417 1009 3477 sit
1050 3418 1250 3489 integra
1287 3420 1515 3474 hominis
1553 3422 1760 3477 curatio
1784 3464 1800 3490 ,

207 3521 360 3574 quam
387 3507 752 3562 circumcisio.
791 3507 858 3564 Ut
883 3511 1094 3579 signum
1123 3512 1350 3580 accipiat
1385 3512 1547 3588 homo
1575 3513 1703 3569 nihil
1735 3516 1802 3570 ad

205 3599 565 3656 valetudinem
591 3601 908 3668 conferens,
943 3604 1025 3658 lex
1053 3604 1296 3670 solvitur,
1335 3607 1542 3676 lnqnit;
1575 3618 1631 3661 ιιι
1659 3618 1804 3666 tanto

206 3695 390 3750 morbo
414 3696 697 3761 liberetur,
728 3697 1115 3762 indignamini‘l
1143 3698 1232 3754 24.
1265 3698 1440 3754 Nolite
1453 3701 1696 3770 judicare
1720 3718 1800 3755 se-

205 3787 422 3839 cundum
458 3787 666 3856 facient.
699 3787 836 3855 Quid
865 3797 981 3854 est,
1010 3789 1300 3844 Secundum
1327 3791 1512 3858 {aciem
1532 3792 1558 3846 2
1577 3791 1654 3847 Ne
1679 3793 1799 3862 quia

206 3877 410 3950 Moyses
438 3880 490 3934 in
521 3880 730 3948 majore
759 3881 900 3949 apud
931 3896 1024 3935 vos
1053 3882 1449 3939 existimatione
1475 3894 1556 3939 est
1575 3926 1590 3952 ,
1620 3899 1649 3938 a
1682 3900 1803 3956 per-

205 3985 452 4026 sonarum
499 3973 762 4043 dignitate
814 3974 1076 4029 calculum
1131 3975 1354 4042 feratis;
1408 3977 1501 4034 sed
1546 3993 1575 4031 a
1621 3993 1800 4033 rerum

208 4073 430 4119 natura:
467 4064 600 4120 illud
641 4080 873 4134 namque
915 4076 997 4121 est
1032 4066 1176 4136 juste
1209 4067 1472 4137 judicare.
1503 4068 1614 4124 Cur
1640 4084 1802 4125 nemo

207 4154 419 4227 Moysen
449 4158 750 4212 incusavit?
769 4174 867 4214 cur
891 4175 1048 4215 nemo
1069 4161 1275 4216 obstitit
1291 4163 1499 4231 jubenti
1523 4163 1656 4218 solvi
1678 4164 1803 4219 sab-

208 4245 380 4302 batum
409 4265 508 4318 pro
551 4261 824 4320 pra-cepto
853 4253 1187 4307 extrinsecus
1216 4253 1318 4323 legi
1348 4254 1573 4309 addito?
1602 4253 1798 4310 Verum

208 4335 292 4392 ille
319 4339 519 4408 patitur
561 4349 887 4411 pra~ceptum
927 4341 1056 4398 illud
1101 4343 1218 4414 lege
1255 4358 1349 4399 sua
1389 4344 1600 4416 dignius
1638 4361 1795 4410 esse;

217 4468 1606 4493 Μ

1628 4486 1878 4495 —————

3410 423 3516 477 278

1915 530 2536 602 pnnceptnnt,'inquatn,
2565 547 2594 586 a
2628 533 2743 602 lege
2772 550 2875 588 non
2906 534 3094 599 latnnt,
3129 537 3223 591 sed
3251 541 3516 595 extrinse-

1911 635 2008 677 cus
2045 624 2301 689 allatum;
2328 627 2469 696 quod
2498 634 2582 682 est
2613 627 2795 695 utique
2827 629 3021 682 mirum
3053 646 3065 680 :
3097 643 3190 682 vos
3215 639 3392 685 autem
3425 633 3515 701 qni

1913 730 2018 768 non
2045 716 2176 769 estis
2206 714 2559 786 lcgislatores.
2591 715 2731 771 ultra
2763 717 2979 772 modum
3007 718 3179 789 legent
3209 720 3514 776 vindicatis.

1913 809 2109 864 Verum
2136 810 2242 865 fide
2266 811 2478 882 dignior
2503 811 2654 866 vobis
2682 821 2766 866 est
2803 811 3034 883 Moyses,
3061 814 3150 880 qui
3180 814 3350 884 legem
3379 816 3517 870 solvi

1861 936 1863 938 -
1911 902 2153 972 prmeipit
2196 901 2267 956 ob
2314 910 2639 972 praeceptum
2688 919 2794 958 non
2835 903 3024 974 legale.
3057 905 3192 959 Cum
3230 923 3357 977 ergo
3386 908 3515 965 dicit

1912 1000 2079 1047 totum
2132 992 2446 1057 hominem,
2496 993 2735 1048 declarat
2784 995 3252 1051 circumcisionem
3308 1011 3513 1068 partem

1913 1096 2117 1140 tantum
2150 1085 2468 1140 valetudinis
2498 1101 2638 1142 esse.
2683 1085 2749 1140 Et
2779 1103 2898 1157 qua:
2935 1097 3018 1142 est
3048 1089 3250 1143 sanitas
3277 1091 3513 1144 cireum-

1909 1178 2172 1234 cisionis?
2198 1179 2404 1244 Anima,
2434 1179 2623 1249 inquit,
2649 1178 2824 1234 omnis
2847 1196 2963 1248 qut:
2987 1195 3086 1233 non
3114 1181 3513 1248 circumciditur,

1910 1270 2323 1325 exterminabitur
2353 1270 2516 1340 (Gen.
2552 1272 2637 1326 ΓΙ.
2675 1271 2796 1342 Μ).
2840 1270 2955 1342 Ego
2995 1286 3126 1327 vero
3171 1287 3273 1325 nou
3321 1274 3513 1342 partim

1908 1379 2108 1434 a‘grum
2141 1363 2319 1428 modo,
2356 1366 2449 1418 sed
2484 1374 2650 1419 totum
2680 1375 2992 1434 corruptum
3027 1365 3303 1419 suscitavi.
3339 1364 3521 1420 Nolite

1909 1474 2028 1529 ergo
2053 1458 2292 1529 judicare
2321 1458 2598 1512 secundum
2630 1460 2831 1530 facient.
2861 1459 2973 1515 Hoc
3002 1470 3250 1530 putemus
3277 1477 3381 1514 non
3413 1460 3516 1516 illis

1911 1559 2114 1604 tantum
2143 1550 2344 1605 dictum
2374 1551 2557 1612 fuisse,
2588 1551 2683 1608 sed
2716 1551 2867 1608 nobis
2891 1567 3127 1624 qunque,
3159 1568 3225 1607 ne
3251 1552 3354 1606 ulla
3380 1553 3430 1607 itt
3457 1570 3516 1608 re

1905 1642 2166 1712 justitiam
2195 1659 2624 1714 eorrumpamns,
2655 1644 2748 1699 sed
2785 1660 2880 1713 pro
2922 1646 3008 1698 illa
3041 1647 3218 1700 omnia
3251 1661 3471 1715 agamus
3498 1664 3512 1710 ;

1910 1751 1977 1790 nc
2005 1735 2346 1792 attendamus
2376 1754 2441 1791 an
2469 1753 2670 1807 pauper
2695 1756 2761 1791 an
2790 1738 2946 1793 dives
2977 1740 3096 1808 quis
3120 1739 3222 1804 sit,
3255 1754 3353 1794 nec
3387 1756 3514 1809 per-

1907 1842 2068 1883 30nas
2089 1869 2104 1892 ,
2137 1828 2230 1882 sed
2260 1843 2347 1883 res
2376 1830 2740 1898 exploremus.
2773 1829 2894 1882 Non
2926 1829 3236 1884 misereberis
3256 1872 3271 1895 ,
3306 1831 3511 1897 inquit.

1908 1920 2146 1990 pauperis
2173 1920 2223 1973 in
2247 1919 2445 1990 judicio
2468 1919 2662 1990 (Exod.
2692 1921 2783 1976 23.
2814 1922 2893 1988 ὅ).
2918 1921 3054 1988 Quid
3085 1921 3183 1975 sibi
3213 1923 3321 1975 vult
3345 1921 3514 1974 illud?

1907 2011 1985 2067 Ne
2016 2010 2299 2082 frangaris,
2333 2013 2523 2081 inquit,
2557 2028 2624 2068 ne
2651 2013 2899 2079 nectaris,
2936 2013 2982 2067 si
3024 2030 3224 2084 pauper
3249 2015 3315 2069 sit
3347 2014 3394 2069 is
3420 2016 3510 2085 qui

1907 2104 2061 2160 la‘sit.
2104 2104 2257 2171 Quod
2289 2106 2332 2160 si
2365 2108 2582 2176 pauperi
2617 2123 2720 2162 non
2753 2107 3136 2180 ignoscendum
3163 2151 3179 2176 ,
3213 2109 3382 2164 multo
3407 2111 3512 2163 Illi-

1909 2212 2009 2254 nns
2033 2197 2204 2252 diviti.
2233 2198 2358 2253 Htec
2386 2214 2549 2268 porro
2573 2200 2695 2256 dico
2722 2217 2827 2255 non
2865 2200 3132 2270 judicibus
3163 2211 3385 2266 tantum,
3417 2202 3511 2257 sed

1907 2297 1961 2344 et
1986 2289 2256 2354 omnibus,
2282 2306 2346 2344 ne
2371 2307 2619 2362 umquam
2639 2291 2727 2361 jus
2755 2292 3004 2359 violetur,
3027 2293 3120 2348 sed
3145 2293 3511 2364 incorruptum

1908 2396 2124 2452 semper
2151 2393 2417 2438 servetur.
2459 2383 2673 2454 Diligit,
2707 2385 2909 2455 inquit,
2948 2385 3202 2456 justitiam
3238 2383 3510 2439 Dominus.

1911 2472 2012 2540 Qui
2037 2485 2203 2529 autem
2229 2475 2393 2544 diligit
2421 2476 2756 2547 iniquitatem,
2789 2477 2890 2531 odit
2912 2479 3137 2531 animant
3163 2494 3306 2530 suant
3335 2475 3510 2542 (Paul.

1910 2569 1996 2624 l0.
2027 2569 2106 2638 6).
2139 2568 2217 2625 Ne
2242 2611 2256 2634 ,
2288 2584 2472 2641 quaeso
2492 2611 2506 2632 ,
2538 2571 2746 2625 animas
2775 2580 2987 2625 nostras
3024 2569 3149 2625 odio
3181 2569 3472 2624 habeamus
3495 2613 3508 2629 .

1908 2676 2008 2718 nec
2033 2663 2366 2733 iniquitatem
2392 2663 2696 2734 diligamus.
2726 2663 2860 2718 lline
2883 2673 3027 2719 certe
3052 2678 3240 2734 parum
3269 2666 3350 2718 vel
3378 2664 3511 2718 nihil

1911 2751 2041 2809 lucri
2073 2769 2212 2809 nunc
2243 2754 2603 2824 percipimus;
2638 2755 2731 2810 sed
2765 2756 2816 2810 in
2846 2755 3023 2812 futuro
3062 2771 3310 2826 magnum
3339 2755 3514 2810 aderit

1907 2843 2162 2900 damnum
2189 2848 2225 2900 ⁸.
2266 2846 2376 2901 lttto
2406 2863 2474 2902 ne
2504 2847 2587 2901 hic
2614 2863 2824 2918 quoque
2856 2849 3134 2917 iniquitate
3163 2857 3344 2901 nostra
3373 2849 3514 2901 Ιίἰιρ-

1910 2952 2048 2989 mur.
2080 2935 2307 3003 Quando
2337 2937 2480 2992 enim
2513 2954 2635 2992 cum
2678 2939 2816 2993 mala
2859 2939 3187 2994 t‘0ttscientia
3223 2938 3273 2992 in
3304 2937 3513 2994 deliciis

1910 3042 2222 3096 versamur,
2255 3044 2434 3083 annon
2482 3031 2582 3086 hoc
2625 3031 2894 3085 cruciatus
2933 3040 2987 3084 et
3034 3029 3352 3101 supplicium
3391 3031 3514 3084 est?

1911 3120 2203 3190 Diligamus
2240 3139 2367 3190 ergo
2400 3124 2662 3192 justitiam
2710 3134 2764 3179 et
2811 3141 3100 3195 numquam
3153 3124 3289 3180 hanc
3335 3124 3508 3192 legem

1912 3213 2193 3268 violentus.
2221 3213 2357 3282 Quid
2390 3217 2533 3271 enim
2566 3217 2770 3271 fructus
2790 3232 2855 3271 ex
2886 3215 2986 3270 hac
3013 3217 3119 3269 vita
3141 3217 3393 3284 consequi
3419 3231 3513 3285 po-

1910 3307 2166 3372 terimus,
2205 3309 2307 3362 nisi
2349 3308 2473 3363 hinc
2499 3323 2620 3362 cum
2667 3310 2860 3363 virtute
2904 3309 3354 3376 migrat-erimus?
3384 3311 3510 3379 quid

1911 3398 2019 3453 i‘lic
2047 3399 2204 3453 nobis
2237 3399 2699 3468 patrocinabitur?
2728 3415 2795 3453 an
2827 3401 3093 3463 amicitia,
3125 3416 3191 3454 an
3223 3404 3511 3470 cognatio,

1909 3505 1976 3544 an
2021 3491 2235 3560 gratia?
2275 3490 2479 3560 Ecquid
2523 3492 2748 3561 gratiam
2789 3491 3074 3562 cujuslibet
3105 3490 3270 3546 dico?
3308 3492 3361 3547 Si
3401 3491 3515 3548 Noe

1913 3596 2116 3652 patrem
2149 3581 2440 3636 habeamus
2463 3625 2478 3648 ,
2512 3583 2555 3636 si
2595 3583 2787 3638 Jobum
2815 3625 2828 3648 ,
2862 3584 2906 3638 si
2954 3583 3223 3637 Danielent
3245 3626 3260 3648 ,
3299 3584 3348 3638 id
3382 3585 3511 3642 nihil

1914 3673 2068 3728 nobis
2096 3673 2363 3743 proderit,
2395 3674 2440 3728 si
2470 3685 2646 3728 nostra
2677 3687 2776 3728 nos
2801 3689 2964 3744 opera
2995 3674 3241 3741 prodant.
3275 3675 3378 3730 Sed
3408 3688 3510 3730 una

1913 3778 2049 3834 opus
2091 3764 2351 3820 habemus
2381 3765 2616 3831 virtute;
2650 3764 2764 3820 ha‘c
2810 3781 2908 3820 nos
2946 3781 3163 3820 servare
3202 3767 3395 3836 poterit
3458 3777 3514 3824 et

1913 3857 1982 3910 ab
2010 3866 2212 3911 a'terno
2258 3857 2377 3927 igne
2421 3858 2671 3913 liberare.
2713 3858 2840 3913 lbee
2880 3873 2978 3912 nos
3004 3859 3174 3914 mittet
3205 3861 3255 3914 itt
3290 3876 3509 3930 regnum

1913 3949 2204 4014 cmlot-um;
2235 3950 2376 4020 quod
2406 3952 2606 4005 utinam
2649 3967 2839 4006 omnes
2883 3967 3276 4022 consequamur
3297 3995 3313 4019 ,
3342 3960 3508 4020 gratia

1912 4049 1966 4094 et
1997 4040 2321 4111 benignitate
2352 4042 2560 4095 Domini
2600 4042 2766 4096 nostri
2807 4041 2933 4098 .lesu
2962 4043 3195 4108 Christi,
3229 4060 3322 4112 per
3349 4061 3508 4115 quem

1911 4141 1966 4185 ct
1991 4149 2111 4187 cum
2142 4148 2249 4203 quo
2275 4133 2415 4187 Patri
2444 4134 2635 4204 gloria,
2665 4149 2877 4204 unaque
2898 4144 3084 4189 sancto
3105 4134 3345 4204 Spiritui,
3369 4151 3512 4192 nunc

1912 4235 1961 4281 et
1995 4241 2225 4295 semper.
2252 4236 2302 4279 et
2333 4227 2383 4280 in
2416 4227 2609 4282 sarcula
2638 4228 2979 4281 surculorum.
3006 4229 3200 4281 Amen.

1979 4316 2077 4428 bll’n
2103 4317 2209 4368 aliis
2234 4318 2496 4380 legitur....
2524 4316 2654 4369 lucri
2670 4332 2797 4369 nunc
2821 4319 3134 4380 percipiunts,
3161 4320 3248 4369 sccl
3274 4320 3324 4369 in
3345 4320 3510 4382 futuro

1979 4393 2013 4428 rt
2047 4393 2187 4428 unus.

1909 4393 2187 4442 penvunus.

1630 4488 2108 4602 me:

208 4646 328 4705 Car.
360 4650 410 4704 7.
439 4667 488 4706 v.
513 4651 608 4706 25.
644 4648 890 4704 Dicebant
944 4668 1063 4722 ergo
1090 4656 1296 4723 quidam
1340 4672 1404 4710 ετ
1424 4654 1759 4728 Jerosolgtnis
1785 4674 1804 4713 :

279 4741 462 4796 Nonne
491 4744 573 4796 hic
599 4753 676 4796 est
702 4759 850 4813 quem
872 4757 1103 4813 quierunt
1136 4747 1454 4814 inter/icere?
1479 4747 1568 4802 26.
1597 4747 1661 4802 Et
1691 4766 1805 4804 ecce

278 4836 447 4902 palam
470 4834 700 4906 loquitur
720 4876 735 4899 ,
767 4844 812 4889 et
843 4835 973 4889 nihil
992 4838 1037 4890 ei
1065 4837 1257 4892 dicunt.
1292 4838 1556 4908 Numquid
1582 4856 1693 4895 vere
1717 4857 1806 4895 co.

277 4940 551 4997 gnooerunt
582 4927 863 4998 principes,
905 4931 1025 5000 quia
1064 4931 1145 4984 hic
1170 4943 1244 4986 est
1274 4948 1384 4986 uere
1403 4931 1676 4989 Christus?
1711 4935 1801 4988 27.

281 5021 382 5076 Sed
405 5024 538 5076 hunc
561 5021 754 5076 scimus
777 5022 907 5075 unde
934 5025 1019 5079 sit.

279 5159 330 5215 ί.
361 5158 425 5215 In
450 5160 645 5214 diuinis
667 5159 950 5229 Scripturis
979 5161 1108 5215 nihil
1135 5171 1316 5218 temere
1335 5165 1558 5234 positum
1601 5196 1670 5208 —
1702 5165 1798 5222 Ni-

219 5250 355 5306 ltilin
385 5253 584 5309 divinis
632 5252 926 5323 Scripturis
979 5265 1182 5310 temere
1223 5259 1456 5328 positum
1510 5270 1632 5325 est;
1684 5270 1807 5315 sunt

220 5344 353 5396 enim
380 5343 615 5414 Spiritus
637 5345 808 5399 sancti
835 5346 1000 5400 dicta.
1045 5346 1406 5415 Quamobrem
1439 5351 1617 5404 omnia
1652 5365 1808 5406 accu~

222 5446 327 5489 rate
349 5438 734 5506 disquiramus.
764 5438 847 5492 Ab
873 5454 975 5492 una
1005 5441 1203 5509 quippe
1239 5440 1472 5496 dictione
1501 5452 1669 5497 totum
1702 5460 1806 5498 ste-

225 5541 284 5594 pe
310 5541 522 5583 sensum
554 5529 837 5594 discimus,
869 5539 927 5584 ttt
953 5533 1113 5585 etiam
1153 5548 1296 5586 nunc
1338 5535 1623 5605 contingit.
1656 5535 1807 5589 Multi

224 5622 344 5674 enim
373 5639 434 5675 ca:
462 5622 914 5692 Jerosolymitanis
940 5626 1212 5679 dicebant:
1253 5626 1373 5680 Non
1419 5629 1500 5682 hic
1541 5638 1614 5683 est
1660 5646 1808 5697 quem

226 5723 443 5780 qmrrunt
468 5716 755 5784 inter/icere
782 5716 807 5768 7
839 5715 902 5769 Et
925 5733 1036 5770 ecce
1062 5720 1233 5788 palam
1265 5721 1508 5790 loquitur,
1530 5731 1578 5775 et
1605 5723 1734 5776 nihil
1762 5726 1808 5777 ei

225 5802 410 5856 dicunt.
452 5806 562 5861 Cur
613 5805 1051 5878 Jerosolymitani
1107 5814 1514 5866 memorantur?
1564 5812 1809 5868 Ostendit

229 5897 541 5966 evangelista
564 5913 657 5954 eos
683 5899 937 5967 maxime,
960 5901 1046 5971 qui
1074 5911 1148 5956 tot
1169 5901 1547 5975 sigttisdiguati
1577 5904 1804 5971 inerant,

1918 4640 2156 4693 omnium
2186 4639 2522 4694 miserrimos
2550 4655 2671 4694 esse
2693 4679 2712 4704 ,
2751 4641 2840 4710 qui
2872 4656 2994 4695 cum
3026 4641 3318 4699 divinitatis
3347 4645 3514 4714 ipsius

1913 4730 2123 4800 signum
2185 4730 2477 4784 maximum
2541 4731 2838 4799 vidissent,
2907 4743 3074 4787 totum
3133 4746 3512 4805 corruptorum

1916 4822 2216 4892 principum
2241 4821 2446 4891 judicio
2470 4823 2838 4878 remittebant.
2864 4826 3057 4879 Annon
3093 4829 3386 4882 maximum
3438 4833 3511 4884 si-

1915 4929 2078 4983 gnum
2100 4924 2235 4977 erat,
2267 4915 2408 4984 quod
2441 4915 2697 4980 furentes,
2728 4917 2932 4972 caedem
2958 4919 3248 4988 apirautes,
3280 4922 3516 4976 circum-

1915 5019 2216 5072 cursautes,
2241 5018 2400 5076 atque
2428 5010 2733 5066 interllcere
2759 5021 3067 5080 quzerentes
3089 5052 3104 5077 ,
3162 5029 3284 5068 cum
3342 5017 3515 5086 ipsum

1920 5116 2030 5170 pra:
2058 5102 2305 5154 manibus
2336 5112 2586 5157 tenerent
2609 5144 2623 5166 ,
2657 5101 2839 5158 statim
2862 5106 3242 5174 quiescerent?
3267 5109 3387 5178 quis
3412 5108 3516 5164 hoc

1917 5190 2173 5246 fecisset?
2195 5193 2315 5262 quis
2347 5201 2552 5248 tantum
2584 5194 2823 5249 furorem
2852 5198 2929 5251 sic
2958 5197 3348 5254 exstinxisset?
3369 5204 3515 5255 Atta-

1918 5296 2038 5336 tuen
2066 5292 2186 5351 post
2217 5294 2294 5337 tot
2322 5283 2491 5352 signa,
2527 5285 2647 5339 vide
2669 5286 2948 5340 stultitiam
2972 5296 3026 5341 et
3048 5289 3303 5343 furorem.
3332 5288 3384 5342 Ν
3391 5307 3520 5346 anno

1917 5375 1998 5428 hic
2013 5387 2083 5429 est
2100 5392 2243 5444 quem
2269 5389 2502 5444 quarrnnt
2517 5379 2835 5443 interﬁcere?
2859 5379 2988 5435 Vide
3004 5382 3274 5450 quomodo
3293 5397 3351 5436 se
3377 5385 3522 5452 ipsHs

1917 5467 2297 5521 condentncnt.
2321 5469 2482 5531 Quem
2505 5479 2736 5538 quierunt
2763 5471 3066 5539 interﬁcere,
3089 5473 3355 5542 inquiunt,
3375 5485 3422 5528 et
3437 5477 3518 5527 tti-

1918 5559 1992 5611 hil
2010 5560 2054 5611 ei
2076 5560 2272 5613 dicunt.
2304 5561 2413 5615 Nec
2436 5563 2595 5616 tnodo
2610 5563 2739 5617 nihil
2757 5565 2962 5631 dicunt,
2982 5565 3074 5618 sed
3091 5582 3263 5636 neque
3279 5569 3450 5636 palam
3467 5577 3512 5623 οε

1919 5651 2084 5706 libere
2112 5653 2418 5722 loquentem
2453 5655 2702 5726 ipsosque
2746 5668 3156 5726 exasperantem
3197 5661 3513 5728 reprimunt.

1916 5740 2188 5814 Numquid
2210 5760 2323 5798 vere
2337 5757 2697 5816 cognouerunt,
2729 5748 2848 5817 quia
2876 5749 2958 5801 hic
2983 5759 3054 5802 est
3079 5747 3328 5805 Christus.
3357 5750 3522 5808 Vobis

1919 5846 2096 5890 autem
2131 5838 2259 5906 quid
2291 5840 2550 5896 videtur?
2576 5858 2738 5912 quant
2763 5841 2831 5898 de
2850 5842 2943 5896 illo
2977 5841 3129 5897 fertis
3156 5845 3521 5900 sententiam?

1919 5926 2289 5999 Contrarium,
2326 5933 2588 6006 inquiunt.
2618 5935 2743 5993 ldco
2773 5935 3026 5993 dicebant
3061 5954 3069 5986 τ
3110 5936 3216 5992 Sed
3248 5938 3380 5992 hunc
3413 5940 3517 5991 sci-
