4088 6514
619 389 718 444 279

617 524 724 558 mus
744 504 874 557 stude
899 502 980 556 sit.
1006 500 1049 556 0
1076 499 1360 570 nequitiam
1392 499 1406 552 ε
1438 514 1470 549 o
1497 494 1972 551 contradictionem
2001 494 2016 546 ι
2071 490 2185 547 Non

617 611 733 650 cum
766 594 1082 665 principibus
1123 590 1385 646 calenlmn
1440 588 1648 652 ferunt,
1677 585 1770 641 sed
1818 585 1977 640 aliam
2005 598 2192 638 corru-

618 697 755 755 ptam
779 683 999 738 efferunt
1023 681 1338 735 sententiam
1364 680 1582 734 stultitia
1605 692 1698 730 sua
1714 676 1947 746 dignam.
1965 673 2185 737 Scimus,

617 775 875 847 inquiunt,
901 773 1032 826 unde
1055 774 1114 826 sit
1138 786 1156 826 :
1198 769 1425 826 Christus
1453 779 1618 821 autem
1645 782 1758 820 cum
1785 765 1970 819 venerit
1997 805 2010 828 ,
2044 780 2187 816 nemo

614 868 731 921 sciet
757 866 893 919 unde
911 867 995 920 sit.
1031 863 1187 934 Atqui
1219 862 1484 932 principes
1510 858 1672 914 veSIri
1704 856 2012 926 interrogati
2033 854 2184 910 dice-

616 953 740 1011 bant
763 999 777 1022 ,
811 959 864 1011 in
892 956 1202 1010 Bethlehem
1235 953 1580 1006 nasciturum.
1613 949 1676 1003 Et
1701 962 1910 1002 rursum
1940 945 2050 1011 alii,
2072 943 2184 998 Nos

611 1052 795 1104 scimus
814 1051 931 1121 quia
960 1048 1123 1118 Moysi
1143 1048 1375 1112 loquutus
1401 1053 1472 1098 est
1516 1041 1656 1095 Deus
1679 1059 1697 1106 ;
1725 1041 1857 1093 hunc
1885 1046 2050 1092 autent
2095 1053 2184 1091 ne-

611 1144 795 1196 scimus
821 1142 952 1194 unde
972 1141 1033 1193 sit
1058 1139 1076 1211 (
1092 1137 1244 1192 Joan.
1269 1137 1324 1191 9.
1345 1135 1415 1191 29
1433 1137 1471 1202 ).
1505 1134 1786 1188 Ehriorum
1813 1130 1970 1186 verba
1999 1127 2180 1183 consi-

610 1233 738 1287 dera
757 1235 795 1285 ι.
847 1232 1207 1299 Rursumque,
1232 1226 1452 1281 Numer
1477 1224 1692 1280 Galiltea
1720 1224 1849 1278 venit
1894 1221 2122 1276 Christus
2151 1219 2176 1272 .9

611 1341 777 1376 annon
803 1340 865 1377 ea:
893 1322 1178 1376 Bethlehcm
1203 1321 1310 1374 vico
1333 1319 1358 1372 7
1386 1318 1568 1373 Viden'
1594 1317 1866 1373 ebriorum
1893 1312 2181 1368 calculum?

611 1413 1170 1479 Seimus,nescimus;
1221 1427 1286 1466 ex
1349 1408 1658 1463 Bctblchcm
1691 1407 1836 1461 venit
1890 1403 2177 1464 Christus;

609 1504 835 1556 Christus
863 1511 1028 1554 autem
1052 1518 1166 1553 cum
1194 1500 1400 1564 venerit,
1430 1514 1572 1550 nemo
1596 1497 1716 1549 sciet
1746 1494 1877 1548 unde
1920 1494 2002 1548 sit.
2042 1491 2178 1559 Quid

612 1595 708 1648 hac
739 1593 996 1648 dictorum
1019 1606 1188 1660 pugna
1221 1588 1554 1643 manilesdus
1582 1587 1604 1639 ἲ
1658 1586 1710 1639 ld
1739 1600 1898 1638 unum
1923 1583 2181 1650 respicie-

610 1687 753 1748 bam,
785 1694 928 1738 utne
957 1673 1255 1737 crederent.
1304 1681 1440 1747 Quid
1473 1695 1599 1749 ergo
1644 1677 1707 1732 ad
1741 1677 1855 1731 haec
1884 1676 2127 1731 Christus
2156 1676 2180 1729 ἲ

604 1776 693 1830 ‘28.
739 1775 801 1828 Et
831 1793 906 1829 me
929 1776 1101 1838 nostis,
1143 1783 1189 1827 et
1218 1773 1351 1826 unde
1378 1773 1472 1826 sint
1503 1771 1639 1825 scitis
1660 1785 1679 1823 :
1708 1780 1753 1824 et
1783 1785 1814 1821 a
1837 1770 2027 1839 meipso
2076 1784 2176 1821 non

605 1865 733 1930 veni,
751 1865 840 1918 sed
860 1875 929 1917 est
951 1881 1091 1917 verus
1109 1864 1192 1932 qui
1220 1864 1352 1915 misit
1391 1879 1487 1926 me,
1541 1877 1683 1930 quem
1723 1876 1807 1914 vos
1847 1860 2063 1913 nescitis.
2111 1858 2177 1912 Et.

606 1971 837 2021 rursum,
868 1955 929 2010 Si
955 1971 1030 2007 me
1044 1955 1256 2017 sciretis,
1286 1963 1330 2006 et
1363 1951 1568 2006 Patrem
1597 1967 1760 2004 meum
1787 1951 1999 2005 sciretis.
2027 1950 2174 2016 Quo-

605 2047 763 2100 modo
793 2061 919 2116 ergo
945 2047 1072 2100 dicit
1103 2060 1194 2100 eos
1222 2053 1275 2098 et
1296 2045 1490 2112 ipsum,
1513 2052 1564 2096 ct
1596 2041 1736 2095 unde
1764 2041 1833 2095 sit
1863 2055 2023 2094 nosse
2055 2057 2069 2105 ;
2119 2049 2173 2094 et

602 2136 724 2189 alibi
751 2178 764 2201 ,
793 2151 890 2190 nec
916 2137 1084 2205 ipsum
1113 2149 1290 2196 nosse,
1325 2147 1421 2186 nec
1440 2133 1650 2186 Patrem
1673 2130 1826 2184 ?Non
1857 2145 2037 2184 secum
2070 2145 2169 2199 pu-

600 2236 723 2291 gnat
742 2268 754 2288 ,
786 2225 924 2280 absit
948 2241 961 2290 ;
1014 2224 1107 2278 sed
1138 2223 1292 2277 valde
1317 2222 1416 2276 sibi
1445 2229 1675 2275 constat.
1704 2220 1778 2274 De
1798 2219 1901 2273 alia
1937 2221 2172 2290 loquitur

597 2314 896 2384 cognitione
924 2355 939 2380 ,
982 2329 1102 2368 cum
1135 2313 1283 2379 dicit,
1310 2312 1424 2367 Non
1475 2312 1677 2377 nostis,
1723 2310 2168 2380 quemadmodum

597 2421 716 2459 cum
746 2405 873 2459 dicit
901 2420 916 2460 :
947 2404 1070 2458 Filii
1101 2403 1220 2458 Ileli
1251 2445 1270 2469 ,
1295 2404 1390 2471 ﬁlii
1402 2386 1692 2474 pestilentes
1715 2444 1730 2466 ,
1762 2403 2030 2457 nescientes
2056 2403 2168 2456 Do-

597 2500 785 2550 minunt
833 2497 909 2567 (Ι.
936 2498 1060 2567 Reg.
1083 2498 1137 2550 2.
1166 2496 1275 2568 Ιὲ);
1299 2512 1360 2550 ac
1406 2511 1616 2550 rursum
1643 2536 1657 2560 ,
1693 2494 1859 2549 Israel
1883 2507 2050 2549 autem
2092 2514 2171 2551 me

595 2606 694 2641 non
713 2589 939 2658 cognovit
959 2587 1111 2656 (lsai.
1139 2589 1190 2641 1.
1216 2588 1291 2657 '5).
1328 2587 1390 2640 Ut
1417 2599 1469 2640 et
1499 2585 1694 2639 Paulus
1719 2585 1793 2638 ait
1816 2600 1828 2638 :
1859 2585 2170 2653 Conﬁtentur

591 2697 645 2732 se
670 2696 814 2733 nosse
832 2677 1025 2742 Deum,
1052 2679 1198 2749 factis
1218 2687 1384 2730 autem
1415 2686 1598 2746 negant
1615 2674 1744 2743 (Tit.
1775 2675 1826 2730 1.
1849 2676 1956 2744 16).
1985 2676 2169 2732 Potest

592 2788 717 2840 ergo
737 2771 824 2840 qui
859 2772 978 2833 scit,
1011 2773 1236 2824 nescire.
1274 2769 1383 2823 lloc
1410 2769 1585 2837 itaque
1601 2767 1761 2820 dicit:
1791 2766 1844 2821 Si
1875 2783 1962 2822 me
1989 2783 2166 2823 nosse-

592 2863 677 2925 tis,
711 2862 919 2915 sciretis
949 2876 1032 2915 me
1053 2875 1172 2914 esse
1190 2859 1381 2913 Filium
1417 2857 1528 2914 Dei.
1578 2856 1712 2911 lllud
1751 2865 1929 2911 autem
1955 2898 1969 2922 ,
2019 2856 2166 2911 Unde

590 2953 702 3013 sint,
729 2966 830 3004 non
855 2951 1028 3004 locum
1061 2950 1146 3004 hic
1171 2949 1410 3006 denotat.
1430 2958 1487 3002 ut
1507 2948 1676 3016 liquet
1704 2963 1768 3001 ex
1790 2947 2159 3016 sequentibus:

591 3041 657 3092 Et
683 3059 714 3092 α
740 3042 926 3109 meipso
947 3057 1047 3093 non
1066 3042 1198 3106 veni,
1227 3041 1315 3094 sed
1337 3055 1478 3092 verus
1495 3048 1564 3093 est
1587 3040 1671 3107 qui
1696 3038 1828 3091 misit
1854 3053 1933 3090 me
1960 3077 1976 3102 ,
2015 3054 2162 3108 quem

591 3150 673 3185 vos
711 3133 928 3186 nescitis.
955 3133 1051 3186 llic
1071 3132 1304 3202 loquitur
1327 3133 1394 3186 de
1420 3130 1710 3200 ignorantia
1742 3130 1989 3198 Operibus
2011 3145 2160 3184 com-

591 3227 807 3291 probata
834 3264 847 3288 ,
895 3225 962 3278 de
1011 3240 1113 3292 qua
1157 3223 1352 3278 Paulus
1394 3223 1554 3276 dicit:
1603 3221 1919 3289 Conﬁtentur
1944 3238 1999 3275 se
2017 3239 2162 3276 nosse

590 3317 790 3380 Deum,
824 3313 971 3387 factis
990 3326 1153 3369 autent
1175 3324 1375 3384 negant.
1420 3314 1600 3384 Neque
1645 3316 1786 3369 enim
1832 3315 2148 3384 ignorantiae

591 3420 860 3479 peccatum
893 3417 1027 3471 erat.
1056 3408 1150 3462 scd
1200 3408 1446 3476 nequitia:
1471 3417 1526 3462 et
1555 3406 1706 3460 mahe
1735 3407 2041 3461 voluntatis.
2091 3408 2158 3462 Et

587 3517 706 3554 cum
751 3499 851 3554 hoc
880 3500 1114 3560 scirent,
1171 3499 1414 3566 ignorare
1465 3497 1732 3550 volebant.
1771 3496 1876 3552 Sed
1913 3512 2154 3567 quamam

589 3592 699 3644 haec
715 3589 1134 3659 consequentia?
1159 3587 1425 3658 quomodo
1452 3595 1507 3641 ut
1537 3587 1658 3641 illos
1685 3587 1942 3650 confutet,
1968 3588 2154 3642 eadem

586 3696 704 3748 qua:
736 3679 832 3748 ipsi
864 3679 1097 3748 loquitur
1122 3677 1146 3730 τ
1171 3678 1302 3732 Nam
1332 3692 1453 3731 cmn
1487 3677 1562 3730 illi
1591 3676 1848 3740 dicerent,
1885 3675 2036 3730 Hunc
2063 3694 2158 3730 au-

588 3783 685 3823 tem
702 3770 888 3822 scimus
912 3769 1044 3822 unde
1062 3768 1154 3834 sit,
1186 3767 1441 3833 subdidit,
1472 3766 1538 3820 Et
1567 3784 1645 3821 me
1664 3768 1820 3821 scitis.
1849 3767 1982 3836 Quid
2013 3771 2154 3823 enim

585 3859 833 3914 dicebant
859 3859 930 3912 illi
954 3859 976 3912 7
1001 3873 1066 3912 an
1095 3858 1234 3928 quod
1259 3857 1566 3913 nescirent?
1597 3858 1707 3912 lmo
1733 3873 1858 3913 vero
1881 3859 1978 3927 ipsi
2007 3859 2156 3915 dice-

586 3952 735 4016 bant,
788 3951 1006 4005 Scimus.
1043 3950 1235 4004 Verum
1268 3965 1387 4004 cum
1435 3951 1676 4005 dicereut
1721 3965 1780 4006 se
1828 3953 1967 4008 scire
2014 3953 2154 4008 unde

586 4053 749 4107 esset,
770 4043 899 4096 nihil
928 4043 1068 4097 aliud
1100 4043 1490 4113 significabant,
1514 4059 1670 4113 quam
1700 4044 1847 4098 illum
1879 4045 1951 4099 de
2011 4055 2152 4100 terra

584 4149 704 4188 esse
733 4144 786 4187 et
828 4134 956 4187 labri
985 4135 1168 4187 lilium.
1214 4134 1306 4188 Ille
1347 4149 1477 4187 vero
1516 4133 1567 4187 in
1597 4135 1756 4189 cmlos
1781 4135 2021 4204 erigebat
2061 4151 2154 4192 eos

580 4225 785 4286 dicens.
812 4223 968 4278 Scitis
990 4224 1128 4279 unde
1146 4224 1266 4286 sim;
1301 4223 1349 4278 id
1377 4233 1477 4289 est,
1522 4223 1634 4278 Non
1665 4225 1805 4279 unde
1844 4226 2158 4295 suspicami-

582 4318 635 4370 ui
661 4316 807 4382 veni,
835 4315 926 4370 sed
956 4319 1094 4370 unde
1123 4318 1165 4368 is
1191 4315 1278 4384 qui
1313 4316 1459 4369 misit
1487 4329 1591 4369 me.
1621 4313 1753 4369 Cum
1778 4315 2086 4379 dicitenim,
2110 4318 2155 4368 Α

582 4409 774 4477 nteipso
805 4424 906 4461 non
923 4409 1053 4472 veni,
1089 4408 1189 4462 hoc
1215 4407 1532 4470 snbindicat,
1571 4408 1713 4476 ipsos
1743 4424 1931 4478 nempe
1966 4409 2104 4462 scire
2138 4451 2152 4475 ,

586 4499 727 4567 quod
755 4515 783 4551 a
809 4499 966 4553 Patre
993 4499 1187 4551 missus
1213 4499 1377 4564 esset,
1411 4499 1510 4552 etsi
1537 4500 1586 4552 id
1619 4514 1721 4552 non
1751 4500 2149 4555 conﬁterentur.

589 4587 790 4655 Duplici
813 4603 940 4657 ergo
971 4587 1128 4641 modo
1169 4588 1285 4641 illos
1311 4587 1570 4646 cool'ntat.
1604 4588 1782 4642 Primo
1807 4605 1866 4642 ea
1911 4606 2028 4659 qum
2069 4605 2152 4643 se-

583 4689 733 4734 creto
763 4679 1134 4748 loquebantur,
1166 4680 1216 4734 in
1246 4680 1476 4733 medium
1523 4691 1576 4735 et
1601 4696 1719 4734 cum
1748 4681 1981 4736 clamore
2030 4698 2155 4752 pro-

580 4772 702 4834 lert,
738 4778 794 4823 ut
823 4771 940 4823 illos
963 4770 1294 4838 pudefaciat;
1324 4770 1514 4825 deinde
1539 4781 1770 4825 mentem
1798 4773 2004 4825 illorum
2028 4790 2152 4842 ape-

582 4863 668 4922 rit,
699 4876 761 4914 ac
782 4862 824 4915 si
847 4861 1045 4916 diceret
1070 4881 1082 4914 :
1108 4861 1220 4916 Non
1249 4862 1489 4927 abiectus
1516 4877 1631 4917 sum
1655 4904 1670 4926 ,
1711 4879 1813 4917 non
1844 4865 1957 4918 sine
1995 4880 2152 4919 causa

580 4951 737 5014 veni;
771 4951 877 5005 Sed
910 4966 1054 5004 verus
1076 4961 1146 5004 est
1175 4953 1263 5021 qui
1305 4953 1437 5006 ntisit
1483 4969 1593 5014 me,
1630 4970 1773 5022 quem
1804 4971 1890 5006 vos
1929 4957 2148 5010 nescitis.

581 5042 716 5106 Quid
746 5042 1008 5112 signiﬁcat
1035 5043 1160 5096 illud
1186 5084 1200 5107 ,
1241 5042 1399 5096 Verus
1419 5054 1490 5097 est
1508 5045 1592 5113 qui
1610 5045 1739 5096 misit
1763 5046 1880 5098 me?
1906 5045 1960 5098 Si
1993 5062 2153 5102 verus

583 5145 659 5188 est
683 5173 699 5199 ,
742 5135 792 5188 in
836 5137 1063 5190 veritate
1087 5151 1169 5188 me
1194 5136 1334 5188 misit
1363 5153 1374 5187 :
1404 5137 1445 5189 si
1477 5153 1632 5190 verus
1657 5147 1756 5201 est,
1787 5139 2027 5206 sequitur
2057 5153 2151 5193 vc-

580 5239 697 5280 rum
734 5225 878 5278 illum
906 5239 1024 5279 esse
1052 5226 1138 5294 qui
1171 5227 1363 5280 missus
1386 5228 1499 5281 iuit.

650 5315 705 5367 Ω.
737 5316 854 5367 Alio
876 5332 1084 5384 quoque
1107 5318 1265 5371 modo
1299 5319 1346 5370 id
1380 5323 1586 5387 probat,
1621 5322 1850 5389 propriis
1885 5323 2000 5374 illos
2021 5338 2144 5376 ver-

579 5407 658 5460 bis
685 5407 919 5477 capiens.
953 5407 1084 5475 Quia
1115 5410 1255 5463 enim
1276 5410 1540 5475 dicebant,
1575 5411 1801 5466 Christus
1823 5431 1936 5466 cum
1967 5415 2146 5481 veniet,

578 5515 720 5554 nemo
741 5502 858 5553 sciet
885 5505 1016 5554 unde
1031 5503 1094 5555 sit
1118 5545 1130 5566 ,
1184 5503 1305 5557 hinc
1336 5505 1567 5559 ostendit
1609 5521 1667 5560 se
1688 5507 1959 5560 Christum
2002 5523 2139 5563 esse.

579 5593 707 5646 Nam
732 5594 827 5661 ipsi
863 5594 1010 5658 illml,
1070 5594 1232 5648 Nemo
1262 5598 1403 5661 sciet,
1457 5599 1745 5652 secundum
1795 5598 2146 5653 dilTerentiam

645 5685 661 5714 ι
699 5682 935 5752 tticlocus
954 5684 1023 5733 sic
1050 5684 1252 5752 effertur
1274 5687 1397 5747 apud
1423 5686 1599 5736 Savil...
1634 5707 1654 5732 «
1674 5687 1797 5737 hunc
1815 5697 1975 5752 autem
1998 5689 2146 5738 nesci-

578 5757 693 5813 mus
707 5748 831 5792 unde
849 5747 906 5794 sit
926 5763 950 5813 τι
963 5785 971 5793 .
999 5764 1022 5790 ι
1044 5747 1225 5813 Scimus
1249 5752 1374 5799 unde
1397 5755 1486 5810 est,
1505 5757 1548 5800 et
1570 5751 1802 5802 nescimus
1824 5751 1952 5802 unde
1975 5758 2042 5801 cst
2076 5770 2096 5797 ν
2131 5765 2142 5798 :

581 5807 831 5857 Lbricrum
855 5808 991 5856 verba
1015 5809 1285 5859 considera.

1351 385 1406 439 S.
1445 380 1719 438 JOANNIS
1755 373 2222 433 CIIRYSOSTOMI
2272 378 2582 436 ARCHIEP.
2605 382 3134 439 CONSTANTlNOP.

3776 382 3882 435 980

2302 493 2539 550 locorum
2567 497 2916 566 loquebantur
2941 513 2954 560 ;
3000 507 3056 551 et
3085 498 3205 550 hinc
3248 497 3336 550 ille
3371 497 3607 551 ostendit
3636 513 3695 552 se
3724 496 3878 549 Chri-

2296 599 2434 641 stum
2465 603 2604 654 esse,
2645 589 2764 657 quia
2793 603 2820 641 a
2845 589 3001 644 Patre
3030 589 3234 644 venerit
3259 607 3274 654 ;
3318 599 3371 644 et
3400 588 3596 658 ubique
3620 591 3874 644 testiﬁca-

2296 690 2382 733 tur
2403 681 2572 735 Patris
2599 681 2956 750 cognitionem
2986 681 3086 736 sibi
3115 680 3216 734 soli
3259 690 3596 750 competere,
3650 681 3837 734 dicens
3857 721 3874 745 ,

2295 770 2418 825 Non
2445 772 2582 840 quod
2605 771 2810 826 Patrem
2837 773 2951 843 quis
2979 773 3128 838 vidit,
3150 773 3249 826 nisi
3266 773 3351 840 qui
3375 781 3447 826 est
3475 789 3508 824 α
3541 770 3716 824 Patre.
3741 772 3876 837 Qui-

2294 860 2393 915 bus
2409 862 2588 916 verbis
2613 860 2663 915 in
2693 863 2824 916 iram
2851 862 3275 917 concitabantur.
3313 861 3444 916 Nam
3473 877 3594 916 cum
3636 862 3872 929 diceret,

2292 951 2413 1006 Non
2436 956 2591 1007 nostis
2615 970 2748 1018 eum,
2774 963 2967 1008 etcum
2993 956 3281 1015 evinceret,
3305 954 3450 1022 ipsos
3467 955 3606 1009 scire
3623 954 3840 1022 quidem
3854 997 3870 1018 ,

2288 1044 2381 1098 sed
2409 1046 2758 1115 ignorantiam
2787 1047 3038 1101 simulare
3059 1089 3073 1111 ,
3095 1046 3214 1116 jure
3240 1046 3383 1115 ipsos
3411 1046 3686 1101 mordebat
3717 1057 3775 1100 et
3795 1048 3872 1100 ir-

2288 1136 2385 1189 rita
2395 1136 2503 1191 bal.
2523 1137 2610 1192 50.
2638 1135 2940 1204 ριιωνεὸαηι
2957 1154 3076 1208 ergo
3093 1154 3202 1191 enm
3227 1138 3623 1207 apprehendere,
3654 1148 3702 1191 et
3724 1154 3872 1190 nemo

2287 1227 2419 1278 misit
2442 1227 2495 1280 in
2521 1226 2664 1280 illum
2684 1244 2890 1281 manum
2909 1270 2923 1293 ,
2945 1230 3063 1298 quia
3095 1229 3321 1282 nondum
3349 1240 3551 1283 venerat
3577 1229 3708 1283 hora
3736 1231 3867 1298 ejus.

2289 1316 2474 1372 Videu'
2496 1319 2616 1373 illos
2642 1320 2982 1375 invisibiliter
2997 1318 3283 1384 cohibitus,
3317 1329 3372 1374 et
3396 1321 3608 1375 illorum
3653 1322 3869 1374 cccrci-

2286 1417 2395 1461 tum
2416 1410 2649 1464 furorem
2669 1410 2691 1463 ?
2715 1407 2823 1464 Cur
2855 1427 2983 1466 vero
3009 1427 3116 1466 non
3146 1411 3280 1465 dixit
3302 1453 3316 1475 ,
3347 1411 3488 1481 quod
3522 1412 3869 1467 invisibiliter

2282 1512 2376 1552 eos
2397 1499 2705 1562 detinuerit,
2736 1501 2852 1566 sed,
2889 1500 3036 1567 Quod
3080 1501 3302 1554 nondum
3343 1501 3551 1554 venisset
3576 1501 3706 1555 hora
3729 1504 3863 1572 ejus.

2287 1589 2507 1644 Volebat
2533 1592 2855 1660 evangelista
2886 1592 3121 1646 humano
3177 1592 3563 1661 humilioreque
3589 1593 3752 1648 modo
3782 1595 3865 1646 Io-

2282 1681 2390 1746 qui,
2423 1689 2478 1732 ut
2511 1679 2671 1733 homo
2695 1682 2853 1734 etiam
2881 1696 3001 1735 esse
3026 1692 3320 1750 putaretur.
3340 1682 3470 1749 Quia
3494 1683 3634 1738 enim
3668 1682 3867 1753 ubique

2281 1768 2531 1823 sublimia
2554 1770 2705 1835 dicit,
2735 1771 2986 1827 ideohtec
3014 1772 3137 1826 hinc
3161 1774 3283 1827 inde
3302 1774 3503 1829 inserit.
3527 1774 3863 1829 Cumautem

2279 1859 2426 1926 dicit,
2459 1861 2530 1914 Ab
2560 1863 2670 1931 ipso
2693 1879 2828 1927 sum,
2852 1879 2956 1917 non
2993 1863 3228 1933 loquitur
3253 1876 3306 1919 ut
3337 1867 3616 1935 propheta,
3645 1867 3734 1935 qui
3761 1867 3864 1921 hoc

2279 1952 2566 2021 acceperit,
2591 1953 2681 2008 sed
2701 1954 2841 2022 quod
2871 1955 3019 2010 illum
3040 1955 3236 2022 videat,
3269 1972 3328 2009 ac
3358 1973 3477 2010 cum
3503 1958 3616 2025 ipsi»
3645 1960 3732 2011 sit.
3765 1958 3859 2017 ‘29.

2283 2040 2416 2095 Novi
2453 2044 2638 2108 illum,
2686 2045 2903 2116 inquit,
2956 2049 3074 2117 quia
3111 2048 3174 2101 ab
3202 2049 3311 2117 ipso
3341 2065 3470 2101 sunt.
3519 2049 3704 2103 Viden‘
3755 2069 3861 2120 quo

2279 2142 2432 2201 pacto
2455 2135 2555 2191 hoc
2603 2138 2796 2206 ubique
2835 2138 3042 2206 probet,
3077 2139 3114 2191 Α
3142 2141 3328 2207 meipso
3356 2157 3455 2194 non
3490 2141 3618 2204 veni,
3649 2151 3723 2202 et,
3761 2143 3862 2209 Qui

2277 2228 2410 2282 misit
2431 2244 2509 2282 me
2537 2245 2680 2283 verus
2705 2242 2776 2285 est
2804 2231 2829 2284 ?
2855 2231 2903 2284 id
2927 2232 3277 2295 contendens,
3320 2249 3386 2287 ne
3405 2248 3434 2287 a
3486 2234 3596 2288 Deo
3650 2235 3863 2290 alienus

2273 2328 2507 2386 putatur.
2565 2320 2628 2375 Et
2654 2321 3051 2399 animadverte,
3087 2334 3281 2390 quanta
3331 2324 3402 2377 sit
3461 2324 3513 2378 in
3564 2325 3860 2381 humilibus

2275 2411 2450 2465 verbis
2479 2411 2696 2467 utilitas.
2731 2413 2856 2467 Post
2891 2412 3023 2478 hare,
3057 2414 3247 2483 inquit,
3277 2414 3428 2467 multi
3451 2413 3734 2468 dicebant:
3764 2417 3822 2470 5|
3842 2456 3855 2467 .

2274 2501 2504 2558 Christus
2554 2521 2670 2558 cum
2715 2506 2936 2570 venerit,
3006 2505 3249 2575 numquid
3299 2505 3445 2576 plura
3489 2507 3634 2575 signa
3683 2508 3855 2577 faciet,

2271 2611 2422 2663 quant
2448 2612 2562 2666 qua:
2586 2597 2666 2650 hic
2705 2597 2872 2666 facit?
2907 2596 3036 2663 Quae
3084 2596 3286 2666 signa?
3335 2597 3494 2667 Atqui
3550 2600 3648 2651 tria
3702 2607 3858 2652 emunt

2270 2687 2442 2755 signa,
2471 2688 2600 2752 vini,
2634 2688 2929 2757 paralytici,
2963 2697 3017 2742 et
3046 2687 3139 2741 ﬁlii
3170 2687 3338 2758 reguli
3370 2705 3382 2739 :
3435 2688 3676 2758 nihilque
3715 2691 3852 2743 ultra

2270 2780 2505 2833 narravit
2530 2781 2871 2849 evangelista.
2899 2780 3052 2836 Unde
3075 2780 3261 2850 liquet,
3287 2790 3340 2833 ut
3363 2797 3507 2849 smpe
3529 2782 3637 2834 dixi
3660 2822 3675 2845 ,
3710 2782 3856 2849 ipsos

2268 2873 2429 2926 multa
2460 2873 2801 2943 prmmittere.
2834 2873 2959 2927 dum
3003 2889 3062 2927 ea
3117 2883 3398 2927 recensent
3448 2890 3566 2942 qua:
3619 2877 3855 2943 maligne

2269 2965 2536 3035 principes
2567 2964 3025 3019 machinabantur.
3055 2964 3379 3032 Quzerebant
3401 2980 3528 3034 ergo
3572 2965 3720 3019 illum
3754 2983 3850 3034 ap-

2268 3055 2608 3125 prehendere
2651 3066 2701 3110 et
2745 3057 3066 3111 interliccre.
3109 3055 3509 3122 QuinanﬂNou
3536 3057 3852 3123 multitudo,

2265 3163 2384 3216 qua:
2411 3148 2762 3216 principatum
2790 3163 2894 3201 non
2917 3145 3222 3212 allectabat,
3252 3162 3350 3201 nec
3373 3147 3566 3200 invidia
3593 3148 3854 3218 corripie-

2263 3237 2453 3304 batur;
2484 3239 2577 3293 sed
2605 3238 2930 3294 sacerdotes.
2987 3238 3160 3293 Turba
3192 3240 3334 3293 enim
3369 3239 3547 3308 populi
3588 3238 3844 3293 dicebat:

2264 3330 2490 3384 Christus
2519 3346 2632 3383 cum
2651 3332 2854 3396 venerit,
2887 3329 3130 3397 numquid
3161 3331 3308 3399 plura
3337 3331 3482 3399 signa
3512 3330 3660 3400 faciet
3693 3332 3718 3383 ν
3745 3331 3846 3383 At-

2265 3429 2439 3476 tamen
2466 3422 2579 3477 haec
2601 3421 2732 3477 lides
2759 3437 2888 3477 sana
2917 3438 3022 3476 nou
3045 3430 3193 3484 erat.
3239 3421 3332 3476 sed
3379 3430 3434 3475 ut
3465 3421 3602 3475 Solet
3647 3422 3848 3476 intimae

2263 3512 2429 3580 plebis
2456 3526 2595 3567 esse.
2623 3512 2752 3565 Illud
2781 3513 2941 3575 enim,
2978 3511 3103 3566 Cum
3133 3513 3355 3576 venerit,
3403 3528 3505 3564 non
3542 3520 3659 3566 erat
3713 3528 3837 3567 cre-

2261 3605 2502 3658 dentium
2530 3606 2670 3679 hune
2690 3619 2810 3659 esse
2855 3604 3147 3659 Christum.
3182 3605 3286 3658 Aut
3315 3605 3380 3656 ita
3416 3603 3699 3659 dicendum
3728 3615 3845 3669 est;

2263 3706 2355 3750 aut
2385 3695 2520 3750 forte
2542 3696 2594 3748 in
2617 3710 2878 3749 concursu
2906 3694 3105 3764 populi,
3129 3710 3250 3749 cum
3273 3694 3539 3764 principes
3572 3712 3668 3764 pro
3702 3697 3843 3751 virili

2261 3787 2546 3841 ostendere
2574 3787 2871 3842 niterentur
2897 3787 3068 3857 ipsum
3095 3802 3201 3841 non
3226 3801 3347 3841 esse
3372 3787 3666 3854 Christum,
3691 3790 3849 3845 dixe-

2261 3880 2327 3932 rit
2361 3878 2512 3930 turba
2543 3896 2555 3932 :
2590 3878 2853 3932 Pouamus
2882 3894 2987 3931 non
3015 3894 3139 3932 esse
3163 3878 3453 3944 Christum,
3500 3895 3625 3933 unm
3650 3881 3846 3937 melior

2264 3971 2368 4023 erit
2393 3968 2675 4022 Christus?
2702 3968 2770 4023 Ut
2798 3983 3010 4038 semper
3042 3967 3172 4034 dixi,
3202 3968 3439 4023 intimum
3474 3971 3662 4038 vulgus
3685 4012 3699 4035 ,
3733 3987 3844 4028 non

2261 4078 2288 4114 a
2333 4061 2595 4125 doctrina,
2618 4077 2723 4115 non
2753 4077 2781 4115 a
2808 4061 3182 4124 concionibus,
3213 4063 3305 4115 sed
3330 4079 3356 4114 a
3389 4063 3556 4132 signis
3581 4063 3839 4122 allieitur.

2259 4155 2347 4210 32.
2373 4156 2652 4209 Audierant
2677 4154 2928 4208 Pharistei
2951 4157 3146 4208 turbam
3168 4165 3586 4221 murmurantem,
3611 4167 3657 4209 et
3689 4159 3843 4213 suise-

2259 4250 2378 4298 runt
2395 4246 2666 4307 ministros,
2698 4257 2750 4298 ut
2781 4246 3215 4315 appreltentlerent
3251 4262 3384 4299 eum.
3421 4245 3609 4300 Viden‘
3630 4249 3841 4304 sabbati

2260 4338 2575 4392 solutionem
2598 4337 2872 4391 obtentum
2903 4337 3062 4392 fuisse
3086 4337 3110 4391 ?
3135 4337 3284 4406 Quod
3315 4348 3489 4392 autem
3517 4339 3638 4395 illos
3663 4343 3844 4396 acrius

2259 4429 2574 4491 mordebat,
2633 4429 2733 4483 hoc
2805 4438 2938 4482 erat.
3006 4429 3101 4482 llic
3149 4429 3290 4482 enim
3353 4444 3474 4483 cum
3519 4431 3648 4485 nihil
3693 4434 3842 4502 quod

2258 4521 2666 4574 criminarentur
2690 4520 2968 4585 haberent,
3001 4519 3112 4573 sive
3139 4518 3389 4585 indictis,
3420 4521 3534 4575 sive
3562 4521 3612 4574 in
3639 4525 3834 4592 gestis,

2259 4621 2476 4681 propter
2501 4611 2708 4665 turbam
2752 4612 3002 4665 volebant
3049 4612 3194 4665 illum
3251 4612 3674 4682 apprehendere.
3732 4615 3844 4672 Nec

2257 4705 2523 4758 audebant
2573 4704 2866 4774 periculum
2895 4703 3251 4772 suSpicantes,
3282 4705 3374 4758 sed
3405 4705 3684 4761 ministros
3733 4709 3841 4761 mi-

2257 4803 2441 4849 serunt
2496 4794 2583 4862 qui
2649 4801 2934 4847 tentarent.
2997 4791 3041 4847 Ο
3091 4795 3394 4847 violentiam
3433 4794 3446 4845 l
3491 4811 3524 4850 o
3553 4795 3839 4854 furorem!

2255 4888 2370 4941 sive
2423 4887 2597 4955 potius
2627 4928 2641 4947 ,
2679 4901 2712 4940 ο
2755 4885 3056 4939 insaniam!
3114 4886 3242 4943 Cum
3296 4886 3345 4939 id
3391 4886 3488 4953 ipsi
3533 4904 3675 4956 smpe
3723 4899 3842 4944 leno

2261 4987 2502 5038 lassent,
2559 4993 2657 5032 nec
2711 4979 3045 5046 potuissent,
3105 4977 3365 5031 ministris
3420 4994 3533 5030 rem
3585 4987 3839 5034 commit-

2259 5079 2375 5122 tunt
2404 5109 2419 5134 ,
2470 5067 2633 5121 furori
2676 5070 2973 5136 animoque
2998 5083 3096 5120 suo
3121 5078 3319 5121 temere
3352 5066 3707 5137 indulgentes.
3742 5071 3840 5124 ΑΙ.-

2257 5162 2344 5228 qui
2403 5161 2566 5213 multa
2614 5160 2762 5226 juxta
2821 5160 3077 5227 piscinam
3139 5159 3391 5228 loquutus
3446 5169 3571 5222 est,
3636 5169 3691 5213 ct
3756 5161 3836 5213 tti-

2259 5251 2326 5304 hil
2384 5252 2486 5304 tale
2539 5249 2706 5302 moliti
2756 5257 2917 5313 sunt;
2975 5248 3067 5302 sed
3114 5249 3438 5316 quaesierunt
3478 5291 3493 5313 ,
3550 5266 3656 5303 non
3718 5261 3837 5306 ten-

2259 5350 2452 5394 tarunt.
2486 5341 2579 5396 llic
2610 5355 2737 5394 vero
2779 5346 2890 5393 rem
2925 5341 3066 5394 ferre
3107 5356 3212 5392 non
3245 5352 3509 5409 possunt:
3544 5358 3662 5396 cum
3698 5343 3841 5397 lutu-

2257 5450 2370 5487 rum
2421 5443 2563 5488 esset
2614 5442 2667 5484 ut
2721 5432 2871 5485 turba
2948 5447 3212 5486 accnrrcrt
3237 5443 3272 5485 ι.
3319 5432 3454 5498 Quid
3507 5449 3634 5502 ergo
3672 5434 3834 5489 (ibri-

2254 5528 2403 5582 stns?
2433 5527 2520 5580 35.
2553 5525 2729 5577 Adhuc
2757 5523 3007 5577 modicum
3030 5534 3222 5592 tempus
3252 5524 3502 5576 vobiscum
3529 5542 3662 5577 sum.
3695 5525 3833 5578 Cistu

2257 5627 2433 5688 posset
2465 5618 2735 5671 auditores
2772 5625 2826 5670 et
2868 5617 3082 5669 ﬂectere
3110 5624 3160 5667 et
3191 5623 3416 5674 terrere,
3448 5616 3604 5669 verba
3639 5618 3838 5684 profert

2259 5713 2551 5765 humilitate
2594 5709 2778 5778 plena,
2810 5724 2870 5761 ac
2897 5709 2940 5762 si
2971 5707 3169 5760 diceret
3201 5723 3212 5758 :
3243 5706 3348 5758 Cur
3387 5723 3469 5761 me
3502 5708 3840 5775 interﬁcere,

2259 5822 2352 5859 cur
2395 5802 2637 5873 persequi
2670 5799 2943 5870 quatritis?
2973 5797 3232 5852 Modicum
3269 5807 3605 5867 exspectate,
3639 5809 3695 5854 et
3722 5800 3844 5856 sine
