4088 6490
225 477 314 533 IS!

225 602 369 648 tanto
400 594 582 643 vestro
610 589 806 641 conatu
845 593 932 634 me
971 571 1286 645 capiendum
1329 566 1572 622 oll‘eram.
1615 556 1817 615 Deinde

222 699 288 738 ne
314 681 436 752 quis
463 687 804 734 communem
833 669 936 725 dici
965 675 1192 722 mortem
1216 662 1568 717 arbitraretur
1593 653 1675 708 his
1700 666 1820 707 ver-

224 775 302 830 bis
320 743 347 839 ,'
378 771 561 828 Adhuc
594 767 854 822 modicum
892 773 1089 832 tempus
1111 757 1363 812 uobiscum
1392 767 1504 807 sum
1525 749 1545 819 (
1567 762 1686 803 nam
1715 743 1819 799 hoc

224 862 546 938 putabant);
577 861 716 914 hanc
744 856 1048 926 opinionem
1080 859 1140 905 ut
1164 854 1464 908 amoveret,
1497 841 1669 910 ipsum
1699 843 1819 938 post

221 925 448 1013 mortem
485 925 616 1008 nihil
644 925 985 1020 Operatnrum
1024 955 1178 1004 esse,
1207 934 1443 992 subdidit
1476 950 1490 987 :
1519 931 1606 987 54.
1641 927 1704 983 Et
1731 925 1818 980 ubi

221 1064 330 1102 sum
360 1061 453 1118 ego
477 1086 492 1110 ,
526 1059 614 1098 eos
643 1058 744 1096 non
775 1036 978 1109 potestis
1005 1032 1190 1088 venire.
1231 1027 1287 1082 Si
1326 1036 1506 1081 autem
1551 1023 1604 1077 in
1645 1026 1818 1075 morte

219 1153 506 1195 mansurus
535 1143 679 1196 erat,
713 1133 788 1186 ire
816 1144 947 1183 sane
978 1124 1275 1197 potuissent
1303 1135 1318 1174 :
1347 1131 1415 1174 eo
1446 1126 1673 1182 namque
1697 1124 1816 1163 om-

217 1411 342 1466 dum
387 1408 743 1480 properabat,
774 1403 915 1475 quod
959 1415 1145 1472 parum
1182 1401 1490 1466 superesset
1521 1386 1775 1458 temporis
1798 1425 1814 1452 ,

218 1517 315 1558 nec
357 1515 576 1569 semper
619 1505 840 1567 possent
882 1493 971 1548 tali
1017 1489 1118 1545 frui
1159 1487 1422 1543 doctrina.
1463 1481 1572 1538 Nec
1611 1487 1814 1534 tanttun

217 1593 370 1655 dixit,
401 1591 499 1646 llic
519 1605 659 1651 sum,
684 1586 800 1652 sed,
837 1583 1105 1639 Vobiscum
1125 1596 1237 1634 sum
1260 1593 1280 1643 ,°
1306 1577 1355 1632 id
1383 1584 1484 1640 est,
1509 1572 1608 1628 etsi
1637 1585 1817 1640 perse-

217 1684 474 1757 quamini.
502 1683 602 1738 etsi
633 1679 934 1750 exagitetis,
965 1690 1032 1729 ne
1058 1670 1321 1727 tantillum
1352 1665 1567 1738 quidem
1593 1659 1818 1717 cessabo

218 1777 367 1832 vobis
394 1773 728 1846 prospicere,
751 1778 805 1823 et
828 1782 948 1836 qua:
970 1765 1035 1819 ad
1064 1763 1292 1819 salutem
1316 1767 1548 1814 vestram
1574 1759 1818 1824 spectant

217 1867 529 1938 medicare.
563 1863 630 1918 Et
656 1862 785 1918 uado
810 1862 876 1913 ad
915 1875 1032 1914 eum
1053 1857 1139 1928 qui
1166 1854 1303 1909 misit
1329 1868 1427 1906 me.
1459 1850 1585 1905 llaec
1614 1857 1819 1902 terrere

215 1971 461 2030 poterant
491 1968 547 2014 et
574 1970 792 2027 angere.
826 1953 957 2008 Nam
997 1950 1111 2006 fore
1140 1957 1198 2003 ut
1235 1947 1354 2017 ejus
1396 1958 1500 2014 ope
1545 1940 1818 2011 indigeant

217 2051 476 2123 praedicit.
510 2047 760 2130 Querens
785 2061 900 2112 me,
930 2042 1140 2112 inquit;
1173 2054 1279 2094 non
1319 2037 1492 2092 solum
1533 2049 1640 2088 non
1676 2030 1814 2085 obli-

214 2121 492 2198 viscemini
518 2180 535 2206 ,
565 2121 658 2195 sed
688 2138 848 2193 etiam
879 2132 1127 2202 Quantis
1155 2146 1236 2184 me
1259 2171 1274 2192 ,
1306 2138 1353 2184 et
1393 2143 1495 2182 non
1533 2121 1814 2180 invenietis.

215 2235 278 2290 Et
322 2233 543 2287 ubinam
592 2229 922 2302 quaesierunt
967 2239 1089 2282 eum
1134 2221 1341 2279 Judaei?
1396 2219 1590 2274 Narrat
1645 2215 1818 2271 Lucas

214 2324 364 2396 (Cap.
385 2323 480 2380 23.
509 2324 630 2389 J9),
655 2320 906 2377 mulieres
934 2318 1081 2372 illum
1111 2315 1380 2386 planxisse
1405 2329 1420 2379 ;
1451 2320 1507 2367 et
1535 2319 1595 2365 ut
1625 2308 1816 2364 verisi-

212 2416 338 2473 mile
361 2427 468 2480 est,
494 2415 648 2470 multi
678 2413 766 2468 alii
796 2413 1048 2467 luxerunt
1076 2423 1224 2472 eum,
1255 2421 1319 2462 ac
1349 2411 1470 2475 post
1499 2402 1646 2458 urbis
1672 2400 1818 2456 exci-

214 2507 398 2574 dium,
438 2505 560 2578 ejus
607 2504 946 2575 praesentiam
988 2507 1272 2570 optarunt,
1315 2495 1579 2553 recordati
1624 2508 1819 2562 nempe

210 2599 408 2657 Christi
436 2609 492 2657 et
523 2597 901 2654 miraculorum
932 2593 1068 2666 eius.
1091 2592 1221 2649 Haec
1244 2600 1424 2646 autem
1447 2587 1628 2644 omnia
1652 2585 1814 2648 dixit,

217 2702 274 2750 ut
297 2707 393 2750 eos
416 2690 682 2747 alliceret.
714 2686 848 2744 Nam
876 2685 1019 2757 quod
1050 2699 1236 2755 parum
1278 2687 1586 2751 superesset
1613 2687 1820 2745 tempo-

214 2786 310 2852 ris,
335 2783 481 2858 quod
508 2792 629 2854 post
644 2783 939 2837 discessum
961 2776 1211 2849 optabilis
1229 2774 1382 2839 foret,
1413 2788 1534 2827 cum
1556 2785 1660 2826 non
1681 2769 1818 2822 ultra

217 2889 404 2951 posset
427 2876 678 2941 inveniri;
703 2875 839 2940 hzec,
858 2874 1094 2943 inquam,
1118 2870 1320 2934 omnia,
1349 2877 1407 2923 ut
1429 2868 1527 2938 ipsi
1554 2866 1821 2920 luererent

217 2973 443 3030 suadere
459 2968 865 3044 paterant.Nam
878 2967 923 3024 si
941 2969 1173 3023 futurum
1192 2981 1297 3019 non
1314 2971 1452 3029 erat,
1475 2969 1532 3015 ut
1547 2959 1664 3030 ejus
1676 2973 1819 3028 prm-

219 3067 386 3124 scntia
405 3065 661 3136 optabilis
690 3071 865 3127 esset,
888 3060 1018 3116 nihil
1043 3059 1172 3130 ipsis
1189 3072 1437 3128 magnum
1464 3054 1647 3109 dicere
1668 3050 1818 3107 vide-

222 3161 391 3216 batur.
417 3159 678 3224 Rursum,
701 3157 744 3212 si
769 3153 1015 3224 optabilis
1038 3152 1209 3208 futura
1227 3151 1342 3220 ejus
1366 3145 1648 3218 praesentia
1675 3153 1816 3210 erat,

217 3252 290 3308 ita
311 3264 367 3308 ut
386 3260 568 3307 tamen
586 3249 810 3304 inveniri
829 3256 1031 3317 posset,
1051 3244 1102 3298 id
1121 3260 1226 3298 non
1251 3242 1319 3297 ita
1338 3241 1460 3296 illos
1478 3238 1817 3295 turbavisset.

288 3349 344 3406 3.
388 3347 590 3404 lterum
637 3345 683 3400 si
731 3344 902 3398 multo
949 3352 1195 3413 tempore
1245 3354 1485 3412 praesens
1532 3351 1821 3392 mansurus

218 3441 430 3508 fuisset,
459 3438 638 3509 supini
673 3437 899 3493 fortasse
927 3436 1246 3492 evasissent.
1275 3431 1425 3487 Nunc
1454 3439 1633 3484 autent
1666 3427 1822 3482 tituli-

222 3547 324 3602 que
353 3533 478 3588 illos
505 3529 740 3599 exagitat
775 3535 830 3582 et
856 3534 1042 3582 terret.
1068 3524 1202 3580 illud
1229 3537 1357 3577 vero
1376 3563 1391 3587 ,
1433 3518 1579 3574 Vada
1605 3519 1674 3572 ml
1709 3534 1821 3571 eum

222 3625 304 3694 qui
324 3624 463 3677 misit
493 3637 592 3685 me,
621 3620 860 3676 declarat
889 3617 1017 3672 nihil
1046 3616 1225 3672 damni
1254 3614 1488 3670 futurum
1518 3627 1584 3667 ex
1616 3609 1823 3666 insidiis

225 3727 446 3780 eorum,
482 3721 538 3768 et
580 3726 640 3767 se
667 3709 968 3765 voluntarie
1012 3723 1312 3779 passurum.
1345 3707 1458 3760 Duo
1497 3705 1657 3775 igitur
1687 3720 1825 3773 pra:-

223 3808 374 3871 dixit,
417 3817 477 3863 et
501 3819 563 3860 se
599 3804 758 3875 paqu
788 3813 907 3873 post
949 3803 1217 3856 abiturum
1245 3843 1260 3864 ,
1287 3808 1342 3854 et
1387 3799 1504 3854 illos
1533 3797 1599 3852 ad
1629 3811 1688 3852 se
1717 3811 1823 3852 non

227 3909 483 3956 venturos
507 3910 630 3953 esse
660 3913 674 3949 :
703 3894 844 3966 quod
873 3902 1021 3948 certe
1049 3909 1152 3946 non
1184 3889 1284 3945 fuit
1314 3890 1560 3945 humana:
1589 3889 1784 3943 mentis
1806 3929 1822 3954 ,

226 4001 284 4047 ut
305 4001 541 4048 mortem
567 4004 719 4045 suam
747 3986 1087 4059 praediceret.
1117 3984 1249 4040 Vide
1279 3997 1508 4054 namque
1527 3981 1653 4052 quid
1684 3981 1828 4036 dit-at

230 4083 392 4139 David
419 4101 435 4139 :
469 4079 667 4136 Notum
701 4079 785 4149 [ac
812 4079 958 4143 mihi,
989 4076 1226 4141 Domine,
1256 4077 1411 4144 finem
1433 4091 1622 4140 meum,
1650 4084 1695 4128 et
1731 4091 1828 4127 nuo

226 4190 419 4228 merum
461 4187 712 4226 annorum
741 4185 968 4224 memm
1002 4168 1113 4238 quis
1141 4177 1251 4234 est,
1283 4177 1339 4221 ut
1363 4169 1521 4221 sciant
1547 4167 1670 4237 quid
1701 4167 1828 4221 desit

224 4266 393 4339 milii(
425 4264 575 4321 Psal.
601 4263 690 4320 38.
723 4263 759 4319 5
781 4262 819 4333 ).
857 4260 913 4317 Id
960 4260 1197 4332 profecto
1221 4275 1380 4316 nemo
1417 4259 1584 4314 novit.
1618 4258 1694 4312 Ex
1723 4272 1829 4312 uno

229 4366 403 4412 autem
434 4354 673 4411 alterum
700 4351 1072 4431 confirmatur.
1103 4350 1216 4420 Ego
1243 4365 1371 4406 vero
1397 4359 1525 4421 puto
1554 4350 1606 4404 id
1634 4357 1690 4404 et
1726 4347 1828 4404 tui-

237 4449 421 4506 nistris
467 4447 804 4520 araigmatice
827 4445 931 4502 dici
957 4487 973 4512 ,
1001 4453 1059 4500 et
1083 4445 1357 4500 ministros
1400 4451 1678 4514 spectare,
1726 4456 1831 4511 quo

234 4539 471 4596 maxime
495 4539 617 4595 illos
655 4537 930 4604 alliceret;
959 4535 1252 4592 ostendens
1279 4551 1339 4590 se
1367 4535 1507 4590 scire
1531 4548 1629 4590 cur
1653 4533 1832 4588 venis-

233 4644 384 4699 sent;
423 4647 496 4688 ac
532 4632 576 4686 si
605 4630 840 4694 diceret,
868 4629 1184 4699 Exspectate
1214 4628 1485 4700 paulisper
1505 4669 1523 4695 ,
1553 4635 1608 4682 et
1646 4624 1828 4680 abibo.

234 4725 322 4780 55.
367 4721 621 4780 Dicebant
665 4736 788 4792 ergo
813 4719 984 4774 Judsei
1035 4721 1165 4774 inter
1207 4735 1307 4792 se;
1339 4717 1452 4788 Quo
1500 4718 1667 4773 iturus
1713 4718 1835 4773 est?

236 4815 479 4874 Tametsi
507 4815 582 4871 illi
610 4815 702 4885 qui
725 4812 1103 4869 desiderabant
1127 4821 1183 4868 ut
1207 4812 1416 4878 abiret,
1446 4811 1687 4882 nihilque
1727 4827 1832 4865 non

237 4908 514 4979 agebant,
556 4916 710 4961 utne
749 4904 886 4960 ultra
925 4903 1170 4959 viderent
1207 4919 1360 4968 eum,
1388 4919 1493 4956 non
1524 4903 1838 4958 debuissent

241 5000 338 5056 hoc
363 5014 614 5072 qnmrere
637 5015 653 5064 ;
681 4997 774 5053 sed
802 4998 981 5053 dicere
1001 5038 1016 5062 ,
1046 4996 1351 5052 Gaudemus
1375 4995 1516 5064 quod
1554 4995 1715 5051 abeas
1744 5012 1757 5046 :
1785 5005 1840 5050 et

241 5094 458 5164 quando
483 5091 589 5148 hoc
611 5091 752 5147 erit?
778 5090 885 5146 Sed
907 5091 990 5145 his
1017 5089 1192 5145 verbis
1214 5088 1585 5154 movebantur,
1612 5098 1666 5142 et
1691 5089 1758 5141 ab
1777 5103 1839 5143 se

244 5195 426 5240 mutuo
454 5197 519 5238 ac
544 5183 709 5237 stulte
735 5191 1006 5254 qtneruut,
1036 5197 1146 5252 quo
1174 5183 1348 5236 iturus
1375 5193 1540 5237 esset.
1578 5180 1840 5252 Numquid

243 5276 294 5329 in
335 5276 710 5348 dispersionem
748 5275 973 5346 gentium
995 5275 1022 5329 Ρ
1045 5273 1181 5342 Quid
1213 5283 1297 5328 est
1320 5314 1335 5339 ,
1369 5271 1432 5328 In
1476 5274 1840 5345 dispersione»;

246 5370 478 5438 gentium
496 5367 523 5422 .’
552 5367 644 5423 Sic
670 5378 859 5438 gentes
884 5367 1146 5421 vocabant
1168 5367 1362 5431 Judaei,
1388 5367 1510 5437 quia
1540 5367 1734 5436 ubique
1761 5367 1842 5421 di-

251 5474 452 5529 spersa:
475 5467 648 5524 erant,
673 5468 727 5514 et
746 5459 915 5514 libere
934 5459 1439 5515 commiscebantur.
1466 5460 1613 5513 lianc
1632 5474 1845 5530 quoque

252 5561 305 5606 ct
323 5551 397 5610 illi
424 5558 610 5621 postea
639 5549 987 5621 ignominiam
1008 5551 1148 5620 passi
1177 5559 1304 5606 sunt
1329 5568 1352 5604 τ’
1371 5566 1492 5606 nam
1515 5551 1611 5622 ipsi
1634 5567 1845 5621 quoque

254 5643 515 5714 dispersio
545 5644 780 5700 luerunt.
813 5642 952 5698 Olim
988 5653 1097 5699 tota
1128 5659 1259 5715 gens
1289 5644 1446 5700 simul
1476 5656 1663 5702 coacta
1686 5656 1802 5701 erat
1827 5689 1843 5713 ,

259 5751 355 5793 nec
395 5737 526 5792 alibi
552 5737 793 5807 reperire
819 5746 935 5792 erat
971 5735 1251 5806 Judamm,
1291 5754 1450 5808 quam
1482 5740 1535 5794 in
1565 5740 1847 5797 Palaestina

261 5840 481 5886 tantum.
513 5828 641 5884 ideo
685 5827 854 5884 Jttdzni
900 5837 1084 5900 gentes
1116 5830 1377 5884 vocabant
1416 5830 1804 5903 dispersionem
1831 5875 1844 5895 ,

261 5925 648 5996 exprobrantes
687 5921 833 5990 illis,
879 5937 944 5978 ac
987 5921 1054 5979 de
1090 5935 1151 5978 se
1188 5923 1470 5994 magniﬁce
1530 5928 1842 5984 sentientes.

1247 453 1316 511 IN
1353 442 1670 510 JOANNE.“
1711 439 1938 496 unum.
1975 438 2036 493 L.
2072 443 2142 493 al.
2186 403 2373 491 xm.

3421 430 3528 486 281

1926 573 2065 644 Quid
2105 590 2234 644 ergo
2259 572 2360 628 sibi
2391 569 2503 625 vult
2535 567 2663 624 illud
2685 611 2699 630 .
2737 567 2851 636 Quo
2879 583 2969 639 ego
3008 566 3136 621 endo
3155 608 3170 630 .
3200 583 3282 621 vos
3307 584 3408 621 mm
3431 587 3526 634 po-

1927 668 2065 721 testis
2094 667 2261 720 venire
2282 705 2295 728 ,
2324 663 2450 718 dum
2482 677 2604 717 cum
2645 661 2752 716 illis
2777 658 2946 714 Judaei
2979 658 3174 728 ubique
3219 674 3313 727 per
3339 657 3526 712 urbem

1928 769 2192 813 terrarum
2219 752 2742 811 conuniscerentur?
2770 751 2824 806 Si
2854 766 2984 820 ergo
3010 760 3200 819 gentes
3223 749 3528 820 signitieare

1926 850 2203 911 voluisset,
2235 864 2341 902 non
2373 847 2617 910 dixisset,
2654 844 2769 910 Quo
2793 859 2895 897 non
2927 843 3134 912 potestis
3169 842 3354 896 venire.
3389 843 3528 897 Cum

1925 953 2103 998 autem
2130 943 2378 996 dixerunt
2405 980 2420 1005 ,
2456 937 2600 992 Num
2625 939 2679 990 in
2721 936 3086 1006 dispersionent
3115 935 3336 1004 gentium
3365 935 3530 988 iturus

1922 1036 2036 1090 est?
2059 1049 2162 1088 non
2185 1033 2525 1094 addiderunt,
2553 1029 2619 1084 Et
2643 1028 2948 1099 perditurus
2973 1043 3087 1092 eas,
3106 1025 3223 1090 sed,
3256 1025 3526 1080 Dos-turus.

1925 1127 2017 1182 Sic
2063 1128 2247 1182 sedata
2298 1133 2380 1180 est
2429 1123 2640 1177 illorum
2695 1121 2814 1185 ira,
2859 1129 2914 1174 et
2943 1118 3100 1173 dictis
3144 1116 3514 1172 crediderunt.

1924 1217 2057 1273 Nam
2080 1218 2124 1272 si
2149 1232 2256 1271 non
2275 1214 2650 1278 credidissent,
2682 1226 2787 1266 non
2819 1209 3094 1280 qnatsituri
3127 1211 3266 1263 inter
3289 1222 3348 1263 se
3372 1216 3528 1262 erant

1938 1309 2051 1380 ιιιῘά
2076 1310 2300 1365 diceret.
2331 1307 2528 1362 Verum
2555 1305 2669 1359 luet:
2693 1304 2797 1357 illis
2825 1302 2965 1357 dicta
2986 1312 3165 1357 sunto.
3198 1299 3303 1356 Sed
3333 1298 3526 1354 timeu-

1924 1402 2051 1456 dum
2072 1442 2088 1468 ,
2128 1416 2195 1456 ne
2221 1399 2375 1454 nobis
2404 1412 2621 1470 quoque
2660 1397 2746 1450 illa
2774 1403 3122 1464 competant,
3153 1391 3295 1463 quod
3325 1392 3412 1446 ubi
3443 1391 3534 1446 ille

1924 1504 2026 1559 est,
2058 1508 2125 1548 eo
2149 1506 2248 1547 nos
2277 1507 2380 1547 non
2411 1491 2678 1560 pos~imus
2706 1488 2876 1553 abire,
2900 1486 3040 1556 quod
3073 1487 3173 1539 vita
3198 1494 3376 1540 nostra
3403 1501 3534 1555 pec-

1923 1591 2057 1645 catis
2082 1591 2151 1644 sit
2184 1590 2360 1660 plena.
2395 1587 2472 1642 De
2517 1584 2795 1654 discipulis
2833 1583 2977 1638 enim
3020 1581 3134 1645 ait,
3189 1579 3315 1633 Volo
3352 1589 3405 1632 nt
3446 1579 3535 1633 ubi

1922 1700 2035 1738 sum
2065 1699 2158 1753 ego
2190 1723 2204 1748 ,
2236 1692 2284 1736 et
2317 1681 2394 1734 illi
2424 1680 2527 1732 sint
2553 1693 2748 1730 mecum
2775 1678 2791 1743 (
2817 1673 2973 1728 Joan.
3007 1673 3092 1726 l7.
3125 1670 3237 1732 9.4).
3272 1671 3348 1726 De
3379 1671 3535 1725 nobis

1923 1792 2052 1830 vero
2075 1777 2239 1830 timeo
2265 1789 2332 1829 ne
2360 1772 2695 1828 contrarium
2727 1768 2938 1822 dicatur
2962 1809 2976 1833 ,
3008 1765 3104 1819 Ubi
3133 1782 3223 1836 ego
3263 1781 3396 1822 sum,
3431 1780 3534 1817 non

1925 1870 2130 1941 potestis
2174 1868 2362 1922 venire.
2413 1865 2548 1919 Cum
2594 1863 2739 1919 enim
2784 1869 2972 1916 contra
3024 1859 3182 1928 quain
3227 1857 3536 1927 priet-ipitur

1923 1979 2176 2034 agamus.
2210 1957 2482 2033 quomodo
2525 1955 2822 2027 poterimus
2849 1954 2939 2008 illo
2977 1952 3166 2007 abire?
3194 1949 3323 2004 Nam
3353 1950 3402 2004 in
3431 1949 3535 2005 hoc

1925 2057 2144 2120 sreeulo,
2181 2056 2228 2110 si
2263 2054 2386 2124 quis
2417 2052 2573 2107 miles
2601 2065 2660 2106 ea
2692 2058 2810 2120 agat
2844 2063 2963 2119 quze
2987 2055 3172 2100 contra
3201 2045 3338 2108 regis
3364 2044 3537 2113 dignio

1927 2157 2088 2204 tatem
2117 2149 2244 2209 sint.
2271 2162 2377 2201 non
2407 2143 2603 2215 poterit
2630 2157 2811 2212 regem
2843 2139 3050 2205 videre,
3086 2137 3180 2193 sed
3209 2149 3535 2191 exauctora-

1926 2247 2012 2295 tus
2040 2250 2342 2295 extremum
2370 2240 2479 2292 luet
2503 2234 2848 2304 supplicium.

1998 2334 2227 2388 Avaritia
2250 2374 2265 2397 ,
2293 2331 2478 2402 rapina
2499 2327 2850 2396 iujustitiaque
2883 2322 3161 2395 fugiendar.
3195 2319 3535 2390 Eleemosyna

1922 2423 2327 2481 commendatur.
2356 2449 2429 2463 —
2455 2419 2512 2475 Si
2541 2434 2672 2489 ergo
2703 2416 2995 2488 rapiamus,
3029 2411 3268 2468 avaritia:
3309 2410 3528 2466 studea-

1926 2531 2069 2583 mus,
2101 2515 2297 2587 injuste
2322 2527 2564 2586 agamus.
2599 2511 2978 2582 percutiamm,
3001 2506 3400 2578 eleemosynam
3429 2520 3536 2559 non

1923 2623 2226 2682 erogemus,
2258 2625 2366 2663 non
2395 2606 2695 2676 poterimus
2723 2604 2816 2660 illo
2841 2601 3022 2664 abire;
3055 2599 3152 2655 sed
3183 2597 3234 2654 id
3266 2598 3535 2670 patiemur

1925 2702 2067 2775 (ιιιυά
2099 2701 2396 2772 virginibus
2440 2698 2634 2754 accidit
2663 2715 2675 2750 :
2702 2711 2825 2767 qua
2868 2694 2932 2748 ad
2986 2694 3134 2748 illum
3180 2690 3386 2761 ingredi
3429 2706 3536 2744 non

1926 2801 2217 2865 potuerunt
2238 2833 2256 2859 ,
2295 2789 2389 2846 sed
2419 2797 2804 2853 recesserunt,
2842 2784 3126 2841 exstinctis
3153 2781 3489 2851 lampadibm
3515 2823 3533 2849 ,

1928 2886 2032 2942 hoc
2061 2893 2184 2949 est,
2215 2883 2386 2956 gratia
2414 2881 2723 2936 deficiente.
2773 2878 3071 2933 Flammam
3102 2876 3303 2946 quippe
3347 2874 3491 2928 illam
3520 2916 3536 2940 ,

1926 2993 2084 3047 quam
2112 2994 2140 3029 a
2171 2975 2400 3045 Spiritus
2429 2973 2601 3042 gratia
2641 2971 2822 3026 statim
2847 2968 3167 3039 accipimus,
3208 2968 3252 3021 si
3287 2965 3536 3029 velimus,

1927 3068 2289 3124 ardentiorem
2315 3065 2614 3129 efficimus;
2641 3064 2725 3118 sin
2755 3061 3008 3124 nolimus,
3037 3060 3217 3113 statim
3241 3057 3386 3112 illam
3420 3072 3542 3126 per-

1926 3162 2134 3218 demus.
2167 3159 2260 3215 llla
2283 3167 2460 3213 autem
2483 3155 2766 3214 exstincta.
2794 3152 2925 3208 nihil
2953 3151 3098 3206 aliud
3119 3168 3279 3221 quam
3306 3151 3539 3206 tenebra:

1929 3254 1981 3308 in
2011 3253 2209 3308 nostris
2240 3249 2494 3305 insidebit
2517 3248 2729 3302 animis.
2753 3246 2902 3302 Sicut
2927 3245 3072 3300 enim
3101 3243 3328 3298 ardente
3351 3241 3534 3297 lucer-

1928 3361 1993 3400 na
2017 3386 2032 3411 ,
2062 3343 2227 3398 multa
2258 3343 2344 3396 lux
2375 3338 2626 3410 splendet
2658 3355 2673 3392 :
2704 3337 2782 3391 sic
2813 3335 2900 3390 illa
2932 3335 3184 3389 restincta
3212 3375 3228 3398 ,
3275 3332 3406 3386 nihil
3437 3332 3538 3386 nisi

1931 3436 2184 3491 tenebraz.
2211 3434 2334 3488 Ideo
2351 3433 2424 3487 ait
2446 3449 2460 3486 :
2487 3429 2665 3485 Nolite
2682 3427 2920 3498 spiritum
2941 3426 3258 3497 exstinguere
3274 3425 3323 3497 (l
3339 3423 3538 3478 .1'liess.

1930 3532 1982 3586 5.
2025 3530 2087 3584 l9
2111 3532 2150 3597 ).
2185 3521 2554 3598 Exstinguitur
2581 3531 2790 3587 autem,
2818 3536 2941 3576 cum
2968 3520 3145 3575 oleum
3193 3533 3301 3573 non
3337 3517 3537 3580 habet;

1929 3623 2145 3696 quando
2190 3630 2352 3677 vento
2398 3618 2772 3676 vehementior
2821 3614 3064 3686 quaedam
3117 3613 3202 3667 vis
3249 3610 3538 3676 insufﬂat;

1930 3713 2148 3786 quando
2185 3712 2560 3784 comprimitur
2586 3719 2640 3765 et
2677 3717 3000 3763 coarctatnr.
3032 3704 3121 3760 Sic
3150 3705 3296 3759 enim
3324 3703 3530 3757 exstin-

1929 3807 2110 3878 guitur
2154 3806 2311 3876 ignis.
2341 3802 2730 3873 Cumprimitnr
2773 3809 2951 3854 autem
3001 3813 3030 3852 a
3077 3795 3532 3852 sollicitudinilms

1931 3897 2311 3960 saecularibus,
2345 3905 2401 3950 et
2429 3893 2793 3964 exstinguitur
2817 3905 2846 3944 a
2892 3890 3033 3943 mala
3077 3886 3540 3956 concupiscentia.

1933 3989 2013 4046 Ad
2047 3991 2162 4044 hrec
2203 3988 2337 4044 nihil
2385 3989 2528 4043 illam
2561 3988 2628 4040 ita
2674 3983 3010 4055 exstinguit,
3056 3965 3502 4038 ut‘nbumanitas
3527 4019 3542 4041 ,

1934 4082 2245 4143 crudelitas.
2267 4080 2452 4151 rapina
2497 4078 2629 4134 Cum
2655 4085 2858 4140 autem,
2881 4075 3004 4130 oleo
3023 4072 3329 4138 deficiente,
3352 4085 3545 4140 aquam

1934 4176 2095 4231 etiam
2126 4172 2370 4243 frigidam
2399 4169 2729 4225 infnndimus
2755 4209 2770 4234 ,
2802 4168 2904 4223 hoc
2946 4177 3030 4222 est
3056 4164 3335 4221 avaritiam
3361 4203 3377 4230 ,
3421 4176 3544 4232 qua:

1937 4282 2037 4337 per
2066 4265 2316 4320 laesorum
2343 4261 2655 4318 mmstitiam
2687 4260 2896 4314 animas
2932 4258 3242 4328 exstinguit,
3275 4254 3418 4310 unde
3449 4269 3547 4324 po-

1938 4365 2119 4413 terunt
2165 4356 2359 4410 iterum
2392 4350 2658 4408 accendi?
2704 4350 3052 4421 Migrabimus
3093 4363 3222 4418 ergo
3269 4347 3548 4417 pulverem

1937 4449 2281 4516 cineremque
2309 4445 2534 4499 tnultmn
2557 4443 2833 4500 nobiscum
2863 4439 3098 4498 ferentes
3120 4441 3426 4509 fumumque
3449 4453 3552 4493 nos

1939 4550 2308 4602 accusantem,
2336 4536 2478 4608 quod
2509 4535 2785 4607 lampadas
2814 4533 3252 4590 exstinxerimus.
3277 4530 3377 4587 Ubi
3405 4533 3550 4585 οιιίιιι

1942 4634 2120 4689 fumus
2148 4641 2270 4698 est,
2304 4630 2376 4685 ibi
2407 4644 2630 4687 necesse
2659 4638 2742 4684 est
2771 4628 3094 4682 exstinctum
3143 4624 3320 4695 ignem
3363 4622 3548 4677 fuisse.

1947 4724 2141 4780 Verum
2168 4723 2308 4778 absit
2337 4737 2406 4778 ne
2435 4720 2698 4792 quispiam
2732 4720 2870 4776 hanc
2899 4733 3085 4773 vocem
3124 4716 3326 4779 audiat,
3360 4713 3552 4768 Nescio

1943 4834 2055 4872 eos.
2069 4814 2421 4885 Quandonam
2443 4822 2618 4868 autem
2639 4812 2754 4867 hinc
2773 4827 2877 4868 vox
2900 4810 3165 4876 audietur,
3190 4807 3293 4863 nisi
3315 4807 3402 4862 ubi
3427 4821 3553 4860 cum

1947 4922 2236 4981 pauperem
2263 4906 2528 4973 videmus,
2558 4905 2786 4977 perinde
2814 4903 2988 4959 allecti
3017 4917 3206 4958 sumus
3226 4943 3244 4968 ,
3271 4916 3336 4958 ac
3365 4901 3408 4956 si
3437 4917 3545 4954 non

1947 5005 2292 5061 videremus?
2312 5001 2539 5071 Quando
2567 5015 2666 5055 nos
2690 4998 2960 5055 Christum
2989 4999 3314 5054 esurientem
3339 4997 3556 5066 ignora-

1948 5099 2150 5162 bimus,
2184 5095 2447 5165 ignorabit
2475 5102 2529 5148 et
2551 5093 2636 5147 ille
2664 5107 2762 5147 nos
2787 5091 2908 5146 oleo
2930 5103 3189 5161 egentes:
3215 5098 3267 5142 et
3297 5086 3417 5157 jure
3439 5103 3560 5155 t|lll-

1948 5190 2090 5246 dem.
2127 5188 2259 5242 Nam
2293 5187 2382 5256 qui
2417 5187 2676 5242 miserum
2704 5185 2957 5254 despicit,
2991 5198 3092 5238 nec
3118 5185 3270 5253 juvat
3303 5197 3366 5236 ex
3403 5181 3564 5234 bonis

1951 5286 2089 5346 suis,
2114 5280 2388 5354 quomodo
2413 5288 2617 5350 qumret
2660 5281 2906 5348 accipere
2935 5293 3000 5332 ex
3030 5293 3138 5332 non
3167 5275 3320 5331 suis?
3349 5273 3554 5342 Quam-

1952 5376 2141 5430 obrem
2167 5415 2182 5438 ,
2217 5387 2346 5443 rogo
2369 5414 2385 5440 ,
2416 5374 2597 5427 omnia
2626 5370 2886 5426 faciamus
2910 5410 2925 5433 ,
2953 5371 3132 5424 omnia
3163 5383 3474 5423 moveamus
3506 5376 3566 5422 ut

1953 5468 2131 5522 oleum
2163 5466 2317 5520 nobis
2343 5481 2449 5520 non
2475 5464 2690 5520 deficiat
2716 5481 2731 5530 ;
2763 5463 2858 5519 sed
2889 5477 3144 5518 ornetnus
3173 5460 3446 5531 lampades
3469 5502 3483 5515 .
3511 5469 3566 5513 et

1953 5575 2074 5616 cum
2097 5572 2298 5628 sponso
2317 5558 2368 5612 in
2393 5557 2683 5611 thalamum
2713 5554 3075 5626 ingredTamnr
3107 5575 3118 5608 :
3144 5568 3304 5622 quem
3326 5566 3423 5604 uos
3443 5566 3565 5603 om-

1955 5667 2053 5708 nes
2082 5652 2296 5721 assequi
2327 5653 2644 5722 contingat,
2676 5650 2844 5720 gratia
2889 5660 2944 5704 et
2989 5649 3320 5719 benignitate
3354 5643 3566 5698 Domini

1955 5746 2125 5800 nostri
2143 5742 2268 5798 Jesu
2285 5740 2508 5808 Christi,
2540 5758 2633 5812 per
2655 5757 2814 5813 quem
2845 5751 2899 5797 et
2925 5757 3047 5796 cum
3077 5754 3183 5810 quo
3206 5738 3350 5794 Patri
3371 5737 3567 5808 gloria,

1958 5836 2224 5904 simulque
2247 5833 2466 5904 Spiritui
2499 5843 2690 5889 sancto
2715 5877 2728 5902 ,
2762 5849 2907 5890 nunc
2932 5843 2988 5888 et
3014 5847 3232 5904 semper
3257 5872 3272 5898 ,
3304 5840 3360 5886 et
3388 5831 3439 5883 in
3468 5845 3573 5886 sac-

1963 5927 2081 5981 cula
2105 5927 2444 5980 saeculorum.
2479 5927 2669 5980 Amen.
