4088 6534
544 500 648 553 ειη

554 613 1689 648 ____________,__“______,_.______

1250 487 1304 537 ς.
1347 479 1619 536 λυλκκιδ
1643 468 2108 530 ΟΙΗΠΞΟΒΤΟᾸΗ
2150 465 2466 521 Αιιειιιεῐδ.
2506 459 3035 518 (ῘΟΝΞΤΔΧΊΊΝΘΡ.

1695 593 3099 620 _______________________..._.

1964 677 2293 740 llOMlLlA
2342 677 2440 735 LI.

547 863 673 913 iisti.
716 857 768 907 7.
810 869 859 905 v.
904 852 990 905 57.
1031 847 1089 900 lu
1142 844 1410 898 novissimo
1453 848 1620 890 autem
1652 833 1732 885 die
1778 844 1959 899 magno
1988 825 2120 895 [esti-

622 949 801 1006 ritatis,
829 943 989 997 stubut
1010 940 1183 1002 Jcsus,
1217 947 1261 989 et
1287 933 1533 988 clamabat
1555 929 1724 980 dicens
1746 941 1760 978 :
1786 925 1846 978 Si
1872 923 1980 991 quis
2003 920 2124 982 sitit,

621 1041 782 1094 veniat
813 1038 881 1089 ad
906 1052 982 1088 me
1010 1046 1052 1088 et
1080 1031 1229 1085 bibat.
1259 1027 1332 1099 (a)
1363 1026 1448 1080 58.
1478 1023 1577 1086 Qui
1598 1019 1758 1072 credit
1793 1019 1843 1069 in
1874 1031 1970 1078 me,
1999 1014 2128 1066 sicut

621 1133 740 1184 dicit
774 1131 1044 1198 Scriptura
1064 1167 1077 1188 ,
1113 1124 1325 1193 flumina
1357 1120 1419 1172 de
1448 1127 1613 1171 ventre
1657 1112 1767 1182 ejus
1803 1111 1961 1178 ﬂuent
1988 1120 2131 1174 aquw

624 1227 769 1278 vivie.
813 1245 827 1254 -

633 1319 684 1373 1.
719 1314 980 1370 Auditores
1001 1309 1156 1363 divini
1185 1307 1315 1361 verbi
1343 1307 1563 1360 sitientes
1584 1322 1689 1359 esse
1725 1309 2013 1374 oportet.--
2033 1295 2130 1360 Qui

557 1413 620 1464 ad
643 1409 872 1464 divinam
893 1403 1150 1459 accedunt
1173 1400 1620 1469 prictlicationem,
1643 1409 1692 1452 et
1718 1397 1873 1450 ﬁdem
1895 1399 2128 1450 servant,

559 1519 651 1559 eas
678 1500 964 1556 sitientium
990 1495 1310 1550 desiderium
1341 1508 1449 1561 pra:
1476 1506 1535 1544 se
1563 1490 1700 1544 ferre
1721 1495 1947 1558 oportet.
1978 1491 2136 1552 atque

566 1602 762 1645 tantam
811 1591 863 1643 in
915 1586 1108 1655 seipsis
1155 1585 1438 1638 incendere
1486 1577 1988 1648 concupiscentiam.
2047 1574 2137 1627 Sic

561 1685 702 1736 enim
729 1672 971 1751 poterunt
992 1677 1128 1732 dicta
1157 1678 1359 1728 cautius
1387 1675 1634 1728 retinere.
1663 1672 1792 1726 Nam
1816 1670 1902 1738 qui
1932 1667 2134 1729 sitiunt,

565 1784 837 1843 acceptum
870 1771 1112 1840 poculum
1145 1767 1486 1834 cupidissime
1518 1765 1785 1825 hauriunt,
1814 1774 1867 1816 et
1892 1762 1961 1814 ita
1993 1761 2136 1812 sitim

567 1867 770 1920 sedant.
810 1864 896 1918 SIC
923 1865 1097 1931 itaque
1126 1860 1210 1929 qui
1242 1860 1448 1912 divinos
1481 1858 1727 1910 hauriunt
1754 1868 2029 1909 sermones
2050 1893 2063 1916 ,
2094 1851 2139 1904 si

566 1959 803 2011 sitientes
833 1956 1101 2018 sor-beant,
1132 1968 1414 2021 numquam
1440 1949 1722 2004 cessabunt
1747 1949 1917 2000 donec
1941 1943 2140 1998 exhau-

564 2050 749 2102 serint.
787 2046 935 2112 Quod
965 2045 1104 2100 enim
1135 2059 1346 2112 semper
1368 2051 1609 2110 Oporteat
1638 2041 1786 2093 sitire
1819 2049 1871 2092 ct
1900 2037 2103 2090 esurire
2124 2076 2138 2098 ,

564 2140 774 2203 dicitur,
807 2139 945 2192 Beati
974 2140 1057 2206 qui
1084 2139 1304 2190 esuriant
1346 2144 1391 2187 et
1436 2135 1609 2187 sitiunt
1630 2133 1880 2200 justitiam
1907 2129 1924 2202 (
1955 2127 2140 2181 Matth.

565 2233 616 2286 5.
650 2230 734 2294 6).
774 2233 833 2284 lit
865 2229 946 2283 hic
990 2229 1114 2281 dicit
1142 2227 1384 2280 Christus
1415 2267 1428 2287 ,
1465 2225 1525 2278 Si
1570 2227 1678 2293 quis
1703 2224 1839 2286 sitit,
1867 2223 2028 2274 veniat
2075 2220 2143 2272 ad

565 2339 642 2374 me
668 2334 713 2373 et
736 2323 904 2382 bibat;
933 2321 978 2372 id
1009 2331 1107 2382 t'Sl,
1135 2318 1407 2372 Neminem
1432 2317 1748 2370 necessitate
1778 2323 1863 2366 aut
1893 2313 1939 2365 vi
1962 2310 2138 2373 traho;

564 2414 653 2466 scd
687 2416 724 2464 si
758 2414 876 2482 quis
901 2413 1076 2464 aiiimo
1102 2419 1400 2478 promptus,
1429 2408 1471 2461 si
1501 2408 1617 2477 quis
1645 2405 1912 2460 desiderio
1934 2404 2152 2458 fervens

563 2507 628 2558 sit
650 2545 663 2568 ,
696 2503 834 2556 hunc
858 2519 954 2570 ego
987 2518 1141 2556 voco.
1176 2503 1243 2554 At
1269 2517 1363 2553 cur
1392 2499 1712 2568 evangelista
1743 2498 1819 2551 sic
1847 2495 2136 2563 expressit,

565 2598 628 2651 In
677 2599 938 2650 novissimo
966 2597 1045 2647 die
1087 2596 1313 2664 magno?
1343 2595 1546 2648 Etenim
1581 2595 1780 2662 primus
1829 2603 1882 2645 et
1927 2590 2143 2644 ultimus

564 2706 784 2758 magnus
807 2701 941 2754 erat,
971 2689 1129 2741 medii
1153 2700 1329 2742 autem
1350 2691 1524 2757 potius
1551 2689 1601 2740 in
1628 2686 1833 2740 deliciis
1858 2699 2140 2738 censumc-

565 2781 775 2833 bantur.
821 2780 929 2833 Cur
957 2795 1084 2844 ergo
1132 2778 1198 2830 In
1231 2779 1502 2831 novissimo
1549 2777 1714 2830 dicit?
1758 2776 1888 2843 Quia
1940 2775 2030 2827 illo
2057 2773 2143 2827 die

561 2889 748 2926 omnes
773 2870 1180 2926 cciivcuicliant.
1213 2869 1266 2924 In
1298 2871 1470 2938 primo
1500 2883 1603 2922 non
1629 2868 1771 2921 venit
1800 2866 1908 2929 ille,
1937 2875 1989 2919 et
2017 2880 2140 2918 cau-

561 2980 671 3018 sam
700 2964 826 3016 dixit
859 2962 1124 3016 fratribus.
1158 2962 1260 3015 Sed
1289 2975 1386 3014 nec
1413 2961 1462 3013 in
1492 2959 1748 3025 secundo,
1777 2973 1876 3013 nec
1901 2958 1952 3012 iu
1986 2957 2141 3011 tertio

558 3055 827 3123 quidpiam
857 3055 959 3106 tale
986 3053 1149 3116 dicit;
1179 3068 1245 3105 ne
1273 3052 1420 3105 irrita
1460 3051 1638 3104 forent
1671 3051 1829 3104 verba
1858 3091 1870 3106 .
1903 3048 2028 3100 dum
2063 3046 2141 3099 lu-

561 3158 735 3202 turum
758 3155 867 3202 erat
902 3155 957 3201 ut
984 3146 1053 3199 illi
1097 3146 1147 3199 in
1180 3144 1385 3200 deliciis
1408 3151 1605 3199 essent.
1636 3141 1934 3196 Novissima
1959 3149 2138 3196 autem

560 3243 645 3295 die
674 3281 689 3304 ,
721 3241 932 3308 quando
963 3239 1281 3293 recedebant
1311 3238 1528 3291 domum
1558 3277 1572 3298 ,
1602 3233 1792 3289 viatica
1821 3235 1884 3288 ad
1915 3235 2139 3288 salutent

561 3332 651 3384 dat
680 3332 814 3393 illis.
856 3339 908 3384 et
947 3330 1136 3382 clamat
1165 3345 1179 3392 ;
1211 3339 1319 3394 tum
1348 3337 1404 3381 ut
1435 3326 1678 3381 ﬁduciam
1717 3337 1769 3378 et
1800 3326 2042 3393 lnquendi
2076 3326 2143 3378 li-

559 3424 815 3477 bertatem
839 3422 1075 3473 ostendat
1104 3437 1116 3480 ;
1143 3430 1250 3474 tmn
1272 3432 1326 3473 ut
1345 3430 1501 3472 tantm
1518 3417 1838 3472 multitudini
1861 3418 2139 3486 signiticet.

558 3531 616 3570 se
643 3515 708 3569 de
735 3514 991 3583 spirituali
1025 3523 1146 3582 potu
1180 3515 1451 3581 loquntum
1493 3528 1644 3575 esse,
1679 3511 1966 3579 adjicitque
1996 3528 2008 3562 :
2042 3511 2141 3576 Qui

559 3608 713 3660 credit
752 3608 802 3660 in
835 3623 913 3659 me
936 3648 951 3671 ,
985 3607 1110 3658 sicut
1137 3605 1257 3658 dicit
1289 3604 1554 3674 Scriptura
1579 3644 1594 3667 ,
1640 3604 1853 3672 ﬂumina
1879 3607 1939 3654 de
1966 3614 2133 3654 ventre

558 3701 665 3763 eius
690 3699 845 3766 [luent
873 3713 1016 3760 aqua:
1041 3698 1179 3749 vim.
1216 3695 1466 3749 Ventrem
1495 3711 1589 3750 eor
1616 3703 1803 3756 vocat;
1837 3704 1889 3744 ut
1919 3702 1970 3745 et
2001 3710 2010 3742 :
2038 3693 2130 3746 libi

558 3792 650 3855 ait,
674 3789 736 3842 Et
752 3790 904 3858 legem
922 3799 1058 3840 tuam
1080 3789 1130 3840 in
1155 3787 1316 3840 medio
1334 3787 1517 3840 ventris
1535 3787 1628 3838 mei
1650 3785 1720 3854 (b)
1748 3782 1916 3852 (Psal.
1940 3784 2026 3836 59.
2058 3782 2134 3850 9).

566 3882 632 3935 Et
677 3882 891 3933 ubinam
920 3878 1048 3932 dicit
1080 3879 1388 3946 Scriptura,
1437 3876 1681 3931 Flumina
1719 3878 1782 3928 de
1824 3885 1991 3928 ventre
2033 3876 2138 3943 ejus

559 3980 714 4046 ﬂuent
744 3974 1079 4058 aqua'irce?
1106 3972 1392 4041 Nusquam.
1416 3971 1551 4037 Quid
1579 3971 1676 4024 sibi
1703 3969 1811 4022 vult
1829 3983 1954 4036 ergo
1987 3967 2132 4031 illud,

564 4067 662 4132 Qui
693 4065 853 4118 credit
885 4065 933 4117 in
967 4079 1060 4125 me,
1090 4064 1216 4115 sicut
1245 4063 1363 4114 dicit
1393 4060 1702 4130 Scriptura?
1735 4059 1828 4113 llic
1856 4060 2134 4127 interpun-

560 4158 788 4225 gcnduut
821 4165 938 4219 est;
970 4165 1025 4207 ιιι
1061 4153 1185 4207 illud
1218 4195 1232 4216 ,
1264 4152 1503 4206 Flumina
1531 4154 1592 4204 de
1618 4163 1784 4205 ventre
1809 4154 1917 4222 ejus
1943 4154 2101 4222 ﬂuent
2122 4192 2136 4215 ,

559 4250 628 4303 sit
651 4248 845 4302 Christi
874 4249 1158 4302 sententia.
1198 4247 1328 4313 Quia
1370 4247 1509 4300 enim
1539 4247 1686 4300 multi
1720 4246 2002 4307 dicebant,
2039 4243 2136 4297 llic

559 4351 629 4394 cst
661 4341 925 4405 Christus;
957 4349 1009 4394 et
1035 4339 1261 4392 Christus
1307 4356 1419 4392 cum
1458 4341 1641 4391 venerit
1668 4380 1680 4400 ,
1725 4337 1968 4406 numquid
1994 4338 2141 4405 plura

561 4434 708 4502 signa
735 4435 881 4504 faciet
925 4433 942 4504 (
968 4449 1015 4486 v.
1041 4434 1131 4488 96.
1161 4443 1205 4486 et
1231 4432 1292 4487 5|
1321 4431 1378 4500 )?
1403 4431 1637 4485 ostendit
1665 4440 1915 4499 Oportere
1942 4440 2138 4484 rectam

564 4535 746 4578 tenere
776 4525 1091 4577 sententiain
1114 4564 1127 4583 ,
1163 4536 1332 4591 neque
1362 4521 1432 4574 ita
1476 4537 1542 4574 ex
1579 4522 1776 4591 signis,
1811 4529 1868 4575 ut
1911 4536 1974 4574 ex
2001 4519 2146 4573 Seria

562 4618 731 4683 ptui-is
762 4616 1084 4669 credendum
1113 4630 1253 4669 esse.
1292 4613 1436 4668 Multi
1462 4615 1604 4668 enim
1649 4630 1768 4668 cum
1806 4614 1953 4668 illum
1985 4613 2145 4667 mira-

561 4707 676 4760 ruta
708 4707 951 4762 edentem
977 4714 1279 4768 cernerent.
1311 4722 1414 4758 non
1443 4707 1592 4774 quasi
1620 4705 1894 4760 Christum
1922 4704 2142 4773 recipie-

565 4802 688 4853 hant
718 4816 732 4862 ;
780 4801 890 4853 imo
922 4799 1111 4852 dicturi
1139 4806 1297 4852 erant
1321 4838 1335 4859 .
1368 4796 1554 4851 Nonne
1582 4798 1870 4867 Scriptura:
1917 4797 2100 4852 dicunt
2123 4838 2138 4862 ,

559 4895 833 4946 Christum
881 4908 944 4945 ex
976 4893 1178 4945 semita:
1227 4888 1390 4944 David
1437 4899 1720 4944 venturum
1766 4891 1923 4945 esse?
1966 4889 2023 4942 ιιι
2051 4889 2142 4944 ille

562 4989 871 5056 frequenter
896 4983 1137 5038 versabat
1163 5026 1176 5044 .
1209 4991 1271 5042 ut
1295 4983 1598 5038 ostenderet
1626 4998 1684 5037 se
1707 4981 2006 5050 huiusmodi
2047 4981 2142 5035 de.

568 5077 1005 5132 monstrationem
1035 5091 1138 5129 non
1168 5074 1352 5145 fugere
1383 5093 1396 5128 ε
1428 5090 1717 5141 rursusque
1744 5074 1866 5128 illos
1897 5073 1962 5127 ad
1999 5073 2142 5128 Scri-

569 5180 748 5239 ploras
795 5168 1035 5225 remittit.
1079 5169 1336 5235 Superius
1372 5167 1513 5222 enim
1556 5167 1798 5222 dixerat:
1834 5165 2146 5222 Scrutamini

570 5261 885 5330 Scripturas,’
914 5270 967 5314 et
996 5274 1204 5314 rursum
1237 5275 1250 5312 :
1280 5258 1538 5327 Scriptum
1567 5269 1638 5312 est
1661 5263 1712 5312 in
1743 5259 2002 5328 prophetis
2029 5300 2043 5322 ,
2077 5256 2144 5309 Et

567 5362 707 5402 erunt
747 5366 915 5402 omnes
947 5350 1182 5405 docibiles
1215 5349 1306 5403 Dei
1324 5347 1502 5422 (Joan.
1536 5350 1586 5403 5.
1613 5348 1679 5404 59
1728 5359 1771 5403 et
1807 5350 1857 5403 ϐ.
1888 5348 1991 5416 43)
2020 5363 2034 5410 ;
2068 5358 2140 5410 et,

569 5439 772 5512 Moyses
806 5456 890 5494 vos
931 5451 1128 5494 accusat
1153 5460 1170 5505 ;
1194 5441 1278 5496 hic
1305 5457 1430 5495 vero
1449 5481 1464 5503 ,
1493 5439 1636 5494 Sicut
1663 5440 1788 5493 dixit
1829 5441 2106 5508 Scriptura
2127 5479 2140 5503 ,

633 5619 704 5677 (η)
741 5617 791 5665 lu
819 5614 977 5664 \torej.
1007 5627 1115 5677 quze
1139 5621 1408 5674 sequuntur
1427 5613 1633 5662 deerant
1658 5615 1704 5677 in
1739 5613 1898 5677 titulo.

639 5675 707 5739 (b)
739 5678 978 5726 Hebraiee
1006 5675 1185 5737 legitur
1206 5682 1313 5732 WB
1327 5684 1364 5751 ’ἶ
1378 5682 1484 5751 “in,
1505 5677 1554 5724 in
1576 5676 1736 5726 medio
1758 5675 1993 5751 iiscerunt
2016 5687 2143 5723 meo-

565 5765 691 5806 rum,
713 5757 764 5798 ut
791 5752 933 5798 vertit
954 5747 1272 5810 sviunaehus.
1290 5742 1451 5810 sq'uila
1473 5753 1704 5793 autemet
1726 5742 2004 5810 'I‘heodotio.
2025 5753 2149 5810 quos

569 5803 790 5874 sequitur
839 5803 1158 5874 Hi._n~o'oynuts
1177 5843 1190 5864 ,
1217 5809 1264 5874 in
1297 5803 1462 5874 Ani’dio
1484 5815 1660 5874 ventris
1685 5804 1793 5854 mei.
1819 5803 2147 5874 I.xxhet_\"ul-

569 5864 693 5935 gata.
719 5873 768 5922 in
794 5871 948 5921 medio
972 5864 1130 5920 cordis
1157 5869 1264 5917 inci.
1297 5869 1364 5916 lix
1388 5877 1456 5916 ss.
1478 5867 1692 5916 Patri‘nus
1716 5877 1879 5915 autem
1898 5864 1979 5914 alii
2005 5865 2144 5923 hanc,

569 5939 645 5984 alii
674 5937 797 5983 illam
825 5943 1275 5995 interpretationem
1302 5940 1588 5992 setpiuntur.

2231 826 2443 892 [lumina
2466 828 2526 878 de
2547 837 2712 880 ventre
2733 830 2843 898 ejus
2868 832 3026 898 [luent
3048 841 3062 901 (
3082 830 3236 886 Joan.
3344 833 3411 891 45
3434 831 3450 907 )
3475 856 3488 903 ;
3521 836 3826 890 ubertatem

2233 926 2287 970 et
2325 920 2532 987 copiam
2565 923 2745 989 gratius
2775 925 3137 988 subindicans.
3189 941 3246 985 ut
3290 935 3414 987 alibi
3470 937 3624 999 dicit,
3685 935 3831 988 Fons

2233 1020 2378 1071 aqua:
2401 1007 2624 1060 salientis
2654 1009 2704 1060 in
2732 1011 2877 1064 vitam
2904 1023 3140 1068 (eterntnn
3171 1017 3188 1084 (
3211 1016 3345 1071 Ibid.
3375 1021 3428 1074 4.
3470 1022 3567 1089 14)
3594 1039 3608 1086 ;
3641 1023 3690 1076 id
3721 1037 3828 1085 est.

2237 1100 2454 1154 multam
2479 1101 2692 1156 habebit
2712 1108 2956 1173 gratiam.
2979 1109 3115 1163 Alibi
3140 1111 3366 1176 dixerat.
3386 1117 3538 1169 vitam
3559 1128 3832 1179 a'ternam;

2243 1190 2327 1244 hic
2350 1192 2497 1255 dicit,
2527 1211 2711 1265 aquam
2734 1199 2913 1252 vivam.
2941 1199 3124 1255 Vivam
3148 1217 3298 1258 vocat
3323 1223 3440 1262 earn
3469 1224 3588 1276 qua:
3615 1225 3834 1277 semper

2238 1291 2492 1350 operatur
2516 1325 2531 1349 ,
2560 1286 2789 1354 Spiritus
2816 1292 2958 1345 enim
2988 1295 3154 1362 gratia
3198 1310 3318 1350 cum
3367 1298 3418 1351 in
3462 1301 3697 1354 animam
3747 1304 3836 1354 in-

2238 1388 2420 1442 gressa
2449 1385 2504 1430 et
2531 1380 2757 1435 stabilita
2789 1382 2977 1449 fuerit,
3013 1386 3128 1452 plus
3156 1403 3311 1456 quam
3341 1389 3456 1443 fons
3485 1395 3659 1462 quivis
3704 1410 3836 1448 δυτι-

2243 1468 2403 1528 turit;
2435 1485 2606 1538 neque
2634 1483 2826 1537 cessat,
2860 1475 2939 1529 vel
2965 1490 3284 1546 evacuatur,
3319 1497 3490 1550 neque
3513 1485 3730 1540 desinit.
3763 1487 3843 1540 Ut

2241 1572 2370 1626 ergo
2397 1560 2553 1616 simul
2580 1574 2632 1617 et
2660 1581 2946 1636 numquam
2975 1569 3222 1636 deiicere,
3249 1585 3303 1629 et
3329 1575 3667 1633 iiiel'iabilitcr
3687 1596 3839 1649 ope-

2243 1653 2346 1705 rari
2378 1653 2592 1709 denotet
2619 1698 2634 1722 ,
2667 1657 2869 1713 fontem
2911 1671 2965 1715 et
2994 1662 3182 1718 ﬂuvios
3221 1667 3485 1736 appellat;
3522 1685 3628 1723 non
3659 1687 3833 1724 unum

2244 1750 2461 1802 ﬂuvium
2489 1791 2502 1811 .
2550 1752 2641 1805 sed
2693 1755 3130 1812 innumerabiles.
3163 1760 3229 1813 Et
3274 1761 3378 1814 illic
3419 1764 3696 1818 salientem
3731 1781 3838 1833 pro

2246 1840 2536 1896 inundante
2566 1844 2716 1897 dixit.
2751 1846 2903 1911 Quod
2933 1849 3077 1902 clare
3100 1850 3356 1917 percipiet
3387 1854 3429 1906 si
3464 1853 3583 1923 quis
3613 1855 3841 1922 sapien-

2250 1934 2374 1987 tiam
2405 1934 2662 2005 Slepliani
2689 1979 2703 2000 ,
2737 1937 2878 1992 Petri
2914 1940 3142 2008 linguam
3166 1983 3179 2005 ,
3215 1942 3358 1996 l'auli
3390 1945 3494 1996 vim
3525 1946 3842 1999 considera-

2247 2027 2414 2091 verit,
2452 2043 2556 2097 quo
2589 2040 2742 2097 pacto
2771 2030 2898 2084 nihil
2936 2048 3030 2084 eos
3065 2034 3281 2099 tulerit,
3317 2035 3446 2088 nihil
3477 2039 3785 2091 sustinuciit
3823 2054 3838 2100 ;

2249 2133 2352 2170 non
2387 2121 2695 2188 populorum
2728 2122 2894 2189 furor,
2926 2139 3029 2178 non
3056 2135 3400 2195 tyrannorum
3428 2128 3697 2193 violentia,
3725 2146 3840 2183 non

2246 2212 2546 2267 dmiuonum
2581 2216 2803 2280 insidiae,
2838 2235 2939 2271 non
2963 2219 3285 2288 quotidiana!
3307 2233 3536 2285 mortes;
3566 2224 3657 2276 sed
3681 2225 3840 2292 quasi

2252 2304 2469 2356 ﬂiunina
2500 2322 2690 2375 magno
2715 2309 2913 2378 impetu
2943 2311 3180 2372 ﬂuentia,
3216 2313 3291 2364 sic
3315 2314 3492 2365 omnia
3526 2329 3704 2368 secum
3736 2325 3841 2367 tra-

2246 2395 2439 2448 xeriut.
2468 2397 2555 2450 50.
2590 2395 2714 2450 lltcc
2735 2410 2901 2451 autem
2921 2400 3049 2453 dixit
3077 2402 3140 2454 de
3159 2403 3381 2471 Spiritu,
3410 2419 3556 2473 quem
3580 2408 3842 2470 acceptiui

2245 2499 2388 2540 erant
2426 2488 2680 2542 credentes
2727 2490 2941 2546 ineunt.
2986 2491 3230 2547 Nondum
3272 2496 3403 2549 enim
3448 2507 3555 2549 erat
3605 2496 3840 2566 Spiritus

2245 2591 2466 2636 sanctus.
2514 2583 2793 2650 Quomodo
2834 2601 2961 2654 ergo
3009 2587 3278 2656 propheta:
3312 2589 3692 2657 prophetarum
3719 2629 3732 2650 ,
3782 2600 3839 2641 et

2248 2672 2524 2727 innumera
2553 2676 2769 2731 edidere
2799 2679 3100 2734 miracula?
3131 2682 3371 2750 Apostoli
3404 2682 3544 2736 enim
3578 2698 3682 2735 non
3714 2684 3838 2751 Spi-

2247 2769 2372 2829 ritu,
2397 2768 2489 2822 sed
2514 2768 2628 2838 ejus
2651 2769 2843 2824 virtute
2862 2770 3124 2826 daemonia
3149 2773 3442 2840 ejecerunt,
3467 2785 3520 2826 ut
3545 2775 3657 2842 ipse
3680 2774 3838 2828 dicit:

2247 2862 2308 2914 Si
2337 2878 2426 2930 ego
2470 2863 2520 2914 in
2555 2863 2822 2915 Beelzebub
2859 2864 3005 2932 ejicio
3036 2865 3306 2928 dwmonia,
3339 2867 3434 2932 ﬁlii
3464 2867 3609 2919 vestri
3638 2867 3689 2918 in
3736 2883 3839 2933 qua

2245 2955 2454 3023 ejiciunt
2491 2955 2508 3022 (
2535 2953 2720 3008 Matth.
2753 2957 2838 3010 12.
2869 2958 2934 3011 27
2960 2958 3020 3025 )‘l
3049 2959 3158 3012 Hoc
3193 2969 3369 3013 autem
3413 2961 3622 3014 dicebat
3669 2961 3839 3030 δίειιί-

2246 3046 2432 3114 licaus,
2452 3062 2556 3101 non
2580 3063 2767 3104 omnes
2785 3047 2984 3121 Spiritu
3002 3061 3124 3106 ante
3141 3067 3375 3118 crucem,
3397 3053 3488 3108 ced
3508 3051 3619 3123 ejus
3637 3057 3838 3110 virtute

2244 3140 2466 3208 ejecisse
2492 3142 2774 3196 datmonia.
2800 3143 2932 3198 Cum
2963 3160 3090 3214 ergo
3119 3145 3236 3199 illos
3259 3149 3516 3199 missurus
3539 3158 3674 3209 erat,
3709 3158 3839 3202 tunc

2249 3231 2399 3294 dixit,
2431 3233 2654 3301 Accipite
2681 3233 2933 3303 Spiritum
2949 3247 3202 3301 sanctum;
3229 3253 3291 3289 ac.
3322 3254 3532 3292 rursum
3551 3281 3564 3298 ,
3607 3237 3752 3290 Venit
3778 3239 3835 3291 in

2245 3340 2328 3377 eos
2346 3322 2565 3394 Spiritus
2582 3335 2804 3389 sanctus,
2825 3335 2870 3378 et
2883 3336 2998 3379 tunc
3013 3327 3158 3396 signa
3169 3328 3417 3396 faciebant
3439 3327 3837 3400 (Joanﬁtiﬁi).

2312 3415 2368 3468 2.
2409 3417 2539 3470 Cum
2568 3426 2744 3472 autem
2775 3419 3049 3483 misiteos,
3080 3435 3183 3472 non
3207 3421 3357 3483 dixit,
3387 3422 3537 3475 Dedit
3558 3422 3634 3474 eis
3661 3421 3840 3491 Spiri-

2245 3517 2354 3563 tum
2382 3519 2655 3574 sanctum;
2689 3510 2803 3574 sed,
2854 3510 3007 3564 Dedit
3034 3509 3104 3565 eis
3131 3521 3446 3580 potestatem,
3496 3514 3678 3567 dicens
3705 3530 3718 3566 :
3746 3511 3838 3566 Le-

2241 3616 2420 3670 prosos
2450 3603 2709 3666 inundate,
2759 3601 3010 3654 daemonia
3055 3603 3240 3672 cjicite,
3288 3613 3511 3657 mortuos
3553 3606 3837 3667 suscitate;
3888 3647 3896 3656 .

2241 3695 2398 3763 gratis
2421 3693 2701 3762 accepistis,
2728 3695 2886 3764 gratis
2917 3696 3031 3748 date
3059 3693 3283 3766 (Matth.
3320 3696 3404 3750 10.
3442 3697 3488 3749 1.
3523 3707 3568 3749 et
3596 3698 3674 3765 8).
3697 3695 3835 3750 Pro-

2244 3784 2422 3854 phetis
2450 3797 2625 3840 autem
2659 3788 2708 3839 in
2738 3787 2985 3841 confesso
3028 3788 3167 3856 apud
3217 3805 3406 3843 omnes
3448 3799 3530 3843 cst
3573 3789 3834 3859 Spiritum

2244 3889 2486 3933 sanctum
2519 3879 2680 3932 fuisse
2710 3880 2923 3943 datum;
2956 3881 3048 3934 sed
3075 3883 3244 3950 gratia
3290 3883 3374 3936 illa
3417 3892 3684 3936 contracta
3716 3895 3839 3937 erat

2243 3977 2297 4024 et
2325 3971 2526 4035 avulsa,
2558 3980 2715 4041 atque
2742 3973 2794 4025 in
2819 3981 2954 4026 terra
2983 3973 3219 4027 desierat
3243 3974 3311 4028 ab
3353 3974 3439 4027 illa
3480 3975 3584 4038 die,
3618 3991 3718 4043 qua
3747 3975 3836 4027 di-

2245 4071 2386 4115 ctum
2416 4060 2534 4121 fuit.
2570 4059 2888 4130 Relinquitur
2912 4062 3094 4116 domus
3120 4073 3285 4116 vestra
3314 4063 3511 4117 deserta
3546 4065 3706 4132 (Ibid.
3739 4067 3832 4118 25.

2245 4152 2356 4221 53).
2396 4152 2459 4205 Et
2484 4162 2608 4206 ante
2639 4153 2778 4206 illam
2800 4154 2939 4208 diem
2959 4154 3068 4222 jam
3092 4155 3262 4209 rarior
3282 4169 3401 4209 esse
3421 4166 3676 4224 cmperat.
3700 4155 3838 4208 Nul-

2248 4244 2326 4298 lus
2350 4245 2486 4313 apud
2516 4244 2632 4298 illos
2661 4246 2915 4317 propheta
2939 4257 3084 4313 erat;
3119 4263 3290 4318 neque
3316 4250 3480 4318 gratia
3509 4250 3718 4303 illorum
3749 4267 3841 4304 sa-

2246 4342 2350 4393 cris
2399 4342 2772 4409 prospiciebat.
2820 4341 2952 4396 Cum
2999 4342 3157 4411 igitur
3198 4341 3424 4409 Spiritus
3466 4354 3680 4396 sanctus
3718 4343 3837 4411 jam

2247 4432 2453 4484 ablatus
2481 4441 2639 4494 esset,
2686 4431 3024 4502 futurumque
3053 4441 3195 4488 esset
3225 4443 3284 4488 ut
3316 4433 3514 4503 largius
3541 4434 3842 4489 elTuudere-

2250 4533 2352 4588 tur,
2374 4526 2524 4594 cujus
2541 4525 2663 4579 doni
2689 4527 3004 4596 principium
3031 4535 3151 4596 past
3173 4543 3385 4582 crucem
3407 4530 3523 4594 fuit,
3553 4545 3656 4582 non
3675 4529 3842 4582 abim-

2247 4616 2457 4670 dautius
2478 4617 2655 4680 modo,
2681 4618 2774 4672 sed
2797 4618 2959 4672 etiam
2977 4634 3095 4673 cum
3121 4618 3411 4688 majoribus
3428 4618 3841 4675 charismatibus

2248 4709 2568 4778 (mirabilius
2594 4710 2790 4779 quippe
2820 4710 3024 4765 donum
3053 4710 3171 4775 fuit,
3203 4721 3259 4765 ut
3284 4725 3404 4764 cmn
3431 4711 3578 4773 dicit,
3614 4711 3840 4766 Nescitis

2247 4803 2392 4871 cujus
2419 4803 2628 4870 spiritus
2652 4803 2761 4855 sitis
2788 4799 2936 4873 [Luc.
2960 4802 3014 4856 9.
3061 4799 3182 4873 55];
3211 4810 3263 4857 et
3302 4803 3515 4865 iterum,
3554 4802 3672 4857 Non
3704 4805 3841 4858 enim

2248 4895 2506 4962 accepistis
2526 4894 2758 4963 spiritum
2780 4895 3047 4956 servitutis,
3074 4895 3161 4947 sed
3180 4895 3444 4964 accepistis
3464 4896 3698 4965 spiritum
3713 4900 3843 4950 ado-

2251 4988 2434 5054 ptionis
2457 4985 2632 5056 (Rom.
2665 4989 2718 5040 8.
2754 4984 2862 5058 15].
2894 4986 3025 5040 Nam
3068 4997 3279 5041 veteres
3323 4988 3394 5041 illi
3423 5002 3634 5058 quoque
3662 4989 3840 5058 Spiri-

2252 5088 2360 5130 tum
2407 5078 2693 5140 habcbant,
2732 5079 2825 5132 sed
2871 5079 2990 5133 aliis
3022 5094 3122 5132 non
3157 5079 3534 5148 impertiebant
3564 5097 3576 5135 :
3607 5082 3841 5149 apostoli

2251 5185 2378 5223 vero
2406 5169 2714 5224 innumeros
2746 5169 2836 5223 illo
2864 5170 3192 5241 replebant);
3230 5173 3477 5239 quoniam
3509 5172 3666 5240 igitur
3694 5171 3840 5226 illam

2247 5263 2470 5332 gratiam
2503 5265 2768 5331 accepturi
2792 5271 2944 5317 erant
2963 5261 3221 5332 (nondum
3239 5263 3378 5316 enim
3403 5263 3522 5317 data
3540 5261 3695 5334 erat),
3719 5264 3844 5317 ideo

2250 5356 2341 5415 ait,
2370 5353 2612 5408 Nondum
2640 5366 2746 5408 erat
2775 5355 3000 5426 Spiritus
3022 5365 3243 5408 sanctus.
3280 5355 3352 5408 De
3380 5353 3475 5409 hac
3498 5355 3657 5424 igitur
3671 5357 3841 5425 gratia

2251 5447 2576 5516 ettangelisla
2617 5447 2848 5508 dicebat.
2894 5445 3139 5500 Nondum
3194 5455 3298 5499 erat
3349 5447 3574 5513 Spiritus
3612 5460 3841 5512 sanctus,

2254 5554 2446 5608 nempe
2491 5540 2679 5600 datus,
2724 5541 2842 5597 auia
2884 5540 3035 5593 Jesus
3077 5539 3302 5593 nendum
3359 5549 3464 5591 erat
3503 5539 3843 5608 glori/Scottis,

2251 5633 2473 5702 gloriam
2498 5632 2774 5700 appellans
2797 5646 3033 5686 crucem.
3057 5631 3189 5698 Quia
3213 5631 3354 5684 enim
3383 5631 3581 5685 inimici
3604 5646 3843 5696 eramus.

2256 5737 2579 5796 peccatores,
2599 5726 2767 5795 gratia
2799 5727 2886 5779 Dei
2906 5724 3118 5796 privati,
3145 5723 3344 5778 inimici
3371 5725 3492 5787 Dei;
3524 5725 3692 5794 gratia
3716 5741 3850 5780 vero

2253 5827 2368 5872 crat
2398 5818 2848 5872 reconciliationis
2877 5818 3158 5883 indicium;
3188 5819 3385 5873 donum
3418 5829 3597 5872 autem
3627 5822 3859 5876 lumini-

2255 5913 2407 5967 micis
2436 5923 2487 5967 et
2517 5913 2740 5983 perosis,
2769 5912 2863 5970 sed
2891 5912 3074 5968 amicis
3105 5922 3157 5970 et
3185 5912 3420 5983 probatis
3469 5911 3653 5978 datur;
3690 5930 3849 5986 opim
