  <div class='ocr_page' id='page_1' title='image "/cluster/home/n/w/nwhite01/storage/ocr_20150623/59/uva.x004914832/287.png"; bbox 0 0 4088 6498; ppageno 0'>
   <div class='ocr_carea' id='block_1_1' title="bbox 582 452 677 502">
    <p class='ocr_par' dir='ltr' id='par_1_1' title="bbox 582 452 677 502">
     <span class='ocr_line' id='line_1_1' title="bbox 582 452 677 502; baseline 0 0"><span class='ocrx_word' id='word_1_1' title='bbox 582 452 677 502; x_wconf 70' lang='lat'><strong>257</strong></span> 
     </span>
    </p>
   </div>
   <div class='ocr_carea' id='block_1_2' title="bbox 578 536 2157 623">
    <p class='ocr_par' dir='ltr' id='par_1_2' title="bbox 578 536 2157 623">
     <span class='ocr_line' id='line_1_2' title="bbox 578 536 2157 623; baseline -0.018 -7"><span class='ocrx_word' id='word_1_2' title='bbox 578 563 816 616; x_wconf 83' lang='lat' dir='ltr'><strong>clausum</strong></span> <span class='ocrx_word' id='word_1_3' title='bbox 867 557 964 620; x_wconf 88' lang='lat' dir='ltr'><strong>sit;</strong></span> <span class='ocrx_word' id='word_1_4' title='bbox 1017 554 1060 608; x_wconf 90' lang='lat' dir='ltr'><strong>si</strong></span> <span class='ocrx_word' id='word_1_5' title='bbox 1105 542 1386 623; x_wconf 75' lang='lat' dir='ltr'><strong>gentilibus</strong></span> <span class='ocrx_word' id='word_1_6' title='bbox 1419 544 1626 615; x_wconf 80' lang='lat' dir='ltr'><strong>pejores</strong></span> <span class='ocrx_word' id='word_1_7' title='bbox 1670 542 1857 600; x_wconf 78' lang='lat' dir='ltr'><strong>simus,</strong></span> <span class='ocrx_word' id='word_1_8' title='bbox 1890 536 2157 608; x_wconf 88' lang='lat' dir='ltr'><strong>quomodo</strong></span> 
     </span>
    </p>
   </div>
   <div class='ocr_carea' id='block_1_3' title="bbox 581 633 2158 724">
    <p class='ocr_par' dir='ltr' id='par_1_3' title="bbox 581 633 2158 724">
     <span class='ocr_line' id='line_1_3' title="bbox 581 633 2158 724; baseline -0.017 -15"><span class='ocrx_word' id='word_1_9' title='bbox 581 654 682 709; x_wconf 87' lang='lat' dir='ltr'><strong>hec</strong></span> <span class='ocrx_word' id='word_1_10' title='bbox 704 654 875 724; x_wconf 79' lang='lat' dir='ltr'><strong>ipsum</strong></span> <span class='ocrx_word' id='word_1_11' title='bbox 895 661 1111 718; x_wconf 80' lang='lat' dir='ltr'><strong>regnum</strong></span> <span class='ocrx_word' id='word_1_12' title='bbox 1132 638 1551 711; x_wconf 84' lang='lat' dir='ltr'><strong>consequemur?</strong></span> <span class='ocrx_word' id='word_1_13' title='bbox 1573 636 1797 690; x_wconf 83' lang='lat' dir='ltr'><strong>Omnem</strong></span> <span class='ocrx_word' id='word_1_14' title='bbox 1819 633 1996 702; x_wconf 91' lang='lat' dir='ltr'><strong>itaque</strong></span> <span class='ocrx_word' id='word_1_15' title='bbox 2017 645 2158 685; x_wconf 88' lang='lat' dir='ltr'><strong>acer-</strong></span> 
     </span>
    </p>
   </div>
   <div class='ocr_carea' id='block_1_4' title="bbox 582 722 2158 805">
    <p class='ocr_par' dir='ltr' id='par_1_4' title="bbox 582 722 2158 805">
     <span class='ocr_line' id='line_1_4' title="bbox 582 722 2158 805; baseline -0.015 -7"><span class='ocrx_word' id='word_1_16' title='bbox 582 722 822 805; x_wconf 85' lang='lat' dir='ltr'><strong>bitatem,</strong></span> <span class='ocrx_word' id='word_1_17' title='bbox 853 742 1005 805; x_wconf 85' lang='lat' dir='ltr'><strong>iram,</strong></span> <span class='ocrx_word' id='word_1_18' title='bbox 1031 738 1260 791; x_wconf 78' lang='lat' dir='ltr'><strong>furorem</strong></span> <span class='ocrx_word' id='word_1_19' title='bbox 1292 732 1583 802; x_wconf 85' lang='lat' dir='ltr'><strong>ejiciamus.</strong></span> <span class='ocrx_word' id='word_1_20' title='bbox 1617 727 1808 781; x_wconf 70' lang='lat' dir='ltr'><strong>Eodem</strong></span> <span class='ocrx_word' id='word_1_21' title='bbox 1827 727 2012 788; x_wconf 86' lang='lat' dir='ltr'><strong>dicere,</strong></span> <span class='ocrx_word' id='word_1_22' title='bbox 2035 722 2158 775; x_wconf 89' lang='lat' dir='ltr'><strong>mihi</strong></span> 
     </span>
    </p>
   </div>
   <div class='ocr_carea' id='block_1_5' title="bbox 579 814 2157 906">
    <p class='ocr_par' dir='ltr' id='par_1_5' title="bbox 579 814 2157 906">
     <span class='ocr_line' id='line_1_5' title="bbox 579 814 2157 906; baseline -0.014 -17"><span class='ocrx_word' id='word_1_23' title='bbox 579 835 776 906; x_wconf 86' lang='lat' dir='ltr'><strong>quidem</strong></span> <span class='ocrx_word' id='word_1_24' title='bbox 798 849 895 886; x_wconf 85' lang='lat' dir='ltr'><strong>non</strong></span> <span class='ocrx_word' id='word_1_25' title='bbox 924 830 1209 892; x_wconf 84' lang='lat' dir='ltr'><strong>molestum,</strong></span> <span class='ocrx_word' id='word_1_26' title='bbox 1239 825 1372 878; x_wconf 74' lang='lat' dir='ltr'><strong>vobis</strong></span> <span class='ocrx_word' id='word_1_27' title='bbox 1391 833 1555 876; x_wconf 88' lang='lat' dir='ltr'><strong>autem</strong></span> <span class='ocrx_word' id='word_1_28' title='bbox 1577 828 1733 873; x_wconf 86' lang='lat' dir='ltr'><strong>lutum</strong></span> <span class='ocrx_word' id='word_1_29' title='bbox 1763 815 1978 906; x_wconf 57' lang='lat' dir='ltr'><strong>(Philip.</strong></span> <span class='ocrx_word' id='word_1_30' title='bbox 2011 814 2157 906; x_wconf 54' lang='lat'><strong>5.1—).</strong></span> 
     </span>
    </p>
   </div>
   <div class='ocr_carea' id='block_1_6' title="bbox 582 903 2158 988">
    <p class='ocr_par' dir='ltr' id='par_1_6' title="bbox 582 903 2158 988">
     <span class='ocr_line' id='line_1_6' title="bbox 582 903 2158 988; baseline -0.015 -9"><span class='ocrx_word' id='word_1_31' title='bbox 582 903 711 979; x_wconf 54' lang='lat' dir='ltr'><strong>liam</strong></span> <span class='ocrx_word' id='word_1_32' title='bbox 763 922 950 978; x_wconf 89' lang='lat' dir='ltr'><strong>medici</strong></span> <span class='ocrx_word' id='word_1_33' title='bbox 992 920 1178 975; x_wconf 89' lang='lat' dir='ltr'><strong>eodem</strong></span> <span class='ocrx_word' id='word_1_34' title='bbox 1212 917 1326 988; x_wconf 86' lang='lat' dir='ltr'><strong>ipso</strong></span> <span class='ocrx_word' id='word_1_35' title='bbox 1357 928 1497 982; x_wconf 73' lang='lat' dir='ltr'><strong>smpe</strong></span> <span class='ocrx_word' id='word_1_36' title='bbox 1544 919 1761 964; x_wconf 91' lang='lat' dir='ltr'><strong>utuntur</strong></span> <span class='ocrx_word' id='word_1_37' title='bbox 1805 905 2061 962; x_wconf 79' lang='lat' dir='ltr'><strong>remedio.</strong></span> <span class='ocrx_word' id='word_1_38' title='bbox 2093 903 2158 957; x_wconf 86' lang='lat' dir='ltr'><strong>Et</strong></span> 
     </span>
    </p>
   </div>
   <div class='ocr_carea' id='block_1_7' title="bbox 581 1000 2158 1068">
    <p class='ocr_par' dir='ltr' id='par_1_7' title="bbox 581 1000 2158 1068">
     <span class='ocr_line' id='line_1_7' title="bbox 581 1000 2158 1068; baseline -0.013 0"><span class='ocrx_word' id='word_1_39' title='bbox 581 1029 677 1068; x_wconf 86' lang='lat' dir='ltr'><strong>nos</strong></span> <span class='ocrx_word' id='word_1_40' title='bbox 705 1028 810 1067; x_wconf 88' lang='lat' dir='ltr'><strong>non</strong></span> <span class='ocrx_word' id='word_1_41' title='bbox 841 1012 1001 1066; x_wconf 87' lang='lat' dir='ltr'><strong>linem</strong></span> <span class='ocrx_word' id='word_1_42' title='bbox 1031 1009 1282 1064; x_wconf 77' lang='lat' dir='ltr'><strong>faciemus</strong></span> <span class='ocrx_word' id='word_1_43' title='bbox 1328 1003 1513 1059; x_wconf 89' lang='lat' dir='ltr'><strong>eadem</strong></span> <span class='ocrx_word' id='word_1_44' title='bbox 1541 1000 1827 1062; x_wconf 75' lang='lat' dir='ltr'><strong>clamandi,</strong></span> <span class='ocrx_word' id='word_1_45' title='bbox 1861 1009 2158 1051; x_wconf 78' lang='lat' dir='ltr'><strong>memoran-</strong></span> 
     </span>
    </p>
   </div>
   <div class='ocr_carea' id='block_1_8' title="bbox 586 1089 2161 1170">
    <p class='ocr_par' dir='ltr' id='par_1_8' title="bbox 586 1089 2161 1170">
     <span class='ocr_line' id='line_1_8' title="bbox 586 1089 2161 1170; baseline -0.013 -10"><span class='ocrx_word' id='word_1_46' title='bbox 586 1109 660 1170; x_wconf 85' lang='lat' dir='ltr'><strong>ili,</strong></span> <span class='ocrx_word' id='word_1_47' title='bbox 690 1104 937 1168; x_wconf 86' lang='lat' dir='ltr'><strong>docendi,</strong></span> <span class='ocrx_word' id='word_1_48' title='bbox 972 1100 1239 1156; x_wconf 89' lang='lat' dir='ltr'><strong>hortandi.</strong></span> <span class='ocrx_word' id='word_1_49' title='bbox 1267 1097 1398 1151; x_wconf 85' lang='lat' dir='ltr'><strong>Nam</strong></span> <span class='ocrx_word' id='word_1_50' title='bbox 1427 1093 1589 1148; x_wconf 90' lang='lat' dir='ltr'><strong>multa</strong></span> <span class='ocrx_word' id='word_1_51' title='bbox 1617 1101 1698 1147; x_wconf 72' lang='lat' dir='ltr'><strong>est</strong></span> <span class='ocrx_word' id='word_1_52' title='bbox 1724 1089 2052 1145; x_wconf 66' lang='lat' dir='ltr'><strong>smeularium</strong></span> <span class='ocrx_word' id='word_1_53' title='bbox 2079 1100 2161 1140; x_wconf 87' lang='lat' dir='ltr'><strong>re-</strong></span> 
     </span>
    </p>
   </div>
   <div class='ocr_carea' id='block_1_9' title="bbox 1562 1234 1832 1246">
    <p class='ocr_par' dir='ltr' id='par_1_9' title="bbox 1562 1234 1832 1246">
     <span class='ocr_line' id='line_1_9' title="bbox 1562 1234 1832 1246; baseline 0.004 -2"><span class='ocrx_word' id='word_1_54' title='bbox 1562 1234 1832 1246; x_wconf 56' lang='grc' dir='ltr'><strong>..ρ-ι...-</strong></span> 
     </span>
    </p>
   </div>
   <div class='ocr_carea' id='block_1_10' title="bbox 612 1245 888 1258">
    <p class='ocr_par' dir='ltr' id='par_1_10' title="bbox 612 1245 888 1258">
     <span class='ocr_line' id='line_1_10' title="bbox 612 1245 888 1258; baseline -0.011 -1"><span class='ocrx_word' id='word_1_55' title='bbox 612 1245 888 1258; x_wconf 49' lang='grc' dir='ltr'><strong>’μ</strong></span> 
     </span>
    </p>
   </div>
   <div class='ocr_carea' id='block_1_11' title="bbox 905 413 3112 490">
    <p class='ocr_par' dir='ltr' id='par_1_11' title="bbox 905 413 3112 490">
     <span class='ocr_line' id='line_1_11' title="bbox 905 413 3112 490; baseline -0.011 4"><span class='ocrx_word' id='word_1_56' title='bbox 905 413 926 442; x_wconf 44' lang='grc' dir='ltr'><em>τ</em></span> <span class='ocrx_word' id='word_1_57' title='bbox 1316 438 1367 490; x_wconf 84' lang='lat' dir='ltr'><strong>S.</strong></span> <span class='ocrx_word' id='word_1_58' title='bbox 1410 430 1683 489; x_wconf 74' lang='lat' dir='ltr'><strong>.IOANNIS</strong></span> <span class='ocrx_word' id='word_1_59' title='bbox 1717 421 2190 483; x_wconf 72' lang='lat' dir='ltr'><strong>CHRYSOSTOMI</strong></span> <span class='ocrx_word' id='word_1_60' title='bbox 2231 420 2542 475; x_wconf 66' lang='lat' dir='ltr'><strong>AllClllEl‘.</strong></span> <span class='ocrx_word' id='word_1_61' title='bbox 2584 418 3112 474; x_wconf 70' lang='lat' dir='ltr'><strong>CONS&#39;I&#39;ANTINOI‘.</strong></span> 
     </span>
    </p>
   </div>
   <div class='ocr_carea' id='block_1_12' title="bbox 1838 1227 2190 1246">
    <p class='ocr_par' dir='ltr' id='par_1_12' title="bbox 1838 1227 2190 1246">
     <span class='ocr_line' id='line_1_12' title="bbox 1838 1227 2190 1246; baseline 0 -9"><span class='ocrx_word' id='word_1_62' title='bbox 1838 1227 2190 1246; x_wconf 56' lang='lat'><strong>,_______...</strong></span> 
     </span>
    </p>
   </div>
   <div class='ocr_carea' id='block_1_13' title="bbox 3748 419 3854 473">
    <p class='ocr_par' dir='ltr' id='par_1_13' title="bbox 3748 419 3854 473">
     <span class='ocr_line' id='line_1_13' title="bbox 3748 419 3854 473; baseline 0.009 -1"><span class='ocrx_word' id='word_1_63' title='bbox 3748 419 3854 473; x_wconf 68' lang='lat'><strong>288</strong></span> 
     </span>
    </p>
   </div>
   <div class='ocr_carea' id='block_1_14' title="bbox 2263 531 3855 608">
    <p class='ocr_par' dir='ltr' id='par_1_14' title="bbox 2263 531 3855 608">
     <span class='ocr_line' id='line_1_14' title="bbox 2263 531 3855 608; baseline 0.001 -19"><span class='ocrx_word' id='word_1_64' title='bbox 2263 552 2379 590; x_wconf 88' lang='lat' dir='ltr'><strong>rnm</strong></span> <span class='ocrx_word' id='word_1_65' title='bbox 2412 535 2583 601; x_wconf 86' lang='lat' dir='ltr'><strong>turba,</strong></span> <span class='ocrx_word' id='word_1_66' title='bbox 2607 551 2723 608; x_wconf 65' lang='lat' dir='ltr'><strong>quae</strong></span> <span class='ocrx_word' id='word_1_67' title='bbox 2745 536 2793 589; x_wconf 79' lang='lat' dir='ltr'><strong>in</strong></span> <span class='ocrx_word' id='word_1_68' title='bbox 2821 533 3011 590; x_wconf 88' lang='lat' dir='ltr'><strong>horum</strong></span> <span class='ocrx_word' id='word_1_69' title='bbox 3040 531 3358 590; x_wconf 81' lang='lat' dir='ltr'><strong>oblivionem</strong></span> <span class='ocrx_word' id='word_1_70' title='bbox 3382 537 3649 604; x_wconf 85' lang='lat' dir='ltr'><strong>conjiciat,</strong></span> <span class='ocrx_word' id='word_1_71' title='bbox 3674 552 3736 590; x_wconf 92' lang='lat' dir='ltr'><strong>ac</strong></span> <span class='ocrx_word' id='word_1_72' title='bbox 3757 538 3855 592; x_wconf 84' lang='lat' dir='ltr'><strong>ilo-</strong></span> 
     </span>
    </p>
   </div>
   <div class='ocr_carea' id='block_1_15' title="bbox 2261 625 3850 697">
    <p class='ocr_par' dir='ltr' id='par_1_15' title="bbox 2261 625 3850 697">
     <span class='ocr_line' id='line_1_15' title="bbox 2261 625 3850 697; baseline -0.001 -15"><span class='ocrx_word' id='word_1_73' title='bbox 2261 629 2431 682; x_wconf 88' lang='lat' dir='ltr'><strong>ctrina</strong></span> <span class='ocrx_word' id='word_1_74' title='bbox 2459 627 2716 695; x_wconf 70' lang='lat' dir='ltr'><strong>frequenti</strong></span> <span class='ocrx_word' id='word_1_75' title='bbox 2745 637 2820 680; x_wconf 84' lang='lat' dir='ltr'><strong>est</strong></span> <span class='ocrx_word' id='word_1_76' title='bbox 2853 642 3006 696; x_wconf 75' lang='lat' dir='ltr'><strong>Opus.</strong></span> <span class='ocrx_word' id='word_1_77' title='bbox 3035 625 3112 680; x_wconf 82' lang='lat' dir='ltr'><strong>Ne</strong></span> <span class='ocrx_word' id='word_1_78' title='bbox 3141 640 3269 697; x_wconf 84' lang='lat' dir='ltr'><strong>ergo</strong></span> <span class='ocrx_word' id='word_1_79' title='bbox 3295 626 3397 680; x_wconf 93' lang='lat' dir='ltr'><strong>huc</strong></span> <span class='ocrx_word' id='word_1_80' title='bbox 3423 626 3614 680; x_wconf 70' lang='lat' dir='ltr'><strong>{instra</strong></span> <span class='ocrx_word' id='word_1_81' title='bbox 3647 642 3850 682; x_wconf 78' lang='lat' dir='ltr'><strong>conve-</strong></span> 
     </span>
    </p>
   </div>
   <div class='ocr_carea' id='block_1_16' title="bbox 2268 716 3851 786">
    <p class='ocr_par' dir='ltr' id='par_1_16' title="bbox 2268 716 3851 786">
     <span class='ocr_line' id='line_1_16' title="bbox 2268 716 3851 786; baseline -0.001 -14"><span class='ocrx_word' id='word_1_82' title='bbox 2268 720 2495 782; x_wconf 76' lang='lat' dir='ltr'><strong>uiainus,</strong></span> <span class='ocrx_word' id='word_1_83' title='bbox 2520 732 2682 786; x_wconf 84' lang='lat' dir='ltr'><strong>opera</strong></span> <span class='ocrx_word' id='word_1_84' title='bbox 2710 716 3058 771; x_wconf 76' lang='lat' dir='ltr'><strong>eshibeamus</strong></span> <span class='ocrx_word' id='word_1_85' title='bbox 3090 717 3245 780; x_wconf 88' lang='lat' dir='ltr'><strong>bona,</strong></span> <span class='ocrx_word' id='word_1_86' title='bbox 3283 727 3337 772; x_wconf 92' lang='lat' dir='ltr'><strong>ut</strong></span> <span class='ocrx_word' id='word_1_87' title='bbox 3365 718 3536 772; x_wconf 80' lang='lat' dir='ltr'><strong>futura</strong></span> <span class='ocrx_word' id='word_1_88' title='bbox 3563 717 3698 770; x_wconf 85' lang='lat' dir='ltr'><strong>bona</strong></span> <span class='ocrx_word' id='word_1_89' title='bbox 3719 733 3851 771; x_wconf 84' lang='lat' dir='ltr'><strong>cou-</strong></span> 
     </span>
    </p>
   </div>
   <div class='ocr_carea' id='block_1_17' title="bbox 2260 807 3852 879">
    <p class='ocr_par' dir='ltr' id='par_1_17' title="bbox 2260 807 3852 879">
     <span class='ocr_line' id='line_1_17' title="bbox 2260 807 3852 879; baseline -0.003 -17"><span class='ocrx_word' id='word_1_90' title='bbox 2260 825 2568 879; x_wconf 78' lang='lat' dir='ltr'><strong>sequamur,</strong></span> <span class='ocrx_word' id='word_1_91' title='bbox 2615 809 2782 879; x_wconf 85' lang='lat' dir='ltr'><strong>gratia</strong></span> <span class='ocrx_word' id='word_1_92' title='bbox 2827 818 2882 862; x_wconf 88' lang='lat' dir='ltr'><strong>et</strong></span> <span class='ocrx_word' id='word_1_93' title='bbox 2913 808 3237 878; x_wconf 72' lang='lat' dir='ltr'><strong>benignitate</strong></span> <span class='ocrx_word' id='word_1_94' title='bbox 3284 808 3491 862; x_wconf 87' lang='lat' dir='ltr'><strong>Domini</strong></span> <span class='ocrx_word' id='word_1_95' title='bbox 3523 808 3688 862; x_wconf 84' lang='lat' dir='ltr'><strong>nostri</strong></span> <span class='ocrx_word' id='word_1_96' title='bbox 3719 807 3852 862; x_wconf 80' lang='lat' dir='ltr'><strong>Jesu</strong></span> 
     </span>
    </p>
   </div>
   <div class='ocr_carea' id='block_1_18' title="bbox 2259 899 3857 972">
    <p class='ocr_par' dir='ltr' id='par_1_18' title="bbox 2259 899 3857 972">
     <span class='ocr_line' id='line_1_18' title="bbox 2259 899 3857 972; baseline -0.001 -19"><span class='ocrx_word' id='word_1_97' title='bbox 2259 903 2479 967; x_wconf 74' lang='lat' dir='ltr'><strong>Christi,</strong></span> <span class='ocrx_word' id='word_1_98' title='bbox 2522 917 2615 971; x_wconf 89' lang='lat' dir='ltr'><strong>per</strong></span> <span class='ocrx_word' id='word_1_99' title='bbox 2641 918 2798 970; x_wconf 93' lang='lat' dir='ltr'><strong>quem</strong></span> <span class='ocrx_word' id='word_1_100' title='bbox 2843 910 2896 954; x_wconf 91' lang='lat' dir='ltr'><strong>et</strong></span> <span class='ocrx_word' id='word_1_101' title='bbox 2922 916 3043 956; x_wconf 90' lang='lat' dir='ltr'><strong>cum</strong></span> <span class='ocrx_word' id='word_1_102' title='bbox 3075 917 3182 972; x_wconf 92' lang='lat' dir='ltr'><strong>quo</strong></span> <span class='ocrx_word' id='word_1_103' title='bbox 3212 900 3353 955; x_wconf 80' lang='lat' dir='ltr'><strong>Patri</strong></span> <span class='ocrx_word' id='word_1_104' title='bbox 3385 901 3550 970; x_wconf 81' lang='lat' dir='ltr'><strong>gloria</strong></span> <span class='ocrx_word' id='word_1_105' title='bbox 3579 899 3857 968; x_wconf 77' lang='lat' dir='ltr'><strong>simulque</strong></span> 
     </span>
    </p>
   </div>
   <div class='ocr_carea' id='block_1_19' title="bbox 2263 993 3858 1065">
    <p class='ocr_par' dir='ltr' id='par_1_19' title="bbox 2263 993 3858 1065">
     <span class='ocr_line' id='line_1_19' title="bbox 2263 993 3858 1065; baseline -0.001 -19"><span class='ocrx_word' id='word_1_106' title='bbox 2263 995 2480 1064; x_wconf 80' lang='lat' dir='ltr'><strong>Spiritui</strong></span> <span class='ocrx_word' id='word_1_107' title='bbox 2513 1003 2714 1059; x_wconf 78' lang='lat' dir='ltr'><strong>sani-to,</strong></span> <span class='ocrx_word' id='word_1_108' title='bbox 2751 1008 2891 1048; x_wconf 89' lang='lat' dir='ltr'><strong>nunc</strong></span> <span class='ocrx_word' id='word_1_109' title='bbox 2915 1003 2968 1049; x_wconf 92' lang='lat' dir='ltr'><strong>et</strong></span> <span class='ocrx_word' id='word_1_110' title='bbox 2995 1008 3228 1065; x_wconf 85' lang='lat' dir='ltr'><strong>semper,</strong></span> <span class='ocrx_word' id='word_1_111' title='bbox 3251 1005 3304 1048; x_wconf 91' lang='lat' dir='ltr'><strong>et</strong></span> <span class='ocrx_word' id='word_1_112' title='bbox 3331 994 3380 1048; x_wconf 92' lang='lat' dir='ltr'><strong>in</strong></span> <span class='ocrx_word' id='word_1_113' title='bbox 3404 993 3595 1048; x_wconf 65' lang='lat' dir='ltr'><strong>saecula</strong></span> <span class='ocrx_word' id='word_1_114' title='bbox 3623 993 3858 1049; x_wconf 72' lang='lat' dir='ltr'><strong>sreeulo-</strong></span> 
     </span>
    </p>
   </div>
   <div class='ocr_carea' id='block_1_20' title="bbox 2265 1087 2623 1140">
    <p class='ocr_par' dir='ltr' id='par_1_20' title="bbox 2265 1087 2623 1140">
     <span class='ocr_line' id='line_1_20' title="bbox 2265 1087 2623 1140; baseline -0.003 -2"><span class='ocrx_word' id='word_1_115' title='bbox 2265 1101 2402 1138; x_wconf 86' lang='lat' dir='ltr'><strong>rum.</strong></span> <span class='ocrx_word' id='word_1_116' title='bbox 2433 1087 2623 1140; x_wconf 82' lang='lat' dir='ltr'><strong>Anien.</strong></span> 
     </span>
    </p>
   </div>
   <div class='ocr_carea' id='block_1_21' title="bbox 1902 1299 2416 1363">
    <p class='ocr_par' dir='ltr' id='par_1_21' title="bbox 1902 1299 2416 1363">
     <span class='ocr_line' id='line_1_21' title="bbox 1902 1299 2416 1363; baseline -0.004 -1"><span class='ocrx_word' id='word_1_117' title='bbox 1902 1299 2244 1362; x_wconf 76' lang='lat' dir='ltr'><strong>HOMIIJA</strong></span> <span class='ocrx_word' id='word_1_118' title='bbox 2290 1300 2416 1363; x_wconf 78' lang='lat' dir='ltr'><strong>LII.</strong></span> 
     </span>
    </p>
   </div>
   <div class='ocr_carea' id='block_1_22' title="bbox 592 1447 2148 1528">
    <p class='ocr_par' dir='ltr' id='par_1_22' title="bbox 592 1447 2148 1528">
     <span class='ocr_line' id='line_1_22' title="bbox 592 1447 2148 1528; baseline -0.01 -16"><span class='ocrx_word' id='word_1_119' title='bbox 592 1461 714 1515; x_wconf 67' lang='lat' dir='ltr'><strong>(Zur.</strong></span> <span class='ocrx_word' id='word_1_120' title='bbox 753 1461 804 1515; x_wconf 82' lang='lat'><strong>7.</strong></span> <span class='ocrx_word' id='word_1_121' title='bbox 839 1476 889 1514; x_wconf 71' lang='grc' dir='ltr'><strong>ν.</strong></span> <span class='ocrx_word' id='word_1_122' title='bbox 921 1461 999 1515; x_wconf 68' lang='lat' dir='ltr'><strong>i3.</strong></span> <span class='ocrx_word' id='word_1_123' title='bbox 1039 1459 1284 1513; x_wconf 76' lang='lat' dir='ltr'><strong>Venerunt</strong></span> <span class='ocrx_word' id='word_1_124' title='bbox 1325 1473 1442 1528; x_wconf 83' lang='lat' dir='ltr'><strong>ergo</strong></span> <span class='ocrx_word' id='word_1_125' title='bbox 1485 1453 1697 1508; x_wconf 76' lang='lat' dir='ltr'><strong>ministri</strong></span> <span class='ocrx_word' id='word_1_126' title='bbox 1723 1451 1789 1504; x_wconf 80' lang='lat' dir='ltr'><strong>ad</strong></span> <span class='ocrx_word' id='word_1_127' title='bbox 1812 1447 2075 1520; x_wconf 74' lang='lat' dir='ltr'><strong>pontifices</strong></span> <span class='ocrx_word' id='word_1_128' title='bbox 2103 1454 2148 1498; x_wconf 81' lang='lat' dir='ltr'><strong>et</strong></span> 
     </span>
    </p>
   </div>
   <div class='ocr_carea' id='block_1_23' title="bbox 665 1537 2160 1612">
    <p class='ocr_par' dir='ltr' id='par_1_23' title="bbox 665 1537 2160 1612">
     <span class='ocr_line' id='line_1_23' title="bbox 665 1537 2160 1612; baseline -0.011 -7"><span class='ocrx_word' id='word_1_129' title='bbox 665 1552 954 1605; x_wconf 71' lang='lat' dir='ltr'><strong>Pharisa&#39;os</strong></span> <span class='ocrx_word' id='word_1_130' title='bbox 981 1595 992 1612; x_wconf 85' lang='lat'><strong>,</strong></span> <span class='ocrx_word' id='word_1_131' title='bbox 1021 1561 1065 1604; x_wconf 88' lang='lat' dir='ltr'><strong>et</strong></span> <span class='ocrx_word' id='word_1_132' title='bbox 1092 1550 1326 1602; x_wconf 77' lang='lat' dir='ltr'><strong>dixerunt</strong></span> <span class='ocrx_word' id='word_1_133' title='bbox 1351 1548 1421 1601; x_wconf 82' lang='lat' dir='ltr'><strong>eis</strong></span> <span class='ocrx_word' id='word_1_134' title='bbox 1449 1547 1525 1600; x_wconf 86' lang='lat' dir='ltr'><strong>illi</strong></span> <span class='ocrx_word' id='word_1_135' title='bbox 1555 1561 1572 1599; x_wconf 91' lang='lat'><em>:</em></span> <span class='ocrx_word' id='word_1_136' title='bbox 1610 1544 1780 1612; x_wconf 77' lang='lat' dir='ltr'><strong>Quare</strong></span> <span class='ocrx_word' id='word_1_137' title='bbox 1808 1558 1906 1595; x_wconf 89' lang='lat' dir='ltr'><strong>non</strong></span> <span class='ocrx_word' id='word_1_138' title='bbox 1937 1537 2160 1592; x_wconf 75' lang='lat' dir='ltr'><strong>adduxi-</strong></span> 
     </span>
    </p>
   </div>
   <div class='ocr_carea' id='block_1_24' title="bbox 658 1631 2158 1710">
    <p class='ocr_par' dir='ltr' id='par_1_24' title="bbox 658 1631 2158 1710">
     <span class='ocr_line' id='line_1_24' title="bbox 658 1631 2158 1710; baseline -0.009 -14"><span class='ocrx_word' id='word_1_139' title='bbox 658 1647 747 1697; x_wconf 81' lang='lat' dir='ltr'><strong>stis</strong></span> <span class='ocrx_word' id='word_1_140' title='bbox 771 1645 925 1698; x_wconf 81' lang='lat' dir='ltr'><strong>eum?</strong></span> <span class='ocrx_word' id='word_1_141' title='bbox 955 1643 1040 1698; x_wconf 69' lang='grc' dir='ltr'><strong>ιδ.</strong></span> <span class='ocrx_word' id='word_1_142' title='bbox 1070 1641 1451 1710; x_wconf 74' lang='lat' dir='ltr'><strong>Responderunt</strong></span> <span class='ocrx_word' id='word_1_143' title='bbox 1478 1638 1695 1692; x_wconf 87' lang='lat' dir='ltr'><strong>ministri</strong></span> <span class='ocrx_word' id='word_1_144' title='bbox 1722 1653 1738 1690; x_wconf 90' lang='lat'><em>:</em></span> <span class='ocrx_word' id='word_1_145' title='bbox 1774 1634 2061 1702; x_wconf 72' lang='lat' dir='ltr'><strong>Numquam</strong></span> <span class='ocrx_word' id='word_1_146' title='bbox 2088 1631 2158 1685; x_wconf 84' lang='lat' dir='ltr'><strong>sic</strong></span> 
     </span>
    </p>
   </div>
   <div class='ocr_carea' id='block_1_25' title="bbox 657 1731 1564 1803">
    <p class='ocr_par' dir='ltr' id='par_1_25' title="bbox 657 1731 1564 1803">
     <span class='ocr_line' id='line_1_25' title="bbox 657 1731 1564 1803; baseline -0.003 -15"><span class='ocrx_word' id='word_1_147' title='bbox 657 1738 894 1803; x_wconf 88' lang='lat' dir='ltr'><strong>loquutus</strong></span> <span class='ocrx_word' id='word_1_148' title='bbox 924 1744 992 1787; x_wconf 86' lang='lat' dir='ltr'><strong>est</strong></span> <span class='ocrx_word' id='word_1_149' title='bbox 1018 1734 1167 1785; x_wconf 91' lang='lat' dir='ltr'><strong>homo</strong></span> <span class='ocrx_word' id='word_1_150' title='bbox 1198 1741 1249 1784; x_wconf 89' lang='lat' dir='ltr'><strong>ut</strong></span> <span class='ocrx_word' id='word_1_151' title='bbox 1291 1731 1370 1784; x_wconf 86' lang='lat' dir='ltr'><strong>hic</strong></span> <span class='ocrx_word' id='word_1_152' title='bbox 1393 1731 1564 1785; x_wconf 89' lang='lat' dir='ltr'><strong>homo.</strong></span> 
     </span>
    </p>
   </div>
   <div class='ocr_carea' id='block_1_26' title="bbox 649 1816 2162 1889">
    <p class='ocr_par' dir='ltr' id='par_1_26' title="bbox 649 1816 2162 1889">
     <span class='ocr_line' id='line_1_26' title="bbox 649 1816 2162 1889; baseline -0.009 -6"><span class='ocrx_word' id='word_1_153' title='bbox 649 1832 710 1883; x_wconf 70' lang='grc'><strong>’1.</strong></span> <span class='ocrx_word' id='word_1_154' title='bbox 758 1828 972 1881; x_wconf 79' lang='lat' dir='ltr'><strong>l’eritate</strong></span> <span class='ocrx_word' id='word_1_155' title='bbox 1014 1826 1141 1879; x_wconf 83' lang='lat' dir='ltr'><strong>nihil</strong></span> <span class='ocrx_word' id='word_1_156' title='bbox 1166 1824 1349 1879; x_wconf 83' lang='lat' dir='ltr'><strong>clarius</strong></span> <span class='ocrx_word' id='word_1_157' title='bbox 1372 1863 1389 1889; x_wconf 91' lang='lat'><strong>,</strong></span> <span class='ocrx_word' id='word_1_158' title='bbox 1433 1823 1561 1876; x_wconf 81' lang='lat' dir='ltr'><strong>nihil</strong></span> <span class='ocrx_word' id='word_1_159' title='bbox 1605 1820 1900 1885; x_wconf 81' lang='lat' dir='ltr'><strong>simplicius.</strong></span> <span class='ocrx_word' id='word_1_160' title='bbox 1931 1849 2000 1858; x_wconf 92' lang='grc'><strong>--</strong></span> <span class='ocrx_word' id='word_1_161' title='bbox 2023 1816 2162 1870; x_wconf 80' lang='lat' dir='ltr'><strong>Nihil</strong></span> 
     </span>
    </p>
   </div>
   <div class='ocr_carea' id='block_1_27' title="bbox 590 1910 2167 1984">
    <p class='ocr_par' dir='ltr' id='par_1_27' title="bbox 590 1910 2167 1984">
     <span class='ocr_line' id='line_1_27' title="bbox 590 1910 2167 1984; baseline -0.006 -11"><span class='ocrx_word' id='word_1_162' title='bbox 590 1921 808 1974; x_wconf 68' lang='lat' dir='ltr'><strong>veritate</strong></span> <span class='ocrx_word' id='word_1_163' title='bbox 857 1918 1073 1983; x_wconf 85' lang='lat' dir='ltr'><strong>clarius,</strong></span> <span class='ocrx_word' id='word_1_164' title='bbox 1121 1916 1251 1970; x_wconf 87' lang='lat' dir='ltr'><strong>nihil</strong></span> <span class='ocrx_word' id='word_1_165' title='bbox 1294 1914 1604 1984; x_wconf 76' lang='lat' dir='ltr'><strong>simplicius,</strong></span> <span class='ocrx_word' id='word_1_166' title='bbox 1652 1914 1752 1967; x_wconf 87' lang='lat' dir='ltr'><strong>nisi</strong></span> <span class='ocrx_word' id='word_1_167' title='bbox 1796 1927 1891 1966; x_wconf 84' lang='lat' dir='ltr'><strong>nos</strong></span> <span class='ocrx_word' id='word_1_168' title='bbox 1937 1910 2167 1978; x_wconf 78' lang='lat' dir='ltr'><strong>maligne</strong></span> 
     </span>
    </p>
   </div>
   <div class='ocr_carea' id='block_1_28' title="bbox 591 2001 2157 2081">
    <p class='ocr_par' dir='ltr' id='par_1_28' title="bbox 591 2001 2157 2081">
     <span class='ocr_line' id='line_1_28' title="bbox 591 2001 2157 2081; baseline -0.008 -17"><span class='ocrx_word' id='word_1_169' title='bbox 591 2024 809 2081; x_wconf 78' lang='lat' dir='ltr'><strong>agamus</strong></span> <span class='ocrx_word' id='word_1_170' title='bbox 836 2026 849 2064; x_wconf 88' lang='lat'>:</span> <span class='ocrx_word' id='word_1_171' title='bbox 877 2009 969 2064; x_wconf 89' lang='lat' dir='ltr'><strong>sed</strong></span> <span class='ocrx_word' id='word_1_172' title='bbox 1001 2009 1042 2063; x_wconf 87' lang='lat' dir='ltr'><strong>si</strong></span> <span class='ocrx_word' id='word_1_173' title='bbox 1067 2008 1294 2078; x_wconf 87' lang='lat' dir='ltr'><strong>maligne</strong></span> <span class='ocrx_word' id='word_1_174' title='bbox 1319 2020 1419 2062; x_wconf 87' lang='lat' dir='ltr'><strong>nos</strong></span> <span class='ocrx_word' id='word_1_175' title='bbox 1437 2019 1700 2073; x_wconf 77' lang='lat' dir='ltr'><strong>geramus,</strong></span> <span class='ocrx_word' id='word_1_176' title='bbox 1726 2003 1853 2058; x_wconf 88' lang='lat' dir='ltr'><strong>nihil</strong></span> <span class='ocrx_word' id='word_1_177' title='bbox 1872 2001 2157 2057; x_wconf 77' lang='lat' dir='ltr'><strong>difﬁcilius.</strong></span> 
     </span>
    </p>
   </div>
   <div class='ocr_carea' id='block_1_29' title="bbox 593 2093 2164 2171">
    <p class='ocr_par' dir='ltr' id='par_1_29' title="bbox 593 2093 2164 2171">
     <span class='ocr_line' id='line_1_29' title="bbox 593 2093 2164 2171; baseline -0.008 -13"><span class='ocrx_word' id='word_1_178' title='bbox 593 2106 730 2158; x_wconf 75' lang='lat' dir='ltr'><strong>Ecce</strong></span> <span class='ocrx_word' id='word_1_179' title='bbox 755 2103 1009 2158; x_wconf 77' lang='lat' dir='ltr'><strong>l&quot;haris:ci</strong></span> <span class='ocrx_word' id='word_1_180' title='bbox 1042 2110 1093 2157; x_wconf 77' lang='lat' dir='ltr'><strong>et</strong></span> <span class='ocrx_word' id='word_1_181' title='bbox 1117 2099 1328 2164; x_wconf 66' lang='lat' dir='ltr'><strong>scribat,</strong></span> <span class='ocrx_word' id='word_1_182' title='bbox 1353 2101 1440 2171; x_wconf 89' lang='lat' dir='ltr'><strong>qui</strong></span> <span class='ocrx_word' id='word_1_183' title='bbox 1468 2098 1820 2168; x_wconf 78' lang='lat' dir='ltr'><strong>sapientiores</strong></span> <span class='ocrx_word' id='word_1_184' title='bbox 1866 2111 1987 2151; x_wconf 77' lang='lat' dir='ltr'><strong>esse</strong></span> <span class='ocrx_word' id='word_1_185' title='bbox 2017 2093 2164 2147; x_wconf 79' lang='lat' dir='ltr'><strong>vidi:—</strong></span> 
     </span>
    </p>
   </div>
   <div class='ocr_carea' id='block_1_30' title="bbox 592 2185 2168 2262">
    <p class='ocr_par' dir='ltr' id='par_1_30' title="bbox 592 2185 2168 2262">
     <span class='ocr_line' id='line_1_30' title="bbox 592 2185 2168 2262; baseline -0.006 -15"><span class='ocrx_word' id='word_1_186' title='bbox 592 2196 784 2250; x_wconf 87' lang='lat' dir='ltr'><strong>hantur</strong></span> <span class='ocrx_word' id='word_1_187' title='bbox 838 2194 1076 2262; x_wconf 52' lang='lat' dir='ltr'><strong>qni&#39;cum</strong></span> <span class='ocrx_word' id='word_1_188' title='bbox 1108 2192 1321 2247; x_wconf 77' lang='lat' dir='ltr'><strong>Christo</strong></span> <span class='ocrx_word' id='word_1_189' title='bbox 1350 2205 1562 2260; x_wconf 89' lang='lat' dir='ltr'><strong>semper</strong></span> <span class='ocrx_word' id='word_1_190' title='bbox 1585 2198 1759 2254; x_wconf 90' lang='lat' dir='ltr'><strong>erant,</strong></span> <span class='ocrx_word' id='word_1_191' title='bbox 1792 2187 1911 2256; x_wconf 90' lang='lat' dir='ltr'><strong>quia</strong></span> <span class='ocrx_word' id='word_1_192' title='bbox 1946 2185 2168 2240; x_wconf 83' lang='lat' dir='ltr'><strong>insidias</strong></span> 
     </span>
    </p>
   </div>
   <div class='ocr_carea' id='block_1_31' title="bbox 591 2275 2166 2348">
    <p class='ocr_par' dir='ltr' id='par_1_31' title="bbox 591 2275 2166 2348">
     <span class='ocr_line' id='line_1_31' title="bbox 591 2275 2166 2348; baseline -0.009 -8"><span class='ocrx_word' id='word_1_193' title='bbox 591 2286 664 2340; x_wconf 88' lang='lat' dir='ltr'><strong>illi</strong></span> <span class='ocrx_word' id='word_1_194' title='bbox 692 2285 990 2348; x_wconf 87' lang='lat' dir='ltr'><strong>struebant,</strong></span> <span class='ocrx_word' id='word_1_195' title='bbox 1024 2285 1146 2338; x_wconf 89' lang='lat' dir='ltr'><strong>licet</strong></span> <span class='ocrx_word' id='word_1_196' title='bbox 1174 2282 1427 2338; x_wconf 87' lang='lat' dir='ltr'><strong>miracula</strong></span> <span class='ocrx_word' id='word_1_197' title='bbox 1451 2280 1697 2335; x_wconf 87' lang='lat' dir='ltr'><strong>viderent</strong></span> <span class='ocrx_word' id='word_1_198' title='bbox 1725 2322 1738 2344; x_wconf 93' lang='lat'><strong>,</strong></span> <span class='ocrx_word' id='word_1_199' title='bbox 1771 2280 1896 2333; x_wconf 83' lang='lat' dir='ltr'><strong>licet</strong></span> <span class='ocrx_word' id='word_1_200' title='bbox 1922 2275 2166 2344; x_wconf 85' lang='lat' dir='ltr'><strong>Scriptu-</strong></span> 
     </span>
    </p>
   </div>
   <div class='ocr_carea' id='block_1_32' title="bbox 590 2369 2162 2448">
    <p class='ocr_par' dir='ltr' id='par_1_32' title="bbox 590 2369 2162 2448">
     <span class='ocr_line' id='line_1_32' title="bbox 590 2369 2162 2448; baseline -0.009 -15"><span class='ocrx_word' id='word_1_201' title='bbox 590 2393 678 2433; x_wconf 86' lang='lat' dir='ltr'><strong>ras</strong></span> <span class='ocrx_word' id='word_1_202' title='bbox 698 2377 953 2448; x_wconf 72' lang='lat' dir='ltr'><strong>legerent,</strong></span> <span class='ocrx_word' id='word_1_203' title='bbox 985 2375 1115 2431; x_wconf 89' lang='lat' dir='ltr'><strong>nihil</strong></span> <span class='ocrx_word' id='word_1_204' title='bbox 1144 2375 1294 2441; x_wconf 90' lang='lat' dir='ltr'><strong>lucri,</strong></span> <span class='ocrx_word' id='word_1_205' title='bbox 1324 2373 1418 2430; x_wconf 88' lang='lat' dir='ltr'><strong>sed</strong></span> <span class='ocrx_word' id='word_1_206' title='bbox 1442 2372 1661 2428; x_wconf 91' lang='lat' dir='ltr'><strong>multum</strong></span> <span class='ocrx_word' id='word_1_207' title='bbox 1685 2369 1862 2425; x_wconf 91' lang='lat' dir='ltr'><strong>damni</strong></span> <span class='ocrx_word' id='word_1_208' title='bbox 1893 2369 2123 2423; x_wconf 89' lang='lat' dir='ltr'><strong>tulerunt</strong></span> <span class='ocrx_word' id='word_1_209' title='bbox 2150 2385 2162 2419; x_wconf 89' lang='lat'>:</span> 
     </span>
    </p>
   </div>
   <div class='ocr_carea' id='block_1_33' title="bbox 592 2464 2168 2534">
    <p class='ocr_par' dir='ltr' id='par_1_33' title="bbox 592 2464 2168 2534">
     <span class='ocr_line' id='line_1_33' title="bbox 592 2464 2168 2534; baseline -0.008 -10"><span class='ocrx_word' id='word_1_210' title='bbox 592 2470 819 2533; x_wconf 82' lang='lat' dir='ltr'><strong>ministri</strong></span> <span class='ocrx_word' id='word_1_211' title='bbox 852 2484 980 2523; x_wconf 89' lang='lat' dir='ltr'><strong>vero</strong></span> <span class='ocrx_word' id='word_1_212' title='bbox 1005 2509 1020 2534; x_wconf 88' lang='lat'><strong>,</strong></span> <span class='ocrx_word' id='word_1_213' title='bbox 1050 2468 1149 2522; x_wconf 90' lang='lat' dir='ltr'><strong>etsi</strong></span> <span class='ocrx_word' id='word_1_214' title='bbox 1182 2467 1285 2521; x_wconf 90' lang='lat' dir='ltr'><strong>illis</strong></span> <span class='ocrx_word' id='word_1_215' title='bbox 1317 2464 1565 2520; x_wconf 89' lang='lat' dir='ltr'><strong>omnibus</strong></span> <span class='ocrx_word' id='word_1_216' title='bbox 1594 2471 1865 2532; x_wconf 67' lang='lat' dir='ltr'><strong>expertes,</strong></span> <span class='ocrx_word' id='word_1_217' title='bbox 1906 2475 2012 2515; x_wconf 85' lang='lat' dir='ltr'><strong>una</strong></span> <span class='ocrx_word' id='word_1_218' title='bbox 2039 2475 2168 2514; x_wconf 90' lang='lat' dir='ltr'><strong>con-</strong></span> 
     </span>
    </p>
   </div>
   <div class='ocr_carea' id='block_1_34' title="bbox 591 2553 2166 2632">
    <p class='ocr_par' dir='ltr' id='par_1_34' title="bbox 591 2553 2166 2632">
     <span class='ocr_line' id='line_1_34' title="bbox 591 2553 2166 2632; baseline -0.006 -16"><span class='ocrx_word' id='word_1_219' title='bbox 591 2564 746 2617; x_wconf 81' lang='lat' dir='ltr'><strong>cione</strong></span> <span class='ocrx_word' id='word_1_220' title='bbox 773 2561 911 2632; x_wconf 89' lang='lat' dir='ltr'><strong>capti</strong></span> <span class='ocrx_word' id='word_1_221' title='bbox 968 2569 1066 2614; x_wconf 84' lang='lat' dir='ltr'><strong>unt</strong></span> <span class='ocrx_word' id='word_1_222' title='bbox 1097 2577 1110 2613; x_wconf 86' lang='lat'><strong>:</strong></span> <span class='ocrx_word' id='word_1_223' title='bbox 1143 2569 1197 2614; x_wconf 91' lang='lat' dir='ltr'><strong>et</strong></span> <span class='ocrx_word' id='word_1_224' title='bbox 1220 2557 1307 2628; x_wconf 90' lang='lat' dir='ltr'><strong>qui</strong></span> <span class='ocrx_word' id='word_1_225' title='bbox 1340 2557 1404 2611; x_wconf 82' lang='lat' dir='ltr'><strong>ad</strong></span> <span class='ocrx_word' id='word_1_226' title='bbox 1434 2557 1584 2611; x_wconf 87' lang='lat' dir='ltr'><strong>illum</strong></span> <span class='ocrx_word' id='word_1_227' title='bbox 1633 2553 1968 2609; x_wconf 84' lang='lat' dir='ltr'><strong>vincienduiu</strong></span> <span class='ocrx_word' id='word_1_228' title='bbox 2002 2566 2166 2607; x_wconf 90' lang='lat' dir='ltr'><strong>vene-</strong></span> 
     </span>
    </p>
   </div>
   <div class='ocr_carea' id='block_1_35' title="bbox 594 2644 2170 2719">
    <p class='ocr_par' dir='ltr' id='par_1_35' title="bbox 594 2644 2170 2719">
     <span class='ocr_line' id='line_1_35' title="bbox 594 2644 2170 2719; baseline -0.009 -11"><span class='ocrx_word' id='word_1_229' title='bbox 594 2663 734 2719; x_wconf 83' lang='lat' dir='ltr'><strong>rant,</strong></span> <span class='ocrx_word' id='word_1_230' title='bbox 764 2652 1116 2707; x_wconf 72' lang='lat' dir='ltr'><strong>admiratione</strong></span> <span class='ocrx_word' id='word_1_231' title='bbox 1143 2649 1303 2704; x_wconf 84' lang='lat' dir='ltr'><strong>vincti</strong></span> <span class='ocrx_word' id='word_1_232' title='bbox 1334 2647 1626 2703; x_wconf 85' lang='lat' dir='ltr'><strong>redierunt.</strong></span> <span class='ocrx_word' id='word_1_233' title='bbox 1655 2645 1771 2700; x_wconf 82' lang='lat' dir='ltr'><strong>Non</strong></span> <span class='ocrx_word' id='word_1_234' title='bbox 1799 2644 2012 2699; x_wconf 90' lang='lat' dir='ltr'><strong>illorum</strong></span> <span class='ocrx_word' id='word_1_235' title='bbox 2040 2657 2170 2712; x_wconf 88' lang='lat' dir='ltr'><strong>pru-</strong></span> 
     </span>
    </p>
   </div>
   <div class='ocr_carea' id='block_1_36' title="bbox 597 2734 2170 2807">
    <p class='ocr_par' dir='ltr' id='par_1_36' title="bbox 597 2734 2170 2807">
     <span class='ocr_line' id='line_1_36' title="bbox 597 2734 2170 2807; baseline -0.01 -8"><span class='ocrx_word' id='word_1_236' title='bbox 597 2746 774 2799; x_wconf 84' lang='lat' dir='ltr'><strong>dentia</strong></span> <span class='ocrx_word' id='word_1_237' title='bbox 802 2753 1004 2799; x_wconf 90' lang='lat' dir='ltr'><strong>tantum</strong></span> <span class='ocrx_word' id='word_1_238' title='bbox 1043 2738 1351 2796; x_wconf 87' lang='lat' dir='ltr'><strong>admiranda</strong></span> <span class='ocrx_word' id='word_1_239' title='bbox 1379 2746 1462 2793; x_wconf 90' lang='lat' dir='ltr'><strong>est</strong></span> <span class='ocrx_word' id='word_1_240' title='bbox 1482 2780 1496 2805; x_wconf 97' lang='lat'><strong>,</strong></span> <span class='ocrx_word' id='word_1_241' title='bbox 1526 2736 1666 2807; x_wconf 88' lang='lat' dir='ltr'><strong>quod</strong></span> <span class='ocrx_word' id='word_1_242' title='bbox 1690 2734 1856 2806; x_wconf 81' lang='lat' dir='ltr'><strong>signis</strong></span> <span class='ocrx_word' id='word_1_243' title='bbox 1885 2749 1988 2788; x_wconf 92' lang='lat' dir='ltr'><strong>non</strong></span> <span class='ocrx_word' id='word_1_244' title='bbox 2034 2747 2170 2801; x_wconf 82' lang='lat' dir='ltr'><strong>Opus</strong></span> 
     </span>
    </p>
   </div>
   <div class='ocr_carea' id='block_1_37' title="bbox 601 2824 2174 2900">
    <p class='ocr_par' dir='ltr' id='par_1_37' title="bbox 601 2824 2174 2900">
     <span class='ocr_line' id='line_1_37' title="bbox 601 2824 2174 2900; baseline -0.008 -12"><span class='ocrx_word' id='word_1_245' title='bbox 601 2834 912 2898; x_wconf 86' lang='lat' dir='ltr'><strong>habuerint;</strong></span> <span class='ocrx_word' id='word_1_246' title='bbox 958 2833 1051 2887; x_wconf 87' lang='lat' dir='ltr'><strong>sed</strong></span> <span class='ocrx_word' id='word_1_247' title='bbox 1080 2831 1237 2886; x_wconf 88' lang='lat' dir='ltr'><strong>etiam</strong></span> <span class='ocrx_word' id='word_1_248' title='bbox 1277 2829 1418 2900; x_wconf 88' lang='lat' dir='ltr'><strong>quod</strong></span> <span class='ocrx_word' id='word_1_249' title='bbox 1463 2829 1573 2883; x_wconf 85' lang='lat' dir='ltr'><strong>sola</strong></span> <span class='ocrx_word' id='word_1_250' title='bbox 1602 2826 1840 2882; x_wconf 85' lang='lat' dir='ltr'><strong>doctrina</strong></span> <span class='ocrx_word' id='word_1_251' title='bbox 1885 2824 2023 2892; x_wconf 83' lang='lat' dir='ltr'><strong>capti</strong></span> <span class='ocrx_word' id='word_1_252' title='bbox 2069 2825 2174 2878; x_wconf 92' lang='lat' dir='ltr'><strong>sint</strong></span> 
     </span>
    </p>
   </div>
   <div class='ocr_carea' id='block_1_38' title="bbox 597 2914 2168 2994">
    <p class='ocr_par' dir='ltr' id='par_1_38' title="bbox 597 2914 2168 2994">
     <span class='ocr_line' id='line_1_38' title="bbox 597 2914 2168 2994; baseline -0.008 -16"><span class='ocrx_word' id='word_1_253' title='bbox 597 2928 729 2994; x_wconf 89' lang='lat' dir='ltr'><strong>(non</strong></span> <span class='ocrx_word' id='word_1_254' title='bbox 761 2923 1009 2978; x_wconf 78' lang='lat' dir='ltr'><strong>dixerunt</strong></span> <span class='ocrx_word' id='word_1_255' title='bbox 1038 2922 1201 2983; x_wconf 89' lang='lat' dir='ltr'><strong>enim,</strong></span> <span class='ocrx_word' id='word_1_256' title='bbox 1230 2920 1396 2974; x_wconf 83' lang='lat' dir='ltr'><strong>Nemo</strong></span> <span class='ocrx_word' id='word_1_257' title='bbox 1426 2933 1673 2988; x_wconf 85' lang='lat' dir='ltr'><strong>umquam</strong></span> <span class='ocrx_word' id='word_1_258' title='bbox 1700 2925 1844 2970; x_wconf 92' lang='lat' dir='ltr'><strong>tanta</strong></span> <span class='ocrx_word' id='word_1_259' title='bbox 1871 2915 2043 2970; x_wconf 86' lang='lat' dir='ltr'><strong>edidit</strong></span> <span class='ocrx_word' id='word_1_260' title='bbox 2070 2914 2168 2967; x_wconf 89' lang='lat' dir='ltr'><strong>ini-</strong></span> 
     </span>
    </p>
   </div>
   <div class='ocr_carea' id='block_1_39' title="bbox 598 3003 2167 3083">
    <p class='ocr_par' dir='ltr' id='par_1_39' title="bbox 598 3003 2167 3083">
     <span class='ocr_line' id='line_1_39' title="bbox 598 3003 2167 3083; baseline -0.01 -12"><span class='ocrx_word' id='word_1_261' title='bbox 598 3017 777 3071; x_wconf 75' lang='lat' dir='ltr'><strong>mcula</strong></span> <span class='ocrx_word' id='word_1_262' title='bbox 801 3031 815 3078; x_wconf 86' lang='lat'><strong>;</strong></span> <span class='ocrx_word' id='word_1_263' title='bbox 844 3013 936 3069; x_wconf 89' lang='lat' dir='ltr'><strong>sed</strong></span> <span class='ocrx_word' id='word_1_264' title='bbox 962 3012 1129 3083; x_wconf 73' lang='lat' dir='ltr'><strong>quid?</strong></span> <span class='ocrx_word' id='word_1_265' title='bbox 1164 3010 1329 3065; x_wconf 85' lang='lat' dir='ltr'><strong>Nemo</strong></span> <span class='ocrx_word' id='word_1_266' title='bbox 1371 3026 1610 3081; x_wconf 82' lang='lat' dir='ltr'><strong>umquam</strong></span> <span class='ocrx_word' id='word_1_267' title='bbox 1638 3009 1708 3063; x_wconf 86' lang='lat' dir='ltr'><strong>sic</strong></span> <span class='ocrx_word' id='word_1_268' title='bbox 1751 3008 1986 3077; x_wconf 84' lang='lat' dir='ltr'><strong>loquutus</strong></span> <span class='ocrx_word' id='word_1_269' title='bbox 2015 3003 2122 3076; x_wconf 85' lang='lat' dir='ltr'><strong>est)</strong></span> <span class='ocrx_word' id='word_1_270' title='bbox 2156 3022 2167 3056; x_wconf 91' lang='lat'><strong>:</strong></span> 
     </span>
    </p>
   </div>
   <div class='ocr_carea' id='block_1_40' title="bbox 601 3098 2170 3174">
    <p class='ocr_par' dir='ltr' id='par_1_40' title="bbox 601 3098 2170 3174">
     <span class='ocr_line' id='line_1_40' title="bbox 601 3098 2170 3174; baseline -0.007 -12"><span class='ocrx_word' id='word_1_271' title='bbox 601 3124 706 3162; x_wconf 89' lang='lat' dir='ltr'><strong>non</strong></span> <span class='ocrx_word' id='word_1_272' title='bbox 735 3121 918 3162; x_wconf 89' lang='lat' dir='ltr'><strong>eorum</strong></span> <span class='ocrx_word' id='word_1_273' title='bbox 939 3118 1068 3174; x_wconf 81' lang='lat' dir='ltr'><strong>ergo</strong></span> <span class='ocrx_word' id='word_1_274' title='bbox 1094 3103 1369 3174; x_wconf 73' lang='lat' dir='ltr'><strong>prudentia</strong></span> <span class='ocrx_word' id='word_1_275' title='bbox 1392 3103 1562 3157; x_wconf 90' lang='lat' dir='ltr'><strong>solum</strong></span> <span class='ocrx_word' id='word_1_276' title='bbox 1589 3099 1917 3156; x_wconf 78' lang='lat' dir='ltr'><strong>admirabilis</strong></span> <span class='ocrx_word' id='word_1_277' title='bbox 1947 3108 2050 3163; x_wconf 87' lang='lat' dir='ltr'><strong>est,</strong></span> <span class='ocrx_word' id='word_1_278' title='bbox 2079 3098 2170 3152; x_wconf 89' lang='lat' dir='ltr'><strong>sed</strong></span> 
     </span>
    </p>
   </div>
   <div class='ocr_carea' id='block_1_41' title="bbox 599 3191 2175 3270">
    <p class='ocr_par' dir='ltr' id='par_1_41' title="bbox 599 3191 2175 3270">
     <span class='ocr_line' id='line_1_41' title="bbox 599 3191 2175 3270; baseline -0.006 -15"><span class='ocrx_word' id='word_1_279' title='bbox 599 3202 759 3255; x_wconf 85' lang='lat' dir='ltr'><strong>etiam</strong></span> <span class='ocrx_word' id='word_1_280' title='bbox 791 3199 1040 3270; x_wconf 89' lang='lat' dir='ltr'><strong>loquendi</strong></span> <span class='ocrx_word' id='word_1_281' title='bbox 1070 3199 1286 3254; x_wconf 86' lang='lat' dir='ltr'><strong>libertas</strong></span> <span class='ocrx_word' id='word_1_282' title='bbox 1309 3239 1324 3264; x_wconf 96' lang='lat'><strong>,</strong></span> <span class='ocrx_word' id='word_1_283' title='bbox 1371 3195 1512 3266; x_wconf 88' lang='lat' dir='ltr'><strong>quod</strong></span> <span class='ocrx_word' id='word_1_284' title='bbox 1544 3196 1658 3249; x_wconf 67' lang='lat' dir='ltr'><strong>haec</strong></span> <span class='ocrx_word' id='word_1_285' title='bbox 1703 3194 1766 3248; x_wconf 86' lang='lat' dir='ltr'><strong>iis</strong></span> <span class='ocrx_word' id='word_1_286' title='bbox 1794 3193 1883 3264; x_wconf 88' lang='lat' dir='ltr'><strong>qui</strong></span> <span class='ocrx_word' id='word_1_287' title='bbox 1928 3206 1988 3247; x_wconf 87' lang='lat' dir='ltr'><strong>se</strong></span> <span class='ocrx_word' id='word_1_288' title='bbox 2011 3191 2175 3246; x_wconf 86' lang='lat' dir='ltr'><strong>mise-</strong></span> 
     </span>
    </p>
   </div>
   <div class='ocr_carea' id='block_1_42' title="bbox 599 3283 2172 3360">
    <p class='ocr_par' dir='ltr' id='par_1_42' title="bbox 599 3283 2172 3360">
     <span class='ocr_line' id='line_1_42' title="bbox 599 3283 2172 3360; baseline -0.007 -14"><span class='ocrx_word' id='word_1_289' title='bbox 599 3302 742 3357; x_wconf 84' lang='lat' dir='ltr'><strong>rant,</strong></span> <span class='ocrx_word' id='word_1_290' title='bbox 770 3291 1034 3356; x_wconf 80' lang='lat' dir='ltr'><strong>dixerint;</strong></span> <span class='ocrx_word' id='word_1_291' title='bbox 1059 3288 1199 3360; x_wconf 90' lang='lat' dir='ltr'><strong>quod</strong></span> <span class='ocrx_word' id='word_1_292' title='bbox 1221 3287 1502 3344; x_wconf 83' lang='lat' dir='ltr'><strong>Pharisaeis</strong></span> <span class='ocrx_word' id='word_1_293' title='bbox 1525 3287 1696 3356; x_wconf 89' lang='lat' dir='ltr'><strong>ipsum</strong></span> <span class='ocrx_word' id='word_1_294' title='bbox 1722 3283 2172 3355; x_wconf 86' lang='lat' dir='ltr'><strong>impugnantibus,</strong></span> 
     </span>
    </p>
   </div>
   <div class='ocr_carea' id='block_1_43' title="bbox 600 3375 2171 3455">
    <p class='ocr_par' dir='ltr' id='par_1_43' title="bbox 600 3375 2171 3455">
     <span class='ocr_line' id='line_1_43' title="bbox 600 3375 2171 3455; baseline -0.005 -19"><span class='ocrx_word' id='word_1_295' title='bbox 600 3385 687 3455; x_wconf 87' lang='lat' dir='ltr'><strong>qui</strong></span> <span class='ocrx_word' id='word_1_296' title='bbox 720 3382 819 3437; x_wconf 92' lang='lat' dir='ltr'><strong>hac</strong></span> <span class='ocrx_word' id='word_1_297' title='bbox 842 3381 911 3437; x_wconf 90' lang='lat' dir='ltr'><strong>de</strong></span> <span class='ocrx_word' id='word_1_298' title='bbox 937 3396 1095 3438; x_wconf 86' lang='lat' dir='ltr'><strong>causa</strong></span> <span class='ocrx_word' id='word_1_299' title='bbox 1120 3380 1249 3435; x_wconf 91' lang='lat' dir='ltr'><strong>nihil</strong></span> <span class='ocrx_word' id='word_1_300' title='bbox 1270 3395 1373 3434; x_wconf 93' lang='lat' dir='ltr'><strong>non</strong></span> <span class='ocrx_word' id='word_1_301' title='bbox 1396 3378 1638 3451; x_wconf 81' lang='lat' dir='ltr'><strong>agebant.</strong></span> <span class='ocrx_word' id='word_1_302' title='bbox 1671 3376 1920 3431; x_wconf 78' lang='lat' dir='ltr'><strong>Venerunt</strong></span> <span class='ocrx_word' id='word_1_303' title='bbox 1937 3375 2171 3438; x_wconf 89' lang='lat' dir='ltr'><strong>ministri,</strong></span> 
     </span>
    </p>
   </div>
   <div class='ocr_carea' id='block_1_44' title="bbox 601 3466 2176 3537">
    <p class='ocr_par' dir='ltr' id='par_1_44' title="bbox 601 3466 2176 3537">
     <span class='ocr_line' id='line_1_44' title="bbox 601 3466 2176 3537; baseline -0.004 -11"><span class='ocrx_word' id='word_1_304' title='bbox 601 3486 647 3528; x_wconf 79' lang='lat' dir='ltr'><strong>et</strong></span> <span class='ocrx_word' id='word_1_305' title='bbox 674 3475 844 3528; x_wconf 85' lang='lat' dir='ltr'><strong>dicunt</strong></span> <span class='ocrx_word' id='word_1_306' title='bbox 889 3479 959 3528; x_wconf 78' lang='lat' dir='ltr'><strong>eis</strong></span> <span class='ocrx_word' id='word_1_307' title='bbox 999 3471 1251 3525; x_wconf 73' lang='lat' dir='ltr'><strong>Phariswi</strong></span> <span class='ocrx_word' id='word_1_308' title='bbox 1271 3512 1286 3537; x_wconf 93' lang='lat'><strong>,</strong></span> <span class='ocrx_word' id='word_1_309' title='bbox 1339 3468 1510 3536; x_wconf 82' lang='lat' dir='ltr'><strong>Quare</strong></span> <span class='ocrx_word' id='word_1_310' title='bbox 1551 3486 1652 3523; x_wconf 88' lang='lat' dir='ltr'><strong>non</strong></span> <span class='ocrx_word' id='word_1_311' title='bbox 1695 3468 1980 3522; x_wconf 62' lang='lat' dir='ltr'><strong>adduxistis</strong></span> <span class='ocrx_word' id='word_1_312' title='bbox 2019 3466 2176 3522; x_wconf 85' lang='lat' dir='ltr'><strong>eum?</strong></span> 
     </span>
    </p>
   </div>
   <div class='ocr_carea' id='block_1_45' title="bbox 600 3558 2178 3632">
    <p class='ocr_par' dir='ltr' id='par_1_45' title="bbox 600 3558 2178 3632">
     <span class='ocr_line' id='line_1_45' title="bbox 600 3558 2178 3632; baseline -0.006 -13"><span class='ocrx_word' id='word_1_313' title='bbox 600 3563 750 3632; x_wconf 81' lang='lat' dir='ltr'><strong>Quod</strong></span> <span class='ocrx_word' id='word_1_314' title='bbox 779 3562 1022 3619; x_wconf 88' lang='lat' dir='ltr'><strong>venerint</strong></span> <span class='ocrx_word' id='word_1_315' title='bbox 1050 3604 1065 3629; x_wconf 93' lang='lat'><strong>,</strong></span> <span class='ocrx_word' id='word_1_316' title='bbox 1099 3563 1257 3631; x_wconf 85' lang='lat' dir='ltr'><strong>longe</strong></span> <span class='ocrx_word' id='word_1_317' title='bbox 1287 3559 1459 3630; x_wconf 87' lang='lat' dir='ltr'><strong>majus</strong></span> <span class='ocrx_word' id='word_1_318' title='bbox 1497 3560 1626 3626; x_wconf 83' lang='lat' dir='ltr'><strong>luit,</strong></span> <span class='ocrx_word' id='word_1_319' title='bbox 1659 3575 1814 3628; x_wconf 91' lang='lat' dir='ltr'><strong>quam</strong></span> <span class='ocrx_word' id='word_1_320' title='bbox 1855 3558 1900 3613; x_wconf 81' lang='lat' dir='ltr'><strong>si</strong></span> <span class='ocrx_word' id='word_1_321' title='bbox 1941 3558 2178 3611; x_wconf 82' lang='lat' dir='ltr'><strong>mansis-</strong></span> 
     </span>
    </p>
   </div>
   <div class='ocr_carea' id='block_1_46' title="bbox 604 3649 2176 3722">
    <p class='ocr_par' dir='ltr' id='par_1_46' title="bbox 604 3649 2176 3722">
     <span class='ocr_line' id='line_1_46' title="bbox 604 3649 2176 3722; baseline -0.006 -12"><span class='ocrx_word' id='word_1_322' title='bbox 604 3667 722 3710; x_wconf 82' lang='lat' dir='ltr'><strong>sent</strong></span> <span class='ocrx_word' id='word_1_323' title='bbox 747 3674 760 3709; x_wconf 90' lang='lat'><strong>:</strong></span> <span class='ocrx_word' id='word_1_324' title='bbox 789 3655 866 3709; x_wconf 87' lang='lat' dir='ltr'><strong>sic</strong></span> <span class='ocrx_word' id='word_1_325' title='bbox 890 3654 1103 3722; x_wconf 89' lang='lat' dir='ltr'><strong>quidem</strong></span> <span class='ocrx_word' id='word_1_326' title='bbox 1139 3654 1348 3708; x_wconf 88' lang='lat' dir='ltr'><strong>illorum</strong></span> <span class='ocrx_word' id='word_1_327' title='bbox 1386 3651 1628 3706; x_wconf 80' lang='lat' dir='ltr'><strong>molestia</strong></span> <span class='ocrx_word' id='word_1_328' title='bbox 1660 3651 1866 3705; x_wconf 89' lang='lat' dir='ltr'><strong>liberati</strong></span> <span class='ocrx_word' id='word_1_329' title='bbox 1915 3649 2176 3714; x_wconf 79' lang='lat' dir='ltr'><strong>fuissent;</strong></span> 
     </span>
    </p>
   </div>
   <div class='ocr_carea' id='block_1_47' title="bbox 604 3741 2178 3813">
    <p class='ocr_par' dir='ltr' id='par_1_47' title="bbox 604 3741 2178 3813">
     <span class='ocr_line' id='line_1_47' title="bbox 604 3741 2178 3813; baseline -0.003 -14"><span class='ocrx_word' id='word_1_330' title='bbox 604 3747 695 3800; x_wconf 81' lang='lat' dir='ltr'><strong>sed</strong></span> <span class='ocrx_word' id='word_1_331' title='bbox 726 3760 866 3800; x_wconf 85' lang='lat' dir='ltr'><strong>nunc</strong></span> <span class='ocrx_word' id='word_1_332' title='bbox 893 3745 1086 3799; x_wconf 86' lang='lat' dir='ltr'><strong>Christi</strong></span> <span class='ocrx_word' id='word_1_333' title='bbox 1114 3744 1387 3813; x_wconf 75' lang='lat' dir='ltr'><strong>sapientia:</strong></span> <span class='ocrx_word' id='word_1_334' title='bbox 1417 3753 1537 3798; x_wconf 87' lang='lat' dir='ltr'><strong>sunt</strong></span> <span class='ocrx_word' id='word_1_335' title='bbox 1563 3755 1857 3812; x_wconf 70' lang='lat' dir='ltr'><strong>priccones,</strong></span> <span class='ocrx_word' id='word_1_336' title='bbox 1892 3741 2178 3810; x_wconf 82' lang='lat' dir='ltr'><strong>majorem-</strong></span> 
     </span>
    </p>
   </div>
   <div class='ocr_carea' id='block_1_48' title="bbox 605 3833 2177 3907">
    <p class='ocr_par' dir='ltr' id='par_1_48' title="bbox 605 3833 2177 3907">
     <span class='ocr_line' id='line_1_48' title="bbox 605 3833 2177 3907; baseline -0.002 -17"><span class='ocrx_word' id='word_1_337' title='bbox 605 3836 992 3907; x_wconf 72' lang='lat' dir='ltr'><strong>qucexhibent</strong></span> <span class='ocrx_word' id='word_1_338' title='bbox 1042 3835 1310 3890; x_wconf 88' lang='lat' dir='ltr'><strong>liduciam.</strong></span> <span class='ocrx_word' id='word_1_339' title='bbox 1357 3834 1465 3890; x_wconf 84' lang='lat' dir='ltr'><strong>Nec</strong></span> <span class='ocrx_word' id='word_1_340' title='bbox 1508 3833 1724 3897; x_wconf 89' lang='lat' dir='ltr'><strong>dicunt,</strong></span> <span class='ocrx_word' id='word_1_341' title='bbox 1755 3833 1868 3888; x_wconf 81' lang='lat' dir='ltr'><strong>Non</strong></span> <span class='ocrx_word' id='word_1_342' title='bbox 1914 3834 2177 3904; x_wconf 87' lang='lat' dir='ltr'><strong>potuimus</strong></span> 
     </span>
    </p>
   </div>
   <div class='ocr_carea' id='block_1_49' title="bbox 608 3924 2175 3996">
    <p class='ocr_par' dir='ltr' id='par_1_49' title="bbox 608 3924 2175 3996">
     <span class='ocr_line' id='line_1_49' title="bbox 608 3924 2175 3996; baseline 0 -16"><span class='ocrx_word' id='word_1_343' title='bbox 608 3937 824 3996; x_wconf 81' lang='lat' dir='ltr'><strong>propter</strong></span> <span class='ocrx_word' id='word_1_344' title='bbox 854 3926 1083 3992; x_wconf 81' lang='lat' dir='ltr'><strong>turbam,</strong></span> <span class='ocrx_word' id='word_1_345' title='bbox 1114 3941 1232 3996; x_wconf 75' lang='lat' dir='ltr'><strong>qua:</strong></span> <span class='ocrx_word' id='word_1_346' title='bbox 1267 3926 1413 3979; x_wconf 91' lang='lat' dir='ltr'><strong>illum</strong></span> <span class='ocrx_word' id='word_1_347' title='bbox 1445 3926 1592 3991; x_wconf 89' lang='lat' dir='ltr'><strong>quasi</strong></span> <span class='ocrx_word' id='word_1_348' title='bbox 1633 3925 1944 3994; x_wconf 70' lang='lat' dir='ltr'><strong>proiilietam</strong></span> <span class='ocrx_word' id='word_1_349' title='bbox 1987 3924 2131 3978; x_wconf 87' lang='lat' dir='ltr'><strong>audit</strong></span> <span class='ocrx_word' id='word_1_350' title='bbox 2159 3939 2175 3980; x_wconf 91' lang='lat'><strong>:</strong></span> 
     </span>
    </p>
   </div>
   <div class='ocr_carea' id='block_1_50' title="bbox 606 4015 2173 4088">
    <p class='ocr_par' dir='ltr' id='par_1_50' title="bbox 606 4015 2173 4088">
     <span class='ocr_line' id='line_1_50' title="bbox 606 4015 2173 4088; baseline -0.001 -16"><span class='ocrx_word' id='word_1_351' title='bbox 606 4017 699 4072; x_wconf 79' lang='lat' dir='ltr'><strong>sed</strong></span> <span class='ocrx_word' id='word_1_352' title='bbox 727 4017 890 4088; x_wconf 87' lang='lat' dir='ltr'><strong>quid?</strong></span> <span class='ocrx_word' id='word_1_353' title='bbox 918 4016 1080 4070; x_wconf 76' lang='lat' dir='ltr'><strong>Nemo</strong></span> <span class='ocrx_word' id='word_1_354' title='bbox 1108 4032 1342 4084; x_wconf 84' lang='lat' dir='ltr'><strong>umquam</strong></span> <span class='ocrx_word' id='word_1_355' title='bbox 1368 4016 1440 4070; x_wconf 88' lang='lat' dir='ltr'><strong>sic</strong></span> <span class='ocrx_word' id='word_1_356' title='bbox 1466 4015 1699 4083; x_wconf 85' lang='lat' dir='ltr'><strong>loquutus</strong></span> <span class='ocrx_word' id='word_1_357' title='bbox 1719 4025 1810 4069; x_wconf 88' lang='lat' dir='ltr'><strong>est.</strong></span> <span class='ocrx_word' id='word_1_358' title='bbox 1840 4016 2000 4086; x_wconf 77' lang='lat' dir='ltr'><strong>Atqui</strong></span> <span class='ocrx_word' id='word_1_359' title='bbox 2027 4027 2173 4086; x_wconf 85' lang='lat' dir='ltr'><strong>pote—</strong></span> 
     </span>
    </p>
   </div>
   <div class='ocr_carea' id='block_1_51' title="bbox 605 4106 2173 4162">
    <p class='ocr_par' dir='ltr' id='par_1_51' title="bbox 605 4106 2173 4162">
     <span class='ocr_line' id='line_1_51' title="bbox 605 4106 2173 4162; baseline -0.001 -1"><span class='ocrx_word' id='word_1_360' title='bbox 605 4111 725 4161; x_wconf 78' lang='lat' dir='ltr'><strong>ritnt</strong></span> <span class='ocrx_word' id='word_1_361' title='bbox 748 4108 888 4162; x_wconf 89' lang='lat' dir='ltr'><strong>illam</strong></span> <span class='ocrx_word' id='word_1_362' title='bbox 911 4107 1306 4162; x_wconf 75' lang='lat' dir='ltr'><strong>excusationem</strong></span> <span class='ocrx_word' id='word_1_363' title='bbox 1329 4106 1521 4162; x_wconf 70' lang='lat' dir='ltr'><strong>alierre</strong></span> <span class='ocrx_word' id='word_1_364' title='bbox 1545 4124 1558 4162; x_wconf 88' lang='lat'>:</span> <span class='ocrx_word' id='word_1_365' title='bbox 1586 4106 1682 4161; x_wconf 89' lang='lat' dir='ltr'><strong>sed</strong></span> <span class='ocrx_word' id='word_1_366' title='bbox 1707 4116 1910 4162; x_wconf 89' lang='lat' dir='ltr'><strong>rectum</strong></span> <span class='ocrx_word' id='word_1_367' title='bbox 1939 4109 2173 4161; x_wconf 91' lang='lat' dir='ltr'><strong>animum</strong></span> 
     </span>
    </p>
   </div>
   <div class='ocr_carea' id='block_1_52' title="bbox 606 4197 2176 4268">
    <p class='ocr_par' dir='ltr' id='par_1_52' title="bbox 606 4197 2176 4268">
     <span class='ocr_line' id='line_1_52' title="bbox 606 4197 2176 4268; baseline 0 -18"><span class='ocrx_word' id='word_1_368' title='bbox 606 4214 713 4268; x_wconf 78' lang='lat' dir='ltr'><strong>pra:</strong></span> <span class='ocrx_word' id='word_1_369' title='bbox 766 4213 823 4253; x_wconf 88' lang='lat' dir='ltr'><strong>se</strong></span> <span class='ocrx_word' id='word_1_370' title='bbox 867 4197 1058 4253; x_wconf 79' lang='lat' dir='ltr'><strong>ferum.</strong></span> <span class='ocrx_word' id='word_1_371' title='bbox 1111 4198 1218 4252; x_wconf 92' lang='lat' dir='ltr'><strong>lloe</strong></span> <span class='ocrx_word' id='word_1_372' title='bbox 1257 4198 1398 4252; x_wconf 84' lang='lat' dir='ltr'><strong>enim</strong></span> <span class='ocrx_word' id='word_1_373' title='bbox 1443 4213 1546 4253; x_wconf 91' lang='lat' dir='ltr'><strong>non</strong></span> <span class='ocrx_word' id='word_1_374' title='bbox 1594 4198 1967 4254; x_wconf 86' lang='lat' dir='ltr'><strong>admirantium</strong></span> <span class='ocrx_word' id='word_1_375' title='bbox 2017 4199 2176 4254; x_wconf 87' lang='lat' dir='ltr'><strong>modo</strong></span> 
     </span>
    </p>
   </div>
   <div class='ocr_carea' id='block_1_53' title="bbox 602 4289 2172 4362">
    <p class='ocr_par' dir='ltr' id='par_1_53' title="bbox 602 4289 2172 4362">
     <span class='ocr_line' id='line_1_53' title="bbox 602 4289 2172 4362; baseline 0 -18"><span class='ocrx_word' id='word_1_376' title='bbox 602 4300 714 4344; x_wconf 78' lang='lat' dir='ltr'><strong>erat</strong></span> <span class='ocrx_word' id='word_1_377' title='bbox 746 4330 761 4354; x_wconf 92' lang='lat'><strong>,</strong></span> <span class='ocrx_word' id='word_1_378' title='bbox 812 4289 904 4346; x_wconf 87' lang='lat' dir='ltr'><strong>sed</strong></span> <span class='ocrx_word' id='word_1_379' title='bbox 954 4291 1111 4345; x_wconf 90' lang='lat' dir='ltr'><strong>etiam</strong></span> <span class='ocrx_word' id='word_1_380' title='bbox 1163 4291 1555 4346; x_wconf 64' lang='lat' dir='ltr'><strong>criminantium</strong></span> <span class='ocrx_word' id='word_1_381' title='bbox 1609 4292 1749 4362; x_wconf 91' lang='lat' dir='ltr'><strong>quod</strong></span> <span class='ocrx_word' id='word_1_382' title='bbox 1799 4308 1858 4348; x_wconf 90' lang='lat' dir='ltr'><strong>se</strong></span> <span class='ocrx_word' id='word_1_383' title='bbox 1912 4292 1978 4347; x_wconf 90' lang='lat' dir='ltr'><strong>ad</strong></span> <span class='ocrx_word' id='word_1_384' title='bbox 2029 4292 2172 4347; x_wconf 88' lang='lat' dir='ltr'><strong>illum</strong></span> 
     </span>
    </p>
   </div>
   <div class='ocr_carea' id='block_1_54' title="bbox 602 4382 2176 4454">
    <p class='ocr_par' dir='ltr' id='par_1_54' title="bbox 602 4382 2176 4454">
     <span class='ocr_line' id='line_1_54' title="bbox 602 4382 2176 4454; baseline 0.001 -20"><span class='ocrx_word' id='word_1_385' title='bbox 602 4382 872 4451; x_wconf 83' lang='lat' dir='ltr'><strong>ligauduin</strong></span> <span class='ocrx_word' id='word_1_386' title='bbox 913 4383 1199 4447; x_wconf 83' lang='lat' dir='ltr'><strong>misissent,</strong></span> <span class='ocrx_word' id='word_1_387' title='bbox 1232 4398 1389 4453; x_wconf 91' lang='lat' dir='ltr'><strong>quem</strong></span> <span class='ocrx_word' id='word_1_388' title='bbox 1427 4384 1602 4453; x_wconf 80' lang='lat' dir='ltr'><strong>potius</strong></span> <span class='ocrx_word' id='word_1_389' title='bbox 1652 4385 1835 4439; x_wconf 77' lang='lat' dir='ltr'><strong>audire</strong></span> <span class='ocrx_word' id='word_1_390' title='bbox 1876 4385 2176 4454; x_wconf 87' lang='lat' dir='ltr'><strong>Oportebat.</strong></span> 
     </span>
    </p>
   </div>
   <div class='ocr_carea' id='block_1_55' title="bbox 604 4474 2177 4545">
    <p class='ocr_par' dir='ltr' id='par_1_55' title="bbox 604 4474 2177 4545">
     <span class='ocr_line' id='line_1_55' title="bbox 604 4474 2177 4545; baseline 0 -16"><span class='ocrx_word' id='word_1_391' title='bbox 604 4477 761 4544; x_wconf 68' lang='lat' dir='ltr'><strong>Atqui</strong></span> <span class='ocrx_word' id='word_1_392' title='bbox 790 4490 894 4530; x_wconf 92' lang='lat' dir='ltr'><strong>non</strong></span> <span class='ocrx_word' id='word_1_393' title='bbox 924 4476 1155 4545; x_wconf 84' lang='lat' dir='ltr'><strong>longam,</strong></span> <span class='ocrx_word' id='word_1_394' title='bbox 1175 4475 1268 4529; x_wconf 87' lang='lat' dir='ltr'><strong>scil</strong></span> <span class='ocrx_word' id='word_1_395' title='bbox 1299 4475 1514 4530; x_wconf 78' lang='lat' dir='ltr'><strong>brevem</strong></span> <span class='ocrx_word' id='word_1_396' title='bbox 1536 4474 1814 4530; x_wconf 80' lang='lat' dir='ltr'><strong>audierant</strong></span> <span class='ocrx_word' id='word_1_397' title='bbox 1838 4477 2177 4531; x_wconf 85' lang='lat' dir='ltr'><strong>concionem.</strong></span> 
     </span>
    </p>
   </div>
   <div class='ocr_carea' id='block_1_56' title="bbox 603 4564 2178 4634">
    <p class='ocr_par' dir='ltr' id='par_1_56' title="bbox 603 4564 2178 4634">
     <span class='ocr_line' id='line_1_56' title="bbox 603 4564 2178 4634; baseline 0.001 -15"><span class='ocrx_word' id='word_1_398' title='bbox 603 4565 748 4620; x_wconf 73' lang='lat' dir='ltr'><strong>Heus</strong></span> <span class='ocrx_word' id='word_1_399' title='bbox 774 4567 914 4620; x_wconf 88' lang='lat' dir='ltr'><strong>enim</strong></span> <span class='ocrx_word' id='word_1_400' title='bbox 964 4566 1169 4621; x_wconf 88' lang='lat' dir='ltr'><strong>sincera</strong></span> <span class='ocrx_word' id='word_1_401' title='bbox 1206 4581 1313 4619; x_wconf 84' lang='lat' dir='ltr'><strong>non</strong></span> <span class='ocrx_word' id='word_1_402' title='bbox 1347 4566 1519 4634; x_wconf 80' lang='lat' dir='ltr'><strong>leugis</strong></span> <span class='ocrx_word' id='word_1_403' title='bbox 1560 4580 1693 4634; x_wconf 85' lang='lat' dir='ltr'><strong>opus</strong></span> <span class='ocrx_word' id='word_1_404' title='bbox 1726 4564 1886 4620; x_wconf 81' lang='lat' dir='ltr'><strong>habet</strong></span> <span class='ocrx_word' id='word_1_405' title='bbox 1917 4568 2178 4621; x_wconf 83' lang='lat' dir='ltr'><strong>Sermoni-</strong></span> 
     </span>
    </p>
   </div>
   <div class='ocr_carea' id='block_1_57' title="bbox 604 4656 2175 4727">
    <p class='ocr_par' dir='ltr' id='par_1_57' title="bbox 604 4656 2175 4727">
     <span class='ocr_line' id='line_1_57' title="bbox 604 4656 2175 4727; baseline -0.001 -14"><span class='ocrx_word' id='word_1_406' title='bbox 604 4661 722 4713; x_wconf 84' lang='lat' dir='ltr'><strong>bus.</strong></span> <span class='ocrx_word' id='word_1_407' title='bbox 752 4659 916 4712; x_wconf 83' lang='lat' dir='ltr'><strong>&#39;l‘anta</strong></span> <span class='ocrx_word' id='word_1_408' title='bbox 945 4669 1024 4712; x_wconf 73' lang='lat' dir='ltr'><strong>est</strong></span> <span class='ocrx_word' id='word_1_409' title='bbox 1048 4659 1125 4710; x_wconf 84' lang='lat' dir='ltr'><strong>vis</strong></span> <span class='ocrx_word' id='word_1_410' title='bbox 1149 4658 1401 4712; x_wconf 75' lang='lat' dir='ltr'><strong>veritatis.</strong></span> <span class='ocrx_word' id='word_1_411' title='bbox 1425 4657 1558 4724; x_wconf 88' lang='lat' dir='ltr'><strong>Quid</strong></span> <span class='ocrx_word' id='word_1_412' title='bbox 1581 4672 1708 4727; x_wconf 78' lang='lat' dir='ltr'><strong>ergo</strong></span> <span class='ocrx_word' id='word_1_413' title='bbox 1728 4658 1977 4711; x_wconf 55' lang='lat' dir='ltr'><strong>Pharisaei</strong></span> <span class='ocrx_word' id='word_1_414' title='bbox 2003 4656 2175 4712; x_wconf 89' lang='lat' dir='ltr'><strong>?Cum</strong></span> 
     </span>
    </p>
   </div>
   <div class='ocr_carea' id='block_1_58' title="bbox 600 4748 2172 4820">
    <p class='ocr_par' dir='ltr' id='par_1_58' title="bbox 600 4748 2172 4820">
     <span class='ocr_line' id='line_1_58' title="bbox 600 4748 2172 4820; baseline 0.001 -19"><span class='ocrx_word' id='word_1_415' title='bbox 600 4749 883 4820; x_wconf 71' lang='lat' dir='ltr'><strong>mmpung.‘</strong></span> <span class='ocrx_word' id='word_1_416' title='bbox 931 4749 1290 4819; x_wconf 78' lang='lat' dir='ltr'><strong>oportuisset,</strong></span> <span class='ocrx_word' id='word_1_417' title='bbox 1340 4750 1414 4803; x_wconf 90' lang='lat' dir='ltr'><strong>illi</strong></span> <span class='ocrx_word' id='word_1_418' title='bbox 1444 4757 1627 4802; x_wconf 86' lang='lat' dir='ltr'><strong>contra</strong></span> <span class='ocrx_word' id='word_1_419' title='bbox 1659 4748 1736 4803; x_wconf 89' lang='lat' dir='ltr'><strong>sic</strong></span> <span class='ocrx_word' id='word_1_420' title='bbox 1769 4749 2012 4802; x_wconf 73' lang='lat' dir='ltr'><strong>incusant</strong></span> <span class='ocrx_word' id='word_1_421' title='bbox 2056 4765 2172 4814; x_wconf 86' lang='lat' dir='ltr'><strong>eos,</strong></span> 
     </span>
    </p>
   </div>
   <div class='ocr_carea' id='block_1_59' title="bbox 600 4841 2179 4913">
    <p class='ocr_par' dir='ltr' id='par_1_59' title="bbox 600 4841 2179 4913">
     <span class='ocr_line' id='line_1_59' title="bbox 600 4841 2179 4913; baseline -0.002 -16"><span class='ocrx_word' id='word_1_422' title='bbox 600 4845 688 4897; x_wconf 79' lang='grc'><strong>47.</strong></span> <span class='ocrx_word' id='word_1_423' title='bbox 727 4841 991 4913; x_wconf 84' lang='lat' dir='ltr'><strong>Numquid</strong></span> <span class='ocrx_word' id='word_1_424' title='bbox 1015 4851 1062 4895; x_wconf 88' lang='lat' dir='ltr'><strong>et</strong></span> <span class='ocrx_word' id='word_1_425' title='bbox 1090 4858 1173 4896; x_wconf 83' lang='lat' dir='ltr'><strong>vos</strong></span> <span class='ocrx_word' id='word_1_426' title='bbox 1197 4842 1386 4896; x_wconf 82' lang='lat' dir='ltr'><strong>seducti</strong></span> <span class='ocrx_word' id='word_1_427' title='bbox 1410 4842 1571 4895; x_wconf 70' lang='lat' dir='ltr'><strong>estis?</strong></span> <span class='ocrx_word' id='word_1_428' title='bbox 1601 4841 1786 4895; x_wconf 83' lang='lat' dir='ltr'><strong>Adhuc</strong></span> <span class='ocrx_word' id='word_1_429' title='bbox 1815 4843 2179 4907; x_wconf 69' lang='lat' dir='ltr'><strong>blandiuntur,</strong></span> 
     </span>
    </p>
   </div>
   <div class='ocr_carea' id='block_1_60' title="bbox 603 4935 2179 5005">
    <p class='ocr_par' dir='ltr' id='par_1_60' title="bbox 603 4935 2179 5005">
     <span class='ocr_line' id='line_1_60' title="bbox 603 4935 2179 5005; baseline -0.001 -15"><span class='ocrx_word' id='word_1_430' title='bbox 603 4951 700 4991; x_wconf 89' lang='lat' dir='ltr'><strong>nec</strong></span> <span class='ocrx_word' id='word_1_431' title='bbox 739 4937 944 5005; x_wconf 86' lang='lat' dir='ltr'><strong>asperis</strong></span> <span class='ocrx_word' id='word_1_432' title='bbox 1001 4944 1214 4988; x_wconf 89' lang='lat' dir='ltr'><strong>utuntur</strong></span> <span class='ocrx_word' id='word_1_433' title='bbox 1264 4935 1481 5001; x_wconf 88' lang='lat' dir='ltr'><strong>verbis,</strong></span> <span class='ocrx_word' id='word_1_434' title='bbox 1544 4935 1694 4990; x_wconf 80' lang='lat' dir='ltr'><strong>veriti</strong></span> <span class='ocrx_word' id='word_1_435' title='bbox 1743 4951 1809 4988; x_wconf 91' lang='lat' dir='ltr'><strong>ne</strong></span> <span class='ocrx_word' id='word_1_436' title='bbox 1850 4936 2068 4989; x_wconf 87' lang='lat' dir='ltr'><strong>omnino</strong></span> <span class='ocrx_word' id='word_1_437' title='bbox 2121 4950 2179 4988; x_wconf 84' lang='lat' dir='ltr'><strong>se</strong></span> 
     </span>
    </p>
   </div>
   <div class='ocr_carea' id='block_1_61' title="bbox 601 5025 2176 5092">
    <p class='ocr_par' dir='ltr' id='par_1_61' title="bbox 601 5025 2176 5092">
     <span class='ocr_line' id='line_1_61' title="bbox 601 5025 2176 5092; baseline -0.002 -10"><span class='ocrx_word' id='word_1_438' title='bbox 601 5027 911 5082; x_wconf 81' lang='lat' dir='ltr'><strong>desererent</strong></span> <span class='ocrx_word' id='word_1_439' title='bbox 937 5042 952 5092; x_wconf 89' lang='lat'><strong>;</strong></span> <span class='ocrx_word' id='word_1_440' title='bbox 986 5025 1078 5079; x_wconf 87' lang='lat' dir='ltr'><strong>sed</strong></span> <span class='ocrx_word' id='word_1_441' title='bbox 1103 5025 1329 5079; x_wconf 74' lang='lat' dir='ltr'><strong>furorem</strong></span> <span class='ocrx_word' id='word_1_442' title='bbox 1360 5035 1530 5078; x_wconf 85' lang='lat' dir='ltr'><strong>tamen</strong></span> <span class='ocrx_word' id='word_1_443' title='bbox 1560 5026 1796 5081; x_wconf 80' lang='lat' dir='ltr'><strong>indicant</strong></span> <span class='ocrx_word' id='word_1_444' title='bbox 1825 5036 1878 5081; x_wconf 85' lang='lat' dir='ltr'><strong>et</strong></span> <span class='ocrx_word' id='word_1_445' title='bbox 1916 5035 2071 5080; x_wconf 88' lang='lat' dir='ltr'><strong>caute</strong></span> <span class='ocrx_word' id='word_1_446' title='bbox 2101 5026 2176 5079; x_wconf 83' lang='lat' dir='ltr'><strong>l0-</strong></span> 
     </span>
    </p>
   </div>
   <div class='ocr_carea' id='block_1_62' title="bbox 599 5118 2173 5190">
    <p class='ocr_par' dir='ltr' id='par_1_62' title="bbox 599 5118 2173 5190">
     <span class='ocr_line' id='line_1_62' title="bbox 599 5118 2173 5190; baseline 0.001 -18"><span class='ocrx_word' id='word_1_447' title='bbox 599 5118 1012 5190; x_wconf 76' lang='lat' dir='ltr'><strong>quimtur.-Cuin</strong></span> <span class='ocrx_word' id='word_1_448' title='bbox 1042 5119 1366 5187; x_wconf 88' lang='lat' dir='ltr'><strong>nporiuissct</strong></span> <span class='ocrx_word' id='word_1_449' title='bbox 1391 5120 1719 5188; x_wconf 81' lang='lat' dir='ltr'><strong>interrogare</strong></span> <span class='ocrx_word' id='word_1_450' title='bbox 1763 5120 1887 5189; x_wconf 88' lang='lat' dir='ltr'><strong>quid</strong></span> <span class='ocrx_word' id='word_1_451' title='bbox 1928 5119 2173 5182; x_wconf 73' lang='lat' dir='ltr'><strong>dixisset,</strong></span> 
     </span>
    </p>
   </div>
   <div class='ocr_carea' id='block_1_63' title="bbox 599 5209 2177 5281">
    <p class='ocr_par' dir='ltr' id='par_1_63' title="bbox 599 5209 2177 5281">
     <span class='ocr_line' id='line_1_63' title="bbox 599 5209 2177 5281; baseline -0.001 -15"><span class='ocrx_word' id='word_1_452' title='bbox 599 5223 655 5266; x_wconf 86' lang='lat' dir='ltr'><strong>et</strong></span> <span class='ocrx_word' id='word_1_453' title='bbox 676 5211 959 5281; x_wconf 80' lang='lat' dir='ltr'><strong>dicta-ejus</strong></span> <span class='ocrx_word' id='word_1_454' title='bbox 975 5210 1228 5265; x_wconf 84' lang='lat' dir='ltr'><strong>admirari</strong></span> <span class='ocrx_word' id='word_1_455' title='bbox 1257 5251 1272 5274; x_wconf 95' lang='lat'><strong>,</strong></span> <span class='ocrx_word' id='word_1_456' title='bbox 1304 5209 1353 5263; x_wconf 91' lang='lat' dir='ltr'><strong>id</strong></span> <span class='ocrx_word' id='word_1_457' title='bbox 1385 5224 1488 5263; x_wconf 90' lang='lat' dir='ltr'><strong>non</strong></span> <span class='ocrx_word' id='word_1_458' title='bbox 1519 5209 1716 5264; x_wconf 80' lang='lat' dir='ltr'><strong>faciunt</strong></span> <span class='ocrx_word' id='word_1_459' title='bbox 1740 5251 1753 5276; x_wconf 96' lang='lat'><strong>,</strong></span> <span class='ocrx_word' id='word_1_460' title='bbox 1778 5212 1925 5281; x_wconf 73' lang='lat' dir='ltr'><strong>gnari</strong></span> <span class='ocrx_word' id='word_1_461' title='bbox 1949 5226 2007 5265; x_wconf 91' lang='lat' dir='ltr'><strong>se</strong></span> <span class='ocrx_word' id='word_1_462' title='bbox 2038 5210 2177 5264; x_wconf 84' lang='lat' dir='ltr'><strong>haud</strong></span> 
     </span>
    </p>
   </div>
   <div class='ocr_carea' id='block_1_64' title="bbox 601 5301 2180 5372">
    <p class='ocr_par' dir='ltr' id='par_1_64' title="bbox 601 5301 2180 5372">
     <span class='ocr_line' id='line_1_64' title="bbox 601 5301 2180 5372; baseline 0.001 -16"><span class='ocrx_word' id='word_1_463' title='bbox 601 5303 764 5356; x_wconf 77' lang='lat' dir='ltr'><strong>dubio</strong></span> <span class='ocrx_word' id='word_1_464' title='bbox 813 5312 1023 5372; x_wconf 87' lang='lat' dir='ltr'><strong>captum</strong></span> <span class='ocrx_word' id='word_1_465' title='bbox 1070 5302 1171 5366; x_wconf 90' lang='lat' dir='ltr'><strong>iri;</strong></span> <span class='ocrx_word' id='word_1_466' title='bbox 1219 5301 1314 5356; x_wconf 86' lang='lat' dir='ltr'><strong>sed</strong></span> <span class='ocrx_word' id='word_1_467' title='bbox 1357 5301 1670 5355; x_wconf 81' lang='lat' dir='ltr'><strong>stultissimo</strong></span> <span class='ocrx_word' id='word_1_468' title='bbox 1705 5302 1821 5355; x_wconf 87' lang='lat' dir='ltr'><strong>illos</strong></span> <span class='ocrx_word' id='word_1_469' title='bbox 1867 5312 2180 5372; x_wconf 77' lang='lat' dir='ltr'><strong>argumento</strong></span> 
     </span>
    </p>
   </div>
   <div class='ocr_carea' id='block_1_65' title="bbox 603 5392 2175 5464">
    <p class='ocr_par' dir='ltr' id='par_1_65' title="bbox 603 5392 2175 5464">
     <span class='ocr_line' id='line_1_65' title="bbox 603 5392 2175 5464; baseline -0.001 -17"><span class='ocrx_word' id='word_1_470' title='bbox 603 5396 883 5462; x_wconf 84' lang='lat' dir='ltr'><strong>iinpctunt.</strong></span> <span class='ocrx_word' id='word_1_471' title='bbox 913 5392 1000 5446; x_wconf 68' lang='lat'><strong>48.</strong></span> <span class='ocrx_word' id='word_1_472' title='bbox 1034 5392 1154 5458; x_wconf 80' lang='lat' dir='ltr'><strong>Cur,</strong></span> <span class='ocrx_word' id='word_1_473' title='bbox 1185 5393 1448 5463; x_wconf 87' lang='lat' dir='ltr'><strong>inquiunt,</strong></span> <span class='ocrx_word' id='word_1_474' title='bbox 1473 5407 1618 5446; x_wconf 86' lang='lat' dir='ltr'><strong>nemo</strong></span> <span class='ocrx_word' id='word_1_475' title='bbox 1641 5409 1704 5447; x_wconf 78' lang='lat' dir='ltr'><strong>ea:</strong></span> <span class='ocrx_word' id='word_1_476' title='bbox 1729 5394 2040 5464; x_wconf 78' lang='lat' dir='ltr'><strong>principibus</strong></span> <span class='ocrx_word' id='word_1_477' title='bbox 2064 5410 2175 5446; x_wconf 83' lang='lat' dir='ltr'><strong>cre-</strong></span> 
     </span>
    </p>
   </div>
   <div class='ocr_carea' id='block_1_66' title="bbox 603 5484 2175 5554">
    <p class='ocr_par' dir='ltr' id='par_1_66' title="bbox 603 5484 2175 5554">
     <span class='ocr_line' id='line_1_66' title="bbox 603 5484 2175 5554; baseline 0.002 -15"><span class='ocrx_word' id='word_1_478' title='bbox 603 5486 734 5540; x_wconf 83' lang='lat' dir='ltr'><strong>didit</strong></span> <span class='ocrx_word' id='word_1_479' title='bbox 767 5488 818 5538; x_wconf 89' lang='lat' dir='ltr'><strong>in</strong></span> <span class='ocrx_word' id='word_1_480' title='bbox 843 5486 996 5538; x_wconf 78' lang='lat' dir='ltr'><strong>eum?</strong></span> <span class='ocrx_word' id='word_1_481' title='bbox 1019 5484 1182 5548; x_wconf 86' lang='lat' dir='ltr'><strong>Itane,</strong></span> <span class='ocrx_word' id='word_1_482' title='bbox 1202 5500 1400 5554; x_wconf 69' lang='lat' dir='ltr'><strong>quzeso,</strong></span> <span class='ocrx_word' id='word_1_483' title='bbox 1427 5485 1695 5540; x_wconf 80' lang='lat' dir='ltr'><strong>Christum</strong></span> <span class='ocrx_word' id='word_1_484' title='bbox 1721 5500 1960 5550; x_wconf 85' lang='lat' dir='ltr'><strong>accusas,</strong></span> <span class='ocrx_word' id='word_1_485' title='bbox 1991 5495 2043 5541; x_wconf 92' lang='lat' dir='ltr'><strong>et</strong></span> <span class='ocrx_word' id='word_1_486' title='bbox 2072 5503 2175 5542; x_wconf 88' lang='lat' dir='ltr'><strong>non</strong></span> 
     </span>
    </p>
   </div>
   <div class='ocr_carea' id='block_1_67' title="bbox 603 5575 2176 5648">
    <p class='ocr_par' dir='ltr' id='par_1_67' title="bbox 603 5575 2176 5648">
     <span class='ocr_line' id='line_1_67' title="bbox 603 5575 2176 5648; baseline 0.001 -19"><span class='ocrx_word' id='word_1_487' title='bbox 603 5577 945 5631; x_wconf 84' lang='lat' dir='ltr'><strong>incredulos?</strong></span> <span class='ocrx_word' id='word_1_488' title='bbox 971 5575 1058 5632; x_wconf 69' lang='grc'><strong>40.</strong></span> <span class='ocrx_word' id='word_1_489' title='bbox 1095 5575 1201 5631; x_wconf 86' lang='lat' dir='ltr'><strong>Sed</strong></span> <span class='ocrx_word' id='word_1_490' title='bbox 1225 5575 1390 5640; x_wconf 87' lang='lat' dir='ltr'><strong>turba,</strong></span> <span class='ocrx_word' id='word_1_491' title='bbox 1415 5593 1526 5645; x_wconf 73' lang='lat' dir='ltr'><strong>quw</strong></span> <span class='ocrx_word' id='word_1_492' title='bbox 1550 5593 1652 5630; x_wconf 89' lang='lat' dir='ltr'><strong>non</strong></span> <span class='ocrx_word' id='word_1_493' title='bbox 1683 5578 1820 5630; x_wconf 83' lang='lat' dir='ltr'><strong>norit</strong></span> <span class='ocrx_word' id='word_1_494' title='bbox 1843 5577 1999 5648; x_wconf 79' lang='lat' dir='ltr'><strong>legem</strong></span> <span class='ocrx_word' id='word_1_495' title='bbox 2025 5617 2039 5642; x_wconf 87' lang='lat'><strong>,</strong></span> <span class='ocrx_word' id='word_1_496' title='bbox 2065 5594 2176 5630; x_wconf 87' lang='lat' dir='ltr'><strong>ma-</strong></span> 
     </span>
    </p>
   </div>
   <div class='ocr_carea' id='block_1_68' title="bbox 612 5671 2173 5742">
    <p class='ocr_par' dir='ltr' id='par_1_68' title="bbox 612 5671 2173 5742">
     <span class='ocr_line' id='line_1_68' title="bbox 612 5671 2173 5742; baseline 0.005 -20"><span class='ocrx_word' id='word_1_497' title='bbox 612 5671 779 5725; x_wconf 83' lang='lat' dir='ltr'><strong>ledicti</strong></span> <span class='ocrx_word' id='word_1_498' title='bbox 809 5681 943 5724; x_wconf 85' lang='lat' dir='ltr'><strong>sunt.</strong></span> <span class='ocrx_word' id='word_1_499' title='bbox 995 5671 1129 5726; x_wconf 90' lang='lat' dir='ltr'><strong>llinc</strong></span> <span class='ocrx_word' id='word_1_500' title='bbox 1156 5671 1323 5740; x_wconf 79' lang='lat' dir='ltr'><strong>magis</strong></span> <span class='ocrx_word' id='word_1_501' title='bbox 1357 5672 1638 5726; x_wconf 85' lang='lat' dir='ltr'><strong>accusandi</strong></span> <span class='ocrx_word' id='word_1_502' title='bbox 1676 5676 1821 5737; x_wconf 66' lang='lat' dir='ltr'><strong>estis,</strong></span> <span class='ocrx_word' id='word_1_503' title='bbox 1849 5674 1991 5742; x_wconf 88' lang='lat' dir='ltr'><strong>quod</strong></span> <span class='ocrx_word' id='word_1_504' title='bbox 2023 5675 2173 5730; x_wconf 78' lang='lat' dir='ltr'><strong>turba</strong></span> 
     </span>
    </p>
   </div>
   <div class='ocr_carea' id='block_1_69' title="bbox 596 5761 2173 5835">
    <p class='ocr_par' dir='ltr' id='par_1_69' title="bbox 596 5761 2173 5835">
     <span class='ocr_line' id='line_1_69' title="bbox 596 5761 2173 5835; baseline 0.006 -20"><span class='ocrx_word' id='word_1_505' title='bbox 596 5763 849 5818; x_wconf 80' lang='lat' dir='ltr'><strong>credente</strong></span> <span class='ocrx_word' id='word_1_506' title='bbox 903 5779 994 5818; x_wconf 89' lang='lat' dir='ltr'><strong>vos</strong></span> <span class='ocrx_word' id='word_1_507' title='bbox 1046 5761 1300 5818; x_wconf 86' lang='lat' dir='ltr'><strong>increduli</strong></span> <span class='ocrx_word' id='word_1_508' title='bbox 1348 5765 1662 5817; x_wconf 82' lang='lat' dir='ltr'><strong>ui‘aiiscritis.</strong></span> <span class='ocrx_word' id='word_1_509' title='bbox 1714 5765 2002 5835; x_wconf 79' lang='lat' dir='ltr'><strong>Populares</strong></span> <span class='ocrx_word' id='word_1_510' title='bbox 2032 5769 2173 5824; x_wconf 88' lang='lat' dir='ltr'><strong>enim</strong></span> 
     </span>
    </p>
   </div>
   <div class='ocr_carea' id='block_1_70' title="bbox 607 5851 2171 5930">
    <p class='ocr_par' dir='ltr' id='par_1_70' title="bbox 607 5851 2171 5930">
     <span class='ocr_line' id='line_1_70' title="bbox 607 5851 2171 5930; baseline 0.009 -26"><span class='ocrx_word' id='word_1_511' title='bbox 607 5862 658 5905; x_wconf 88' lang='lat' dir='ltr'><strong>ut</strong></span> <span class='ocrx_word' id='word_1_512' title='bbox 689 5852 855 5923; x_wconf 75' lang='lat' dir='ltr'><strong>legem</strong></span> <span class='ocrx_word' id='word_1_513' title='bbox 879 5868 1258 5920; x_wconf 68' lang='lat' dir='ltr'><strong>cognoscentes</strong></span> <span class='ocrx_word' id='word_1_514' title='bbox 1300 5851 1524 5923; x_wconf 73' lang='lat' dir='ltr'><strong>agebant</strong></span> <span class='ocrx_word' id='word_1_515' title='bbox 1557 5873 1567 5907; x_wconf 88' lang='lat'><strong>:</strong></span> <span class='ocrx_word' id='word_1_516' title='bbox 1601 5860 1864 5925; x_wconf 82' lang='lat' dir='ltr'><strong>quomodo</strong></span> <span class='ocrx_word' id='word_1_517' title='bbox 1905 5878 2031 5930; x_wconf 80' lang='lat' dir='ltr'><strong>ergo</strong></span> <span class='ocrx_word' id='word_1_518' title='bbox 2064 5879 2171 5918; x_wconf 79' lang='lat' dir='ltr'><strong>:na-</strong></span> 
     </span>
    </p>
   </div>
   <div class='ocr_carea' id='block_1_71' title="bbox 2278 1423 3862 1520">
    <p class='ocr_par' dir='ltr' id='par_1_71' title="bbox 2278 1423 3862 1520">
     <span class='ocr_line' id='line_1_71' title="bbox 2278 1423 3862 1520; baseline 0.008 -24"><span class='ocrx_word' id='word_1_519' title='bbox 2278 1423 2460 1499; x_wconf 73' lang='lat' dir='ltr'><strong>lcdicti</strong></span> <span class='ocrx_word' id='word_1_520' title='bbox 2491 1446 2654 1500; x_wconf 77' lang='lat' dir='ltr'><strong>sunt?</strong></span> <span class='ocrx_word' id='word_1_521' title='bbox 2684 1445 2792 1502; x_wconf 84' lang='lat' dir='ltr'><strong>Vos</strong></span> <span class='ocrx_word' id='word_1_522' title='bbox 2817 1447 2905 1517; x_wconf 90' lang='lat' dir='ltr'><strong>qui</strong></span> <span class='ocrx_word' id='word_1_523' title='bbox 2936 1449 3104 1520; x_wconf 85' lang='lat' dir='ltr'><strong>legem</strong></span> <span class='ocrx_word' id='word_1_524' title='bbox 3154 1465 3258 1505; x_wconf 90' lang='lat' dir='ltr'><strong>non</strong></span> <span class='ocrx_word' id='word_1_525' title='bbox 3290 1453 3516 1507; x_wconf 86' lang='lat' dir='ltr'><strong>servatis</strong></span> <span class='ocrx_word' id='word_1_526' title='bbox 3543 1495 3557 1518; x_wconf 94' lang='lat'><strong>,</strong></span> <span class='ocrx_word' id='word_1_527' title='bbox 3588 1455 3862 1508; x_wconf 77' lang='lat' dir='ltr'><strong>maledicti</strong></span> 
     </span>
    </p>
   </div>
   <div class='ocr_carea' id='block_1_72' title="bbox 2272 1534 3864 1613">
    <p class='ocr_par' dir='ltr' id='par_1_72' title="bbox 2272 1534 3864 1613">
     <span class='ocr_line' id='line_1_72' title="bbox 2272 1534 3864 1613; baseline 0.008 -27"><span class='ocrx_word' id='word_1_528' title='bbox 2272 1534 2440 1599; x_wconf 75' lang='lat' dir='ltr'><strong>estis;</strong></span> <span class='ocrx_word' id='word_1_529' title='bbox 2475 1552 2580 1588; x_wconf 92' lang='lat' dir='ltr'><strong>non</strong></span> <span class='ocrx_word' id='word_1_530' title='bbox 2617 1536 2687 1589; x_wconf 89' lang='lat' dir='ltr'><strong>illi</strong></span> <span class='ocrx_word' id='word_1_531' title='bbox 2716 1539 2804 1606; x_wconf 88' lang='lat' dir='ltr'><strong>qui</strong></span> <span class='ocrx_word' id='word_1_532' title='bbox 2839 1538 2935 1607; x_wconf 87' lang='lat' dir='ltr'><strong>legi</strong></span> <span class='ocrx_word' id='word_1_533' title='bbox 2984 1540 3370 1610; x_wconf 87' lang='lat' dir='ltr'><strong>obsequuntur.</strong></span> <span class='ocrx_word' id='word_1_534' title='bbox 3421 1541 3536 1597; x_wconf 82' lang='lat' dir='ltr'><strong>Non</strong></span> <span class='ocrx_word' id='word_1_535' title='bbox 3576 1545 3864 1613; x_wconf 76' lang='lat' dir='ltr'><strong>Oportebat</strong></span> 
     </span>
    </p>
   </div>
   <div class='ocr_carea' id='block_1_73' title="bbox 2269 1624 3861 1698">
    <p class='ocr_par' dir='ltr' id='par_1_73' title="bbox 2269 1624 3861 1698">
     <span class='ocr_line' id='line_1_73' title="bbox 2269 1624 3861 1698; baseline 0.009 -22"><span class='ocrx_word' id='word_1_536' title='bbox 2269 1624 2412 1678; x_wconf 84' lang='lat' dir='ltr'><strong>enim</strong></span> <span class='ocrx_word' id='word_1_537' title='bbox 2439 1640 2465 1677; x_wconf 94' lang='lat' dir='ltr'><strong>a</strong></span> <span class='ocrx_word' id='word_1_538' title='bbox 2494 1641 2598 1679; x_wconf 90' lang='lat' dir='ltr'><strong>non</strong></span> <span class='ocrx_word' id='word_1_539' title='bbox 2633 1626 2974 1684; x_wconf 85' lang='lat' dir='ltr'><strong>credentibus</strong></span> <span class='ocrx_word' id='word_1_540' title='bbox 3000 1631 3273 1686; x_wconf 87' lang='lat' dir='ltr'><strong>criminari</strong></span> <span class='ocrx_word' id='word_1_541' title='bbox 3302 1647 3422 1698; x_wconf 81' lang='lat' dir='ltr'><strong>eum</strong></span> <span class='ocrx_word' id='word_1_542' title='bbox 3447 1674 3460 1695; x_wconf 92' lang='lat'><strong>,</strong></span> <span class='ocrx_word' id='word_1_543' title='bbox 3490 1635 3575 1689; x_wconf 82' lang='lat' dir='ltr'><strong>eri</strong></span> <span class='ocrx_word' id='word_1_544' title='bbox 3604 1651 3707 1688; x_wconf 89' lang='lat' dir='ltr'><strong>non</strong></span> <span class='ocrx_word' id='word_1_545' title='bbox 3735 1650 3861 1690; x_wconf 84' lang='lat' dir='ltr'><strong>cre-</strong></span> 
     </span>
    </p>
   </div>
   <div class='ocr_carea' id='block_1_74' title="bbox 2270 1715 3863 1790">
    <p class='ocr_par' dir='ltr' id='par_1_74' title="bbox 2270 1715 3863 1790">
     <span class='ocr_line' id='line_1_74' title="bbox 2270 1715 3863 1790; baseline 0.006 -20"><span class='ocrx_word' id='word_1_546' title='bbox 2270 1715 2483 1772; x_wconf 88' lang='lat' dir='ltr'><strong>debant.</strong></span> <span class='ocrx_word' id='word_1_547' title='bbox 2583 1719 2697 1774; x_wconf 85' lang='lat' dir='ltr'><strong>Non</strong></span> <span class='ocrx_word' id='word_1_548' title='bbox 2716 1720 3024 1790; x_wconf 87' lang='lat' dir='ltr'><strong>probandus</strong></span> <span class='ocrx_word' id='word_1_549' title='bbox 3055 1723 3140 1776; x_wconf 88' lang='lat' dir='ltr'><strong>hic</strong></span> <span class='ocrx_word' id='word_1_550' title='bbox 3170 1724 3362 1779; x_wconf 89' lang='lat' dir='ltr'><strong>modus</strong></span> <span class='ocrx_word' id='word_1_551' title='bbox 3391 1733 3499 1781; x_wconf 88' lang='lat' dir='ltr'><strong>est.</strong></span> <span class='ocrx_word' id='word_1_552' title='bbox 3524 1725 3581 1780; x_wconf 80' lang='lat' dir='ltr'><strong>N;</strong></span> <span class='ocrx_word' id='word_1_553' title='bbox 3626 1744 3654 1780; x_wconf 74' lang='grc' dir='ltr'><strong>τι</strong></span> <span class='ocrx_word' id='word_1_554' title='bbox 3684 1738 3738 1780; x_wconf 81' lang='lat' dir='ltr'><strong>et</strong></span> <span class='ocrx_word' id='word_1_555' title='bbox 3770 1743 3863 1780; x_wconf 84' lang='lat' dir='ltr'><strong>ms</strong></span> 
     </span>
    </p>
   </div>
   <div class='ocr_carea' id='block_1_75' title="bbox 2275 1812 3863 1882">
    <p class='ocr_par' dir='ltr' id='par_1_75' title="bbox 2275 1812 3863 1882">
     <span class='ocr_line' id='line_1_75' title="bbox 2275 1812 3863 1882; baseline 0.006 -19"><span class='ocrx_word' id='word_1_556' title='bbox 2275 1825 2378 1865; x_wconf 86' lang='lat' dir='ltr'><strong>non</strong></span> <span class='ocrx_word' id='word_1_557' title='bbox 2404 1812 2706 1867; x_wconf 68' lang='lat' dir='ltr'><strong>credidistis</strong></span> <span class='ocrx_word' id='word_1_558' title='bbox 2739 1816 2863 1872; x_wconf 82' lang='lat' dir='ltr'><strong>Deo.</strong></span> <span class='ocrx_word' id='word_1_559' title='bbox 2891 1825 2947 1867; x_wconf 93' lang='lat' dir='ltr'><strong>ut</strong></span> <span class='ocrx_word' id='word_1_560' title='bbox 2980 1815 3172 1870; x_wconf 83' lang='lat' dir='ltr'><strong>Paulus</strong></span> <span class='ocrx_word' id='word_1_561' title='bbox 3195 1818 3267 1870; x_wconf 90' lang='lat' dir='ltr'><strong>ait</strong></span> <span class='ocrx_word' id='word_1_562' title='bbox 3302 1835 3315 1870; x_wconf 90' lang='lat'><strong>:</strong></span> <span class='ocrx_word' id='word_1_563' title='bbox 3354 1817 3489 1882; x_wconf 77' lang='lat' dir='ltr'><strong>Quid</strong></span> <span class='ocrx_word' id='word_1_564' title='bbox 3529 1821 3661 1872; x_wconf 84' lang='lat' dir='ltr'><strong>enim</strong></span> <span class='ocrx_word' id='word_1_565' title='bbox 3687 1821 3731 1872; x_wconf 85' lang='lat' dir='ltr'><strong>si</strong></span> <span class='ocrx_word' id='word_1_566' title='bbox 3762 1837 3863 1872; x_wconf 87' lang='lat' dir='ltr'><strong>non</strong></span> 
     </span>
    </p>
   </div>
   <div class='ocr_carea' id='block_1_76' title="bbox 2271 1903 3866 1975">
    <p class='ocr_par' dir='ltr' id='par_1_76' title="bbox 2271 1903 3866 1975">
     <span class='ocr_line' id='line_1_76' title="bbox 2271 1903 3866 1975; baseline 0.003 -16"><span class='ocrx_word' id='word_1_567' title='bbox 2271 1905 2592 1959; x_wconf 86' lang='lat' dir='ltr'><strong>crediderunt</strong></span> <span class='ocrx_word' id='word_1_568' title='bbox 2627 1905 2878 1974; x_wconf 80' lang='lat' dir='ltr'><strong>quidam?</strong></span> <span class='ocrx_word' id='word_1_569' title='bbox 2929 1903 3192 1975; x_wconf 74' lang='lat' dir='ltr'><strong>Numquid</strong></span> <span class='ocrx_word' id='word_1_570' title='bbox 3225 1908 3554 1962; x_wconf 70' lang='lat' dir='ltr'><strong>incredulitas</strong></span> <span class='ocrx_word' id='word_1_571' title='bbox 3581 1926 3755 1963; x_wconf 86' lang='lat' dir='ltr'><strong>eorum</strong></span> <span class='ocrx_word' id='word_1_572' title='bbox 3803 1912 3866 1975; x_wconf 77' lang='lat' dir='ltr'><strong>ﬁ-</strong></span> 
     </span>
    </p>
   </div>
   <div class='ocr_carea' id='block_1_77' title="bbox 2272 1996 3867 2072">
    <p class='ocr_par' dir='ltr' id='par_1_77' title="bbox 2272 1996 3867 2072">
     <span class='ocr_line' id='line_1_77' title="bbox 2272 1996 3867 2072; baseline 0.003 -21"><span class='ocrx_word' id='word_1_573' title='bbox 2272 1998 2384 2051; x_wconf 84' lang='lat' dir='ltr'><strong>dem</strong></span> <span class='ocrx_word' id='word_1_574' title='bbox 2407 1996 2502 2050; x_wconf 80' lang='lat' dir='ltr'><strong>Dei</strong></span> <span class='ocrx_word' id='word_1_575' title='bbox 2523 1997 2777 2051; x_wconf 85' lang='lat' dir='ltr'><strong>cracuubit</strong></span> <span class='ocrx_word' id='word_1_576' title='bbox 2798 1998 2823 2050; x_wconf 74' lang='grc' dir='ltr'><em>Ρ</em></span> <span class='ocrx_word' id='word_1_577' title='bbox 2854 1998 2992 2052; x_wconf 70' lang='lat' dir='ltr'><strong>Absit</strong></span> <span class='ocrx_word' id='word_1_578' title='bbox 3024 1999 3212 2068; x_wconf 82' lang='lat' dir='ltr'><strong>(Rom.</strong></span> <span class='ocrx_word' id='word_1_579' title='bbox 3241 2001 3293 2055; x_wconf 79' lang='lat'><strong>5.</strong></span> <span class='ocrx_word' id='word_1_580' title='bbox 3321 2001 3398 2070; x_wconf 80' lang='lat'><strong>3).</strong></span> <span class='ocrx_word' id='word_1_581' title='bbox 3430 2001 3558 2055; x_wconf 83' lang='lat' dir='ltr'><strong>Nam</strong></span> <span class='ocrx_word' id='word_1_582' title='bbox 3589 2003 3867 2072; x_wconf 60' lang='lat' dir='ltr'><strong>protuli-1a!</strong></span> 
     </span>
    </p>
   </div>
   <div class='ocr_carea' id='block_1_78' title="bbox 2274 2089 3867 2158">
    <p class='ocr_par' dir='ltr' id='par_1_78' title="bbox 2274 2089 3867 2158">
     <span class='ocr_line' id='line_1_78' title="bbox 2274 2089 3867 2158; baseline 0.002 -16"><span class='ocrx_word' id='word_1_583' title='bbox 2274 2104 2485 2156; x_wconf 87' lang='lat' dir='ltr'><strong>quoque</strong></span> <span class='ocrx_word' id='word_1_584' title='bbox 2536 2089 2679 2157; x_wconf 88' lang='lat' dir='ltr'><strong>ipsos</strong></span> <span class='ocrx_word' id='word_1_585' title='bbox 2725 2102 2939 2158; x_wconf 90' lang='lat' dir='ltr'><strong>semper</strong></span> <span class='ocrx_word' id='word_1_586' title='bbox 2995 2091 3316 2146; x_wconf 85' lang='lat' dir='ltr'><strong>accusabant</strong></span> <span class='ocrx_word' id='word_1_587' title='bbox 3367 2090 3630 2158; x_wconf 88' lang='lat' dir='ltr'><strong>dicentes,</strong></span> <span class='ocrx_word' id='word_1_588' title='bbox 3677 2095 3867 2148; x_wconf 75' lang='lat' dir='ltr'><strong>Audite</strong></span> 
     </span>
    </p>
   </div>
   <div class='ocr_carea' id='block_1_79' title="bbox 2274 2179 3866 2257">
    <p class='ocr_par' dir='ltr' id='par_1_79' title="bbox 2274 2179 3866 2257">
     <span class='ocr_line' id='line_1_79' title="bbox 2274 2179 3866 2257; baseline 0.004 -25"><span class='ocrx_word' id='word_1_589' title='bbox 2274 2181 2530 2247; x_wconf 80' lang='lat' dir='ltr'><strong>principes</strong></span> <span class='ocrx_word' id='word_1_590' title='bbox 2558 2180 2936 2245; x_wconf 84' lang='lat' dir='ltr'><strong>Sodomorum;</strong></span> <span class='ocrx_word' id='word_1_591' title='bbox 2957 2191 3030 2245; x_wconf 90' lang='lat' dir='ltr'><strong>et,</strong></span> <span class='ocrx_word' id='word_1_592' title='bbox 3070 2179 3334 2252; x_wconf 82' lang='lat' dir='ltr'><strong>Principes</strong></span> <span class='ocrx_word' id='word_1_593' title='bbox 3365 2186 3437 2237; x_wconf 87' lang='lat' dir='ltr'><strong>tui</strong></span> <span class='ocrx_word' id='word_1_594' title='bbox 3463 2201 3564 2238; x_wconf 87' lang='lat' dir='ltr'><strong>non</strong></span> <span class='ocrx_word' id='word_1_595' title='bbox 3605 2184 3866 2257; x_wconf 80' lang='lat' dir='ltr'><strong>obtempe-</strong></span> 
     </span>
    </p>
   </div>
   <div class='ocr_carea' id='block_1_80' title="bbox 2272 2271 3866 2344">
    <p class='ocr_par' dir='ltr' id='par_1_80' title="bbox 2272 2271 3866 2344">
     <span class='ocr_line' id='line_1_80' title="bbox 2272 2271 3866 2344; baseline 0.004 -20"><span class='ocrx_word' id='word_1_596' title='bbox 2272 2281 2389 2324; x_wconf 88' lang='lat' dir='ltr'><strong>rant</strong></span> <span class='ocrx_word' id='word_1_597' title='bbox 2428 2272 2445 2340; x_wconf 86' lang='lat'>(</span> <span class='ocrx_word' id='word_1_598' title='bbox 2471 2271 2594 2326; x_wconf 85' lang='lat' dir='ltr'><strong>lsai.</strong></span> <span class='ocrx_word' id='word_1_599' title='bbox 2630 2273 2676 2326; x_wconf 79' lang='lat' dir='ltr'><strong>l.</strong></span> <span class='ocrx_word' id='word_1_600' title='bbox 2716 2271 2802 2326; x_wconf 77' lang='grc'><strong>10.</strong></span> <span class='ocrx_word' id='word_1_601' title='bbox 2835 2281 2881 2327; x_wconf 88' lang='lat' dir='ltr'><strong>et</strong></span> <span class='ocrx_word' id='word_1_602' title='bbox 2910 2272 2981 2330; x_wconf 74' lang='lat'><strong>25</strong></span> <span class='ocrx_word' id='word_1_603' title='bbox 3001 2275 3055 2344; x_wconf 88' lang='lat'><strong>);</strong></span> <span class='ocrx_word' id='word_1_604' title='bbox 3085 2289 3150 2328; x_wconf 91' lang='lat' dir='ltr'><strong>ac</strong></span> <span class='ocrx_word' id='word_1_605' title='bbox 3175 2291 3405 2340; x_wconf 89' lang='lat' dir='ltr'><strong>rursum,</strong></span> <span class='ocrx_word' id='word_1_606' title='bbox 3438 2275 3619 2330; x_wconf 84' lang='lat' dir='ltr'><strong>Annon</strong></span> <span class='ocrx_word' id='word_1_607' title='bbox 3643 2286 3866 2331; x_wconf 77' lang='lat' dir='ltr'><strong>uestrum</strong></span> 
     </span>
    </p>
   </div>
   <div class='ocr_carea' id='block_1_81' title="bbox 2272 2363 3862 2438">
    <p class='ocr_par' dir='ltr' id='par_1_81' title="bbox 2272 2363 3862 2438">
     <span class='ocr_line' id='line_1_81' title="bbox 2272 2363 3862 2438; baseline 0.004 -22"><span class='ocrx_word' id='word_1_608' title='bbox 2272 2372 2341 2416; x_wconf 87' lang='lat' dir='ltr'><strong>est</strong></span> <span class='ocrx_word' id='word_1_609' title='bbox 2363 2380 2506 2417; x_wconf 81' lang='lat' dir='ltr'><strong>.iosse</strong></span> <span class='ocrx_word' id='word_1_610' title='bbox 2523 2364 2774 2434; x_wconf 82' lang='lat' dir='ltr'><strong>judicium</strong></span> <span class='ocrx_word' id='word_1_611' title='bbox 2797 2363 2816 2435; x_wconf 93' lang='lat'><strong>(</strong></span> <span class='ocrx_word' id='word_1_612' title='bbox 2842 2365 3002 2419; x_wconf 79' lang='lat' dir='ltr'><strong>Mich.</strong></span> <span class='ocrx_word' id='word_1_613' title='bbox 3025 2365 3078 2420; x_wconf 81' lang='lat'><strong>3.</strong></span> <span class='ocrx_word' id='word_1_614' title='bbox 3115 2367 3136 2420; x_wconf 83' lang='lat' dir='ltr'><strong>l</strong></span> <span class='ocrx_word' id='word_1_615' title='bbox 3166 2363 3219 2432; x_wconf 70' lang='lat'><strong>)1</strong></span> <span class='ocrx_word' id='word_1_616' title='bbox 3255 2367 3318 2421; x_wconf 80' lang='lat' dir='ltr'><strong>Et</strong></span> <span class='ocrx_word' id='word_1_617' title='bbox 3341 2368 3536 2438; x_wconf 86' lang='lat' dir='ltr'><strong>ubique</strong></span> <span class='ocrx_word' id='word_1_618' title='bbox 3569 2368 3862 2424; x_wconf 86' lang='lat' dir='ltr'><strong>vehemen-</strong></span> 
     </span>
    </p>
   </div>
   <div class='ocr_carea' id='block_1_82' title="bbox 2275 2454 3869 2533">
    <p class='ocr_par' dir='ltr' id='par_1_82' title="bbox 2275 2454 3869 2533">
     <span class='ocr_line' id='line_1_82' title="bbox 2275 2454 3869 2533; baseline 0.008 -25"><span class='ocrx_word' id='word_1_619' title='bbox 2275 2455 2377 2509; x_wconf 89' lang='lat' dir='ltr'><strong>tius</strong></span> <span class='ocrx_word' id='word_1_620' title='bbox 2435 2454 2554 2511; x_wconf 89' lang='lat' dir='ltr'><strong>illos</strong></span> <span class='ocrx_word' id='word_1_621' title='bbox 2594 2457 2882 2512; x_wconf 90' lang='lat' dir='ltr'><strong>incessunt.</strong></span> <span class='ocrx_word' id='word_1_622' title='bbox 2922 2457 3057 2525; x_wconf 87' lang='lat' dir='ltr'><strong>Quid</strong></span> <span class='ocrx_word' id='word_1_623' title='bbox 3109 2459 3308 2528; x_wconf 84' lang='lat' dir='ltr'><strong>igitur?</strong></span> <span class='ocrx_word' id='word_1_624' title='bbox 3363 2460 3602 2521; x_wconf 87' lang='lat' dir='ltr'><strong>Deumue</strong></span> <span class='ocrx_word' id='word_1_625' title='bbox 3652 2473 3869 2533; x_wconf 82' lang='lat' dir='ltr'><strong>propte-</strong></span> 
     </span>
    </p>
   </div>
   <div class='ocr_carea' id='block_1_83' title="bbox 2276 2547 3869 2620">
    <p class='ocr_par' dir='ltr' id='par_1_83' title="bbox 2276 2547 3869 2620">
     <span class='ocr_line' id='line_1_83' title="bbox 2276 2547 3869 2620; baseline 0.005 -21"><span class='ocrx_word' id='word_1_626' title='bbox 2276 2561 2362 2600; x_wconf 92' lang='lat' dir='ltr'><strong>rea</strong></span> <span class='ocrx_word' id='word_1_627' title='bbox 2420 2547 2681 2616; x_wconf 80' lang='lat' dir='ltr'><strong>quispiam</strong></span> <span class='ocrx_word' id='word_1_628' title='bbox 2721 2547 3038 2603; x_wconf 85' lang='lat' dir='ltr'><strong>aecusabit?</strong></span> <span class='ocrx_word' id='word_1_629' title='bbox 3076 2553 3290 2620; x_wconf 79' lang='lat' dir='ltr'><strong>Apage;</strong></span> <span class='ocrx_word' id='word_1_630' title='bbox 3353 2551 3564 2606; x_wconf 89' lang='lat' dir='ltr'><strong>illorum</strong></span> <span class='ocrx_word' id='word_1_631' title='bbox 3604 2553 3704 2607; x_wconf 90' lang='lat' dir='ltr'><strong>hoc</strong></span> <span class='ocrx_word' id='word_1_632' title='bbox 3759 2555 3869 2607; x_wconf 84' lang='lat' dir='ltr'><strong>cri-</strong></span> 
     </span>
    </p>
   </div>
   <div class='ocr_carea' id='block_1_84' title="bbox 2277 2641 3871 2716">
    <p class='ocr_par' dir='ltr' id='par_1_84' title="bbox 2277 2641 3871 2716">
     <span class='ocr_line' id='line_1_84' title="bbox 2277 2641 3871 2716; baseline 0.004 -24"><span class='ocrx_word' id='word_1_633' title='bbox 2277 2654 2396 2693; x_wconf 90' lang='lat' dir='ltr'><strong>men</strong></span> <span class='ocrx_word' id='word_1_634' title='bbox 2425 2649 2524 2694; x_wconf 92' lang='lat' dir='ltr'><strong>est.</strong></span> <span class='ocrx_word' id='word_1_635' title='bbox 2571 2641 2812 2705; x_wconf 82' lang='lat' dir='ltr'><strong>Quonam</strong></span> <span class='ocrx_word' id='word_1_636' title='bbox 2857 2650 3035 2696; x_wconf 90' lang='lat' dir='ltr'><strong>autem</strong></span> <span class='ocrx_word' id='word_1_637' title='bbox 3079 2641 3182 2696; x_wconf 90' lang='lat' dir='ltr'><strong>alio</strong></span> <span class='ocrx_word' id='word_1_638' title='bbox 3210 2643 3362 2711; x_wconf 82' lang='lat' dir='ltr'><strong>signo</strong></span> <span class='ocrx_word' id='word_1_639' title='bbox 3405 2644 3521 2713; x_wconf 91' lang='lat' dir='ltr'><strong>quis</strong></span> <span class='ocrx_word' id='word_1_640' title='bbox 3560 2645 3871 2716; x_wconf 85' lang='lat' dir='ltr'><strong>deprehen-</strong></span> 
     </span>
    </p>
   </div>
   <div class='ocr_carea' id='block_1_85' title="bbox 2279 2729 3872 2807">
    <p class='ocr_par' dir='ltr' id='par_1_85' title="bbox 2279 2729 3872 2807">
     <span class='ocr_line' id='line_1_85' title="bbox 2279 2729 3872 2807; baseline 0.007 -25"><span class='ocrx_word' id='word_1_641' title='bbox 2279 2729 2408 2784; x_wconf 87' lang='lat' dir='ltr'><strong>dere</strong></span> <span class='ocrx_word' id='word_1_642' title='bbox 2459 2730 2623 2798; x_wconf 85' lang='lat' dir='ltr'><strong>possit</strong></span> <span class='ocrx_word' id='word_1_643' title='bbox 2662 2747 2756 2786; x_wconf 83' lang='lat' dir='ltr'><strong>vos</strong></span> <span class='ocrx_word' id='word_1_644' title='bbox 2787 2747 2890 2786; x_wconf 91' lang='lat' dir='ltr'><strong>non</strong></span> <span class='ocrx_word' id='word_1_645' title='bbox 2939 2747 3261 2802; x_wconf 78' lang='lat' dir='ltr'><strong>cognoscere</strong></span> <span class='ocrx_word' id='word_1_646' title='bbox 3289 2734 3478 2804; x_wconf 80' lang='lat' dir='ltr'><strong>.legem</strong></span> <span class='ocrx_word' id='word_1_647' title='bbox 3503 2777 3518 2796; x_wconf 89' lang='lat'><strong>,</strong></span> <span class='ocrx_word' id='word_1_648' title='bbox 3573 2739 3714 2807; x_wconf 90' lang='lat' dir='ltr'><strong>quod</strong></span> <span class='ocrx_word' id='word_1_649' title='bbox 3764 2754 3872 2793; x_wconf 84' lang='lat' dir='ltr'><strong>nou</strong></span> 
     </span>
    </p>
   </div>
   <div class='ocr_carea' id='block_1_86' title="bbox 2268 2821 3874 2899">
    <p class='ocr_par' dir='ltr' id='par_1_86' title="bbox 2268 2821 3874 2899">
     <span class='ocr_line' id='line_1_86' title="bbox 2268 2821 3874 2899; baseline 0.006 -24"><span class='ocrx_word' id='word_1_650' title='bbox 2268 2822 2548 2876; x_wconf 87' lang='lat' dir='ltr'><strong>credatis?</strong></span> <span class='ocrx_word' id='word_1_651' title='bbox 2595 2821 2725 2876; x_wconf 89' lang='lat' dir='ltr'><strong>Cum</strong></span> <span class='ocrx_word' id='word_1_652' title='bbox 2779 2833 2958 2877; x_wconf 89' lang='lat' dir='ltr'><strong>autem</strong></span> <span class='ocrx_word' id='word_1_653' title='bbox 3011 2824 3275 2880; x_wconf 75' lang='lat' dir='ltr'><strong>dixissent</strong></span> <span class='ocrx_word' id='word_1_654' title='bbox 3325 2827 3594 2882; x_wconf 91' lang='lat' dir='ltr'><strong>nemiuem</strong></span> <span class='ocrx_word' id='word_1_655' title='bbox 3665 2831 3874 2899; x_wconf 73' lang='lat' dir='ltr'><strong>prioci-</strong></span> 
     </span>
    </p>
   </div>
   <div class='ocr_carea' id='block_1_87' title="bbox 2285 2912 3872 2992">
    <p class='ocr_par' dir='ltr' id='par_1_87' title="bbox 2285 2912 3872 2992">
     <span class='ocr_line' id='line_1_87' title="bbox 2285 2912 3872 2992; baseline 0.009 -29"><span class='ocrx_word' id='word_1_656' title='bbox 2285 2927 2407 2980; x_wconf 87' lang='lat' dir='ltr'><strong>pum</strong></span> <span class='ocrx_word' id='word_1_657' title='bbox 2450 2912 2742 2968; x_wconf 84' lang='lat' dir='ltr'><strong>crcdidisse</strong></span> <span class='ocrx_word' id='word_1_658' title='bbox 2772 2913 2824 2968; x_wconf 89' lang='lat' dir='ltr'><strong>in</strong></span> <span class='ocrx_word' id='word_1_659' title='bbox 2865 2929 2988 2970; x_wconf 89' lang='lat' dir='ltr'><strong>cum</strong></span> <span class='ocrx_word' id='word_1_660' title='bbox 3015 2956 3032 2980; x_wconf 93' lang='lat'><strong>,</strong></span> <span class='ocrx_word' id='word_1_661' title='bbox 3088 2916 3178 2971; x_wconf 86' lang='lat' dir='ltr'><strong>sed</strong></span> <span class='ocrx_word' id='word_1_662' title='bbox 3206 2933 3298 2972; x_wconf 87' lang='lat' dir='ltr'><strong>eos</strong></span> <span class='ocrx_word' id='word_1_663' title='bbox 3324 2919 3413 2988; x_wconf 84' lang='lat' dir='ltr'><strong>qui</strong></span> <span class='ocrx_word' id='word_1_664' title='bbox 3457 2918 3628 2990; x_wconf 81' lang='lat' dir='ltr'><strong>legem</strong></span> <span class='ocrx_word' id='word_1_665' title='bbox 3659 2921 3872 2992; x_wconf 79' lang='lat' dir='ltr'><strong>ignora-</strong></span> 
     </span>
    </p>
   </div>
   <div class='ocr_carea' id='block_1_88' title="bbox 2283 3003 3873 3078">
    <p class='ocr_par' dir='ltr' id='par_1_88' title="bbox 2283 3003 3873 3078">
     <span class='ocr_line' id='line_1_88' title="bbox 2283 3003 3873 3078; baseline 0.008 -21"><span class='ocrx_word' id='word_1_666' title='bbox 2283 3003 2449 3069; x_wconf 86' lang='lat' dir='ltr'><strong>bant,</strong></span> <span class='ocrx_word' id='word_1_667' title='bbox 2497 3005 2691 3060; x_wconf 84' lang='lat' dir='ltr'><strong>iuerito</strong></span> <span class='ocrx_word' id='word_1_668' title='bbox 2737 3005 2856 3062; x_wconf 92' lang='lat' dir='ltr'><strong>illos</strong></span> <span class='ocrx_word' id='word_1_669' title='bbox 2907 3009 3082 3078; x_wconf 81' lang='lat' dir='ltr'><strong>arguit</strong></span> <span class='ocrx_word' id='word_1_670' title='bbox 3131 3006 3452 3065; x_wconf 83' lang='lat' dir='ltr'><strong>Nieodemus</strong></span> <span class='ocrx_word' id='word_1_671' title='bbox 3487 3009 3570 3067; x_wconf 89' lang='lat' dir='ltr'><strong>his</strong></span> <span class='ocrx_word' id='word_1_672' title='bbox 3625 3012 3803 3067; x_wconf 69' lang='lat' dir='ltr'><strong>vulsis</strong></span> <span class='ocrx_word' id='word_1_673' title='bbox 3861 3036 3873 3070; x_wconf 88' lang='lat'>:</span> 
     </span>
    </p>
   </div>
   <div class='ocr_carea' id='block_1_89' title="bbox 2283 3096 3875 3172">
    <p class='ocr_par' dir='ltr' id='par_1_89' title="bbox 2283 3096 3875 3172">
     <span class='ocr_line' id='line_1_89' title="bbox 2283 3096 3875 3172; baseline 0.004 -20"><span class='ocrx_word' id='word_1_674' title='bbox 2283 3097 2372 3152; x_wconf 81' lang='lat' dir='ltr'><strong>5i.</strong></span> <span class='ocrx_word' id='word_1_675' title='bbox 2403 3096 2676 3169; x_wconf 70' lang='lat' dir='ltr'><strong>Numquid</strong></span> <span class='ocrx_word' id='word_1_676' title='bbox 2706 3098 2788 3154; x_wconf 82' lang='lat' dir='ltr'><strong>lea:</strong></span> <span class='ocrx_word' id='word_1_677' title='bbox 2817 3110 2993 3154; x_wconf 87' lang='lat' dir='ltr'><strong>nostra</strong></span> <span class='ocrx_word' id='word_1_678' title='bbox 3036 3101 3233 3170; x_wconf 83' lang='lat' dir='ltr'><strong>iudicat</strong></span> <span class='ocrx_word' id='word_1_679' title='bbox 3260 3103 3544 3172; x_wconf 77' lang='lat' dir='ltr'><strong>hominem,</strong></span> <span class='ocrx_word' id='word_1_680' title='bbox 3574 3105 3676 3158; x_wconf 85' lang='lat' dir='ltr'><strong>nisi</strong></span> <span class='ocrx_word' id='word_1_681' title='bbox 3697 3107 3875 3159; x_wconf 79' lang='lat' dir='ltr'><strong>aitdic-</strong></span> 
     </span>
    </p>
   </div>
   <div class='ocr_carea' id='block_1_90' title="bbox 2281 3191 3877 3263">
    <p class='ocr_par' dir='ltr' id='par_1_90' title="bbox 2281 3191 3877 3263">
     <span class='ocr_line' id='line_1_90' title="bbox 2281 3191 3877 3263; baseline 0.006 -19"><span class='ocrx_word' id='word_1_682' title='bbox 2281 3191 2347 3244; x_wconf 83' lang='lat' dir='ltr'><strong>n’t</strong></span> <span class='ocrx_word' id='word_1_683' title='bbox 2378 3191 2439 3245; x_wconf 75' lang='lat' dir='ltr'><strong>ab</strong></span> <span class='ocrx_word' id='word_1_684' title='bbox 2468 3192 2579 3262; x_wconf 82' lang='lat' dir='ltr'><strong>ipso</strong></span> <span class='ocrx_word' id='word_1_685' title='bbox 2609 3193 2791 3263; x_wconf 74' lang='lat' dir='ltr'><strong>prius!</strong></span> <span class='ocrx_word' id='word_1_686' title='bbox 2818 3192 3059 3249; x_wconf 84' lang='lat' dir='ltr'><strong>Ostendit</strong></span> <span class='ocrx_word' id='word_1_687' title='bbox 3089 3211 3184 3250; x_wconf 90' lang='lat' dir='ltr'><strong>eos</strong></span> <span class='ocrx_word' id='word_1_688' title='bbox 3213 3210 3310 3251; x_wconf 89' lang='lat' dir='ltr'><strong>nec</strong></span> <span class='ocrx_word' id='word_1_689' title='bbox 3332 3211 3514 3262; x_wconf 83' lang='lat' dir='ltr'><strong>nosse,</strong></span> <span class='ocrx_word' id='word_1_690' title='bbox 3539 3213 3637 3254; x_wconf 89' lang='lat' dir='ltr'><strong>nec</strong></span> <span class='ocrx_word' id='word_1_691' title='bbox 3656 3213 3877 3254; x_wconf 83' lang='lat' dir='ltr'><strong>servare</strong></span> 
     </span>
    </p>
   </div>
   <div class='ocr_carea' id='block_1_91' title="bbox 2286 3281 3877 3359">
    <p class='ocr_par' dir='ltr' id='par_1_91' title="bbox 2286 3281 3877 3359">
     <span class='ocr_line' id='line_1_91' title="bbox 2286 3281 3877 3359; baseline 0.009 -24"><span class='ocrx_word' id='word_1_692' title='bbox 2286 3281 2479 3352; x_wconf 78' lang='lat' dir='ltr'><strong>legem.</strong></span> <span class='ocrx_word' id='word_1_693' title='bbox 2513 3283 2643 3338; x_wconf 88' lang='lat' dir='ltr'><strong>Nam</strong></span> <span class='ocrx_word' id='word_1_694' title='bbox 2685 3285 2730 3339; x_wconf 90' lang='lat' dir='ltr'><strong>si</strong></span> <span class='ocrx_word' id='word_1_695' title='bbox 2784 3283 2868 3339; x_wconf 82' lang='lat' dir='ltr'><strong>lex</strong></span> <span class='ocrx_word' id='word_1_696' title='bbox 2913 3295 3057 3341; x_wconf 89' lang='lat' dir='ltr'><strong>vetat</strong></span> <span class='ocrx_word' id='word_1_697' title='bbox 3112 3297 3432 3359; x_wconf 87' lang='lat' dir='ltr'><strong>quemquam</strong></span> <span class='ocrx_word' id='word_1_698' title='bbox 3484 3289 3732 3355; x_wconf 81' lang='lat' dir='ltr'><strong>interfici,</strong></span> <span class='ocrx_word' id='word_1_699' title='bbox 3775 3294 3877 3349; x_wconf 77' lang='lat' dir='ltr'><strong>nisi</strong></span> 
     </span>
    </p>
   </div>
   <div class='ocr_carea' id='block_1_92' title="bbox 2285 3373 3871 3447">
    <p class='ocr_par' dir='ltr' id='par_1_92' title="bbox 2285 3373 3871 3447">
     <span class='ocr_line' id='line_1_92' title="bbox 2285 3373 3871 3447; baseline 0.003 -20"><span class='ocrx_word' id='word_1_700' title='bbox 2285 3373 2430 3442; x_wconf 90' lang='lat' dir='ltr'><strong>prius</strong></span> <span class='ocrx_word' id='word_1_701' title='bbox 2455 3373 2740 3440; x_wconf 88' lang='lat' dir='ltr'><strong>audiatur;</strong></span> <span class='ocrx_word' id='word_1_702' title='bbox 2771 3375 2868 3446; x_wconf 81' lang='lat' dir='ltr'><strong>ipsi</strong></span> <span class='ocrx_word' id='word_1_703' title='bbox 2902 3391 3026 3431; x_wconf 88' lang='lat' dir='ltr'><strong>vero</strong></span> <span class='ocrx_word' id='word_1_704' title='bbox 3053 3387 3340 3447; x_wconf 87' lang='lat' dir='ltr'><strong>antequam</strong></span> <span class='ocrx_word' id='word_1_705' title='bbox 3371 3378 3638 3447; x_wconf 61' lang='lat' dir='ltr'><strong>audfrent,</strong></span> <span class='ocrx_word' id='word_1_706' title='bbox 3670 3381 3719 3436; x_wconf 82' lang='lat' dir='ltr'><strong>id</strong></span> <span class='ocrx_word' id='word_1_707' title='bbox 3749 3398 3871 3435; x_wconf 86' lang='lat' dir='ltr'><strong>ino-</strong></span> 
     </span>
    </p>
   </div>
   <div class='ocr_carea' id='block_1_93' title="bbox 2285 3464 3877 3542">
    <p class='ocr_par' dir='ltr' id='par_1_93' title="bbox 2285 3464 3877 3542">
     <span class='ocr_line' id='line_1_93' title="bbox 2285 3464 3877 3542; baseline 0.006 -24"><span class='ocrx_word' id='word_1_708' title='bbox 2285 3464 2548 3520; x_wconf 87' lang='lat' dir='ltr'><strong>liebantur</strong></span> <span class='ocrx_word' id='word_1_709' title='bbox 2576 3484 2589 3520; x_wconf 91' lang='lat'><em>:</em></span> <span class='ocrx_word' id='word_1_710' title='bbox 2620 3476 3044 3538; x_wconf 80' lang='lat' dir='ltr'><strong>transgressores</strong></span> <span class='ocrx_word' id='word_1_711' title='bbox 3092 3480 3215 3524; x_wconf 88' lang='lat' dir='ltr'><strong>sunt</strong></span> <span class='ocrx_word' id='word_1_712' title='bbox 3247 3469 3397 3539; x_wconf 81' lang='lat' dir='ltr'><strong>legis.</strong></span> <span class='ocrx_word' id='word_1_713' title='bbox 3446 3471 3512 3524; x_wconf 81' lang='lat' dir='ltr'><strong>Et</strong></span> <span class='ocrx_word' id='word_1_714' title='bbox 3553 3472 3677 3542; x_wconf 91' lang='lat' dir='ltr'><strong>quia</strong></span> <span class='ocrx_word' id='word_1_715' title='bbox 3719 3473 3877 3527; x_wconf 86' lang='lat' dir='ltr'><strong>dice-</strong></span> 
     </span>
    </p>
   </div>
   <div class='ocr_carea' id='block_1_94' title="bbox 2284 3557 3879 3630">
    <p class='ocr_par' dir='ltr' id='par_1_94' title="bbox 2284 3557 3879 3630">
     <span class='ocr_line' id='line_1_94' title="bbox 2284 3557 3879 3630; baseline 0.004 -18"><span class='ocrx_word' id='word_1_716' title='bbox 2284 3557 2412 3612; x_wconf 88' lang='lat' dir='ltr'><strong>bant</strong></span> <span class='ocrx_word' id='word_1_717' title='bbox 2462 3559 2730 3614; x_wconf 86' lang='lat' dir='ltr'><strong>nemineiu</strong></span> <span class='ocrx_word' id='word_1_718' title='bbox 2776 3558 3074 3630; x_wconf 86' lang='lat' dir='ltr'><strong>principum</strong></span> <span class='ocrx_word' id='word_1_719' title='bbox 3124 3560 3417 3617; x_wconf 60' lang='lat' dir='ltr'><strong>credidisse</strong></span> <span class='ocrx_word' id='word_1_720' title='bbox 3462 3562 3513 3616; x_wconf 92' lang='lat' dir='ltr'><strong>in</strong></span> <span class='ocrx_word' id='word_1_721' title='bbox 3561 3578 3704 3626; x_wconf 79' lang='lat' dir='ltr'><strong>eum,</strong></span> <span class='ocrx_word' id='word_1_722' title='bbox 3755 3563 3879 3618; x_wconf 84' lang='lat' dir='ltr'><strong>ideo</strong></span> 
     </span>
    </p>
   </div>
   <div class='ocr_carea' id='block_1_95' title="bbox 2286 3651 3877 3723">
    <p class='ocr_par' dir='ltr' id='par_1_95' title="bbox 2286 3651 3877 3723">
     <span class='ocr_line' id='line_1_95' title="bbox 2286 3651 3877 3723; baseline 0.006 -19"><span class='ocrx_word' id='word_1_723' title='bbox 2286 3651 2488 3706; x_wconf 90' lang='lat' dir='ltr'><strong>indicat</strong></span> <span class='ocrx_word' id='word_1_724' title='bbox 2513 3653 2836 3723; x_wconf 67' lang='lat' dir='ltr'><strong>evangelista</strong></span> <span class='ocrx_word' id='word_1_725' title='bbox 2875 3654 3045 3723; x_wconf 85' lang='lat' dir='ltr'><strong>ipsum</strong></span> <span class='ocrx_word' id='word_1_726' title='bbox 3073 3669 3138 3710; x_wconf 79' lang='lat' dir='ltr'><strong>ex</strong></span> <span class='ocrx_word' id='word_1_727' title='bbox 3165 3670 3350 3711; x_wconf 85' lang='lat' dir='ltr'><strong>eorum</strong></span> <span class='ocrx_word' id='word_1_728' title='bbox 3384 3671 3606 3712; x_wconf 89' lang='lat' dir='ltr'><strong>numero</strong></span> <span class='ocrx_word' id='word_1_729' title='bbox 3630 3670 3750 3711; x_wconf 85' lang='lat' dir='ltr'><strong>esse</strong></span> <span class='ocrx_word' id='word_1_730' title='bbox 3771 3696 3790 3723; x_wconf 95' lang='lat'><strong>,</strong></span> <span class='ocrx_word' id='word_1_731' title='bbox 3821 3666 3877 3713; x_wconf 87' lang='lat' dir='ltr'><strong>ut</strong></span> 
     </span>
    </p>
   </div>
   <div class='ocr_carea' id='block_1_96' title="bbox 2285 3742 3876 3815">
    <p class='ocr_par' dir='ltr' id='par_1_96' title="bbox 2285 3742 3876 3815">
     <span class='ocr_line' id='line_1_96' title="bbox 2285 3742 3876 3815; baseline 0.006 -18"><span class='ocrx_word' id='word_1_732' title='bbox 2285 3742 2529 3799; x_wconf 83' lang='lat' dir='ltr'><strong>ostendat</strong></span> <span class='ocrx_word' id='word_1_733' title='bbox 2550 3746 2708 3800; x_wconf 87' lang='lat' dir='ltr'><strong>etiam</strong></span> <span class='ocrx_word' id='word_1_734' title='bbox 2749 3746 3017 3815; x_wconf 70' lang='lat' dir='ltr'><strong>principes</strong></span> <span class='ocrx_word' id='word_1_735' title='bbox 3048 3746 3099 3801; x_wconf 91' lang='lat' dir='ltr'><strong>in</strong></span> <span class='ocrx_word' id='word_1_736' title='bbox 3139 3762 3260 3802; x_wconf 91' lang='lat' dir='ltr'><strong>eum</strong></span> <span class='ocrx_word' id='word_1_737' title='bbox 3292 3747 3601 3805; x_wconf 83' lang='lat' dir='ltr'><strong>credidisse.</strong></span> <span class='ocrx_word' id='word_1_738' title='bbox 3627 3749 3876 3806; x_wconf 82' lang='lat' dir='ltr'><strong>Nondum</strong></span> 
     </span>
    </p>
   </div>
   <div class='ocr_carea' id='block_1_97' title="bbox 2284 3833 3876 3904">
    <p class='ocr_par' dir='ltr' id='par_1_97' title="bbox 2284 3833 3876 3904">
     <span class='ocr_line' id='line_1_97' title="bbox 2284 3833 3876 3904; baseline 0.006 -15"><span class='ocrx_word' id='word_1_739' title='bbox 2284 3844 2465 3889; x_wconf 79' lang='lat' dir='ltr'><strong>tamen</strong></span> <span class='ocrx_word' id='word_1_740' title='bbox 2508 3833 2559 3889; x_wconf 87' lang='lat' dir='ltr'><strong>id</strong></span> <span class='ocrx_word' id='word_1_741' title='bbox 2587 3836 2764 3904; x_wconf 79' lang='lat' dir='ltr'><strong>palam</strong></span> <span class='ocrx_word' id='word_1_742' title='bbox 2787 3877 2801 3902; x_wconf 93' lang='lat'><strong>,</strong></span> <span class='ocrx_word' id='word_1_743' title='bbox 2824 3845 2888 3890; x_wconf 80' lang='lat' dir='ltr'><strong>ut</strong></span> <span class='ocrx_word' id='word_1_744' title='bbox 2926 3837 3224 3904; x_wconf 80' lang='lat' dir='ltr'><strong>decuisset,</strong></span> <span class='ocrx_word' id='word_1_745' title='bbox 3268 3840 3624 3896; x_wconf 77' lang='lat' dir='ltr'><strong>exhibuerant</strong></span> <span class='ocrx_word' id='word_1_746' title='bbox 3645 3857 3668 3896; x_wconf 83' lang='lat'><strong>:</strong></span> <span class='ocrx_word' id='word_1_747' title='bbox 3695 3855 3876 3898; x_wconf 82' lang='lat' dir='ltr'><strong>erant-</strong></span> 
     </span>
    </p>
   </div>
   <div class='ocr_carea' id='block_1_98' title="bbox 2284 3926 3876 4005">
    <p class='ocr_par' dir='ltr' id='par_1_98' title="bbox 2284 3926 3876 4005">
     <span class='ocr_line' id='line_1_98' title="bbox 2284 3926 3876 4005; baseline 0.009 -27"><span class='ocrx_word' id='word_1_748' title='bbox 2284 3940 2388 3996; x_wconf 86' lang='lat' dir='ltr'><strong>que</strong></span> <span class='ocrx_word' id='word_1_749' title='bbox 2433 3926 2785 3985; x_wconf 81' lang='lat' dir='ltr'><strong>nihilominus</strong></span> <span class='ocrx_word' id='word_1_750' title='bbox 2817 3930 3041 3986; x_wconf 80' lang='lat' dir='ltr'><strong>Christo</strong></span> <span class='ocrx_word' id='word_1_751' title='bbox 3086 3931 3307 3988; x_wconf 87' lang='lat' dir='ltr'><strong>addicti.</strong></span> <span class='ocrx_word' id='word_1_752' title='bbox 3345 3933 3480 3990; x_wconf 67' lang='lat' dir='ltr'><strong>Vide</strong></span> <span class='ocrx_word' id='word_1_753' title='bbox 3506 3945 3683 3990; x_wconf 82' lang='lat' dir='ltr'><strong>autem</strong></span> <span class='ocrx_word' id='word_1_754' title='bbox 3713 3953 3876 4005; x_wconf 90' lang='lat' dir='ltr'><strong>quam</strong></span> 
     </span>
    </p>
   </div>
   <div class='ocr_carea' id='block_1_99' title="bbox 2286 4018 3868 4088">
    <p class='ocr_par' dir='ltr' id='par_1_99' title="bbox 2286 4018 3868 4088">
     <span class='ocr_line' id='line_1_99' title="bbox 2286 4018 3868 4088; baseline 0.008 -17"><span class='ocrx_word' id='word_1_755' title='bbox 2286 4031 2447 4084; x_wconf 75' lang='lat' dir='ltr'><strong>parce</strong></span> <span class='ocrx_word' id='word_1_756' title='bbox 2476 4018 2665 4088; x_wconf 86' lang='lat' dir='ltr'><strong>arguit.</strong></span> <span class='ocrx_word' id='word_1_757' title='bbox 2697 4018 2812 4074; x_wconf 83' lang='lat' dir='ltr'><strong>Non</strong></span> <span class='ocrx_word' id='word_1_758' title='bbox 2838 4019 2961 4074; x_wconf 85' lang='lat' dir='ltr'><strong>dicit</strong></span> <span class='ocrx_word' id='word_1_759' title='bbox 2989 4021 3154 4087; x_wconf 87' lang='lat' dir='ltr'><strong>enim,</strong></span> <span class='ocrx_word' id='word_1_760' title='bbox 3191 4022 3295 4078; x_wconf 86' lang='lat' dir='ltr'><strong>Vos</strong></span> <span class='ocrx_word' id='word_1_761' title='bbox 3323 4033 3504 4080; x_wconf 80' lang='lat' dir='ltr'><strong>autem</strong></span> <span class='ocrx_word' id='word_1_762' title='bbox 3528 4025 3689 4080; x_wconf 78' lang='lat' dir='ltr'><strong>vultis</strong></span> <span class='ocrx_word' id='word_1_763' title='bbox 3717 4027 3868 4083; x_wconf 86' lang='lat' dir='ltr'><strong>illum</strong></span> 
     </span>
    </p>
   </div>
   <div class='ocr_carea' id='block_1_100' title="bbox 2285 4109 3875 4177">
    <p class='ocr_par' dir='ltr' id='par_1_100' title="bbox 2285 4109 3875 4177">
     <span class='ocr_line' id='line_1_100' title="bbox 2285 4109 3875 4177; baseline 0.007 -15"><span class='ocrx_word' id='word_1_764' title='bbox 2285 4109 2551 4177; x_wconf 88' lang='lat' dir='ltr'><strong>occidere,</strong></span> <span class='ocrx_word' id='word_1_765' title='bbox 2587 4121 2638 4166; x_wconf 92' lang='lat' dir='ltr'><strong>et</strong></span> <span class='ocrx_word' id='word_1_766' title='bbox 2671 4119 2870 4167; x_wconf 85' lang='lat' dir='ltr'><strong>temere</strong></span> <span class='ocrx_word' id='word_1_767' title='bbox 2897 4111 3269 4169; x_wconf 86' lang='lat' dir='ltr'><strong>condemnatis</strong></span> <span class='ocrx_word' id='word_1_768' title='bbox 3312 4113 3583 4172; x_wconf 88' lang='lat' dir='ltr'><strong>hominem</strong></span> <span class='ocrx_word' id='word_1_769' title='bbox 3617 4126 3675 4172; x_wconf 91' lang='lat' dir='ltr'><strong>ut</strong></span> <span class='ocrx_word' id='word_1_770' title='bbox 3707 4119 3875 4173; x_wconf 83' lang='lat' dir='ltr'><strong>sedu-</strong></span> 
     </span>
    </p>
   </div>
   <div class='ocr_carea' id='block_1_101' title="bbox 2288 4201 3872 4280">
    <p class='ocr_par' dir='ltr' id='par_1_101' title="bbox 2288 4201 3872 4280">
     <span class='ocr_line' id='line_1_101' title="bbox 2288 4201 3872 4280; baseline 0.009 -27"><span class='ocrx_word' id='word_1_771' title='bbox 2288 4208 2509 4254; x_wconf 87' lang='lat' dir='ltr'><strong>ctorcm.</strong></span> <span class='ocrx_word' id='word_1_772' title='bbox 2551 4201 2745 4256; x_wconf 79' lang='lat' dir='ltr'><strong>Verum</strong></span> <span class='ocrx_word' id='word_1_773' title='bbox 2776 4217 2880 4257; x_wconf 90' lang='lat' dir='ltr'><strong>non</strong></span> <span class='ocrx_word' id='word_1_774' title='bbox 2915 4203 2983 4257; x_wconf 90' lang='lat' dir='ltr'><strong>ita</strong></span> <span class='ocrx_word' id='word_1_775' title='bbox 3014 4203 3166 4270; x_wconf 73' lang='lat' dir='ltr'><strong>dixit,</strong></span> <span class='ocrx_word' id='word_1_776' title='bbox 3197 4205 3290 4261; x_wconf 89' lang='lat' dir='ltr'><strong>sed</strong></span> <span class='ocrx_word' id='word_1_777' title='bbox 3330 4206 3656 4264; x_wconf 83' lang='lat' dir='ltr'><strong>moderatius</strong></span> <span class='ocrx_word' id='word_1_778' title='bbox 3683 4209 3872 4280; x_wconf 87' lang='lat' dir='ltr'><strong>ingen-</strong></span> 
     </span>
    </p>
   </div>
   <div class='ocr_carea' id='block_1_102' title="bbox 2285 4293 3874 4363">
    <p class='ocr_par' dir='ltr' id='par_1_102' title="bbox 2285 4293 3874 4363">
     <span class='ocr_line' id='line_1_102' title="bbox 2285 4293 3874 4363; baseline 0.008 -18"><span class='ocrx_word' id='word_1_779' title='bbox 2285 4301 2389 4346; x_wconf 86' lang='lat' dir='ltr'><strong>tem</strong></span> <span class='ocrx_word' id='word_1_780' title='bbox 2439 4293 2644 4347; x_wconf 91' lang='lat' dir='ltr'><strong>illorum</strong></span> <span class='ocrx_word' id='word_1_781' title='bbox 2698 4295 2962 4362; x_wconf 84' lang='lat' dir='ltr'><strong>impetum</strong></span> <span class='ocrx_word' id='word_1_782' title='bbox 3012 4295 3335 4363; x_wconf 86' lang='lat' dir='ltr'><strong>cohibebat,</strong></span> <span class='ocrx_word' id='word_1_783' title='bbox 3393 4313 3598 4355; x_wconf 83' lang='lat' dir='ltr'><strong>necnon</strong></span> <span class='ocrx_word' id='word_1_784' title='bbox 3657 4301 3874 4358; x_wconf 89' lang='lat' dir='ltr'><strong>illorum</strong></span> 
     </span>
    </p>
   </div>
   <div class='ocr_carea' id='block_1_103' title="bbox 2284 4383 3874 4458">
    <p class='ocr_par' dir='ltr' id='par_1_103' title="bbox 2284 4383 3874 4458">
     <span class='ocr_line' id='line_1_103' title="bbox 2284 4383 3874 4458; baseline 0.008 -22"><span class='ocrx_word' id='word_1_785' title='bbox 2284 4383 2786 4438; x_wconf 87' lang='lat' dir='ltr'><strong>inconsiderantiam</strong></span> <span class='ocrx_word' id='word_1_786' title='bbox 2822 4395 2878 4440; x_wconf 89' lang='lat' dir='ltr'><strong>et</strong></span> <span class='ocrx_word' id='word_1_787' title='bbox 2922 4389 3319 4458; x_wconf 82' lang='lat' dir='ltr'><strong>sanguinarium</strong></span> <span class='ocrx_word' id='word_1_788' title='bbox 3359 4390 3618 4446; x_wconf 86' lang='lat' dir='ltr'><strong>animum.</strong></span> <span class='ocrx_word' id='word_1_789' title='bbox 3656 4392 3779 4448; x_wconf 85' lang='lat' dir='ltr'><strong>Ideo</strong></span> <span class='ocrx_word' id='word_1_790' title='bbox 3820 4396 3874 4449; x_wconf 92' lang='lat' dir='ltr'><strong>in</strong></span> 
     </span>
    </p>
   </div>
   <div class='ocr_carea' id='block_1_104' title="bbox 2286 4465 3876 4552">
    <p class='ocr_par' dir='ltr' id='par_1_104' title="bbox 2286 4465 3876 4552">
     <span class='ocr_line' id='line_1_104' title="bbox 2286 4465 3876 4552; baseline 0.008 -23"><span class='ocrx_word' id='word_1_791' title='bbox 2286 4476 2454 4546; x_wconf 80' lang='lat' dir='ltr'><strong>legem</strong></span> <span class='ocrx_word' id='word_1_792' title='bbox 2503 4465 2806 4533; x_wconf 81' lang='lat' dir='ltr'><strong>sermonem</strong></span> <span class='ocrx_word' id='word_1_793' title='bbox 2853 4482 3143 4545; x_wconf 69' lang='lat' dir='ltr'><strong>convertit,</strong></span> <span class='ocrx_word' id='word_1_794' title='bbox 3201 4482 3378 4552; x_wconf 89' lang='lat' dir='ltr'><strong>aitque</strong></span> <span class='ocrx_word' id='word_1_795' title='bbox 3427 4500 3442 4537; x_wconf 92' lang='lat'>:</span> <span class='ocrx_word' id='word_1_796' title='bbox 3492 4482 3610 4538; x_wconf 81' lang='lat' dir='ltr'><strong>Nisi</strong></span> <span class='ocrx_word' id='word_1_797' title='bbox 3656 4487 3876 4543; x_wconf 76' lang='lat' dir='ltr'><strong>audierit</strong></span> 
     </span>
    </p>
   </div>
   <div class='ocr_carea' id='block_1_105' title="bbox 2284 4568 3874 4644">
    <p class='ocr_par' dir='ltr' id='par_1_105' title="bbox 2284 4568 3874 4644">
     <span class='ocr_line' id='line_1_105' title="bbox 2284 4568 3874 4644; baseline 0.008 -24"><span class='ocrx_word' id='word_1_798' title='bbox 2284 4568 2571 4638; x_wconf 83' lang='lat' dir='ltr'><strong>diligenter,</strong></span> <span class='ocrx_word' id='word_1_799' title='bbox 2597 4579 2644 4622; x_wconf 87' lang='lat' dir='ltr'><strong>et</strong></span> <span class='ocrx_word' id='word_1_800' title='bbox 2669 4571 2955 4640; x_wconf 85' lang='lat' dir='ltr'><strong>cognoverit</strong></span> <span class='ocrx_word' id='word_1_801' title='bbox 2980 4573 3105 4641; x_wconf 83' lang='lat' dir='ltr'><strong>quid</strong></span> <span class='ocrx_word' id='word_1_802' title='bbox 3126 4573 3302 4644; x_wconf 80' lang='lat' dir='ltr'><strong>faciat.</strong></span> <span class='ocrx_word' id='word_1_803' title='bbox 3329 4571 3515 4644; x_wconf 82' lang='lat' dir='ltr'><strong>Itaque</strong></span> <span class='ocrx_word' id='word_1_804' title='bbox 3545 4589 3649 4630; x_wconf 89' lang='lat' dir='ltr'><strong>nou</strong></span> <span class='ocrx_word' id='word_1_805' title='bbox 3681 4578 3874 4634; x_wconf 85' lang='lat' dir='ltr'><strong>audire</strong></span> 
     </span>
    </p>
   </div>
   <div class='ocr_carea' id='block_1_106' title="bbox 2283 4661 3869 4732">
    <p class='ocr_par' dir='ltr' id='par_1_106' title="bbox 2283 4661 3869 4732">
     <span class='ocr_line' id='line_1_106' title="bbox 2283 4661 3869 4732; baseline 0.008 -20"><span class='ocrx_word' id='word_1_806' title='bbox 2283 4666 2488 4713; x_wconf 90' lang='lat' dir='ltr'><strong>tantum</strong></span> <span class='ocrx_word' id='word_1_807' title='bbox 2525 4669 2773 4729; x_wconf 88' lang='lat' dir='ltr'><strong>oportet,</strong></span> <span class='ocrx_word' id='word_1_808' title='bbox 2798 4661 2891 4716; x_wconf 90' lang='lat' dir='ltr'><strong>sed</strong></span> <span class='ocrx_word' id='word_1_809' title='bbox 2923 4662 3207 4732; x_wconf 73' lang='lat' dir='ltr'><strong>diligenter</strong></span> <span class='ocrx_word' id='word_1_810' title='bbox 3235 4664 3420 4720; x_wconf 82' lang='lat' dir='ltr'><strong>audire</strong></span> <span class='ocrx_word' id='word_1_811' title='bbox 3466 4679 3481 4719; x_wconf 87' lang='lat'><strong>:</strong></span> <span class='ocrx_word' id='word_1_812' title='bbox 3511 4666 3562 4721; x_wconf 92' lang='lat' dir='ltr'><strong>id</strong></span> <span class='ocrx_word' id='word_1_813' title='bbox 3595 4669 3737 4722; x_wconf 89' lang='lat' dir='ltr'><strong>enim</strong></span> <span class='ocrx_word' id='word_1_814' title='bbox 3765 4670 3869 4724; x_wconf 87' lang='lat' dir='ltr'><strong>sibi</strong></span> 
     </span>
    </p>
   </div>
   <div class='ocr_carea' id='block_1_107' title="bbox 2281 4751 3875 4831">
    <p class='ocr_par' dir='ltr' id='par_1_107' title="bbox 2281 4751 3875 4831">
     <span class='ocr_line' id='line_1_107' title="bbox 2281 4751 3875 4831; baseline 0.008 -27"><span class='ocrx_word' id='word_1_815' title='bbox 2281 4751 2396 4805; x_wconf 84' lang='lat' dir='ltr'><strong>vult</strong></span> <span class='ocrx_word' id='word_1_816' title='bbox 2422 4752 2571 4817; x_wconf 89' lang='lat' dir='ltr'><strong>illud,</strong></span> <span class='ocrx_word' id='word_1_817' title='bbox 2603 4751 2666 4805; x_wconf 82' lang='lat' dir='ltr'><strong>Et</strong></span> <span class='ocrx_word' id='word_1_818' title='bbox 2691 4756 2975 4823; x_wconf 75' lang='lat' dir='ltr'><strong>cognoverit</strong></span> <span class='ocrx_word' id='word_1_819' title='bbox 2997 4756 3120 4826; x_wconf 86' lang='lat' dir='ltr'><strong>quid</strong></span> <span class='ocrx_word' id='word_1_820' title='bbox 3155 4757 3326 4828; x_wconf 74' lang='lat' dir='ltr'><strong>faciat,</strong></span> <span class='ocrx_word' id='word_1_821' title='bbox 3349 4758 3475 4828; x_wconf 89' lang='lat' dir='ltr'><strong>quid</strong></span> <span class='ocrx_word' id='word_1_822' title='bbox 3506 4760 3650 4826; x_wconf 90' lang='lat' dir='ltr'><strong>velit,</strong></span> <span class='ocrx_word' id='word_1_823' title='bbox 3685 4777 3875 4831; x_wconf 82' lang='lat' dir='ltr'><strong>quare,</strong></span> 
     </span>
    </p>
   </div>
   <div class='ocr_carea' id='block_1_108' title="bbox 2281 4849 3877 4920">
    <p class='ocr_par' dir='ltr' id='par_1_108' title="bbox 2281 4849 3877 4920">
     <span class='ocr_line' id='line_1_108' title="bbox 2281 4849 3877 4920; baseline 0.01 -25"><span class='ocrx_word' id='word_1_824' title='bbox 2281 4851 2336 4896; x_wconf 90' lang='lat' dir='ltr'><strong>et</strong></span> <span class='ocrx_word' id='word_1_825' title='bbox 2360 4858 2517 4912; x_wconf 90' lang='lat' dir='ltr'><strong>quam</strong></span> <span class='ocrx_word' id='word_1_826' title='bbox 2543 4859 2654 4898; x_wconf 91' lang='lat' dir='ltr'><strong>rem</strong></span> <span class='ocrx_word' id='word_1_827' title='bbox 2701 4854 2945 4915; x_wconf 91' lang='lat' dir='ltr'><strong>spectet,</strong></span> <span class='ocrx_word' id='word_1_828' title='bbox 2987 4861 3053 4901; x_wconf 92' lang='lat' dir='ltr'><strong>an</strong></span> <span class='ocrx_word' id='word_1_829' title='bbox 3083 4849 3148 4902; x_wconf 92' lang='lat' dir='ltr'><strong>ad</strong></span> <span class='ocrx_word' id='word_1_830' title='bbox 3196 4851 3499 4920; x_wconf 60' lang='lat' dir='ltr'><strong>reipublicae</strong></span> <span class='ocrx_word' id='word_1_831' title='bbox 3539 4854 3877 4910; x_wconf 80' lang='lat' dir='ltr'><strong>eversionem</strong></span> 
     </span>
    </p>
   </div>
   <div class='ocr_carea' id='block_1_109' title="bbox 2284 4937 3874 5012">
    <p class='ocr_par' dir='ltr' id='par_1_109' title="bbox 2284 4937 3874 5012">
     <span class='ocr_line' id='line_1_109' title="bbox 2284 4937 3874 5012; baseline 0.007 -22"><span class='ocrx_word' id='word_1_832' title='bbox 2284 4937 2465 4990; x_wconf 87' lang='lat' dir='ltr'><strong>tendat</strong></span> <span class='ocrx_word' id='word_1_833' title='bbox 2505 4947 2562 4990; x_wconf 92' lang='lat' dir='ltr'><strong>ut</strong></span> <span class='ocrx_word' id='word_1_834' title='bbox 2593 4938 2854 4993; x_wconf 89' lang='lat' dir='ltr'><strong>inimicus.</strong></span> <span class='ocrx_word' id='word_1_835' title='bbox 2891 4940 3204 4996; x_wconf 88' lang='lat' dir='ltr'><strong>Dubiiautcs</strong></span> <span class='ocrx_word' id='word_1_836' title='bbox 3233 4958 3362 5010; x_wconf 69' lang='lat' dir='ltr'><strong>ergo</strong></span> <span class='ocrx_word' id='word_1_837' title='bbox 3403 4959 3522 4998; x_wconf 91' lang='lat' dir='ltr'><strong>cum</strong></span> <span class='ocrx_word' id='word_1_838' title='bbox 3568 4945 3874 5012; x_wconf 71' lang='lat' dir='ltr'><strong>dixissent,</strong></span> 
     </span>
    </p>
   </div>
   <div class='ocr_carea' id='block_1_110' title="bbox 2283 5030 3873 5100">
    <p class='ocr_par' dir='ltr' id='par_1_110' title="bbox 2283 5030 3873 5100">
     <span class='ocr_line' id='line_1_110' title="bbox 2283 5030 3873 5100; baseline 0.006 -17"><span class='ocrx_word' id='word_1_839' title='bbox 2283 5030 2549 5085; x_wconf 88' lang='lat' dir='ltr'><strong>nemiuem</strong></span> <span class='ocrx_word' id='word_1_840' title='bbox 2583 5031 2883 5099; x_wconf 84' lang='lat' dir='ltr'><strong>principum</strong></span> <span class='ocrx_word' id='word_1_841' title='bbox 2909 5031 2959 5085; x_wconf 94' lang='lat' dir='ltr'><strong>in</strong></span> <span class='ocrx_word' id='word_1_842' title='bbox 2985 5031 3157 5100; x_wconf 86' lang='lat' dir='ltr'><strong>ipsum</strong></span> <span class='ocrx_word' id='word_1_843' title='bbox 3179 5033 3425 5100; x_wconf 83' lang='lat' dir='ltr'><strong>credere,</strong></span> <span class='ocrx_word' id='word_1_844' title='bbox 3452 5049 3551 5090; x_wconf 91' lang='lat' dir='ltr'><strong>nec</strong></span> <span class='ocrx_word' id='word_1_845' title='bbox 3577 5035 3873 5092; x_wconf 79' lang='lat' dir='ltr'><strong>vehemen-</strong></span> 
     </span>
    </p>
   </div>
   <div class='ocr_carea' id='block_1_111' title="bbox 2285 5122 3267 5178">
    <p class='ocr_par' dir='ltr' id='par_1_111' title="bbox 2285 5122 3267 5178">
     <span class='ocr_line' id='line_1_111' title="bbox 2285 5122 3267 5178; baseline 0.001 -3"><span class='ocrx_word' id='word_1_846' title='bbox 2285 5131 2365 5175; x_wconf 89' lang='lat' dir='ltr'><strong>ter</strong></span> <span class='ocrx_word' id='word_1_847' title='bbox 2396 5137 2494 5177; x_wconf 77' lang='lat' dir='ltr'><strong>nec</strong></span> <span class='ocrx_word' id='word_1_848' title='bbox 2517 5122 2742 5177; x_wconf 84' lang='lat' dir='ltr'><strong>remisse</strong></span> <span class='ocrx_word' id='word_1_849' title='bbox 2768 5123 2819 5176; x_wconf 91' lang='lat' dir='ltr'><strong>in</strong></span> <span class='ocrx_word' id='word_1_850' title='bbox 2852 5138 2973 5177; x_wconf 84' lang='lat' dir='ltr'><strong>eum</strong></span> <span class='ocrx_word' id='word_1_851' title='bbox 2995 5122 3267 5178; x_wconf 63' lang='lat' dir='ltr'><strong>feruntur.</strong></span> 
     </span>
    </p>
   </div>
   <div class='ocr_carea' id='block_1_112' title="bbox 2350 5215 3876 5289">
    <p class='ocr_par' dir='ltr' id='par_1_112' title="bbox 2350 5215 3876 5289">
     <span class='ocr_line' id='line_1_112' title="bbox 2350 5215 3876 5289; baseline 0.008 -19"><span class='ocrx_word' id='word_1_852' title='bbox 2350 5215 2403 5270; x_wconf 77' lang='lat'><strong>2.</strong></span> <span class='ocrx_word' id='word_1_853' title='bbox 2434 5219 2689 5280; x_wconf 72' lang='lat' dir='ltr'><strong>Quantam</strong></span> <span class='ocrx_word' id='word_1_854' title='bbox 2736 5217 2852 5272; x_wconf 67' lang='lat' dir='ltr'><strong>haec</strong></span> <span class='ocrx_word' id='word_1_855' title='bbox 2873 5220 3259 5288; x_wconf 81' lang='lat' dir='ltr'><strong>consequentia</strong></span> <span class='ocrx_word' id='word_1_856' title='bbox 3283 5261 3297 5286; x_wconf 94' lang='lat'><strong>,</strong></span> <span class='ocrx_word' id='word_1_857' title='bbox 3346 5215 3438 5274; x_wconf 91' lang='lat' dir='ltr'><strong>illo</strong></span> <span class='ocrx_word' id='word_1_858' title='bbox 3475 5221 3691 5279; x_wconf 89' lang='lat' dir='ltr'><strong>dicente</strong></span> <span class='ocrx_word' id='word_1_859' title='bbox 3715 5267 3729 5289; x_wconf 89' lang='lat'><strong>,</strong></span> <span class='ocrx_word' id='word_1_860' title='bbox 3763 5223 3876 5282; x_wconf 64' lang='lat' dir='ltr'><strong>Lex</strong></span> 
     </span>
    </p>
   </div>
   <div class='ocr_carea' id='block_1_113' title="bbox 2281 5308 3875 5381">
    <p class='ocr_par' dir='ltr' id='par_1_113' title="bbox 2281 5308 3875 5381">
     <span class='ocr_line' id='line_1_113' title="bbox 2281 5308 3875 5381; baseline 0.007 -19"><span class='ocrx_word' id='word_1_861' title='bbox 2281 5318 2454 5362; x_wconf 85' lang='lat' dir='ltr'><strong>nostra</strong></span> <span class='ocrx_word' id='word_1_862' title='bbox 2484 5325 2584 5361; x_wconf 83' lang='lat' dir='ltr'><strong>non</strong></span> <span class='ocrx_word' id='word_1_863' title='bbox 2603 5308 2805 5379; x_wconf 82' lang='lat' dir='ltr'><strong>judicat</strong></span> <span class='ocrx_word' id='word_1_864' title='bbox 2824 5325 3149 5379; x_wconf 87' lang='lat' dir='ltr'><strong>quemquam,</strong></span> <span class='ocrx_word' id='word_1_865' title='bbox 3181 5312 3534 5381; x_wconf 89' lang='lat' dir='ltr'><strong>respondere.</strong></span> <span class='ocrx_word' id='word_1_866' title='bbox 3567 5314 3656 5370; x_wconf 73' lang='lat'><strong>52.</strong></span> <span class='ocrx_word' id='word_1_867' title='bbox 3694 5315 3875 5373; x_wconf 78' lang='lat' dir='ltr'><strong>Num-</strong></span> 
     </span>
    </p>
   </div>
   <div class='ocr_carea' id='block_1_114' title="bbox 2280 5398 3875 5472">
    <p class='ocr_par' dir='ltr' id='par_1_114' title="bbox 2280 5398 3875 5472">
     <span class='ocr_line' id='line_1_114' title="bbox 2280 5398 3875 5472; baseline 0.009 -20"><span class='ocrx_word' id='word_1_868' title='bbox 2280 5398 2402 5468; x_wconf 89' lang='lat' dir='ltr'><strong>quid</strong></span> <span class='ocrx_word' id='word_1_869' title='bbox 2423 5411 2472 5453; x_wconf 91' lang='lat' dir='ltr'><strong>et</strong></span> <span class='ocrx_word' id='word_1_870' title='bbox 2495 5410 2546 5452; x_wconf 90' lang='lat' dir='ltr'><strong>tu</strong></span> <span class='ocrx_word' id='word_1_871' title='bbox 2567 5415 2630 5453; x_wconf 78' lang='lat' dir='ltr'><strong>ea:</strong></span> <span class='ocrx_word' id='word_1_872' title='bbox 2650 5398 2865 5454; x_wconf 72' lang='lat' dir='ltr'><strong>Gulilwa</strong></span> <span class='ocrx_word' id='word_1_873' title='bbox 2886 5417 2936 5453; x_wconf 87' lang='lat' dir='ltr'><strong>es</strong></span> <span class='ocrx_word' id='word_1_874' title='bbox 2953 5401 2979 5454; x_wconf 74' lang='grc' dir='ltr'><em>Ῑ</em></span> <span class='ocrx_word' id='word_1_875' title='bbox 3002 5401 3132 5455; x_wconf 84' lang='lat' dir='ltr'><strong>Cum</strong></span> <span class='ocrx_word' id='word_1_876' title='bbox 3161 5406 3489 5472; x_wconf 86' lang='lat' dir='ltr'><strong>oportuisset</strong></span> <span class='ocrx_word' id='word_1_877' title='bbox 3511 5413 3666 5465; x_wconf 25' lang='lat' dir='ltr'><strong>enim.</strong></span> <span class='ocrx_word' id='word_1_878' title='bbox 3683 5422 3875 5466; x_wconf 85' lang='lat' dir='ltr'><strong>osten-</strong></span> 
     </span>
    </p>
   </div>
   <div class='ocr_carea' id='block_1_115' title="bbox 2281 5490 3872 5570">
    <p class='ocr_par' dir='ltr' id='par_1_115' title="bbox 2281 5490 3872 5570">
     <span class='ocr_line' id='line_1_115' title="bbox 2281 5490 3872 5570; baseline 0.006 -24"><span class='ocrx_word' id='word_1_879' title='bbox 2281 5490 2410 5546; x_wconf 84' lang='lat' dir='ltr'><strong>dere</strong></span> <span class='ocrx_word' id='word_1_880' title='bbox 2453 5505 2512 5546; x_wconf 90' lang='lat' dir='ltr'><strong>se</strong></span> <span class='ocrx_word' id='word_1_881' title='bbox 2540 5506 2646 5544; x_wconf 89' lang='lat' dir='ltr'><strong>non</strong></span> <span class='ocrx_word' id='word_1_882' title='bbox 2681 5500 2880 5548; x_wconf 78' lang='lat' dir='ltr'><strong>temere</strong></span> <span class='ocrx_word' id='word_1_883' title='bbox 2912 5506 2977 5548; x_wconf 90' lang='lat' dir='ltr'><strong>eo</strong></span> <span class='ocrx_word' id='word_1_884' title='bbox 3010 5493 3222 5548; x_wconf 84' lang='lat' dir='ltr'><strong>misisse</strong></span> <span class='ocrx_word' id='word_1_885' title='bbox 3259 5495 3347 5564; x_wconf 82' lang='lat' dir='ltr'><strong>qui</strong></span> <span class='ocrx_word' id='word_1_886' title='bbox 3391 5497 3540 5552; x_wconf 91' lang='lat' dir='ltr'><strong>illum</strong></span> <span class='ocrx_word' id='word_1_887' title='bbox 3593 5513 3872 5570; x_wconf 83' lang='lat' dir='ltr'><strong>vocarent,</strong></span> 
     </span>
    </p>
   </div>
   <div class='ocr_carea' id='block_1_116' title="bbox 2281 5583 3878 5662">
    <p class='ocr_par' dir='ltr' id='par_1_116' title="bbox 2281 5583 3878 5662">
     <span class='ocr_line' id='line_1_116' title="bbox 2281 5583 3878 5662; baseline 0.006 -23"><span class='ocrx_word' id='word_1_888' title='bbox 2281 5593 2330 5639; x_wconf 90' lang='lat' dir='ltr'><strong>et</strong></span> <span class='ocrx_word' id='word_1_889' title='bbox 2366 5598 2469 5636; x_wconf 88' lang='lat' dir='ltr'><strong>non</strong></span> <span class='ocrx_word' id='word_1_890' title='bbox 2505 5598 2640 5654; x_wconf 81' lang='lat' dir='ltr'><strong>opus</strong></span> <span class='ocrx_word' id='word_1_891' title='bbox 2679 5598 2799 5639; x_wconf 84' lang='lat' dir='ltr'><strong>esse</strong></span> <span class='ocrx_word' id='word_1_892' title='bbox 2830 5583 3002 5654; x_wconf 86' lang='lat' dir='ltr'><strong>ipsum</strong></span> <span class='ocrx_word' id='word_1_893' title='bbox 3045 5583 3286 5656; x_wconf 77' lang='lat' dir='ltr'><strong>alloqui,</strong></span> <span class='ocrx_word' id='word_1_894' title='bbox 3329 5590 3520 5643; x_wconf 86' lang='lat' dir='ltr'><strong>acerbe</strong></span> <span class='ocrx_word' id='word_1_895' title='bbox 3565 5587 3878 5662; x_wconf 78' lang='lat' dir='ltr'><strong>furioseque</strong></span> 
     </span>
    </p>
   </div>
   <div class='ocr_carea' id='block_1_117' title="bbox 2284 5674 3876 5752">
    <p class='ocr_par' dir='ltr' id='par_1_117' title="bbox 2284 5674 3876 5752">
     <span class='ocr_line' id='line_1_117' title="bbox 2284 5674 3876 5752; baseline 0.006 -22"><span class='ocrx_word' id='word_1_896' title='bbox 2284 5685 2548 5745; x_wconf 86' lang='lat' dir='ltr'><strong>reponunt</strong></span> <span class='ocrx_word' id='word_1_897' title='bbox 2573 5693 2585 5729; x_wconf 91' lang='lat'>:</span> <span class='ocrx_word' id='word_1_898' title='bbox 2615 5675 2858 5732; x_wconf 80' lang='lat' dir='ltr'><strong>Scrutare</strong></span> <span class='ocrx_word' id='word_1_899' title='bbox 2878 5686 2924 5730; x_wconf 88' lang='lat' dir='ltr'><strong>et</strong></span> <span class='ocrx_word' id='word_1_900' title='bbox 2949 5674 3064 5729; x_wconf 78' lang='lat' dir='ltr'><strong>vide</strong></span> <span class='ocrx_word' id='word_1_901' title='bbox 3088 5717 3101 5742; x_wconf 91' lang='lat'><strong>,</strong></span> <span class='ocrx_word' id='word_1_902' title='bbox 3123 5677 3249 5746; x_wconf 81' lang='lat' dir='ltr'><strong>quia</strong></span> <span class='ocrx_word' id='word_1_903' title='bbox 3278 5693 3343 5732; x_wconf 66' lang='lat' dir='ltr'><strong>ea:</strong></span> <span class='ocrx_word' id='word_1_904' title='bbox 3379 5677 3592 5734; x_wconf 77' lang='lat' dir='ltr'><strong>Galiltea</strong></span> <span class='ocrx_word' id='word_1_905' title='bbox 3621 5684 3876 5752; x_wconf 85' lang='lat' dir='ltr'><strong>propheta</strong></span> 
     </span>
    </p>
   </div>
   <div class='ocr_carea' id='block_1_118' title="bbox 2282 5768 3876 5846">
    <p class='ocr_par' dir='ltr' id='par_1_118' title="bbox 2282 5768 3876 5846">
     <span class='ocr_line' id='line_1_118' title="bbox 2282 5768 3876 5846; baseline 0.006 -22"><span class='ocrx_word' id='word_1_906' title='bbox 2282 5788 2381 5824; x_wconf 88' lang='lat' dir='ltr'><strong>non</strong></span> <span class='ocrx_word' id='word_1_907' title='bbox 2432 5771 2610 5840; x_wconf 85' lang='lat' dir='ltr'><strong>surgit.</strong></span> <span class='ocrx_word' id='word_1_908' title='bbox 2639 5769 2775 5836; x_wconf 89' lang='lat' dir='ltr'><strong>Quid</strong></span> <span class='ocrx_word' id='word_1_909' title='bbox 2821 5769 2962 5824; x_wconf 85' lang='lat' dir='ltr'><strong>enim</strong></span> <span class='ocrx_word' id='word_1_910' title='bbox 3010 5768 3145 5824; x_wconf 80' lang='lat' dir='ltr'><strong>dixit</strong></span> <span class='ocrx_word' id='word_1_911' title='bbox 3194 5770 3357 5827; x_wconf 91' lang='lat' dir='ltr'><strong>homo</strong></span> <span class='ocrx_word' id='word_1_912' title='bbox 3398 5772 3526 5828; x_wconf 83' lang='lat' dir='ltr'><strong>ille?</strong></span> <span class='ocrx_word' id='word_1_913' title='bbox 3555 5789 3681 5830; x_wconf 90' lang='lat' dir='ltr'><strong>num</strong></span> <span class='ocrx_word' id='word_1_914' title='bbox 3729 5779 3876 5846; x_wconf 83' lang='lat' dir='ltr'><strong>quod</strong></span> 
     </span>
    </p>
   </div>
   <div class='ocr_carea' id='block_1_119' title="bbox 2283 5859 3878 5933">
    <p class='ocr_par' dir='ltr' id='par_1_119' title="bbox 2283 5859 3878 5933">
     <span class='ocr_line' id='line_1_119' title="bbox 2283 5859 3878 5933; baseline 0.012 -24"><span class='ocrx_word' id='word_1_915' title='bbox 2283 5862 2537 5933; x_wconf 76' lang='lat' dir='ltr'><strong>propheta</strong></span> <span class='ocrx_word' id='word_1_916' title='bbox 2582 5859 2764 5918; x_wconf 85' lang='lat' dir='ltr'><strong>esset?</strong></span> <span class='ocrx_word' id='word_1_917' title='bbox 2810 5860 2989 5930; x_wconf 73' lang='lat' dir='ltr'><strong>Dixit,</strong></span> <span class='ocrx_word' id='word_1_918' title='bbox 3024 5875 3128 5918; x_wconf 87' lang='lat' dir='ltr'><strong>non</strong></span> <span class='ocrx_word' id='word_1_919' title='bbox 3175 5861 3470 5933; x_wconf 71' lang='lat' dir='ltr'><strong>iudicatum</strong></span> <span class='ocrx_word' id='word_1_920' title='bbox 3521 5881 3626 5922; x_wconf 87' lang='lat' dir='ltr'><strong>non</strong></span> <span class='ocrx_word' id='word_1_921' title='bbox 3697 5871 3878 5928; x_wconf 84' lang='lat' dir='ltr'><strong>occidi</strong></span> 
     </span>
    </p>
   </div>
  </div>
