4088 6488
217 431 314 490 289

1325 410 1391 468 IN
1429 404 1740 466 «ΙΟᾹΝΝΕΜ
1781 398 2014 460 IIOMIL.
2055 399 2161 456 LII.
2195 402 2263 458 al.
2307 401 2392 460 LI.

3393 408 3498 468 290

215 553 475 616 οροτῑθτθ.
501 539 585 597 Illi
615 551 742 595 vero
770 531 1161 592 contumeliose
1185 569 1201 597 ,
1233 542 1296 584 ac
1324 528 1371 584 si
1400 524 1794 595 Scripturarum
1902 515 2076 616 iudico
2103 532 2402 616 quamquam
2429 536 2446 572 .-
2470 526 2518 574 et
2541 517 2587 572 si
2601 518 2802 616 judico,
2824 517 3078 616 judicium
3117 536 3282 576 meum
3327 536 3497 579 verum

216 651 426 710 prorsus
448 635 667 706 ignarus
692 637 855 695 esset,
885 625 1002 682 haec
1026 630 1314 695 reponunt,
1342 633 1406 676 ac
1435 619 1480 674 si
1512 617 1792 710 dicerent:

223 707 376 795 Vade,
404 728 590 793 disce;
620 723 671 781 id
691 723 832 778 enim
857 718 960 777 sibi
987 717 1098 774 vult
1133 715 1284 783 illud,
1317 713 1560 770 Scrutare
1587 718 1633 764 et
1659 707 1790 763 vide.

1901 616 1993 664 est.
2024 609 2160 666 Nam
2184 609 2228 665 si
2251 609 2494 680 judicare
2532 611 2750 681 vellem,
2772 628 2840 670 ex
2865 612 3242 673 damnatorum
3275 632 3500 677 numero

1903 704 2098 759 essetis
2124 721 2136 757 :
2168 703 2285 760 luce
2332 718 2464 762 vero
2491 720 2599 762 non
2624 705 2873 778 judicans
2898 707 3021 766 diec
3046 750 3062 777 ,
3092 710 3283 782 inquit.
3311 710 3499 786 Neque

214 793 515 890 Quid-ergo
567 811 846 874 Christus?
884 810 1017 880 Quia
1064 807 1342 865 Galilaaam
1384 813 1439 861 et
1476 802 1793 906 prophetam
2050 793 2178 860 (Ιῖιίν
2212 793 2328 852 Νοῐι
2346 795 2598 906 iudicatis
2628 798 2942 906 dicov‘qu‘“
2967 802 3306 906 iisinnﬂdama
3337 819 3425 906 πξδθ
3452 806 3498 861 εί

219 885 424 988 s'emper
451 885 506 970 in
543 928 639 970 ore
666 909 955 966 versabant
985 949 1000 972 ο
1030 918 1222 962 omnes
1243 902 1311 958 ab
1343 900 1519 955 auena
1541 894 1795 988 ορῖηῑφο
1898 885 2162 988 judieem,
2187 902 2288 944 vos
2307 901 2428 946 esse
2452 898 2732 988 capturum
2763 893 2910 966 (nam
2935 893 2982 950 si
3008 893 3330 988 judicarem,
3353 897 3501 968 juste

216 983 517 1072 removens,
549 1011 600 1060 et
624 1000 916 1059 ostendens
936 1013 998 1055 se
1015 1012 1120 1052 non
1136 1008 1256 1051 esse
1281 1005 1446 1046 unum
1467 1004 1531 1043 cx
1561 983 1795 1057 prephe-

215 1100 302 1168 tis,
331 1098 425 1156 sed
451 1095 632 1157 mundi
660 1096 945 1151 Dominum
968 1133 984 1157 ,
1004 1091 1079 1146 ait
1101 1088 1252 1161 (Cap.
1279 1085 1348 1155 8)
1384 1102 1398 1138 :
1432 1082 1519 1137 l2.
1549 1079 1662 1151 Ego
1684 1093 1794 1132 sum

213 1194 300 1248 tua:
323 1190 503 1246 mundi
525 1187 627 1260 (a).
651 1187 766 1244 Non
793 1185 1032 1242 Galiltea:
1051 1224 1068 1246 ,
1100 1195 1206 1236 non
1234 1176 1549 1238 Palaestinas,
1577 1185 1680 1227 non
1698 1168 1797 1226 Ju-

211 1283 354 1339 dacar.
380 1279 521 1348 Quid
544 1293 705 1350 porro
731 1275 900 1332 Judaei
921 1275 944 1330 ?
969 1275 1058 1332 15.
1084 1271 1167 1328 Tu
1189 1270 1252 1325 de
1281 1269 1440 1338 teipso
1459 1260 1798 1319 testimonium

215 1375 464 1448 perhibes,
510 1373 849 1428 testimonium
895 1381 1038 1424 tuum
1065 1383 1238 1422 verum
1267 1381 1367 1419 non
1411 1371 1502 1416 est.
1534 1360 1580 1415 0
1622 1354 1797 1413 stulti-

214 1466 374 1520 tiam?
401 1464 484 1521 Ad
521 1463 826 1533 Scripturas
854 1460 975 1516 illus
1016 1472 1232 1528 semper
1270 1453 1466 1517 mittit,
1497 1460 1554 1507 et
1589 1450 1794 1513 dicunt,

211 1554 288 1610 Tu
313 1555 653 1611 testimonium
679 1554 908 1624 perhibes
943 1551 1006 1604 de
1030 1550 1205 1620 teipse.
1232 1545 1383 1614 Quod
1411 1555 1587 1598 autem
1620 1539 1799 1612 perhi-

213 1647 322 1702 buit
367 1644 770 1702 testimonium?
826 1642 936 1712 Ego
986 1658 1101 1695 sum
1151 1643 1240 1694 tua:
1305 1637 1503 1691 mundi.
1553 1634 1796 1704 Magnum

211 1739 431 1805 dictum,
461 1737 640 1808 utique
667 1751 939 1806 magnum.
972 1732 1077 1789 Sed
1105 1748 1208 1787 non
1234 1730 1388 1786 valde
1415 1730 1537 1784 illus
1565 1725 1799 1798 exagita-

213 1831 287 1883 vit
315 1870 329 1894 ,
361 1829 490 1899 quia
538 1842 637 1883 nec
662 1842 722 1882 se
743 1825 855 1896 jam
883 1824 1144 1895 mqualetn
1172 1821 1314 1877 Patri
1341 1819 1555 1876 dicebat
1578 1858 1592 1884 ,
1620 1831 1721 1873 nec
1739 1830 1799 1872 se

212 1920 402 1977 Filium
430 1919 552 1990 ejus
571 1932 691 1974 esse
721 1916 800 1972 vel
851 1917 1040 1977 Deum,
1069 1912 1164 1969 sed
1202 1913 1376 1968 lucem
1410 1919 1636 1966 tantum.
1665 1907 1798 1963 Illud

209 2026 420 2083 quoque
471 2018 648 2066 tamen
693 2017 936 2064 evertere
977 2005 1228 2061 volebant
1257 2020 1271 2056 :
1300 2018 1420 2056 nam
1452 2001 1622 2071 majus
1670 1997 1798 2054 illud

210 2113 345 2170 erat,
376 2119 541 2175 quam
571 2101 774 2168 dicere,
802 2099 904 2168 Qui
929 2099 1155 2169 sequitur
1191 2112 1290 2163 nte,
1318 2112 1420 2150 non
1441 2091 1717 2149 ambulabit
1745 2093 1799 2147 in

211 2197 445 2253 tenebris.
479 2195 676 2252 Lucem
703 2203 760 2250 et
786 2193 1035 2249 tenebras
1055 2190 1361 2261 Spirituales
1377 2189 1540 2255 dicit;
1571 2191 1672 2243 hoc
1690 2195 1796 2254 est,

210 2288 322 2346 Non
349 2299 534 2344 manet
555 2288 607 2343 iu
621 2301 825 2342 errore.
851 2284 948 2340 llic
973 2283 1320 2340 Nicodemum
1344 2281 1512 2337 allicit
1540 2289 1595 2336 ct
1619 2278 1798 2350 erigit,

209 2393 390 2453 utpote
417 2383 508 2454 qui
539 2381 707 2436 libere
737 2379 989 2450 loquutus
1009 2385 1172 2440 esset.
1199 2386 1360 2447 atque
1386 2375 1659 2430 ministros
1680 2373 1801 2428 lau-

208 2473 300 2530 dat
317 2473 461 2545 quod
491 2472 562 2528 ita
583 2486 643 2527 se
661 2469 945 2542 gesserint.
965 2466 1209 2524 Clamare
1235 2467 1378 2522 enim
1405 2463 1479 2540 (ὁ)
1505 2465 1606 2520 hoc
1631 2464 1799 2536 signi-

211 2567 354 2635 llcat,
398 2564 546 2638 quod
574 2562 803 2619 voluerit
843 2561 964 2616 illos
1005 2560 1072 2615 ad
1112 2557 1436 2614 audiendum
1483 2557 1738 2612 inducere
1781 2570 1798 2609 :

211 2658 478 2730 simulque
522 2654 864 2721 subindicat,
905 2651 1028 2708 illos
1073 2650 1209 2707 clam
1264 2649 1421 2705 dolos
1475 2657 1705 2712 struere,
1748 2647 1802 2703 in

211 2749 449 2808 tenebris
478 2761 673 2818 nempe
697 2755 753 2801 et
779 2746 830 2801 iu
861 2758 1049 2801 errore
1074 2783 1092 2811 ,
1121 2741 1218 2799 sed
1245 2742 1420 2798 lucem
1451 2756 1558 2797 non
1581 2755 1804 2812 snpera-

213 2852 362 2899 turos
391 2855 536 2898 esse.
562 2839 737 2910 Atque
751 2834 1045 2893 Nicodemo
1066 2834 1119 2891 in
1142 2843 1377 2891 mentem
1403 2840 1622 2889 revocat
1640 2831 1802 2887 verba

210 2935 299 2992 illa
347 2949 471 3008 qua:
522 2946 692 3003 nuper
733 2929 985 2985 dixerat:
1021 2925 1200 2982 Omnis
1245 2926 1334 2998 qui
1375 2922 1508 2980 male
1541 2931 1802 2995 operatur,

211 3028 314 3083 odit
339 3028 528 3093 lucem,
558 3033 608 3079 et
629 3039 729 3078 non
759 3023 889 3076 venit
913 3021 982 3075 ad
1005 3021 1188 3085 lucent,
1220 3035 1284 3075 ne
1321 3035 1476 3089 opera
1505 3019 1618 3090 ejus
1640 3033 1806 3089 appa-

211 3127 351 3174 reant
376 3117 561 3189 (Joan.
595 3115 646 3171 3.
676 3112 800 3185 20).
833 3112 967 3182 Quia
996 3110 1270 3178 dicebant,
1303 3110 1576 3167 neminem
1604 3108 1804 3180 princi-

212 3224 334 3280 pum
367 3209 424 3264 in
444 3221 569 3262 eum
597 3203 927 3270 credidisse;
960 3203 1082 3259 ideo
1109 3203 1223 3271 ait,
1258 3201 1361 3270 Qui
1388 3201 1520 3256 male
1544 3201 1672 3271 agit,
1700 3217 1804 3255 non

211 3301 341 3355 venit
367 3299 438 3354 ad
473 3298 670 3364 luenti,
700 3294 993 3352 ostendens
1031 3309 1138 3349 non
1177 3309 1245 3351 ex
1275 3294 1411 3351 lucis
1438 3292 1804 3350 imbecillitate

211 3392 337 3447 illud
384 3405 510 3448 esse
538 3430 554 3454 ,
584 3388 678 3445 sed
707 3405 776 3445 ex
817 3389 1029 3444 illorum
1060 3401 1310 3458 perversa
1342 3387 1636 3443 voluntate.
1687 3384 1801 3441 Re-

209 3480 526 3552 sponderunt
578 3489 626 3535 et
658 3479 899 3534 dixerunt
932 3478 980 3533 ei
1001 3495 1022 3533 :
1052 3476 1128 3532 Tu
1153 3477 1216 3531 de
1255 3478 1414 3548 teipso
1453 3476 1795 3532 testimonium

209 3574 463 3643 perhibes.
517 3572 655 3641 Quid
697 3573 858 3644 igitur
899 3570 1024 3628 ille?
1058 3571 1144 3627 II.
1177 3567 1293 3624 Etsi
1339 3585 1430 3640 ego
1466 3569 1807 3626 testimonium

209 3665 447 3736 perhibeo
483 3665 551 3719 de
595 3665 806 3737 nteipso,
862 3663 1202 3720 testimonium
1247 3677 1413 3717 meum
1459 3677 1630 3716 verum
1678 3669 1750 3716 est
1785 3676 1807 3716 :

207 3757 328 3827 quia
353 3757 464 3814 scio
496 3755 632 3810 unde
657 3755 802 3823 ueni,
844 3764 894 3811 et
932 3771 1030 3826 quo
1059 3754 1188 3810 uado
1206 3769 1226 3819 ;
1251 3769 1339 3809 vos
1383 3761 1552 3808 autem
1599 3753 1805 3808 nescitis

208 3850 342 3904 unde
366 3850 536 3905 uenio.
565 3847 716 3918 Quod
746 3849 895 3919 prius
914 3847 1143 3913 dixerat,
1171 3845 1273 3902 hoc
1301 3854 1579 3918 opponunt
1603 3846 1800 3915 Judaei,

210 3951 482 4015 tamquam
514 3941 782 4012 praecipue
800 3940 1022 3996 dictum.
1054 3939 1193 4008 Quid
1218 3953 1346 4011 ergo
1364 3938 1646 3995 Christus?
1673 3938 1804 3995 Illud

209 4034 404 4091 evertit
453 4044 616 4105 atque
657 4031 926 4101 ostendit,
977 4048 1038 4090 se
1088 4031 1177 4089 illa
1224 4033 1518 4090 secundum
1568 4033 1805 4104 ipsorum

209 4127 522 4199 Opinionem
550 4126 749 4182 dixisse
791 4125 907 4194 eis,
936 4125 1079 4197 quod
1127 4142 1248 4183 eum
1291 4127 1588 4198 simplicem
1632 4128 1810 4184 homi-

208 4233 330 4275 nem
358 4235 484 4276 esse
511 4218 920 4283 arbitrarentur.
947 4219 1132 4291 aitque
1161 4237 1174 4274 :
1198 4217 1310 4274 Etsi
1335 4237 1426 4292 ego
1467 4221 1805 4277 testimonium

210 4311 446 4376 perhibeo
470 4313 538 4367 de
559 4329 639 4366 nte
655 4313 790 4385 ipso,
811 4329 981 4367 verum
1006 4322 1083 4369 est
1108 4314 1445 4369 testimonium
1472 4331 1658 4382 meum,
1684 4317 1804 4387 quia

206 4403 310 4458 scio
330 4405 468 4458 unde
499 4401 665 4458 senio.
709 4403 847 4473 Quid
875 4403 980 4460 sibi
1009 4405 1125 4460 vult
1150 4404 1295 4461 hoc?
1338 4405 1415 4461 Ex
1447 4406 1560 4463 Deo
1579 4421 1721 4475 sum,
1749 4416 1805 4465 et

209 4492 368 4561 Dens,
399 4504 456 4551 ct
488 4493 655 4549 Filius
682 4493 798 4550 Dei.
831 4494 974 4552 Deus
999 4496 1102 4552 sibi
1126 4497 1229 4552 (ide
1256 4497 1448 4570 dignus
1473 4501 1625 4555 testis
1663 4518 1676 4556 :
1707 4515 1803 4557 vos

207 4599 334 4641 vero
359 4601 472 4641 non
502 4584 674 4640 nostis
699 4600 714 4652 ;
740 4595 934 4656 sponte
958 4595 1132 4642 vestra
1152 4586 1384 4659 maligne
1403 4589 1581 4660 agitis,
1603 4601 1656 4646 et
1678 4605 1796 4646 eun:

205 4675 393 4730 sciatis
416 4717 432 4739 ,
464 4675 680 4731 nescire
706 4674 972 4750 simulatis
1009 4693 1025 4730 :
1054 4676 1146 4732 sed
1174 4678 1467 4734 secundum
1512 4678 1800 4736 humanam

204 4767 534 4822 sententiam
574 4765 899 4836 loquimini,
929 4766 1170 4840 nihilque
1215 4770 1448 4840 amplius
1499 4772 1803 4845 intelligere

205 4856 387 4923 vultis,
421 4872 589 4928 quam
618 4856 669 4913 id
696 4857 840 4930 quod
861 4866 1105 4929 apparet.
1137 4860 1224 4917 15.
1265 4858 1366 4916 Vos
1387 4864 1668 4917 secundum
1694 4881 1802 4919 car-

205 4965 315 5003 nem
330 4950 612 5022 judicatis.
642 4948 712 5007 Ut
737 4949 1034 5007 secundum
1059 4965 1277 5008 carnem
1302 4952 1484 5010 vivere
1509 4994 1524 5020 ,
1556 4955 1696 5011 male
1723 4956 1803 5012 vi-

204 5056 329 5097 vere
356 5049 446 5097 est
477 5058 493 5096 :
531 5039 610 5096 sic
632 5041 928 5097 secundum
957 5057 1176 5098 carnem
1197 5042 1461 5114 judicare,
1485 5055 1568 5103 est
1601 5048 1801 5119 injuste

200 5130 462 5203 judicare.
493 5129 609 5203 Ego
651 5147 752 5187 non
761 5131 942 5203 judico
978 5149 1278 5206 quanquam
1303 5151 1324 5191 :
1347 5137 1432 5194 l6.
1462 5146 1510 5194 et
1535 5140 1583 5195 si
1596 5140 1799 5210 judico,

202 5220 451 5285 iudicium
489 5237 662 5276 meum
700 5237 870 5277 serunt
898 5232 991 5278 est.
1038 5223 1152 5281 lluc
1170 5235 1272 5292 est,
1300 5225 1502 5298 Iujuste
1521 5230 1795 5301 judicatis.

204 5310 269 5366 Et
290 5312 336 5368 si
358 5311 568 5382 injuste
587 5310 912 5382 iudicamus,
939 5314 1206 5386 inquiunt,
1230 5332 1328 5374 cur
1350 5335 1454 5375 non
1482 5322 1801 5395 redarguis?

200 5417 295 5458 cur
322 5419 438 5461 non
474 5405 753 5477 castigas?
775 5421 874 5464 cur
901 5423 1008 5464 non
1036 5411 1365 5470 condemnas
1385 5417 1409 5468 't
1429 5415 1563 5486 Quia
1592 5434 1702 5475 non
1730 5421 1799 5478 ad

201 5495 302 5554 hoc
332 5499 502 5569 veni,
535 5497 725 5572 inquit.
768 5498 824 5556 Id
866 5501 1012 5558 enim
1061 5503 1325 5577 signillcat
1354 5507 1482 5563 illud
1508 5526 1522 5564 :
1554 5509 1667 5584 Ego
1696 5529 1799 5569 non

262 5690 453 5803 (ante
475 5697 630 5740 totam
662 5690 729 5764 de
762 5692 973 5744 muliere
1007 5693 1059 5744 ln
1094 5695 1337 5749 adulterio
1367 5698 1682 5765 deprehensa
1724 5705 1800 5757 bl-

262 5766 297 5801 η·
363 5767 394 5803 n
423 5757 754 5803 mter-nituit
770 5753 1148 5803 Clu-vsustomus.

201 5753 394 5803 stat-iam
423 5753 1148 5821 [remittimus-posterum.
1436 5753 1452 5765 '
1724 5753 1775 5757 ἡ

202 5815 337 5896 -..191
354 5812 748 5896 _‘l'9_‘_':fi‘5'.'.‘£"f
766 5817 1130 5896 ειείηιξβὲείρψε
1155 5823 1408 5896 ’ἐξενίσθη
1432 5826 1549 5879 illud
1581 5841 1686 5892 ων·
1716 5843 1800 5882 se-

202 5874 331 5940 ptimi
352 5874 688 5940 pra-cedentis
711 5889 754 5925 ν.
781 5877 860 5938 57,
885 5874 930 5932 et
952 5881 1190 5935 clamabat
1207 5874 1392 5938 dicens.

1905 992 1999 1032 vos
2025 977 2440 1037 eondcmuarcm
2465 980 2485 1052 )
2520 1000 2534 1038 :
2575 989 2632 1038 at
2652 998 2794 1040 nunc
2817 991 3026 1056 tempus
3048 985 3236 1057 judicii
3263 1002 3369 1044 non
3389 997 3496 1046 est.

1903 1067 2164 1126 Futurum
2215 1086 2430 1144 quoque
2471 1073 2732 1144 judicium
2779 1075 3119 1146 subindieat,
3173 1093 3296 1136 cum
3345 1077 3498 1148 dicit,

1909 1162 2043 1230 Quia
2070 1163 2211 1220 solus
2240 1180 2343 1220 non
2381 1181 2516 1232 sum,
2543 1167 2638 1222 sed
2655 1183 2748 1239 rgo
2771 1179 2819 1224 et
2836 1169 2925 1240 qui
2943 1169 3079 1225 misit
3097 1185 3178 1226 me
3201 1169 3380 1226 Pater.
3402 1171 3501 1229 llis

1906 1267 2070 1323 porro
2101 1255 2294 1322 innuit,
2325 1269 2429 1311 non
2445 1269 2508 1312 se
2533 1257 2709 1313 solum
2731 1259 2876 1330 ipsos
2901 1258 3182 1328 damnare,
3204 1263 3299 1318 sed
3329 1263 3490 1320 etiam

1903 1344 2140 1401 Patrem.
2190 1346 2391 1404 Deinde
2443 1346 2546 1405 hoc
2577 1349 2681 1406 sub
2711 1349 2896 1407 umbra
2951 1351 3180 1424 quadam
3235 1353 3390 1423 dixit,
3444 1356 3507 1412 in

1903 1435 1982 1493 rei
2014 1438 2379 1495 testimonium
2426 1440 2688 1497 inducens
2731 1460 2745 1498 :
2789 1443 2878 1498 17.
2909 1441 2978 1499 In
3004 1443 3115 1516 lege
3139 1455 3308 1502 autent
3334 1457 3501 1504 uestra

1903 1533 2150 1602 scriptum
2178 1540 2271 1601 est,
2291 1532 2508 1588 duorum
2541 1535 3160 1594 hominum-testimonium
3185 1556 3355 1596 verum
3373 1558 3500 1598 esse.

1999 1622 2054 1678 3.
2088 1621 2459 1680 Htcreticorum
2487 1624 2722 1693 obiectio.
2743 1630 2971 1697 --Quid
3000 1630 3085 1686 hic
3114 1631 3350 1688 dixerint
3387 1633 3499 1690 lia:-

1903 1715 2099 1772 retici?
2141 1716 2280 1785 Quid
2338 1719 2458 1790 plus
2503 1718 2732 1786 habeat,
2777 1735 2938 1792 quam
3000 1721 3266 1792 homines,
3307 1727 3352 1782 si
3400 1727 3511 1784 hoe

1904 1807 2108 1864 dictum
2147 1809 2466 1880 simpliciter
2491 1810 2859 1882 accipiamus?
2886 1814 3041 1886 Apud
3081 1816 3330 1874 homines
3358 1820 3525 1877 cuiin-

1905 1897 2040 1954 ideo
2066 1899 2168 1955 hoc
2211 1906 2471 1956 statutum
2526 1901 2662 1973 fuit,
2697 1904 2822 1975 quia
2876 1919 3037 1963 nemo
3074 1907 3222 1964 solus
3262 1917 3347 1966 est
3399 1909 3509 1968 lida

1903 1991 2096 2063 dignus
2127 2012 2138 2048 :
2171 1993 2313 2064 apud
2343 1993 2511 2051 Deum
2540 2005 2722 2052 autem
2747 1997 3020 2067 quomodo
3062 1998 3166 2055 hoc
3209 2011 3356 2057 stare
3398 2017 3502 2073 po-

1907 2082 2112 2139 tuerit?
2131 2083 2238 2140 Cur
2257 2083 2459 2142 dictum
2483 2093 2601 2155 est,
2641 2086 2761 2143 Duo
2780 2085 2816 2142 τ’
2835 2103 2962 2145 num
3010 2091 3135 2161 quia
3174 2090 3282 2147 duo
3330 2101 3459 2148 sunt
3489 2137 3500 2158 ,

1905 2176 1986 2232 vel
2004 2177 2126 2248 quia
2149 2176 2394 2236 homines
2405 2179 2688 2247 sunt,ideo
2701 2188 2828 2238 sunt
2842 2179 2951 2237 duo
2965 2183 2990 2237 ?
3017 2181 3072 2240 Si
3086 2183 3210 2254 quia
3231 2183 3340 2240 duo
3355 2198 3502 2254 sunt,

1905 2284 2002 2326 cur
2027 2285 2134 2326 non
2153 2271 2391 2344 cetifugit
2406 2271 2476 2328 ad
2496 2271 2783 2343 Joannem,
2811 2289 2913 2332 nec
2936 2274 3091 2342 dixit,
3111 2276 3502 2335 Testimonium

1905 2377 2008 2436 ego
2050 2363 2314 2436 perhibeo
2358 2363 2427 2422 de
2480 2366 2728 2437 meipso,
2780 2367 3032 2438 perhibet
3059 2384 3274 2442 quoque
3301 2371 3369 2427 de
3418 2388 3508 2429 me

1906 2453 2179 2512 Joannes?
2203 2469 2300 2513 cur
2321 2471 2426 2513 non
2448 2456 2516 2513 ad
2537 2458 2824 2530 angelum?
2845 2474 2948 2516 our.
2964 2476 3070 2517 non
3092 2461 3160 2517 ad
3183 2464 3508 2534 prophetas?

1909 2561 2032 2602 nam
2074 2555 2329 2604 sexcenta
2375 2548 2480 2605 alia
2508 2549 2755 2620 proferre
2781 2561 2990 2622 poterat
3016 2554 3346 2611 testimonia.
3392 2555 3503 2613 Sed

1908 2655 2016 2697 non
2045 2639 2148 2700 hoc
2185 2648 2393 2696 tantum
2422 2643 2535 2700 vult
2562 2642 2891 2715 signiﬁcare,
2918 2645 3061 2717 quod
3100 2646 3203 2703 duo
3230 2647 3376 2713 sint;
3409 2648 3507 2704 sed

1907 2733 2070 2789 etiam
2089 2731 2232 2804 quod
2257 2747 2328 2790 ex
2357 2733 2547 2790 eadem
2585 2735 2696 2792 sint
2719 2736 3040 2793 susbtantia.
3076 2737 3165 2795 l9.
3189 2738 3378 2794 Dicunt
3404 2741 3452 2795 ei
3488 2757 3508 2794 :

1912 2823 2039 2893 Quis
2079 2833 2155 2880 est
2199 2823 2359 2882 Pater
2407 2827 2586 2883 tuus."
2613 2825 2894 2899 Respondit
2935 2827 3090 2886 Iesus
3122 2845 3142 2884 :
3189 2828 3370 2901 Neque
3429 2847 3510 2886 me

1908 2916 2064 2983 scitis,
2095 2933 2254 2989 neque
2290 2916 2504 2975 Patrem
2530 2935 2721 2978 meum.
2767 2920 2900 2978 Cum
2929 2925 3078 2980 enim
3106 2924 3345 2982 scientes
3374 2932 3512 2981 tanta

1907 3025 2069 3082 quam
2098 3011 2254 3068 inscii
2286 3011 2720 3087 interrogarent,
2751 3019 2907 3089 quasi
2950 3027 3220 3076 tentantes
3240 3035 3401 3089 eum,
3442 3038 3510 3079 ne

1910 3103 2262 3172 responsione
2330 3105 2548 3176 quidem
2613 3107 2736 3165 illos
2790 3108 3061 3182 dignatur.
3125 3113 3254 3170 Ideo
3313 3114 3511 3173 clarius

1908 3190 2163 3264 deinceps
2192 3194 2524 3268 liberiusque
2548 3197 2808 3270 loquitur,
2839 3211 3002 3274 atque
3025 3218 3092 3261 ex
3138 3205 3308 3276 signis
3335 3222 3510 3280 exque

1909 3283 2157 3341 doctrina
2206 3288 2546 3358 sequentium
2589 3305 2650 3346 se
2698 3293 3063 3349 testimonium
3105 3297 3338 3368 accipit,
3366 3299 3510 3371 quod

1906 3375 2017 3448 jam
2039 3377 2216 3434 crucis
2242 3387 2454 3451 tempus
2500 3380 2829 3440 immineret.
2854 3383 2998 3454 Scio,
3026 3384 3197 3458 inquit
3217 3430 3232 3456 ,
3264 3389 3398 3445 unde
3423 3405 3514 3446 ue-

1917 3470 2099 3525 nerim.
2127 3469 2280 3540 Quod
2307 3471 2428 3528 illos
2453 3487 2561 3529 non
2585 3465 2743 3532 valde
2772 3477 2981 3544 movit;
3014 3493 3138 3537 cum
3164 3482 3372 3538 addidit
3412 3499 3511 3540 au-

1910 3571 2019 3619 tem
2046 3603 2063 3631 ,
2098 3563 2214 3632 Quo
2232 3579 2325 3636 ego
2365 3565 2514 3634 vado,
2543 3566 2714 3639 magis
2744 3567 2865 3626 illos
2890 3571 3188 3644 exterruit,
3219 3576 3372 3646 quasi
3399 3593 3506 3633 non

1910 3663 2057 3712 esset
2107 3655 2161 3710 in
2213 3664 2390 3714 morte
2439 3673 2844 3731 permansuros.
2887 3661 2994 3720 Sed
3039 3679 3136 3721 cur
3185 3681 3294 3723 non
3332 3667 3509 3736 dixit,

1912 3745 2055 3803 Deus
2096 3760 2255 3816 sum;
2302 3747 2399 3806 sed
2424 3791 2441 3817 ,
2482 3750 2607 3808 Scio
2643 3753 2780 3808 unde
2811 3754 2996 3810 uestio?
3036 3755 3262 3830 Semper
3290 3758 3509 3820 humilia

1907 3836 2229 3896 sublimibus
2253 3840 2537 3910 admiscet,
2569 3853 2624 3900 et
2654 3843 2770 3901 lucc
2789 3846 2952 3903 etiam
2988 3848 3346 3908 suboccultat.
3375 3854 3510 3911 Cum

1909 3928 2140 3988 dixisset
2164 3933 2336 4002 enim,
2378 3934 2491 4008 Ego
2539 3939 2878 3995 testimonium
2919 3942 3156 4013 perhibeo
3197 3946 3263 4002 de
3295 3949 3508 4018 meipso,

1911 4023 2072 4096 idque
2097 4026 2462 4096 ostendisset,
2501 4027 2568 4084 ad
2597 4029 2879 4088 humiliora
2901 4034 3086 4102 venit;
3109 4049 3172 4091 ac
3198 4036 3243 4092 si
3264 4036 3508 4106 dixisset,

1907 4115 2032 4174 Scio
2057 4134 2087 4174 a
2112 4133 2221 4190 quo
2245 4119 2444 4176 missus
2487 4121 2611 4190 sim,
2660 4135 2715 4180 et
2743 4124 2810 4180 ad
2837 4141 2998 4198 quem
3032 4128 3246 4187 vatiam.
3277 4131 3366 4188 Sic
3403 4148 3510 4189 non

1912 4218 2161 4281 poterant
2185 4212 2575 4282 contradicere,
2601 4230 2725 4272 eum
2752 4219 3037 4289 audirent,
3076 4221 3147 4278 ab
3185 4239 3252 4280 eo
3286 4226 3509 4285 missum

1908 4316 2051 4369 esse,
2081 4311 2138 4360 et
2159 4302 2226 4360 ad
2256 4319 2380 4360 eum
2409 4307 2628 4362 reverti.
2650 4306 2793 4364 Nihil
2821 4311 2964 4366 enim
2985 4353 3001 4378 ,
3035 4312 3209 4385 inquit
3231 4358 3246 4384 ,
3278 4316 3399 4374 falsi
3431 4319 3509 4376 lo-

1909 4403 2108 4465 quutus
2147 4409 2288 4452 sum.
2335 4395 2461 4453 Inde
2504 4398 2662 4465 veni,
2710 4399 2835 4458 illuc
2880 4402 3148 4476 remigro,
3200 4407 3268 4462 ad
3320 4424 3508 4468 verum

1910 4488 2100 4544 Deum.
2127 4487 2236 4544 Vos
2262 4497 2442 4545 autem
2476 4489 2646 4548 Deum
2669 4509 2776 4549 non
2804 4496 2976 4551 nostis
3005 4514 3021 4553 :
3065 4497 3191 4555 ideo
3210 4502 3509 4561 sectmdum

1908 4595 2128 4637 carnem
2150 4581 2425 4652 judicatis.
2458 4582 2593 4640 Nam
2626 4596 2750 4658 post
2792 4595 2872 4643 tot
2899 4589 3079 4646 audita
3117 4591 3312 4648 indicia
3341 4604 3399 4650 et
3423 4613 3506 4650 ar.

1908 4685 2164 4745 gumenta
2193 4675 2373 4731 adhuc
2417 4676 2633 4747 dicitis,
2689 4677 2813 4735 Non
2838 4692 2914 4737 est
2944 4698 3088 4739 rei-us
3125 4700 3144 4740 :
3191 4694 3249 4741 et
3291 4685 3510 4758 Moysen

1909 4764 2014 4822 llde
2037 4765 2257 4838 dignum
2282 4770 2502 4838 putatis,
2531 4778 2587 4825 et
2623 4769 2690 4827 de
2727 4772 2849 4828 aliis
2875 4783 2930 4830 et
2962 4773 3033 4831 de
3065 4792 3127 4833 se
3159 4777 3505 4850 loquentem;

1907 4854 2180 4913 Christum
2208 4874 2339 4915 vero
2366 4875 2472 4917 non
2510 4863 2657 4918 item.
2689 4863 2804 4920 Hoc
2849 4875 2932 4921 est
2958 4868 3257 4926 secundum
3287 4885 3508 4929 carnem

1902 4947 2168 5020 judicare.
2187 4952 2296 5023 Ego
2307 4963 2472 5009 autent
2490 4971 2591 5010 non
2597 4956 2780 5027 judico
2795 4975 3098 5031 quemquam
3111 4959 3295 5031 (Joan.
3314 4965 3370 5021 ὃ.
3387 4965 3507 5037 22).

1907 5041 2068 5113 Διᾳυί
2098 5043 2262 5098 etiam
2292 5043 2459 5115 dicit,
2507 5044 2668 5102 Pater
2695 5050 2943 5105 neminem
2966 5052 3192 5123 judicat.
3246 5053 3355 5111 Cur
3379 5072 3512 5128 ergo

1909 5135 1997 5193 hic
2021 5135 2152 5193 dicit
2185 5154 2199 5193 :
2231 5135 2297 5191 Et
2333 5138 2380 5192 si
2403 5139 2584 5210 judico
2606 5181 2623 5206 ,
2664 5142 2923 5211 judicium
2959 5161 3124 5200 meum
3159 5148 3356 5217 justum
3394 5162 3468 5206 est
3491 5193 3506 5216 ,

1905 5232 2026 5301 quia
2051 5247 2154 5286 non
2181 5249 2296 5287 sum
2323 5233 2464 5288 solus
2484 5234 2511 5288 ?
2555 5235 2762 5292 Rursus
2805 5239 3102 5296 secundum
3145 5241 3360 5300 illorum
3392 5249 3507 5315 Opi-

1907 5325 2122 5380 nionem
2173 5325 2434 5396 loquitur.
2476 5327 2591 5384 lloc
2633 5339 2758 5396 est,
2803 5329 3072 5390 Iudicium
3104 5350 3284 5393 meum
3335 5338 3510 5394 Patris

1905 5427 2033 5472 est:
2067 5433 2243 5490 neque
2286 5419 2444 5475 aliter
2488 5436 2648 5492 quam
2697 5438 2799 5494 ego
2852 5424 3011 5482 Pater
3043 5426 3288 5498 judicat,
3333 5445 3509 5500 neque

1909 5509 2066 5566 aliter
2090 5525 2214 5582 ego,
2241 5526 2401 5582 quam
2423 5512 2604 5569 Pater.
2625 5514 2738 5570 Cur
2759 5531 2889 5572 vero
2915 5517 3128 5575 Patrem
3155 5523 3508 5578 memoravit?

1906 5601 2023 5659 Non
2071 5604 2330 5675 putabant
2377 5605 2454 5661 illi
2490 5603 2595 5662 ﬁde
2628 5606 2849 5679 dignum
2893 5610 3126 5678 Filium,
3179 5612 3284 5668 nisi
3335 5613 3508 5672 Patris

1908 5696 2277 5753 testimonium
2303 5698 2606 5768 accepisset
2641 5718 2656 5754 :
2699 5700 2935 5772 alioquin
2985 5703 3188 5760 dictum
3225 5705 3356 5762 illud
3398 5722 3502 5765 non

1907 5791 2168 5847 stetisset.
2198 5790 2353 5862 Apud
2380 5790 2630 5848 homines
2659 5793 2805 5849 enim
2840 5810 2959 5850 cum
2989 5795 3099 5852 duo
3122 5796 3191 5854 de
3222 5814 3283 5855 re
3329 5799 3499 5856 aliens

1912 5886 2277 5943 testimonium
2305 5885 2516 5955 lerunt,
2558 5895 2688 5943 tunc
2715 5889 3081 5947 testimonium
3107 5906 3292 5948 verum
3343 5891 3503 5952 habe-
