  <div class='ocr_page' id='page_1' title='image "/cluster/home/n/w/nwhite01/storage/ocr_20150623/59/uva.x004914832/291.png"; bbox 0 0 4088 6522; ppageno 0'>
   <div class='ocr_carea' id='block_1_1' title="bbox 564 402 663 462">
    <p class='ocr_par' dir='ltr' id='par_1_1' title="bbox 564 402 663 462">
     <span class='ocr_line' id='line_1_1' title="bbox 564 402 663 462; baseline 0.04 -4"><span class='ocrx_word' id='word_1_1' title='bbox 564 402 663 462; x_wconf 64' lang='lat'><strong>291</strong></span> 
     </span>
    </p>
   </div>
   <div class='ocr_carea' id='block_1_2' title="bbox 564 600 2135 671">
    <p class='ocr_par' dir='ltr' id='par_1_2' title="bbox 564 600 2135 671">
     <span class='ocr_line' id='line_1_2' title="bbox 564 600 2135 671; baseline -0.005 -11"><span class='ocrx_word' id='word_1_2' title='bbox 564 622 689 663; x_wconf 83' lang='lat' dir='ltr'><strong>vero</strong></span> <span class='ocrx_word' id='word_1_3' title='bbox 704 605 772 666; x_wconf 84' lang='lat' dir='ltr'><strong>de</strong></span> <span class='ocrx_word' id='word_1_4' title='bbox 789 621 848 663; x_wconf 87' lang='lat' dir='ltr'><strong>se</strong></span> <span class='ocrx_word' id='word_1_5' title='bbox 865 604 1224 662; x_wconf 88' lang='lat' dir='ltr'><strong>testimonium</strong></span> <span class='ocrx_word' id='word_1_6' title='bbox 1251 602 1403 667; x_wconf 79' lang='lat' dir='ltr'><strong>ierat,</strong></span> <span class='ocrx_word' id='word_1_7' title='bbox 1422 615 1529 657; x_wconf 88' lang='lat' dir='ltr'><strong>non</strong></span> <span class='ocrx_word' id='word_1_8' title='bbox 1555 600 1665 671; x_wconf 81' lang='lat' dir='ltr'><strong>jam</strong></span> <span class='ocrx_word' id='word_1_9' title='bbox 1686 612 1793 655; x_wconf 76' lang='lat' dir='ltr'><strong>duo</strong></span> <span class='ocrx_word' id='word_1_10' title='bbox 1809 606 1975 654; x_wconf 83' lang='lat' dir='ltr'><strong>testes</strong></span> <span class='ocrx_word' id='word_1_11' title='bbox 1991 605 2135 653; x_wconf 79' lang='lat' dir='ltr'><strong>sunt.</strong></span> 
     </span>
    </p>
   </div>
   <div class='ocr_carea' id='block_1_3' title="bbox 628 688 2137 758">
    <p class='ocr_par' dir='ltr' id='par_1_3' title="bbox 628 688 2137 758">
     <span class='ocr_line' id='line_1_3' title="bbox 628 688 2137 758; baseline -0.008 -1"><span class='ocrx_word' id='word_1_12' title='bbox 628 696 859 757; x_wconf 74' lang='lat' dir='ltr'><strong>Christus</strong></span> <span class='ocrx_word' id='word_1_13' title='bbox 898 715 953 758; x_wconf 79' lang='lat' dir='ltr'><strong>se</strong></span> <span class='ocrx_word' id='word_1_14' title='bbox 983 696 1126 752; x_wconf 86' lang='lat' dir='ltr'><strong>Patri</strong></span> <span class='ocrx_word' id='word_1_15' title='bbox 1175 693 1649 752; x_wconf 69' lang='lat' dir='ltr'><strong>consubstantialem</strong></span> <span class='ocrx_word' id='word_1_16' title='bbox 1694 691 1927 748; x_wconf 75' lang='lat' dir='ltr'><strong>ostendit.</strong></span> <span class='ocrx_word' id='word_1_17' title='bbox 1951 719 2025 733; x_wconf 90' lang='lat'><strong>—</strong></span> <span class='ocrx_word' id='word_1_18' title='bbox 2048 688 2137 745; x_wconf 77' lang='lat' dir='ltr'><strong>Vi-</strong></span> 
     </span>
    </p>
   </div>
   <div class='ocr_carea' id='block_1_4' title="bbox 556 782 2137 850">
    <p class='ocr_par' dir='ltr' id='par_1_4' title="bbox 556 782 2137 850">
     <span class='ocr_line' id='line_1_4' title="bbox 556 782 2137 850; baseline -0.002 -10"><span class='ocrx_word' id='word_1_19' title='bbox 556 786 676 842; x_wconf 89' lang='lat' dir='ltr'><strong>den&#39;</strong></span> <span class='ocrx_word' id='word_1_20' title='bbox 706 787 855 844; x_wconf 81' lang='lat' dir='ltr'><strong>illum</strong></span> <span class='ocrx_word' id='word_1_21' title='bbox 883 803 988 844; x_wconf 92' lang='lat' dir='ltr'><strong>non</strong></span> <span class='ocrx_word' id='word_1_22' title='bbox 1015 787 1116 847; x_wconf 79' lang='lat' dir='ltr'><strong>alia</strong></span> <span class='ocrx_word' id='word_1_23' title='bbox 1144 786 1211 844; x_wconf 86' lang='lat' dir='ltr'><strong>de</strong></span> <span class='ocrx_word' id='word_1_24' title='bbox 1236 798 1399 843; x_wconf 82' lang='lat' dir='ltr'><strong>causa</strong></span> <span class='ocrx_word' id='word_1_25' title='bbox 1429 786 1530 840; x_wconf 89' lang='lat' dir='ltr'><strong>boc</strong></span> <span class='ocrx_word' id='word_1_26' title='bbox 1558 783 1778 850; x_wconf 78' lang='lat' dir='ltr'><strong>dixisse,</strong></span> <span class='ocrx_word' id='word_1_27' title='bbox 1815 782 1918 838; x_wconf 83' lang='lat' dir='ltr'><strong>nisi</strong></span> <span class='ocrx_word' id='word_1_28' title='bbox 1956 790 2017 837; x_wconf 86' lang='lat' dir='ltr'><strong>ut</strong></span> <span class='ocrx_word' id='word_1_29' title='bbox 2044 796 2137 838; x_wconf 86' lang='lat' dir='ltr'><strong>os-</strong></span> 
     </span>
    </p>
   </div>
   <div class='ocr_carea' id='block_1_5' title="bbox 558 875 2135 946">
    <p class='ocr_par' dir='ltr' id='par_1_5' title="bbox 558 875 2135 946">
     <span class='ocr_line' id='line_1_5' title="bbox 558 875 2135 946; baseline -0.005 -10"><span class='ocrx_word' id='word_1_30' title='bbox 558 879 801 943; x_wconf 82' lang='lat' dir='ltr'><strong>tenderet</strong></span> <span class='ocrx_word' id='word_1_31' title='bbox 827 894 887 937; x_wconf 87' lang='lat' dir='ltr'><strong>se</strong></span> <span class='ocrx_word' id='word_1_32' title='bbox 906 878 1415 937; x_wconf 72' lang='lat' dir='ltr'><strong>consubstantialem</strong></span> <span class='ocrx_word' id='word_1_33' title='bbox 1435 890 1576 940; x_wconf 85' lang='lat' dir='ltr'><strong>esse,</strong></span> <span class='ocrx_word' id='word_1_34' title='bbox 1599 884 1655 930; x_wconf 91' lang='lat' dir='ltr'><strong>ct</strong></span> <span class='ocrx_word' id='word_1_35' title='bbox 1679 890 1774 946; x_wconf 89' lang='lat' dir='ltr'><strong>per</strong></span> <span class='ocrx_word' id='word_1_36' title='bbox 1791 875 2135 945; x_wconf 78' lang='lat' dir='ltr'><strong>semetipsum</strong></span> 
     </span>
    </p>
   </div>
   <div class='ocr_carea' id='block_1_6' title="bbox 556 965 2136 1044">
    <p class='ocr_par' dir='ltr' id='par_1_6' title="bbox 556 965 2136 1044">
     <span class='ocr_line' id='line_1_6' title="bbox 556 965 2136 1044; baseline -0.005 -15"><span class='ocrx_word' id='word_1_37' title='bbox 556 974 753 1030; x_wconf 82' lang='lat' dir='ltr'><strong>deinde</strong></span> <span class='ocrx_word' id='word_1_38' title='bbox 777 990 887 1029; x_wconf 85' lang='lat' dir='ltr'><strong>non</strong></span> <span class='ocrx_word' id='word_1_39' title='bbox 913 987 1071 1044; x_wconf 87' lang='lat' dir='ltr'><strong>egere</strong></span> <span class='ocrx_word' id='word_1_40' title='bbox 1096 987 1156 1027; x_wconf 90' lang='lat' dir='ltr'><strong>se</strong></span> <span class='ocrx_word' id='word_1_41' title='bbox 1181 971 1288 1026; x_wconf 86' lang='lat' dir='ltr'><strong>alio</strong></span> <span class='ocrx_word' id='word_1_42' title='bbox 1318 968 1667 1034; x_wconf 76' lang='lat' dir='ltr'><strong>testimonio;</strong></span> <span class='ocrx_word' id='word_1_43' title='bbox 1696 976 1857 1039; x_wconf 88' lang='lat' dir='ltr'><strong>utque</strong></span> <span class='ocrx_word' id='word_1_44' title='bbox 1886 965 2136 1037; x_wconf 74' lang='lat' dir='ltr'><strong>probaret</strong></span> 
     </span>
    </p>
   </div>
   <div class='ocr_carea' id='block_1_7' title="bbox 556 1057 2135 1132">
    <p class='ocr_par' dir='ltr' id='par_1_7' title="bbox 556 1057 2135 1132">
     <span class='ocr_line' id='line_1_7' title="bbox 556 1057 2135 1132; baseline -0.006 -11"><span class='ocrx_word' id='word_1_45' title='bbox 556 1081 615 1121; x_wconf 84' lang='lat' dir='ltr'><strong>se</strong></span> <span class='ocrx_word' id='word_1_46' title='bbox 657 1066 788 1122; x_wconf 81' lang='lat' dir='ltr'><strong>nihil</strong></span> <span class='ocrx_word' id='word_1_47' title='bbox 847 1065 1023 1121; x_wconf 70' lang='lat' dir='ltr'><strong>nuituis</strong></span> <span class='ocrx_word' id='word_1_48' title='bbox 1075 1062 1294 1127; x_wconf 85' lang='lat' dir='ltr'><strong>habere,</strong></span> <span class='ocrx_word' id='word_1_49' title='bbox 1350 1076 1508 1132; x_wconf 83' lang='lat' dir='ltr'><strong>quam</strong></span> <span class='ocrx_word' id='word_1_50' title='bbox 1557 1057 1965 1115; x_wconf 69' lang='lat' dir='ltr'><strong>PatremH&#39;ide</strong></span> <span class='ocrx_word' id='word_1_51' title='bbox 2006 1070 2135 1128; x_wconf 84' lang='lat' dir='ltr'><strong>ergo</strong></span> 
     </span>
    </p>
   </div>
   <div class='ocr_carea' id='block_1_8' title="bbox 553 1148 2133 1225">
    <p class='ocr_par' dir='ltr' id='par_1_8' title="bbox 553 1148 2133 1225">
     <span class='ocr_line' id='line_1_8' title="bbox 553 1148 2133 1225; baseline -0.004 -15"><span class='ocrx_word' id='word_1_52' title='bbox 553 1159 944 1214; x_wconf 67' lang='lat' dir='ltr'><strong>auctoritatem.</strong></span> <span class='ocrx_word' id='word_1_53' title='bbox 974 1156 1056 1211; x_wconf 67' lang='grc' dir='ltr'><strong>ιιι</strong></span> <span class='ocrx_word' id='word_1_54' title='bbox 1088 1153 1197 1225; x_wconf 82' lang='lat' dir='ltr'><strong>Ego</strong></span> <span class='ocrx_word' id='word_1_55' title='bbox 1213 1169 1328 1217; x_wconf 77' lang='lat' dir='ltr'><strong>sunt</strong></span> <span class='ocrx_word' id='word_1_56' title='bbox 1343 1152 1428 1224; x_wconf 86' lang='lat' dir='ltr'><strong>qui</strong></span> <span class='ocrx_word' id='word_1_57' title='bbox 1449 1150 1785 1206; x_wconf 80' lang='lat' dir='ltr'><strong>testimonium</strong></span> <span class='ocrx_word' id='word_1_58' title='bbox 1808 1148 2040 1220; x_wconf 77' lang='lat' dir='ltr'><strong>perhibes</strong></span> <span class='ocrx_word' id='word_1_59' title='bbox 2071 1148 2133 1204; x_wconf 81' lang='lat' dir='ltr'><strong>de</strong></span> 
     </span>
    </p>
   </div>
   <div class='ocr_carea' id='block_1_9' title="bbox 555 1238 2135 1315">
    <p class='ocr_par' dir='ltr' id='par_1_9' title="bbox 555 1238 2135 1315">
     <span class='ocr_line' id='line_1_9' title="bbox 555 1238 2135 1315; baseline -0.005 -16"><span class='ocrx_word' id='word_1_60' title='bbox 555 1248 747 1315; x_wconf 80' lang='lat' dir='ltr'><strong>uteipsa</strong></span> <span class='ocrx_word' id='word_1_61' title='bbox 768 1287 783 1312; x_wconf 88' lang='lat'><strong>,</strong></span> <span class='ocrx_word' id='word_1_62' title='bbox 814 1256 860 1301; x_wconf 89' lang='lat' dir='ltr'><strong>et</strong></span> <span class='ocrx_word' id='word_1_63' title='bbox 902 1244 1237 1301; x_wconf 76' lang='lat' dir='ltr'><strong>testiumium</strong></span> <span class='ocrx_word' id='word_1_64' title='bbox 1267 1242 1489 1313; x_wconf 76' lang='lat' dir='ltr'><strong>perhibet</strong></span> <span class='ocrx_word' id='word_1_65' title='bbox 1540 1241 1604 1295; x_wconf 79' lang='lat' dir='ltr'><strong>de</strong></span> <span class='ocrx_word' id='word_1_66' title='bbox 1630 1256 1710 1295; x_wconf 82' lang='lat' dir='ltr'><strong>me</strong></span> <span class='ocrx_word' id='word_1_67' title='bbox 1749 1239 1837 1309; x_wconf 83' lang='lat' dir='ltr'><strong>qui</strong></span> <span class='ocrx_word' id='word_1_68' title='bbox 1882 1238 2015 1293; x_wconf 78' lang='lat' dir='ltr'><strong>misit</strong></span> <span class='ocrx_word' id='word_1_69' title='bbox 2055 1253 2135 1292; x_wconf 83' lang='lat' dir='ltr'><strong>me</strong></span> 
     </span>
    </p>
   </div>
   <div class='ocr_carea' id='block_1_10' title="bbox 559 1329 2129 1407">
    <p class='ocr_par' dir='ltr' id='par_1_10' title="bbox 559 1329 2129 1407">
     <span class='ocr_line' id='line_1_10' title="bbox 559 1329 2129 1407; baseline -0.004 -15"><span class='ocrx_word' id='word_1_70' title='bbox 559 1338 733 1394; x_wconf 77' lang='lat' dir='ltr'><strong>Pater.</strong></span> <span class='ocrx_word' id='word_1_71' title='bbox 760 1336 883 1393; x_wconf 82' lang='lat' dir='ltr'><strong>Non</strong></span> <span class='ocrx_word' id='word_1_72' title='bbox 906 1336 954 1391; x_wconf 93' lang='lat' dir='ltr'><strong>id</strong></span> <span class='ocrx_word' id='word_1_73' title='bbox 982 1335 1248 1407; x_wconf 81' lang='lat' dir='ltr'><strong>posuisset</strong></span> <span class='ocrx_word' id='word_1_74' title='bbox 1271 1333 1317 1389; x_wconf 88' lang='lat' dir='ltr'><strong>si</strong></span> <span class='ocrx_word' id='word_1_75' title='bbox 1344 1332 1565 1388; x_wconf 85' lang='lat' dir='ltr'><strong>minoris</strong></span> <span class='ocrx_word' id='word_1_76' title='bbox 1589 1330 1901 1386; x_wconf 72' lang='lat' dir='ltr'><strong>substantia:</strong></span> <span class='ocrx_word' id='word_1_77' title='bbox 1922 1329 2129 1385; x_wconf 79' lang='lat' dir='ltr'><strong>fuisset.</strong></span> 
     </span>
    </p>
   </div>
   <div class='ocr_carea' id='block_1_11' title="bbox 555 1422 2133 1495">
    <p class='ocr_par' dir='ltr' id='par_1_11' title="bbox 555 1422 2133 1495">
     <span class='ocr_line' id='line_1_11' title="bbox 555 1422 2133 1495; baseline -0.006 -8"><span class='ocrx_word' id='word_1_78' title='bbox 555 1430 762 1487; x_wconf 83' lang='lat' dir='ltr'><strong>Deirnle</strong></span> <span class='ocrx_word' id='word_1_79' title='bbox 778 1444 845 1484; x_wconf 89' lang='lat' dir='ltr'><strong>ne</strong></span> <span class='ocrx_word' id='word_1_80' title='bbox 874 1428 1082 1492; x_wconf 74' lang='lat' dir='ltr'><strong>muneri</strong></span> <span class='ocrx_word' id='word_1_81' title='bbox 1104 1440 1260 1481; x_wconf 86' lang='lat' dir='ltr'><strong>causa</strong></span> <span class='ocrx_word' id='word_1_82' title='bbox 1290 1426 1349 1481; x_wconf 93' lang='lat' dir='ltr'><strong>id</strong></span> <span class='ocrx_word' id='word_1_83' title='bbox 1387 1424 1617 1495; x_wconf 88' lang='lat' dir='ltr'><strong>positum</strong></span> <span class='ocrx_word' id='word_1_84' title='bbox 1646 1432 1800 1495; x_wconf 94' lang='lat' dir='ltr'><strong>putes</strong></span> <span class='ocrx_word' id='word_1_85' title='bbox 1823 1465 1841 1491; x_wconf 96' lang='lat'><strong>,</strong></span> <span class='ocrx_word' id='word_1_86' title='bbox 1880 1422 2000 1479; x_wconf 78' lang='lat' dir='ltr'><strong>vide</strong></span> <span class='ocrx_word' id='word_1_87' title='bbox 2034 1437 2133 1495; x_wconf 90' lang='lat' dir='ltr'><strong>po-</strong></span> 
     </span>
    </p>
   </div>
   <div class='ocr_carea' id='block_1_12' title="bbox 552 1514 2125 1578">
    <p class='ocr_par' dir='ltr' id='par_1_12' title="bbox 552 1514 2125 1578">
     <span class='ocr_line' id='line_1_12' title="bbox 552 1514 2125 1578; baseline -0.006 -1"><span class='ocrx_word' id='word_1_88' title='bbox 552 1530 798 1578; x_wconf 85' lang='lat' dir='ltr'><strong>testatem</strong></span> <span class='ocrx_word' id='word_1_89' title='bbox 820 1521 877 1576; x_wconf 88' lang='lat' dir='ltr'><strong>in</strong></span> <span class='ocrx_word' id='word_1_90' title='bbox 899 1520 1042 1574; x_wconf 87' lang='lat' dir='ltr'><strong>nullo</strong></span> <span class='ocrx_word' id='word_1_91' title='bbox 1061 1518 1352 1573; x_wconf 78' lang='lat' dir='ltr'><strong>diversam.</strong></span> <span class='ocrx_word' id='word_1_92' title='bbox 1371 1514 1710 1571; x_wconf 84' lang='lat' dir='ltr'><strong>&#39;l‘cstitleatur</strong></span> <span class='ocrx_word' id='word_1_93' title='bbox 1729 1514 1891 1569; x_wconf 91' lang='lat' dir='ltr'><strong>homo</strong></span> <span class='ocrx_word' id='word_1_94' title='bbox 1909 1527 2029 1567; x_wconf 89' lang='lat' dir='ltr'><strong>cum</strong></span> <span class='ocrx_word' id='word_1_95' title='bbox 2056 1527 2125 1568; x_wconf 77' lang='lat' dir='ltr'><strong>es</strong></span> 
     </span>
    </p>
   </div>
   <div class='ocr_carea' id='block_1_13' title="bbox 551 1603 2130 1680">
    <p class='ocr_par' dir='ltr' id='par_1_13' title="bbox 551 1603 2130 1680">
     <span class='ocr_line' id='line_1_13' title="bbox 551 1603 2130 1680; baseline -0.004 -14"><span class='ocrx_word' id='word_1_96' title='bbox 551 1628 609 1666; x_wconf 90' lang='lat' dir='ltr'><strong>se</strong></span> <span class='ocrx_word' id='word_1_97' title='bbox 641 1610 741 1668; x_wconf 86' lang='lat' dir='ltr'><strong>lide</strong></span> <span class='ocrx_word' id='word_1_98' title='bbox 770 1609 957 1680; x_wconf 72' lang='lat' dir='ltr'><strong>dignus</strong></span> <span class='ocrx_word' id='word_1_99' title='bbox 982 1617 1083 1675; x_wconf 87' lang='lat' dir='ltr'><strong>est,</strong></span> <span class='ocrx_word' id='word_1_100' title='bbox 1113 1622 1217 1661; x_wconf 91' lang='lat' dir='ltr'><strong>non</strong></span> <span class='ocrx_word' id='word_1_101' title='bbox 1248 1621 1369 1662; x_wconf 89' lang='lat' dir='ltr'><strong>cum</strong></span> <span class='ocrx_word' id='word_1_102' title='bbox 1399 1606 1708 1661; x_wconf 88' lang='lat' dir='ltr'><strong>testimonio</strong></span> <span class='ocrx_word' id='word_1_103' title='bbox 1734 1615 1850 1676; x_wconf 89' lang='lat' dir='ltr'><strong>eget</strong></span> <span class='ocrx_word' id='word_1_104' title='bbox 1876 1621 1890 1670; x_wconf 87' lang='lat'><strong>;</strong></span> <span class='ocrx_word' id='word_1_105' title='bbox 1912 1603 2130 1675; x_wconf 83' lang='lat' dir='ltr'><strong>&#39;bocque</strong></span> 
     </span>
    </p>
   </div>
   <div class='ocr_carea' id='block_1_14' title="bbox 550 1698 2125 1769">
    <p class='ocr_par' dir='ltr' id='par_1_14' title="bbox 550 1698 2125 1769">
     <span class='ocr_line' id='line_1_14' title="bbox 550 1698 2125 1769; baseline -0.004 -11"><span class='ocrx_word' id='word_1_106' title='bbox 550 1705 603 1759; x_wconf 90' lang='lat' dir='ltr'><strong>iu</strong></span> <span class='ocrx_word' id='word_1_107' title='bbox 632 1702 808 1759; x_wconf 87' lang='lat' dir='ltr'><strong>aliena</strong></span> <span class='ocrx_word' id='word_1_108' title='bbox 845 1716 944 1756; x_wconf 89' lang='lat' dir='ltr'><strong>re:</strong></span> <span class='ocrx_word' id='word_1_109' title='bbox 976 1700 1028 1757; x_wconf 88' lang='lat' dir='ltr'><strong>in</strong></span> <span class='ocrx_word' id='word_1_110' title='bbox 1071 1713 1130 1754; x_wconf 86' lang='lat' dir='ltr'><strong>re</strong></span> <span class='ocrx_word' id='word_1_111' title='bbox 1160 1712 1288 1754; x_wconf 86' lang='lat' dir='ltr'><strong>vero</strong></span> <span class='ocrx_word' id='word_1_112' title='bbox 1338 1712 1432 1753; x_wconf 89' lang='lat' dir='ltr'><strong>sua</strong></span> <span class='ocrx_word' id='word_1_113' title='bbox 1461 1712 1583 1752; x_wconf 90' lang='lat' dir='ltr'><strong>cum</strong></span> <span class='ocrx_word' id='word_1_114' title='bbox 1627 1698 1936 1755; x_wconf 87' lang='lat' dir='ltr'><strong>testimonio</strong></span> <span class='ocrx_word' id='word_1_115' title='bbox 1982 1705 2125 1769; x_wconf 89' lang='lat' dir='ltr'><strong>eget,</strong></span> 
     </span>
    </p>
   </div>
   <div class='ocr_carea' id='block_1_15' title="bbox 548 1787 2128 1863">
    <p class='ocr_par' dir='ltr' id='par_1_15' title="bbox 548 1787 2128 1863">
     <span class='ocr_line' id='line_1_15' title="bbox 548 1787 2128 1863; baseline -0.002 -16"><span class='ocrx_word' id='word_1_116' title='bbox 548 1809 655 1849; x_wconf 90' lang='lat' dir='ltr'><strong>non</strong></span> <span class='ocrx_word' id='word_1_117' title='bbox 676 1793 788 1863; x_wconf 90' lang='lat' dir='ltr'><strong>jam</strong></span> <span class='ocrx_word' id='word_1_118' title='bbox 813 1801 901 1849; x_wconf 88' lang='lat' dir='ltr'><strong>est</strong></span> <span class='ocrx_word' id='word_1_119' title='bbox 923 1790 1027 1847; x_wconf 80' lang='lat' dir='ltr'><strong>lide</strong></span> <span class='ocrx_word' id='word_1_120' title='bbox 1048 1789 1257 1861; x_wconf 78' lang='lat' dir='ltr'><strong>dignus.</strong></span> <span class='ocrx_word' id='word_1_121' title='bbox 1288 1790 1384 1845; x_wconf 78' lang='lat' dir='ltr'><strong>llic</strong></span> <span class='ocrx_word' id='word_1_122' title='bbox 1411 1803 1541 1845; x_wconf 78' lang='lat' dir='ltr'><strong>vero</strong></span> <span class='ocrx_word' id='word_1_123' title='bbox 1565 1798 1771 1844; x_wconf 90' lang='lat' dir='ltr'><strong>contra.</strong></span> <span class='ocrx_word' id='word_1_124' title='bbox 1812 1787 1945 1844; x_wconf 88' lang='lat' dir='ltr'><strong>Nam</strong></span> <span class='ocrx_word' id='word_1_125' title='bbox 1990 1789 2041 1843; x_wconf 92' lang='lat' dir='ltr'><strong>in</strong></span> <span class='ocrx_word' id='word_1_126' title='bbox 2069 1803 2128 1844; x_wconf 90' lang='lat' dir='ltr'><strong>re</strong></span> 
     </span>
    </p>
   </div>
   <div class='ocr_carea' id='block_1_16' title="bbox 546 1880 2123 1949">
    <p class='ocr_par' dir='ltr' id='par_1_16' title="bbox 546 1880 2123 1949">
     <span class='ocr_line' id='line_1_16' title="bbox 546 1880 2123 1949; baseline -0.004 -7"><span class='ocrx_word' id='word_1_127' title='bbox 546 1900 641 1942; x_wconf 83' lang='lat' dir='ltr'><strong>sua</strong></span> <span class='ocrx_word' id='word_1_128' title='bbox 670 1884 979 1949; x_wconf 76' lang='lat' dir='ltr'><strong>testiﬁcans,</strong></span> <span class='ocrx_word' id='word_1_129' title='bbox 1009 1891 1063 1939; x_wconf 90' lang='lat' dir='ltr'><strong>et</strong></span> <span class='ocrx_word' id='word_1_130' title='bbox 1082 1896 1140 1938; x_wconf 89' lang='lat' dir='ltr'><strong>se</strong></span> <span class='ocrx_word' id='word_1_131' title='bbox 1164 1881 1384 1937; x_wconf 81' lang='lat' dir='ltr'><strong>alterius</strong></span> <span class='ocrx_word' id='word_1_132' title='bbox 1414 1882 1778 1949; x_wconf 86' lang='lat' dir='ltr'><strong>testimonium</strong></span> <span class='ocrx_word' id='word_1_133' title='bbox 1810 1880 2007 1937; x_wconf 81' lang='lat' dir='ltr'><strong>habere</strong></span> <span class='ocrx_word' id='word_1_134' title='bbox 2033 1881 2123 1935; x_wconf 87' lang='lat' dir='ltr'><strong>di-</strong></span> 
     </span>
    </p>
   </div>
   <div class='ocr_carea' id='block_1_17' title="bbox 546 1971 2125 2045">
    <p class='ocr_par' dir='ltr' id='par_1_17' title="bbox 546 1971 2125 2045">
     <span class='ocr_line' id='line_1_17' title="bbox 546 1971 2125 2045; baseline -0.003 -12"><span class='ocrx_word' id='word_1_135' title='bbox 546 1990 695 2042; x_wconf 85' lang='lat' dir='ltr'><strong>cens,</strong></span> <span class='ocrx_word' id='word_1_136' title='bbox 721 1990 780 2031; x_wconf 88' lang='lat' dir='ltr'><strong>se</strong></span> <span class='ocrx_word' id='word_1_137' title='bbox 802 1973 905 2030; x_wconf 81' lang='lat' dir='ltr'><strong>lido</strong></span> <span class='ocrx_word' id='word_1_138' title='bbox 933 1973 1149 2045; x_wconf 87' lang='lat' dir='ltr'><strong>dignum</strong></span> <span class='ocrx_word' id='word_1_139' title='bbox 1179 1987 1300 2029; x_wconf 89' lang='lat' dir='ltr'><strong>esse</strong></span> <span class='ocrx_word' id='word_1_140' title='bbox 1318 1972 1468 2041; x_wconf 90' lang='lat' dir='ltr'><strong>dicit,</strong></span> <span class='ocrx_word' id='word_1_141' title='bbox 1498 1971 1734 2042; x_wconf 86' lang='lat' dir='ltr'><strong>undique</strong></span> <span class='ocrx_word' id='word_1_142' title='bbox 1757 1987 1908 2027; x_wconf 85' lang='lat' dir='ltr'><strong>suam</strong></span> <span class='ocrx_word' id='word_1_143' title='bbox 1938 1982 2125 2028; x_wconf 87' lang='lat' dir='ltr'><strong>osten-</strong></span> 
     </span>
    </p>
   </div>
   <div class='ocr_carea' id='block_1_18' title="bbox 547 2062 2125 2129">
    <p class='ocr_par' dir='ltr' id='par_1_18' title="bbox 547 2062 2125 2129">
     <span class='ocr_line' id='line_1_18' title="bbox 547 2062 2125 2129; baseline -0.004 -5"><span class='ocrx_word' id='word_1_144' title='bbox 547 2068 686 2124; x_wconf 88' lang='lat' dir='ltr'><strong>dens</strong></span> <span class='ocrx_word' id='word_1_145' title='bbox 728 2065 1122 2123; x_wconf 67' lang='lat' dir='ltr'><strong>auctoritatem.</strong></span> <span class='ocrx_word' id='word_1_146' title='bbox 1155 2062 1265 2120; x_wconf 88' lang='lat' dir='ltr'><strong>Cur</strong></span> <span class='ocrx_word' id='word_1_147' title='bbox 1297 2064 1439 2119; x_wconf 89' lang='lat' dir='ltr'><strong>enim</strong></span> <span class='ocrx_word' id='word_1_148' title='bbox 1484 2078 1604 2118; x_wconf 91' lang='lat' dir='ltr'><strong>cum</strong></span> <span class='ocrx_word' id='word_1_149' title='bbox 1643 2063 1812 2129; x_wconf 78' lang='lat' dir='ltr'><strong>dixit,</strong></span> <span class='ocrx_word' id='word_1_150' title='bbox 1857 2062 1978 2118; x_wconf 87' lang='lat' dir='ltr'><strong>Non</strong></span> <span class='ocrx_word' id='word_1_151' title='bbox 2015 2080 2125 2118; x_wconf 74' lang='lat' dir='ltr'><strong>sum</strong></span> 
     </span>
    </p>
   </div>
   <div class='ocr_carea' id='block_1_19' title="bbox 545 2152 2122 2226">
    <p class='ocr_par' dir='ltr' id='par_1_19' title="bbox 545 2152 2122 2226">
     <span class='ocr_line' id='line_1_19' title="bbox 545 2152 2122 2226; baseline -0.004 -11"><span class='ocrx_word' id='word_1_152' title='bbox 545 2158 702 2225; x_wconf 78' lang='lat' dir='ltr'><strong>solus,</strong></span> <span class='ocrx_word' id='word_1_153' title='bbox 730 2156 820 2212; x_wconf 83' lang='lat' dir='ltr'><strong>sed</strong></span> <span class='ocrx_word' id='word_1_154' title='bbox 842 2171 932 2225; x_wconf 83' lang='lat' dir='ltr'><strong>ego</strong></span> <span class='ocrx_word' id='word_1_155' title='bbox 959 2164 1007 2211; x_wconf 89' lang='lat' dir='ltr'><strong>et</strong></span> <span class='ocrx_word' id='word_1_156' title='bbox 1031 2156 1116 2226; x_wconf 81' lang='lat' dir='ltr'><strong>qui</strong></span> <span class='ocrx_word' id='word_1_157' title='bbox 1144 2155 1278 2209; x_wconf 86' lang='lat' dir='ltr'><strong>misit</strong></span> <span class='ocrx_word' id='word_1_158' title='bbox 1300 2170 1378 2211; x_wconf 85' lang='lat' dir='ltr'><strong>me</strong></span> <span class='ocrx_word' id='word_1_159' title='bbox 1404 2153 1602 2218; x_wconf 86' lang='lat' dir='ltr'><strong>Pater;</strong></span> <span class='ocrx_word' id='word_1_160' title='bbox 1627 2164 1682 2210; x_wconf 89' lang='lat' dir='ltr'><strong>et</strong></span> <span class='ocrx_word' id='word_1_161' title='bbox 1700 2195 1717 2219; x_wconf 87' lang='lat'><strong>,</strong></span> <span class='ocrx_word' id='word_1_162' title='bbox 1749 2152 1981 2208; x_wconf 83' lang='lat' dir='ltr'><strong>Duorum</strong></span> <span class='ocrx_word' id='word_1_163' title='bbox 2024 2156 2122 2209; x_wconf 84' lang='lat' dir='ltr'><strong>lto-</strong></span> 
     </span>
    </p>
   </div>
   <div class='ocr_carea' id='block_1_20' title="bbox 543 2244 2121 2315">
    <p class='ocr_par' dir='ltr' id='par_1_20' title="bbox 543 2244 2121 2315">
     <span class='ocr_line' id='line_1_20' title="bbox 543 2244 2121 2315; baseline -0.001 -12"><span class='ocrx_word' id='word_1_164' title='bbox 543 2250 740 2305; x_wconf 80' lang='lat' dir='ltr'><strong>nn’nunt</strong></span> <span class='ocrx_word' id='word_1_165' title='bbox 765 2246 1098 2308; x_wconf 81' lang='lat' dir='ltr'><strong>testimonium</strong></span> <span class='ocrx_word' id='word_1_166' title='bbox 1123 2261 1301 2303; x_wconf 69' lang='lat' dir='ltr'><strong>secum.</strong></span> <span class='ocrx_word' id='word_1_167' title='bbox 1313 2254 1385 2301; x_wconf 84' lang='lat' dir='ltr'><strong>est</strong></span> <span class='ocrx_word' id='word_1_168' title='bbox 1405 2263 1426 2312; x_wconf 86' lang='lat'><strong><em>;</em></strong></span> <span class='ocrx_word' id='word_1_169' title='bbox 1448 2260 1555 2300; x_wconf 90' lang='lat' dir='ltr'><strong>non</strong></span> <span class='ocrx_word' id='word_1_170' title='bbox 1581 2246 1760 2309; x_wconf 89' lang='lat' dir='ltr'><strong>tacuit,</strong></span> <span class='ocrx_word' id='word_1_171' title='bbox 1786 2244 1879 2301; x_wconf 87' lang='lat' dir='ltr'><strong>sed</strong></span> <span class='ocrx_word' id='word_1_172' title='bbox 1906 2246 2121 2315; x_wconf 79' lang='lat' dir='ltr'><strong>adjecit,</strong></span> 
     </span>
    </p>
   </div>
   <div class='ocr_carea' id='block_1_21' title="bbox 543 2338 2123 2413">
    <p class='ocr_par' dir='ltr' id='par_1_21' title="bbox 543 2338 2123 2413">
     <span class='ocr_line' id='line_1_21' title="bbox 543 2338 2123 2413; baseline -0.001 -16"><span class='ocrx_word' id='word_1_173' title='bbox 543 2338 663 2413; x_wconf 77' lang='lat' dir='ltr'><strong>Ego</strong></span> <span class='ocrx_word' id='word_1_174' title='bbox 685 2357 794 2399; x_wconf 80' lang='lat' dir='ltr'><strong>sum</strong></span> <span class='ocrx_word' id='word_1_175' title='bbox 823 2341 908 2413; x_wconf 81' lang='lat' dir='ltr'><strong>qui</strong></span> <span class='ocrx_word' id='word_1_176' title='bbox 939 2338 1275 2395; x_wconf 76' lang='lat' dir='ltr'><strong>testimonium</strong></span> <span class='ocrx_word' id='word_1_177' title='bbox 1300 2338 1537 2411; x_wconf 72' lang='lat' dir='ltr'><strong>perhibes</strong></span> <span class='ocrx_word' id='word_1_178' title='bbox 1558 2339 1629 2394; x_wconf 75' lang='lat' dir='ltr'><strong>de</strong></span> <span class='ocrx_word' id='word_1_179' title='bbox 1645 2339 1835 2410; x_wconf 76' lang='lat' dir='ltr'><strong>meipso</strong></span> <span class='ocrx_word' id='word_1_180' title='bbox 1860 2339 1888 2395; x_wconf 70' lang='grc' dir='ltr'><strong><em>Ρ</em></strong></span> <span class='ocrx_word' id='word_1_181' title='bbox 1924 2342 2123 2397; x_wconf 78' lang='lat' dir='ltr'><strong>Aucto-</strong></span> 
     </span>
    </p>
   </div>
   <div class='ocr_carea' id='block_1_22' title="bbox 543 2430 2120 2503">
    <p class='ocr_par' dir='ltr' id='par_1_22' title="bbox 543 2430 2120 2503">
     <span class='ocr_line' id='line_1_22' title="bbox 543 2430 2120 2503; baseline -0.003 -14"><span class='ocrx_word' id='word_1_182' title='bbox 543 2433 752 2489; x_wconf 87' lang='lat' dir='ltr'><strong>ritatem</strong></span> <span class='ocrx_word' id='word_1_183' title='bbox 794 2432 974 2503; x_wconf 75' lang='lat' dir='ltr'><strong>utique</strong></span> <span class='ocrx_word' id='word_1_184' title='bbox 1014 2430 1410 2487; x_wconf 78' lang='lat' dir='ltr'><strong>demonstrans.</strong></span> <span class='ocrx_word' id='word_1_185' title='bbox 1458 2430 1524 2486; x_wconf 82' lang='lat' dir='ltr'><strong>Et</strong></span> <span class='ocrx_word' id='word_1_186' title='bbox 1560 2430 1733 2501; x_wconf 88' lang='lat' dir='ltr'><strong>primo</strong></span> <span class='ocrx_word' id='word_1_187' title='bbox 1764 2430 1999 2500; x_wconf 82' lang='lat' dir='ltr'><strong>seipsum</strong></span> <span class='ocrx_word' id='word_1_188' title='bbox 2025 2446 2120 2501; x_wconf 87' lang='lat' dir='ltr'><strong>po-</strong></span> 
     </span>
    </p>
   </div>
   <div class='ocr_carea' id='block_1_23' title="bbox 541 2522 2124 2595">
    <p class='ocr_par' dir='ltr' id='par_1_23' title="bbox 541 2522 2124 2595">
     <span class='ocr_line' id='line_1_23' title="bbox 541 2522 2124 2595; baseline -0.001 -15"><span class='ocrx_word' id='word_1_189' title='bbox 541 2524 648 2580; x_wconf 88' lang='lat' dir='ltr'><strong>suit</strong></span> <span class='ocrx_word' id='word_1_190' title='bbox 676 2543 689 2580; x_wconf 88' lang='lat'><strong>:</strong></span> <span class='ocrx_word' id='word_1_191' title='bbox 721 2524 829 2595; x_wconf 81' lang='lat' dir='ltr'><strong>Ego</strong></span> <span class='ocrx_word' id='word_1_192' title='bbox 855 2540 964 2578; x_wconf 86' lang='lat' dir='ltr'><strong>sunt</strong></span> <span class='ocrx_word' id='word_1_193' title='bbox 988 2523 1432 2595; x_wconf 72' lang='lat' dir='ltr'><strong>quitestintonittm</strong></span> <span class='ocrx_word' id='word_1_194' title='bbox 1448 2522 1679 2594; x_wconf 71' lang='lat' dir='ltr'><strong>pet-Iubeo</strong></span> <span class='ocrx_word' id='word_1_195' title='bbox 1706 2522 1769 2577; x_wconf 84' lang='lat' dir='ltr'><strong>de</strong></span> <span class='ocrx_word' id='word_1_196' title='bbox 1794 2524 2001 2594; x_wconf 61' lang='lat' dir='ltr'><strong>meipso.</strong></span> <span class='ocrx_word' id='word_1_197' title='bbox 2028 2523 2124 2579; x_wconf 79' lang='lat' dir='ltr'><strong>Hic</strong></span> 
     </span>
    </p>
   </div>
   <div class='ocr_carea' id='block_1_24' title="bbox 542 2614 2124 2687">
    <p class='ocr_par' dir='ltr' id='par_1_24' title="bbox 542 2614 2124 2687">
     <span class='ocr_line' id='line_1_24' title="bbox 542 2614 2124 2687; baseline 0.001 -19"><span class='ocrx_word' id='word_1_198' title='bbox 542 2630 670 2671; x_wconf 85' lang='lat' dir='ltr'><strong>vero</strong></span> <span class='ocrx_word' id='word_1_199' title='bbox 695 2615 928 2671; x_wconf 87' lang='lat' dir='ltr'><strong>ostendit</strong></span> <span class='ocrx_word' id='word_1_200' title='bbox 953 2630 1014 2670; x_wconf 89' lang='lat' dir='ltr'><strong>se</strong></span> <span class='ocrx_word' id='word_1_201' title='bbox 1056 2615 1261 2671; x_wconf 84' lang='lat' dir='ltr'><strong>honore</strong></span> <span class='ocrx_word' id='word_1_202' title='bbox 1301 2629 1482 2687; x_wconf 64' lang='lat' dir='ltr'><strong>parem</strong></span> <span class='ocrx_word' id='word_1_203' title='bbox 1513 2632 1527 2670; x_wconf 93' lang='lat'><strong>:</strong></span> <span class='ocrx_word' id='word_1_204' title='bbox 1556 2614 1795 2686; x_wconf 82' lang='lat' dir='ltr'><strong>nihilque</strong></span> <span class='ocrx_word' id='word_1_205' title='bbox 1842 2615 1945 2670; x_wconf 87' lang='lat' dir='ltr'><strong>illis</strong></span> <span class='ocrx_word' id='word_1_206' title='bbox 1972 2615 2124 2686; x_wconf 84' lang='lat' dir='ltr'><strong>prod-</strong></span> 
     </span>
    </p>
   </div>
   <div class='ocr_carea' id='block_1_25' title="bbox 543 2706 2115 2777">
    <p class='ocr_par' dir='ltr' id='par_1_25' title="bbox 543 2706 2115 2777">
     <span class='ocr_line' id='line_1_25' title="bbox 543 2706 2115 2777; baseline -0.002 -14"><span class='ocrx_word' id='word_1_207' title='bbox 543 2722 683 2773; x_wconf 85' lang='lat' dir='ltr'><strong>esse,</strong></span> <span class='ocrx_word' id='word_1_208' title='bbox 702 2707 755 2763; x_wconf 87' lang='lat' dir='ltr'><strong>si</strong></span> <span class='ocrx_word' id='word_1_209' title='bbox 768 2706 941 2764; x_wconf 88' lang='lat' dir='ltr'><strong>&#39;Deum</strong></span> <span class='ocrx_word' id='word_1_210' title='bbox 968 2706 1178 2763; x_wconf 81' lang='lat' dir='ltr'><strong>Patrem</strong></span> <span class='ocrx_word' id='word_1_211' title='bbox 1205 2720 1265 2763; x_wconf 90' lang='lat' dir='ltr'><strong>se</strong></span> <span class='ocrx_word' id='word_1_212' title='bbox 1286 2720 1445 2763; x_wconf 87' lang='lat' dir='ltr'><strong>nosse</strong></span> <span class='ocrx_word' id='word_1_213' title='bbox 1470 2706 1667 2773; x_wconf 86' lang='lat' dir='ltr'><strong>dicant,</strong></span> <span class='ocrx_word' id='word_1_214' title='bbox 1697 2706 1741 2761; x_wconf 92' lang='lat' dir='ltr'><strong>si</strong></span> <span class='ocrx_word' id='word_1_215' title='bbox 1764 2720 1825 2762; x_wconf 88' lang='lat' dir='ltr'><strong>se</strong></span> <span class='ocrx_word' id='word_1_216' title='bbox 1849 2706 2115 2777; x_wconf 85' lang='lat' dir='ltr'><strong>ignorent,</strong></span> 
     </span>
    </p>
   </div>
   <div class='ocr_carea' id='block_1_26' title="bbox 537 2796 2120 2870">
    <p class='ocr_par' dir='ltr' id='par_1_26' title="bbox 537 2796 2120 2870">
     <span class='ocr_line' id='line_1_26' title="bbox 537 2796 2120 2870; baseline 0.001 -16"><span class='ocrx_word' id='word_1_217' title='bbox 537 2798 688 2870; x_wconf 84' lang='lat' dir='ltr'><strong>cujus</strong></span> <span class='ocrx_word' id='word_1_218' title='bbox 712 2800 791 2855; x_wconf 87' lang='lat' dir='ltr'><strong>rei</strong></span> <span class='ocrx_word' id='word_1_219' title='bbox 812 2813 1025 2855; x_wconf 88' lang='lat' dir='ltr'><strong>causam</strong></span> <span class='ocrx_word' id='word_1_220' title='bbox 1053 2814 1173 2855; x_wconf 87' lang='lat' dir='ltr'><strong>esse</strong></span> <span class='ocrx_word' id='word_1_221' title='bbox 1200 2798 1362 2863; x_wconf 88' lang='lat' dir='ltr'><strong>dicit,</strong></span> <span class='ocrx_word' id='word_1_222' title='bbox 1412 2796 1551 2868; x_wconf 86' lang='lat' dir='ltr'><strong>quod</strong></span> <span class='ocrx_word' id='word_1_223' title='bbox 1583 2812 1642 2853; x_wconf 91' lang='lat' dir='ltr'><strong>se</strong></span> <span class='ocrx_word' id='word_1_224' title='bbox 1673 2811 1994 2869; x_wconf 82' lang='lat' dir='ltr'><strong>cognoscere</strong></span> <span class='ocrx_word' id='word_1_225' title='bbox 2020 2813 2120 2855; x_wconf 83' lang='lat' dir='ltr'><strong>no-</strong></span> 
     </span>
    </p>
   </div>
   <div class='ocr_carea' id='block_1_27' title="bbox 538 2888 2118 2963">
    <p class='ocr_par' dir='ltr' id='par_1_27' title="bbox 538 2888 2118 2963">
     <span class='ocr_line' id='line_1_27' title="bbox 538 2888 2118 2963; baseline 0 -17"><span class='ocrx_word' id='word_1_226' title='bbox 538 2890 659 2947; x_wconf 89' lang='lat' dir='ltr'><strong>lint.</strong></span> <span class='ocrx_word' id='word_1_227' title='bbox 691 2891 827 2948; x_wconf 84' lang='lat' dir='ltr'><strong>Dicit</strong></span> <span class='ocrx_word' id='word_1_228' title='bbox 852 2906 981 2963; x_wconf 77' lang='lat' dir='ltr'><strong>ergo</strong></span> <span class='ocrx_word' id='word_1_229' title='bbox 1008 2906 1113 2947; x_wconf 88' lang='lat' dir='ltr'><strong>non</strong></span> <span class='ocrx_word' id='word_1_230' title='bbox 1148 2904 1305 2962; x_wconf 84' lang='lat' dir='ltr'><strong>posse</strong></span> <span class='ocrx_word' id='word_1_231' title='bbox 1348 2888 1559 2946; x_wconf 83' lang='lat' dir='ltr'><strong>Patrem</strong></span> <span class='ocrx_word' id='word_1_232' title='bbox 1602 2890 1851 2960; x_wconf 79' lang='lat' dir='ltr'><strong>cognosci</strong></span> <span class='ocrx_word' id='word_1_233' title='bbox 1895 2891 2011 2946; x_wconf 83' lang='lat' dir='ltr'><strong>sine</strong></span> <span class='ocrx_word' id='word_1_234' title='bbox 2035 2892 2118 2947; x_wconf 86' lang='lat' dir='ltr'><strong>sui</strong></span> 
     </span>
    </p>
   </div>
   <div class='ocr_carea' id='block_1_28' title="bbox 536 2981 2117 3056">
    <p class='ocr_par' dir='ltr' id='par_1_28' title="bbox 536 2981 2117 3056">
     <span class='ocr_line' id='line_1_28' title="bbox 536 2981 2117 3056; baseline -0.001 -17"><span class='ocrx_word' id='word_1_235' title='bbox 536 2983 837 3056; x_wconf 79' lang='lat' dir='ltr'><strong>cognitione</strong></span> <span class='ocrx_word' id='word_1_236' title='bbox 860 3023 875 3049; x_wconf 93' lang='lat'><strong>,</strong></span> <span class='ocrx_word' id='word_1_237' title='bbox 904 2990 963 3038; x_wconf 89' lang='lat' dir='ltr'><strong>ut</strong></span> <span class='ocrx_word' id='word_1_238' title='bbox 991 2983 1072 3040; x_wconf 86' lang='lat' dir='ltr'><strong>vel</strong></span> <span class='ocrx_word' id='word_1_239' title='bbox 1112 2983 1190 3038; x_wconf 88' lang='lat' dir='ltr'><strong>sic</strong></span> <span class='ocrx_word' id='word_1_240' title='bbox 1210 2996 1304 3037; x_wconf 88' lang='lat' dir='ltr'><strong>eos</strong></span> <span class='ocrx_word' id='word_1_241' title='bbox 1328 2982 1394 3037; x_wconf 92' lang='lat' dir='ltr'><strong>ad</strong></span> <span class='ocrx_word' id='word_1_242' title='bbox 1421 2982 1501 3037; x_wconf 90' lang='lat' dir='ltr'><strong>sui</strong></span> <span class='ocrx_word' id='word_1_243' title='bbox 1531 2981 1771 3038; x_wconf 86' lang='lat' dir='ltr'><strong>notitiam</strong></span> <span class='ocrx_word' id='word_1_244' title='bbox 1800 2982 2117 3039; x_wconf 86' lang='lat' dir='ltr'><strong>attraheret.</strong></span> 
     </span>
    </p>
   </div>
   <div class='ocr_carea' id='block_1_29' title="bbox 538 3072 2122 3144">
    <p class='ocr_par' dir='ltr' id='par_1_29' title="bbox 538 3072 2122 3144">
     <span class='ocr_line' id='line_1_29' title="bbox 538 3072 2122 3144; baseline 0 -14"><span class='ocrx_word' id='word_1_245' title='bbox 538 3075 678 3142; x_wconf 82' lang='lat' dir='ltr'><strong>Quis</strong></span> <span class='ocrx_word' id='word_1_246' title='bbox 726 3074 906 3141; x_wconf 88' lang='lat' dir='ltr'><strong>enim,</strong></span> <span class='ocrx_word' id='word_1_247' title='bbox 957 3075 1072 3144; x_wconf 88' lang='lat' dir='ltr'><strong>ipso</strong></span> <span class='ocrx_word' id='word_1_248' title='bbox 1119 3074 1334 3138; x_wconf 86' lang='lat' dir='ltr'><strong>relicto,</strong></span> <span class='ocrx_word' id='word_1_249' title='bbox 1382 3072 1596 3129; x_wconf 82' lang='lat' dir='ltr'><strong>Patrem</strong></span> <span class='ocrx_word' id='word_1_250' title='bbox 1645 3086 1861 3143; x_wconf 81' lang='lat' dir='ltr'><strong>semper</strong></span> <span class='ocrx_word' id='word_1_251' title='bbox 1915 3073 2122 3130; x_wconf 77' lang='lat' dir='ltr'><strong>discere</strong></span> 
     </span>
    </p>
   </div>
   <div class='ocr_carea' id='block_1_30' title="bbox 536 3158 2116 3237">
    <p class='ocr_par' dir='ltr' id='par_1_30' title="bbox 536 3158 2116 3237">
     <span class='ocr_line' id='line_1_30' title="bbox 536 3158 2116 3237; baseline 0.003 -19"><span class='ocrx_word' id='word_1_252' title='bbox 536 3166 841 3237; x_wconf 64' lang='lat' dir='ltr'><strong>quaerebant</strong></span> <span class='ocrx_word' id='word_1_253' title='bbox 864 3207 881 3232; x_wconf 85' lang='lat'><strong>,</strong></span> <span class='ocrx_word' id='word_1_254' title='bbox 912 3166 990 3221; x_wconf 85' lang='lat' dir='ltr'><strong>ait</strong></span> <span class='ocrx_word' id='word_1_255' title='bbox 1015 3184 1027 3219; x_wconf 91' lang='lat'><strong>:</strong></span> <span class='ocrx_word' id='word_1_256' title='bbox 1084 3165 1205 3221; x_wconf 80' lang='lat' dir='ltr'><strong>Non</strong></span> <span class='ocrx_word' id='word_1_257' title='bbox 1247 3165 1454 3237; x_wconf 77' lang='lat' dir='ltr'><strong>potestis</strong></span> <span class='ocrx_word' id='word_1_258' title='bbox 1481 3180 1627 3220; x_wconf 87' lang='lat' dir='ltr'><strong>nosse</strong></span> <span class='ocrx_word' id='word_1_259' title='bbox 1654 3158 1860 3219; x_wconf 85' lang='lat' dir='ltr'><strong>Putrem</strong></span> <span class='ocrx_word' id='word_1_260' title='bbox 1879 3166 1988 3219; x_wconf 82' lang='lat' dir='ltr'><strong>sine</strong></span> <span class='ocrx_word' id='word_1_261' title='bbox 2016 3180 2116 3223; x_wconf 77' lang='lat' dir='ltr'><strong>me.</strong></span> 
     </span>
    </p>
   </div>
   <div class='ocr_carea' id='block_1_31' title="bbox 534 3255 2115 3328">
    <p class='ocr_par' dir='ltr' id='par_1_31' title="bbox 534 3255 2115 3328">
     <span class='ocr_line' id='line_1_31' title="bbox 534 3255 2115 3328; baseline -0.001 -16"><span class='ocrx_word' id='word_1_262' title='bbox 534 3256 716 3328; x_wconf 79' lang='lat' dir='ltr'><strong>itaque</strong></span> <span class='ocrx_word' id='word_1_263' title='bbox 744 3256 832 3327; x_wconf 89' lang='lat' dir='ltr'><strong>qui</strong></span> <span class='ocrx_word' id='word_1_264' title='bbox 860 3256 917 3312; x_wconf 81' lang='lat' dir='ltr'><strong>in</strong></span> <span class='ocrx_word' id='word_1_265' title='bbox 951 3255 1143 3311; x_wconf 81' lang='lat' dir='ltr'><strong>Filium</strong></span> <span class='ocrx_word' id='word_1_266' title='bbox 1186 3255 1557 3327; x_wconf 80' lang='lat' dir='ltr'><strong>blaspltemant</strong></span> <span class='ocrx_word' id='word_1_267' title='bbox 1582 3270 1689 3312; x_wconf 89' lang='lat' dir='ltr'><strong>non</strong></span> <span class='ocrx_word' id='word_1_268' title='bbox 1719 3256 1770 3309; x_wconf 92' lang='lat' dir='ltr'><strong>in</strong></span> <span class='ocrx_word' id='word_1_269' title='bbox 1800 3255 1970 3326; x_wconf 87' lang='lat' dir='ltr'><strong>ipsum</strong></span> <span class='ocrx_word' id='word_1_270' title='bbox 1996 3265 2115 3311; x_wconf 78' lang='lat' dir='ltr'><strong>tun-</strong></span> 
     </span>
    </p>
   </div>
   <div class='ocr_carea' id='block_1_32' title="bbox 535 3346 1602 3418">
    <p class='ocr_par' dir='ltr' id='par_1_32' title="bbox 535 3346 1602 3418">
     <span class='ocr_line' id='line_1_32' title="bbox 535 3346 1602 3418; baseline -0.003 -13"><span class='ocrx_word' id='word_1_271' title='bbox 535 3357 667 3415; x_wconf 89' lang='lat' dir='ltr'><strong>tum,</strong></span> <span class='ocrx_word' id='word_1_272' title='bbox 697 3346 790 3403; x_wconf 86' lang='lat' dir='ltr'><strong>sed</strong></span> <span class='ocrx_word' id='word_1_273' title='bbox 816 3356 869 3404; x_wconf 87' lang='lat' dir='ltr'><strong>et</strong></span> <span class='ocrx_word' id='word_1_274' title='bbox 894 3348 945 3404; x_wconf 93' lang='lat' dir='ltr'><strong>in</strong></span> <span class='ocrx_word' id='word_1_275' title='bbox 977 3346 1188 3404; x_wconf 86' lang='lat' dir='ltr'><strong>Patrem</strong></span> <span class='ocrx_word' id='word_1_276' title='bbox 1215 3347 1602 3418; x_wconf 85' lang='lat' dir='ltr'><strong>blasphemant.</strong></span> 
     </span>
    </p>
   </div>
   <div class='ocr_carea' id='block_1_33' title="bbox 603 3437 2114 3511">
    <p class='ocr_par' dir='ltr' id='par_1_33' title="bbox 603 3437 2114 3511">
     <span class='ocr_line' id='line_1_33' title="bbox 603 3437 2114 3511; baseline -0.001 -15"><span class='ocrx_word' id='word_1_277' title='bbox 603 3438 656 3496; x_wconf 72' lang='grc' dir='ltr'>ι.</span> <span class='ocrx_word' id='word_1_278' title='bbox 688 3437 814 3495; x_wconf 69' lang='grc' dir='ltr'>ιιλεο</span> <span class='ocrx_word' id='word_1_279' title='bbox 843 3455 940 3495; x_wconf 88' lang='lat' dir='ltr'><strong>nos</strong></span> <span class='ocrx_word' id='word_1_280' title='bbox 965 3452 1267 3508; x_wconf 80' lang='lat' dir='ltr'><strong>caveamus,</strong></span> <span class='ocrx_word' id='word_1_281' title='bbox 1292 3448 1350 3494; x_wconf 90' lang='lat' dir='ltr'><strong>et</strong></span> <span class='ocrx_word' id='word_1_282' title='bbox 1377 3438 1569 3495; x_wconf 80' lang='lat' dir='ltr'><strong>Filium</strong></span> <span class='ocrx_word' id='word_1_283' title='bbox 1594 3438 1953 3510; x_wconf 84' lang='lat' dir='ltr'><strong>glorilicemus</strong></span> <span class='ocrx_word' id='word_1_284' title='bbox 1982 3456 1995 3495; x_wconf 89' lang='lat'>:</span> <span class='ocrx_word' id='word_1_285' title='bbox 2025 3440 2114 3511; x_wconf 85' lang='lat' dir='ltr'><strong>qui</strong></span> 
     </span>
    </p>
   </div>
   <div class='ocr_carea' id='block_1_34' title="bbox 533 3530 2114 3603">
    <p class='ocr_par' dir='ltr' id='par_1_34' title="bbox 533 3530 2114 3603">
     <span class='ocr_line' id='line_1_34' title="bbox 533 3530 2114 3603; baseline -0.001 -17"><span class='ocrx_word' id='word_1_286' title='bbox 533 3530 578 3587; x_wconf 81' lang='lat' dir='ltr'><strong>si</strong></span> <span class='ocrx_word' id='word_1_287' title='bbox 610 3547 722 3587; x_wconf 82' lang='lat' dir='ltr'><strong>non</strong></span> <span class='ocrx_word' id='word_1_288' title='bbox 743 3530 983 3602; x_wconf 82' lang='lat' dir='ltr'><strong>ejusdem</strong></span> <span class='ocrx_word' id='word_1_289' title='bbox 1008 3542 1151 3588; x_wconf 85' lang='lat' dir='ltr'><strong>esset</strong></span> <span class='ocrx_word' id='word_1_290' title='bbox 1178 3541 1400 3597; x_wconf 65' lang='lat' dir='ltr'><strong>naturae,</strong></span> <span class='ocrx_word' id='word_1_291' title='bbox 1425 3547 1530 3587; x_wconf 90' lang='lat' dir='ltr'><strong>non</strong></span> <span class='ocrx_word' id='word_1_292' title='bbox 1563 3532 1632 3586; x_wconf 88' lang='lat' dir='ltr'><strong>ita</strong></span> <span class='ocrx_word' id='word_1_293' title='bbox 1672 3531 1923 3603; x_wconf 87' lang='lat' dir='ltr'><strong>loquutus</strong></span> <span class='ocrx_word' id='word_1_294' title='bbox 1950 3542 2114 3587; x_wconf 87' lang='lat' dir='ltr'><strong>esset.</strong></span> 
     </span>
    </p>
   </div>
   <div class='ocr_carea' id='block_1_35' title="bbox 532 3621 2120 3692">
    <p class='ocr_par' dir='ltr' id='par_1_35' title="bbox 532 3621 2120 3692">
     <span class='ocr_line' id='line_1_35' title="bbox 532 3621 2120 3692; baseline 0 -12"><span class='ocrx_word' id='word_1_295' title='bbox 532 3623 754 3692; x_wconf 84' lang='lat' dir='ltr'><strong>Quodsi</strong></span> <span class='ocrx_word' id='word_1_296' title='bbox 775 3633 978 3679; x_wconf 88' lang='lat' dir='ltr'><strong>tantum</strong></span> <span class='ocrx_word' id='word_1_297' title='bbox 1008 3623 1272 3692; x_wconf 86' lang='lat' dir='ltr'><strong>docuerit,</strong></span> <span class='ocrx_word' id='word_1_298' title='bbox 1306 3623 1427 3679; x_wconf 91' lang='lat' dir='ltr'><strong>licet</strong></span> <span class='ocrx_word' id='word_1_299' title='bbox 1455 3621 1679 3682; x_wconf 82' lang='lat' dir='ltr'><strong>alterius</strong></span> <span class='ocrx_word' id='word_1_300' title='bbox 1701 3634 1844 3681; x_wconf 89' lang='lat' dir='ltr'><strong>esset</strong></span> <span class='ocrx_word' id='word_1_301' title='bbox 1870 3623 2120 3680; x_wconf 85' lang='lat' dir='ltr'><strong>substan-</strong></span> 
     </span>
    </p>
   </div>
   <div class='ocr_carea' id='block_1_36' title="bbox 533 3715 2114 3788">
    <p class='ocr_par' dir='ltr' id='par_1_36' title="bbox 533 3715 2114 3788">
     <span class='ocr_line' id='line_1_36' title="bbox 533 3715 2114 3788; baseline 0.001 -16"><span class='ocrx_word' id='word_1_302' title='bbox 533 3715 622 3773; x_wconf 73' lang='lat' dir='ltr'><strong>tia:</strong></span> <span class='ocrx_word' id='word_1_303' title='bbox 641 3754 656 3781; x_wconf 92' lang='lat'><strong>,</strong></span> <span class='ocrx_word' id='word_1_304' title='bbox 701 3724 881 3787; x_wconf 83' lang='lat' dir='ltr'><strong>posset</strong></span> <span class='ocrx_word' id='word_1_305' title='bbox 906 3715 1167 3787; x_wconf 83' lang='lat' dir='ltr'><strong>quispiam</strong></span> <span class='ocrx_word' id='word_1_306' title='bbox 1197 3728 1523 3787; x_wconf 79' lang='lat' dir='ltr'><strong>cognoscere</strong></span> <span class='ocrx_word' id='word_1_307' title='bbox 1564 3717 1774 3773; x_wconf 82' lang='lat' dir='ltr'><strong>Patrem</strong></span> <span class='ocrx_word' id='word_1_308' title='bbox 1797 3758 1814 3786; x_wconf 91' lang='lat'><strong>,</strong></span> <span class='ocrx_word' id='word_1_309' title='bbox 1846 3725 1903 3773; x_wconf 90' lang='lat' dir='ltr'><strong>et</strong></span> <span class='ocrx_word' id='word_1_310' title='bbox 1941 3718 2114 3788; x_wconf 88' lang='lat' dir='ltr'><strong>ipsum</strong></span> 
     </span>
    </p>
   </div>
   <div class='ocr_carea' id='block_1_37' title="bbox 534 3808 2117 3880">
    <p class='ocr_par' dir='ltr' id='par_1_37' title="bbox 534 3808 2117 3880">
     <span class='ocr_line' id='line_1_37' title="bbox 534 3808 2117 3880; baseline 0.003 -19"><span class='ocrx_word' id='word_1_311' title='bbox 534 3809 827 3878; x_wconf 82' lang='lat' dir='ltr'><strong>ignorare:</strong></span> <span class='ocrx_word' id='word_1_312' title='bbox 881 3822 1205 3879; x_wconf 78' lang='lat' dir='ltr'><strong>rursumque</strong></span> <span class='ocrx_word' id='word_1_313' title='bbox 1245 3808 1332 3880; x_wconf 91' lang='lat' dir='ltr'><strong>qui</strong></span> <span class='ocrx_word' id='word_1_314' title='bbox 1360 3808 1568 3863; x_wconf 77' lang='lat' dir='ltr'><strong>Patrem</strong></span> <span class='ocrx_word' id='word_1_315' title='bbox 1601 3818 1811 3874; x_wconf 88' lang='lat' dir='ltr'><strong>nosset,</strong></span> <span class='ocrx_word' id='word_1_316' title='bbox 1861 3824 1971 3863; x_wconf 88' lang='lat' dir='ltr'><strong>non</strong></span> <span class='ocrx_word' id='word_1_317' title='bbox 1996 3808 2117 3867; x_wconf 88' lang='lat' dir='ltr'><strong>ideo</strong></span> 
     </span>
    </p>
   </div>
   <div class='ocr_carea' id='block_1_38' title="bbox 532 3897 2114 3971">
    <p class='ocr_par' dir='ltr' id='par_1_38' title="bbox 532 3897 2114 3971">
     <span class='ocr_line' id='line_1_38' title="bbox 532 3897 2114 3971; baseline 0.002 -17"><span class='ocrx_word' id='word_1_318' title='bbox 532 3898 730 3955; x_wconf 86' lang='lat' dir='ltr'><strong>Filium</strong></span> <span class='ocrx_word' id='word_1_319' title='bbox 756 3908 1118 3971; x_wconf 87' lang='lat' dir='ltr'><strong>cognosceret.</strong></span> <span class='ocrx_word' id='word_1_320' title='bbox 1148 3897 1337 3970; x_wconf 85' lang='lat' dir='ltr'><strong>Neque</strong></span> <span class='ocrx_word' id='word_1_321' title='bbox 1356 3899 1495 3956; x_wconf 88' lang='lat' dir='ltr'><strong>enim</strong></span> <span class='ocrx_word' id='word_1_322' title='bbox 1521 3899 1609 3971; x_wconf 87' lang='lat' dir='ltr'><strong>qui</strong></span> <span class='ocrx_word' id='word_1_323' title='bbox 1635 3900 1783 3955; x_wconf 80' lang='lat' dir='ltr'><strong>novit</strong></span> <span class='ocrx_word' id='word_1_324' title='bbox 1807 3899 2078 3957; x_wconf 84' lang='lat' dir='ltr'><strong>hominem</strong></span> <span class='ocrx_word' id='word_1_325' title='bbox 2094 3942 2114 3970; x_wconf 91' lang='lat'><strong>,</strong></span> 
     </span>
    </p>
   </div>
   <div class='ocr_carea' id='block_1_39' title="bbox 531 3990 2118 4064">
    <p class='ocr_par' dir='ltr' id='par_1_39' title="bbox 531 3990 2118 4064">
     <span class='ocr_line' id='line_1_39' title="bbox 531 3990 2118 4064; baseline 0.003 -18"><span class='ocrx_word' id='word_1_326' title='bbox 531 3991 681 4046; x_wconf 87' lang='lat' dir='ltr'><strong>novit</strong></span> <span class='ocrx_word' id='word_1_327' title='bbox 703 3992 866 4047; x_wconf 87' lang='lat' dir='ltr'><strong>etiam</strong></span> <span class='ocrx_word' id='word_1_328' title='bbox 907 3990 1177 4062; x_wconf 73' lang='lat' dir='ltr'><strong>angelum.</strong></span> <span class='ocrx_word' id='word_1_329' title='bbox 1230 3990 1342 4047; x_wconf 84' lang='lat' dir='ltr'><strong>imo</strong></span> <span class='ocrx_word' id='word_1_330' title='bbox 1368 4033 1384 4057; x_wconf 93' lang='lat'><strong>,</strong></span> <span class='ocrx_word' id='word_1_331' title='bbox 1413 3993 1654 4064; x_wconf 84' lang='lat' dir='ltr'><strong>inquies;</strong></span> <span class='ocrx_word' id='word_1_332' title='bbox 1688 4009 1809 4048; x_wconf 86' lang='lat' dir='ltr'><strong>nam</strong></span> <span class='ocrx_word' id='word_1_333' title='bbox 1838 3994 1925 4063; x_wconf 90' lang='lat' dir='ltr'><strong>qui</strong></span> <span class='ocrx_word' id='word_1_334' title='bbox 1969 3993 2118 4051; x_wconf 85' lang='lat' dir='ltr'><strong>novit</strong></span> 
     </span>
    </p>
   </div>
   <div class='ocr_carea' id='block_1_40' title="bbox 530 4080 2114 4146">
    <p class='ocr_par' dir='ltr' id='par_1_40' title="bbox 530 4080 2114 4146">
     <span class='ocr_line' id='line_1_40' title="bbox 530 4080 2114 4146; baseline 0.002 -8"><span class='ocrx_word' id='word_1_335' title='bbox 530 4090 828 4138; x_wconf 85' lang='lat' dir='ltr'><strong>creaturam</strong></span> <span class='ocrx_word' id='word_1_336' title='bbox 856 4122 870 4146; x_wconf 93' lang='lat'><strong>,</strong></span> <span class='ocrx_word' id='word_1_337' title='bbox 905 4082 1054 4136; x_wconf 86' lang='lat' dir='ltr'><strong>novit</strong></span> <span class='ocrx_word' id='word_1_338' title='bbox 1074 4090 1129 4137; x_wconf 93' lang='lat' dir='ltr'><strong>et</strong></span> <span class='ocrx_word' id='word_1_339' title='bbox 1152 4080 1339 4137; x_wconf 88' lang='lat' dir='ltr'><strong>Deum.</strong></span> <span class='ocrx_word' id='word_1_340' title='bbox 1370 4082 1601 4140; x_wconf 76' lang='lat' dir='ltr'><strong>Minime.</strong></span> <span class='ocrx_word' id='word_1_341' title='bbox 1634 4084 1783 4140; x_wconf 80' lang='lat' dir='ltr'><strong>Multi</strong></span> <span class='ocrx_word' id='word_1_342' title='bbox 1831 4084 1974 4141; x_wconf 83' lang='lat' dir='ltr'><strong>enim</strong></span> <span class='ocrx_word' id='word_1_343' title='bbox 2015 4100 2114 4141; x_wconf 83' lang='lat' dir='ltr'><strong>no-</strong></span> 
     </span>
    </p>
   </div>
   <div class='ocr_carea' id='block_1_41' title="bbox 531 4172 2113 4246">
    <p class='ocr_par' dir='ltr' id='par_1_41' title="bbox 531 4172 2113 4246">
     <span class='ocr_line' id='line_1_41' title="bbox 531 4172 2113 4246; baseline 0.001 -17"><span class='ocrx_word' id='word_1_344' title='bbox 531 4181 655 4229; x_wconf 89' lang='lat' dir='ltr'><strong>runt</strong></span> <span class='ocrx_word' id='word_1_345' title='bbox 680 4183 976 4228; x_wconf 81' lang='lat' dir='ltr'><strong>creaturam</strong></span> <span class='ocrx_word' id='word_1_346' title='bbox 1000 4215 1014 4239; x_wconf 92' lang='lat'><strong>,</strong></span> <span class='ocrx_word' id='word_1_347' title='bbox 1047 4172 1154 4228; x_wconf 91' lang='lat' dir='ltr'><strong>imo</strong></span> <span class='ocrx_word' id='word_1_348' title='bbox 1183 4187 1373 4229; x_wconf 89' lang='lat' dir='ltr'><strong>omnes</strong></span> <span class='ocrx_word' id='word_1_349' title='bbox 1398 4174 1675 4242; x_wconf 84' lang='lat' dir='ltr'><strong>homines,</strong></span> <span class='ocrx_word' id='word_1_350' title='bbox 1719 4176 1808 4246; x_wconf 90' lang='lat' dir='ltr'><strong>qui</strong></span> <span class='ocrx_word' id='word_1_351' title='bbox 1837 4176 2020 4231; x_wconf 82' lang='lat' dir='ltr'><strong>vident</strong></span> <span class='ocrx_word' id='word_1_352' title='bbox 2046 4176 2113 4232; x_wconf 87' lang='lat' dir='ltr'><strong>il-</strong></span> 
     </span>
    </p>
   </div>
   <div class='ocr_carea' id='block_1_42' title="bbox 531 4265 2113 4338">
    <p class='ocr_par' dir='ltr' id='par_1_42' title="bbox 531 4265 2113 4338">
     <span class='ocr_line' id='line_1_42' title="bbox 531 4265 2113 4338; baseline -0.001 -16"><span class='ocrx_word' id='word_1_353' title='bbox 531 4267 635 4322; x_wconf 84' lang='lat' dir='ltr'><strong>lam</strong></span> <span class='ocrx_word' id='word_1_354' title='bbox 653 4306 669 4332; x_wconf 94' lang='lat'><strong>,</strong></span> <span class='ocrx_word' id='word_1_355' title='bbox 710 4273 765 4321; x_wconf 93' lang='lat' dir='ltr'><strong>et</strong></span> <span class='ocrx_word' id='word_1_356' title='bbox 794 4265 957 4320; x_wconf 87' lang='lat' dir='ltr'><strong>Deum</strong></span> <span class='ocrx_word' id='word_1_357' title='bbox 987 4280 1093 4321; x_wconf 86' lang='lat' dir='ltr'><strong>non</strong></span> <span class='ocrx_word' id='word_1_358' title='bbox 1133 4274 1347 4321; x_wconf 88' lang='lat' dir='ltr'><strong>norunt.</strong></span> <span class='ocrx_word' id='word_1_359' title='bbox 1376 4265 1745 4323; x_wconf 76' lang='lat' dir='ltr'><strong>Gloriliccmus</strong></span> <span class='ocrx_word' id='word_1_360' title='bbox 1772 4282 1899 4338; x_wconf 85' lang='lat' dir='ltr'><strong>ergo</strong></span> <span class='ocrx_word' id='word_1_361' title='bbox 1922 4268 2113 4322; x_wconf 82' lang='lat' dir='ltr'><strong>Filium</strong></span> 
     </span>
    </p>
   </div>
   <div class='ocr_carea' id='block_1_43' title="bbox 534 4356 2109 4431">
    <p class='ocr_par' dir='ltr' id='par_1_43' title="bbox 534 4356 2109 4431">
     <span class='ocr_line' id='line_1_43' title="bbox 534 4356 2109 4431; baseline 0.001 -20"><span class='ocrx_word' id='word_1_362' title='bbox 534 4356 661 4423; x_wconf 84' lang='lat' dir='ltr'><strong>Dei,</strong></span> <span class='ocrx_word' id='word_1_363' title='bbox 710 4371 821 4412; x_wconf 82' lang='lat' dir='ltr'><strong>non</strong></span> <span class='ocrx_word' id='word_1_364' title='bbox 845 4356 947 4412; x_wconf 83' lang='lat' dir='ltr'><strong>hac</strong></span> <span class='ocrx_word' id='word_1_365' title='bbox 972 4356 1140 4427; x_wconf 86' lang='lat' dir='ltr'><strong>gloria</strong></span> <span class='ocrx_word' id='word_1_366' title='bbox 1170 4365 1409 4423; x_wconf 87' lang='lat' dir='ltr'><strong>tantum,</strong></span> <span class='ocrx_word' id='word_1_367' title='bbox 1458 4357 1553 4414; x_wconf 84' lang='lat' dir='ltr'><strong>sed</strong></span> <span class='ocrx_word' id='word_1_368' title='bbox 1595 4359 1755 4417; x_wconf 82' lang='lat' dir='ltr'><strong>etiam</strong></span> <span class='ocrx_word' id='word_1_369' title='bbox 1803 4374 1899 4431; x_wconf 88' lang='lat' dir='ltr'><strong>per</strong></span> <span class='ocrx_word' id='word_1_370' title='bbox 1928 4375 2109 4430; x_wconf 80' lang='lat' dir='ltr'><strong>Opera.</strong></span> 
     </span>
    </p>
   </div>
   <div class='ocr_carea' id='block_1_44' title="bbox 1282 386 3093 455">
    <p class='ocr_par' dir='ltr' id='par_1_44' title="bbox 1282 386 3093 455">
     <span class='ocr_line' id='line_1_44' title="bbox 1282 386 3093 455; baseline -0.006 0"><span class='ocrx_word' id='word_1_371' title='bbox 1282 398 1337 455; x_wconf 90' lang='lat' dir='ltr'><strong>S.</strong></span> <span class='ocrx_word' id='word_1_372' title='bbox 1379 394 1654 453; x_wconf 64' lang='lat' dir='ltr'><strong>JOANNIS</strong></span> <span class='ocrx_word' id='word_1_373' title='bbox 1690 388 2169 450; x_wconf 67' lang='lat' dir='ltr'><strong>CllRYSOSTOHl</strong></span> <span class='ocrx_word' id='word_1_374' title='bbox 2202 386 2522 447; x_wconf 69' lang='grc' dir='ltr'>Ακαιιιειι.</span> <span class='ocrx_word' id='word_1_375' title='bbox 2560 388 3093 447; x_wconf 51' lang='grc' dir='ltr'><strong>εωθετλικτιδορ.</strong></span> 
     </span>
    </p>
   </div>
   <div class='ocr_carea' id='block_1_45' title="bbox 564 504 2151 580">
    <p class='ocr_par' dir='ltr' id='par_1_45' title="bbox 564 504 2151 580">
     <span class='ocr_line' id='line_1_45' title="bbox 564 504 2151 580; baseline -0.005 -11"><span class='ocrx_word' id='word_1_376' title='bbox 564 526 687 577; x_wconf 72' lang='lat' dir='ltr'><strong>tur:</strong></span> <span class='ocrx_word' id='word_1_377' title='bbox 721 513 829 573; x_wconf 81' lang='lat' dir='ltr'><strong>hoe</strong></span> <span class='ocrx_word' id='word_1_378' title='bbox 855 523 938 573; x_wconf 86' lang='lat' dir='ltr'><strong>est</strong></span> <span class='ocrx_word' id='word_1_379' title='bbox 962 513 1125 580; x_wconf 82' lang='lat' dir='ltr'><strong>enim,</strong></span> <span class='ocrx_word' id='word_1_380' title='bbox 1169 509 1303 567; x_wconf 87' lang='lat' dir='ltr'><strong>duos</strong></span> <span class='ocrx_word' id='word_1_381' title='bbox 1335 507 1697 565; x_wconf 88' lang='lat' dir='ltr'><strong>testimonium</strong></span> <span class='ocrx_word' id='word_1_382' title='bbox 1745 506 1901 561; x_wconf 74' lang='lat' dir='ltr'><strong>ferre.</strong></span> <span class='ocrx_word' id='word_1_383' title='bbox 1931 504 1987 561; x_wconf 88' lang='lat' dir='ltr'><strong>Si</strong></span> <span class='ocrx_word' id='word_1_384' title='bbox 2028 504 2151 577; x_wconf 76' lang='lat' dir='ltr'><strong>quis</strong></span> 
     </span>
    </p>
   </div>
   <div class='ocr_carea' id='block_1_46' title="bbox 3731 389 3841 449">
    <p class='ocr_par' dir='ltr' id='par_1_46' title="bbox 3731 389 3841 449">
     <span class='ocr_line' id='line_1_46' title="bbox 3731 389 3841 449; baseline 0 -3"><span class='ocrx_word' id='word_1_385' title='bbox 3731 389 3841 449; x_wconf 66' lang='lat'><strong>‘39!</strong></span> 
     </span>
    </p>
   </div>
   <div class='ocr_carea' id='block_1_47' title="bbox 2243 500 3835 576">
    <p class='ocr_par' dir='ltr' id='par_1_47' title="bbox 2243 500 3835 576">
     <span class='ocr_line' id='line_1_47' title="bbox 2243 500 3835 576; baseline 0.001 -18"><span class='ocrx_word' id='word_1_386' title='bbox 2243 502 2371 559; x_wconf 83' lang='lat' dir='ltr'><strong>Sine</strong></span> <span class='ocrx_word' id='word_1_387' title='bbox 2402 503 2501 569; x_wconf 74' lang='lat' dir='ltr'><strong>hac</strong></span> <span class='ocrx_word' id='word_1_388' title='bbox 2532 502 2902 574; x_wconf 69' lang='lat' dir='ltr'><strong>enimgloria,</strong></span> <span class='ocrx_word' id='word_1_389' title='bbox 2932 502 3024 557; x_wconf 75' lang='lat' dir='ltr'><strong>illa</strong></span> <span class='ocrx_word' id='word_1_390' title='bbox 3051 501 3183 558; x_wconf 83' lang='lat' dir='ltr'><strong>nihil</strong></span> <span class='ocrx_word' id='word_1_391' title='bbox 3210 512 3310 559; x_wconf 86' lang='lat' dir='ltr'><strong>est.</strong></span> <span class='ocrx_word' id='word_1_392' title='bbox 3355 500 3480 558; x_wconf 77' lang='lat' dir='ltr'><strong>Vide</strong></span> <span class='ocrx_word' id='word_1_393' title='bbox 3505 513 3591 569; x_wconf 82' lang='lat' dir='ltr'><strong>tu,</strong></span> <span class='ocrx_word' id='word_1_394' title='bbox 3624 504 3835 576; x_wconf 89' lang='lat' dir='ltr'><strong>inquit,</strong></span> 
     </span>
    </p>
   </div>
   <div class='ocr_carea' id='block_1_48' title="bbox 2240 592 3837 668">
    <p class='ocr_par' dir='ltr' id='par_1_48' title="bbox 2240 592 3837 668">
     <span class='ocr_line' id='line_1_48' title="bbox 2240 592 3837 668; baseline 0.002 -20"><span class='ocrx_word' id='word_1_395' title='bbox 2240 592 2459 649; x_wconf 63' lang='lat' dir='ltr'><strong>ludens</strong></span> <span class='ocrx_word' id='word_1_396' title='bbox 2485 594 2853 665; x_wconf 72' lang='lat' dir='ltr'><strong>coquentiuaris</strong></span> <span class='ocrx_word' id='word_1_397' title='bbox 2872 635 2888 659; x_wconf 92' lang='lat'><strong>,</strong></span> <span class='ocrx_word' id='word_1_398' title='bbox 2937 604 2984 648; x_wconf 89' lang='lat' dir='ltr'><strong>et</strong></span> <span class='ocrx_word' id='word_1_399' title='bbox 3011 593 3065 647; x_wconf 88' lang='lat' dir='ltr'><strong>in</strong></span> <span class='ocrx_word' id='word_1_400' title='bbox 3093 595 3201 665; x_wconf 79' lang='lat' dir='ltr'><strong>lege</strong></span> <span class='ocrx_word' id='word_1_401' title='bbox 3227 594 3472 665; x_wconf 74' lang='lat' dir='ltr'><strong>quiescis,</strong></span> <span class='ocrx_word' id='word_1_402' title='bbox 3506 606 3554 649; x_wconf 87' lang='lat' dir='ltr'><strong>et</strong></span> <span class='ocrx_word' id='word_1_403' title='bbox 3597 595 3837 668; x_wconf 81' lang='lat' dir='ltr'><strong>gloriaris</strong></span> 
     </span>
    </p>
   </div>
   <div class='ocr_carea' id='block_1_49' title="bbox 2243 684 3837 760">
    <p class='ocr_par' dir='ltr' id='par_1_49' title="bbox 2243 684 3837 760">
     <span class='ocr_line' id='line_1_49' title="bbox 2243 684 3837 760; baseline 0.002 -20"><span class='ocrx_word' id='word_1_404' title='bbox 2243 688 2296 741; x_wconf 86' lang='lat' dir='ltr'><strong>in</strong></span> <span class='ocrx_word' id='word_1_405' title='bbox 2326 685 2433 741; x_wconf 80' lang='lat' dir='ltr'><strong>Deo</strong></span> <span class='ocrx_word' id='word_1_406' title='bbox 2463 687 2636 758; x_wconf 81' lang='lat' dir='ltr'><strong>(Rom.</strong></span> <span class='ocrx_word' id='word_1_407' title='bbox 2675 684 2730 740; x_wconf 73' lang='grc'><strong>2.</strong></span> <span class='ocrx_word' id='word_1_408' title='bbox 2764 687 2875 755; x_wconf 83' lang='grc' dir='ltr'><strong>Π).</strong></span> <span class='ocrx_word' id='word_1_409' title='bbox 2922 684 3023 750; x_wconf 73' lang='grc' dir='ltr'><strong>Ωιιὲ</strong></span> <span class='ocrx_word' id='word_1_410' title='bbox 3057 686 3215 741; x_wconf 80' lang='lat' dir='ltr'><strong>alium</strong></span> <span class='ocrx_word' id='word_1_411' title='bbox 3252 688 3399 743; x_wconf 81' lang='lat' dir='ltr'><strong>doces</strong></span> <span class='ocrx_word' id='word_1_412' title='bbox 3421 730 3439 757; x_wconf 91' lang='lat'><strong>,</strong></span> <span class='ocrx_word' id='word_1_413' title='bbox 3474 689 3690 760; x_wconf 73' lang='lat' dir='ltr'><strong>teipsmu</strong></span> <span class='ocrx_word' id='word_1_414' title='bbox 3735 706 3837 743; x_wconf 82' lang='lat' dir='ltr'><strong>non</strong></span> 
     </span>
    </p>
   </div>
   <div class='ocr_carea' id='block_1_50' title="bbox 2243 778 3836 854">
    <p class='ocr_par' dir='ltr' id='par_1_50' title="bbox 2243 778 3836 854">
     <span class='ocr_line' id='line_1_50' title="bbox 2243 778 3836 854; baseline 0.004 -23"><span class='ocrx_word' id='word_1_415' title='bbox 2243 778 2392 834; x_wconf 82' lang='lat' dir='ltr'><strong>doces</strong></span> <span class='ocrx_word' id='word_1_416' title='bbox 2414 782 2428 810; x_wconf 80' lang='grc'>²</span> <span class='ocrx_word' id='word_1_417' title='bbox 2449 779 2473 833; x_wconf 82' lang='lat'><strong>.’</strong></span> <span class='ocrx_word' id='word_1_418' title='bbox 2496 778 2584 849; x_wconf 82' lang='lat' dir='ltr'><strong>qui</strong></span> <span class='ocrx_word' id='word_1_419' title='bbox 2598 778 2653 832; x_wconf 90' lang='lat' dir='ltr'><strong>in</strong></span> <span class='ocrx_word' id='word_1_420' title='bbox 2686 779 2793 850; x_wconf 79' lang='lat' dir='ltr'><strong>lege</strong></span> <span class='ocrx_word' id='word_1_421' title='bbox 2816 778 3054 850; x_wconf 78' lang='lat' dir='ltr'><strong>gloriaris</strong></span> <span class='ocrx_word' id='word_1_422' title='bbox 3072 820 3085 844; x_wconf 93' lang='lat'><strong>,</strong></span> <span class='ocrx_word' id='word_1_423' title='bbox 3118 797 3206 850; x_wconf 79' lang='lat' dir='ltr'><strong>per</strong></span> <span class='ocrx_word' id='word_1_424' title='bbox 3230 781 3356 851; x_wconf 81' lang='lat' dir='ltr'><strong>legis</strong></span> <span class='ocrx_word' id='word_1_425' title='bbox 3382 784 3836 854; x_wconf 59' lang='lat' dir='ltr'><strong>transgressionem</strong></span> 
     </span>
    </p>
   </div>
   <div class='ocr_carea' id='block_1_51' title="bbox 2241 867 3835 943">
    <p class='ocr_par' dir='ltr' id='par_1_51' title="bbox 2241 867 3835 943">
     <span class='ocr_line' id='line_1_51' title="bbox 2241 867 3835 943; baseline 0.001 -18"><span class='ocrx_word' id='word_1_426' title='bbox 2241 867 2406 925; x_wconf 76' lang='lat' dir='ltr'><strong>Deum</strong></span> <span class='ocrx_word' id='word_1_427' title='bbox 2444 869 2716 928; x_wconf 67' lang='lat' dir='ltr'><strong>inhonorus</strong></span> <span class='ocrx_word' id='word_1_428' title='bbox 2746 868 2906 940; x_wconf 68' lang='lat' dir='ltr'><strong>(ibid.</strong></span> <span class='ocrx_word' id='word_1_429' title='bbox 2953 885 3000 923; x_wconf 77' lang='grc' dir='ltr'><strong>υ.</strong></span> <span class='ocrx_word' id='word_1_430' title='bbox 3039 869 3174 940; x_wconf 76' lang='lat' dir='ltr'><strong>2i)?</strong></span> <span class='ocrx_word' id='word_1_431' title='bbox 3209 870 3337 927; x_wconf 71' lang='lat' dir='ltr'><strong>\‘ide</strong></span> <span class='ocrx_word' id='word_1_432' title='bbox 3382 888 3450 927; x_wconf 90' lang='lat' dir='ltr'><strong>ne</strong></span> <span class='ocrx_word' id='word_1_433' title='bbox 3493 888 3592 928; x_wconf 88' lang='lat' dir='ltr'><strong>nos</strong></span> <span class='ocrx_word' id='word_1_434' title='bbox 3632 873 3731 943; x_wconf 88' lang='lat' dir='ltr'><strong>ipsi</strong></span> <span class='ocrx_word' id='word_1_435' title='bbox 3781 872 3835 927; x_wconf 89' lang='lat' dir='ltr'><strong>in</strong></span> 
     </span>
    </p>
   </div>
   <div class='ocr_carea' id='block_1_52' title="bbox 2239 959 3834 1031">
    <p class='ocr_par' dir='ltr' id='par_1_52' title="bbox 2239 959 3834 1031">
     <span class='ocr_line' id='line_1_52' title="bbox 2239 959 3834 1031; baseline 0.003 -16"><span class='ocrx_word' id='word_1_436' title='bbox 2239 969 2385 1015; x_wconf 88' lang='lat' dir='ltr'><strong>recta</strong></span> <span class='ocrx_word' id='word_1_437' title='bbox 2413 960 2515 1015; x_wconf 86' lang='lat' dir='ltr'><strong>lide</strong></span> <span class='ocrx_word' id='word_1_438' title='bbox 2540 960 2860 1031; x_wconf 82' lang='lat' dir='ltr'><strong>gloriantes,</strong></span> <span class='ocrx_word' id='word_1_439' title='bbox 2891 959 3032 1031; x_wconf 91' lang='lat' dir='ltr'><strong>quod</strong></span> <span class='ocrx_word' id='word_1_440' title='bbox 3062 961 3224 1016; x_wconf 88' lang='lat' dir='ltr'><strong>vitam</strong></span> <span class='ocrx_word' id='word_1_441' title='bbox 3265 961 3386 1019; x_wconf 89' lang='lat' dir='ltr'><strong>lidei</strong></span> <span class='ocrx_word' id='word_1_442' title='bbox 3414 973 3834 1019; x_wconf 76' lang='lat' dir='ltr'><strong>conseruatseaut</strong></span> 
     </span>
    </p>
   </div>
   <div class='ocr_carea' id='block_1_53' title="bbox 2242 1052 3833 1119">
    <p class='ocr_par' dir='ltr' id='par_1_53' title="bbox 2242 1052 3833 1119">
     <span class='ocr_line' id='line_1_53' title="bbox 2242 1052 3833 1119; baseline 0.002 -11"><span class='ocrx_word' id='word_1_443' title='bbox 2242 1068 2349 1108; x_wconf 88' lang='lat' dir='ltr'><strong>non</strong></span> <span class='ocrx_word' id='word_1_444' title='bbox 2380 1053 2746 1118; x_wconf 81' lang='lat' dir='ltr'><strong>exhibeamus,</strong></span> <span class='ocrx_word' id='word_1_445' title='bbox 2778 1053 2943 1108; x_wconf 89' lang='lat' dir='ltr'><strong>Deum</strong></span> <span class='ocrx_word' id='word_1_446' title='bbox 2972 1052 3354 1109; x_wconf 86' lang='lat' dir='ltr'><strong>inhonoremus</strong></span> <span class='ocrx_word' id='word_1_447' title='bbox 3373 1097 3387 1119; x_wconf 92' lang='lat'><strong>,</strong></span> <span class='ocrx_word' id='word_1_448' title='bbox 3416 1053 3543 1110; x_wconf 92' lang='lat' dir='ltr'><strong>dum</strong></span> <span class='ocrx_word' id='word_1_449' title='bbox 3583 1055 3646 1111; x_wconf 90' lang='lat' dir='ltr'><strong>in.</strong></span> <span class='ocrx_word' id='word_1_450' title='bbox 3670 1069 3833 1111; x_wconf 67' lang='lat' dir='ltr'><strong>czttisa</strong></span> 
     </span>
    </p>
   </div>
   <div class='ocr_carea' id='block_1_54' title="bbox 2238 1142 3833 1214">
    <p class='ocr_par' dir='ltr' id='par_1_54' title="bbox 2238 1142 3833 1214">
     <span class='ocr_line' id='line_1_54' title="bbox 2238 1142 3833 1214; baseline 0.001 -16"><span class='ocrx_word' id='word_1_451' title='bbox 2238 1156 2425 1199; x_wconf 85' lang='lat' dir='ltr'><strong>sumus</strong></span> <span class='ocrx_word' id='word_1_452' title='bbox 2447 1143 2586 1214; x_wconf 88' lang='lat' dir='ltr'><strong>quod</strong></span> <span class='ocrx_word' id='word_1_453' title='bbox 2607 1142 3027 1214; x_wconf 83' lang='lat' dir='ltr'><strong>blasphemctur.</strong></span> <span class='ocrx_word' id='word_1_454' title='bbox 3056 1142 3178 1198; x_wconf 88' lang='lat' dir='ltr'><strong>Vult</strong></span> <span class='ocrx_word' id='word_1_455' title='bbox 3193 1144 3339 1199; x_wconf 85' lang='lat' dir='ltr'><strong>enim</strong></span> <span class='ocrx_word' id='word_1_456' title='bbox 3357 1146 3442 1200; x_wconf 89' lang='lat' dir='ltr'><strong>ille</strong></span> <span class='ocrx_word' id='word_1_457' title='bbox 3461 1144 3833 1206; x_wconf 75' lang='lat' dir='ltr'><strong>Christianum</strong></span> 
     </span>
    </p>
   </div>
   <div class='ocr_carea' id='block_1_55' title="bbox 2238 1232 3829 1305">
    <p class='ocr_par' dir='ltr' id='par_1_55' title="bbox 2238 1232 3829 1305">
     <span class='ocr_line' id='line_1_55' title="bbox 2238 1232 3829 1305; baseline 0.003 -17"><span class='ocrx_word' id='word_1_458' title='bbox 2238 1248 2360 1290; x_wconf 88' lang='lat' dir='ltr'><strong>esse</strong></span> <span class='ocrx_word' id='word_1_459' title='bbox 2414 1233 2691 1290; x_wconf 84' lang='lat' dir='ltr'><strong>doctorem</strong></span> <span class='ocrx_word' id='word_1_460' title='bbox 2739 1232 2921 1301; x_wconf 87' lang='lat' dir='ltr'><strong>orbis,</strong></span> <span class='ocrx_word' id='word_1_461' title='bbox 2974 1234 3331 1304; x_wconf 77' lang='lat' dir='ltr'><strong>icrmentum,</strong></span> <span class='ocrx_word' id='word_1_462' title='bbox 3382 1236 3594 1305; x_wconf 84' lang='lat' dir='ltr'><strong>lucem,</strong></span> <span class='ocrx_word' id='word_1_463' title='bbox 3635 1238 3829 1293; x_wconf 80' lang='lat' dir='ltr'><strong>salem.</strong></span> 
     </span>
    </p>
   </div>
   <div class='ocr_carea' id='block_1_56' title="bbox 2236 1325 3825 1398">
    <p class='ocr_par' dir='ltr' id='par_1_56' title="bbox 2236 1325 3825 1398">
     <span class='ocr_line' id='line_1_56' title="bbox 2236 1325 3825 1398; baseline 0.005 -18"><span class='ocrx_word' id='word_1_464' title='bbox 2236 1325 2373 1394; x_wconf 84' lang='lat' dir='ltr'><strong>Quid</strong></span> <span class='ocrx_word' id='word_1_465' title='bbox 2398 1330 2478 1382; x_wconf 83' lang='lat' dir='ltr'><strong>est</strong></span> <span class='ocrx_word' id='word_1_466' title='bbox 2509 1326 2637 1381; x_wconf 77' lang='lat' dir='ltr'><strong>lux?</strong></span> <span class='ocrx_word' id='word_1_467' title='bbox 2671 1325 2787 1381; x_wconf 82' lang='lat' dir='ltr'><strong>Vita</strong></span> <span class='ocrx_word' id='word_1_468' title='bbox 2817 1327 3133 1398; x_wconf 76' lang='lat' dir='ltr'><strong>splendens.</strong></span> <span class='ocrx_word' id='word_1_469' title='bbox 3175 1328 3305 1383; x_wconf 78' lang='lat' dir='ltr'><strong>nihil</strong></span> <span class='ocrx_word' id='word_1_470' title='bbox 3334 1330 3549 1389; x_wconf 78' lang='lat' dir='ltr'><strong>Obscuri</strong></span> <span class='ocrx_word' id='word_1_471' title='bbox 3595 1331 3825 1388; x_wconf 71' lang='lat' dir='ltr'><strong>habens.</strong></span> 
     </span>
    </p>
   </div>
   <div class='ocr_carea' id='block_1_57' title="bbox 2234 1418 3829 1491">
    <p class='ocr_par' dir='ltr' id='par_1_57' title="bbox 2234 1418 3829 1491">
     <span class='ocr_line' id='line_1_57' title="bbox 2234 1418 3829 1491; baseline 0.003 -16"><span class='ocrx_word' id='word_1_472' title='bbox 2234 1418 2347 1476; x_wconf 76' lang='lat' dir='ltr'><strong>Lux</strong></span> <span class='ocrx_word' id='word_1_473' title='bbox 2381 1434 2487 1475; x_wconf 89' lang='lat' dir='ltr'><strong>non</strong></span> <span class='ocrx_word' id='word_1_474' title='bbox 2514 1419 2613 1474; x_wconf 89' lang='lat' dir='ltr'><strong>sibi</strong></span> <span class='ocrx_word' id='word_1_475' title='bbox 2644 1419 2786 1473; x_wconf 90' lang='lat' dir='ltr'><strong>utilis</strong></span> <span class='ocrx_word' id='word_1_476' title='bbox 2808 1426 2891 1474; x_wconf 88' lang='lat' dir='ltr'><strong>est</strong></span> <span class='ocrx_word' id='word_1_477' title='bbox 2910 1459 2927 1486; x_wconf 89' lang='lat'><strong>,</strong></span> <span class='ocrx_word' id='word_1_478' title='bbox 2956 1426 3012 1477; x_wconf 82' lang='lat' dir='ltr'><strong>ut</strong></span> <span class='ocrx_word' id='word_1_479' title='bbox 3041 1433 3215 1491; x_wconf 87' lang='lat' dir='ltr'><strong>neque</strong></span> <span class='ocrx_word' id='word_1_480' title='bbox 3240 1420 3350 1484; x_wconf 86' lang='lat' dir='ltr'><strong>sal,</strong></span> <span class='ocrx_word' id='word_1_481' title='bbox 3380 1435 3556 1491; x_wconf 84' lang='lat' dir='ltr'><strong>neque</strong></span> <span class='ocrx_word' id='word_1_482' title='bbox 3586 1422 3829 1479; x_wconf 76' lang='lat' dir='ltr'><strong>fermen-</strong></span> 
     </span>
    </p>
   </div>
   <div class='ocr_carea' id='block_1_58' title="bbox 2237 1508 3830 1579">
    <p class='ocr_par' dir='ltr' id='par_1_58' title="bbox 2237 1508 3830 1579">
     <span class='ocr_line' id='line_1_58' title="bbox 2237 1508 3830 1579; baseline 0.002 -13"><span class='ocrx_word' id='word_1_483' title='bbox 2237 1520 2345 1566; x_wconf 91' lang='lat' dir='ltr'><strong>tum</strong></span> <span class='ocrx_word' id='word_1_484' title='bbox 2370 1552 2386 1579; x_wconf 92' lang='lat'><strong>,</strong></span> <span class='ocrx_word' id='word_1_485' title='bbox 2414 1510 2508 1566; x_wconf 88' lang='lat' dir='ltr'><strong>sed</strong></span> <span class='ocrx_word' id='word_1_486' title='bbox 2534 1511 2653 1565; x_wconf 87' lang='lat' dir='ltr'><strong>aliis</strong></span> <span class='ocrx_word' id='word_1_487' title='bbox 2679 1510 2960 1570; x_wconf 79' lang='lat' dir='ltr'><strong>utilitatem</strong></span> <span class='ocrx_word' id='word_1_488' title='bbox 2985 1508 3234 1566; x_wconf 71' lang='lat' dir='ltr'><strong>aderunt.</strong></span> <span class='ocrx_word' id='word_1_489' title='bbox 3261 1510 3335 1566; x_wconf 86' lang='lat' dir='ltr'><strong>ita</strong></span> <span class='ocrx_word' id='word_1_490' title='bbox 3355 1526 3384 1565; x_wconf 92' lang='lat' dir='ltr'><strong>a</strong></span> <span class='ocrx_word' id='word_1_491' title='bbox 3413 1512 3567 1567; x_wconf 87' lang='lat' dir='ltr'><strong>nobis</strong></span> <span class='ocrx_word' id='word_1_492' title='bbox 3589 1527 3695 1569; x_wconf 90' lang='lat' dir='ltr'><strong>non</strong></span> <span class='ocrx_word' id='word_1_493' title='bbox 3718 1516 3830 1569; x_wconf 87' lang='lat' dir='ltr'><strong>uti-</strong></span> 
     </span>
    </p>
   </div>
   <div class='ocr_carea' id='block_1_59' title="bbox 2235 1588 3828 1675">
    <p class='ocr_par' dir='ltr' id='par_1_59' title="bbox 2235 1588 3828 1675">
     <span class='ocr_line' id='line_1_59' title="bbox 2235 1588 3828 1675; baseline 0.004 -18"><span class='ocrx_word' id='word_1_494' title='bbox 2235 1588 2355 1657; x_wconf 79' lang='lat' dir='ltr'><strong>litas</strong></span> <span class='ocrx_word' id='word_1_495' title='bbox 2379 1612 2579 1657; x_wconf 86' lang='lat' dir='ltr'><strong>tantum</strong></span> <span class='ocrx_word' id='word_1_496' title='bbox 2612 1611 2812 1671; x_wconf 82' lang='lat' dir='ltr'><strong>nostra,</strong></span> <span class='ocrx_word' id='word_1_497' title='bbox 2840 1604 2935 1658; x_wconf 87' lang='lat' dir='ltr'><strong>sed</strong></span> <span class='ocrx_word' id='word_1_498' title='bbox 2963 1612 3017 1659; x_wconf 88' lang='lat' dir='ltr'><strong>et</strong></span> <span class='ocrx_word' id='word_1_499' title='bbox 3042 1602 3267 1659; x_wconf 89' lang='lat' dir='ltr'><strong>aliorum</strong></span> <span class='ocrx_word' id='word_1_500' title='bbox 3289 1603 3536 1675; x_wconf 80' lang='lat' dir='ltr'><strong>exigitur.</strong></span> <span class='ocrx_word' id='word_1_501' title='bbox 3568 1604 3658 1661; x_wconf 88' lang='lat' dir='ltr'><strong>Sal</strong></span> <span class='ocrx_word' id='word_1_502' title='bbox 3681 1608 3828 1663; x_wconf 81' lang='lat' dir='ltr'><strong>enim</strong></span> 
     </span>
    </p>
   </div>
   <div class='ocr_carea' id='block_1_60' title="bbox 2233 1693 3825 1772">
    <p class='ocr_par' dir='ltr' id='par_1_60' title="bbox 2233 1693 3825 1772">
     <span class='ocr_line' id='line_1_60' title="bbox 2233 1693 3825 1772; baseline 0.005 -23"><span class='ocrx_word' id='word_1_503' title='bbox 2233 1695 2332 1749; x_wconf 88' lang='lat' dir='ltr'><strong>nisi</strong></span> <span class='ocrx_word' id='word_1_504' title='bbox 2360 1695 2556 1749; x_wconf 79' lang='lat' dir='ltr'><strong>salsum</strong></span> <span class='ocrx_word' id='word_1_505' title='bbox 2589 1693 2809 1761; x_wconf 89' lang='lat' dir='ltr'><strong>reddat,</strong></span> <span class='ocrx_word' id='word_1_506' title='bbox 2843 1710 2950 1751; x_wconf 86' lang='lat' dir='ltr'><strong>non</strong></span> <span class='ocrx_word' id='word_1_507' title='bbox 3001 1704 3085 1754; x_wconf 87' lang='lat' dir='ltr'><strong>est</strong></span> <span class='ocrx_word' id='word_1_508' title='bbox 3121 1697 3220 1751; x_wconf 78' lang='lat' dir='ltr'><strong>sal.</strong></span> <span class='ocrx_word' id='word_1_509' title='bbox 3249 1696 3352 1753; x_wconf 88' lang='lat' dir='ltr'><strong>Sed</strong></span> <span class='ocrx_word' id='word_1_510' title='bbox 3380 1698 3525 1753; x_wconf 86' lang='lat' dir='ltr'><strong>aliud</strong></span> <span class='ocrx_word' id='word_1_511' title='bbox 3549 1699 3825 1772; x_wconf 78' lang='lat' dir='ltr'><strong>quidpiam</strong></span> 
     </span>
    </p>
   </div>
   <div class='ocr_carea' id='block_1_61' title="bbox 2237 1786 3829 1865">
    <p class='ocr_par' dir='ltr' id='par_1_61' title="bbox 2237 1786 3829 1865">
     <span class='ocr_line' id='line_1_61' title="bbox 2237 1786 3829 1865; baseline 0.006 -24"><span class='ocrx_word' id='word_1_512' title='bbox 2237 1786 2676 1856; x_wconf 87' lang='lat' dir='ltr'><strong>deprehenditur.</strong></span> <span class='ocrx_word' id='word_1_513' title='bbox 2702 1786 2833 1842; x_wconf 84' lang='lat' dir='ltr'><strong>Nam</strong></span> <span class='ocrx_word' id='word_1_514' title='bbox 2856 1788 2901 1842; x_wconf 88' lang='lat' dir='ltr'><strong>si</strong></span> <span class='ocrx_word' id='word_1_515' title='bbox 2923 1803 3020 1844; x_wconf 86' lang='lat' dir='ltr'><strong>nos</strong></span> <span class='ocrx_word' id='word_1_516' title='bbox 3041 1797 3183 1844; x_wconf 90' lang='lat' dir='ltr'><strong>recte</strong></span> <span class='ocrx_word' id='word_1_517' title='bbox 3206 1788 3473 1858; x_wconf 75' lang='lat' dir='ltr'><strong>vivamus,</strong></span> <span class='ocrx_word' id='word_1_518' title='bbox 3497 1791 3584 1847; x_wconf 87' lang='lat' dir='ltr'><strong>alii</strong></span> <span class='ocrx_word' id='word_1_519' title='bbox 3608 1808 3829 1865; x_wconf 79' lang='lat' dir='ltr'><strong>quoque</strong></span> 
     </span>
    </p>
   </div>
   <div class='ocr_carea' id='block_1_62' title="bbox 2233 1878 3825 1954">
    <p class='ocr_par' dir='ltr' id='par_1_62' title="bbox 2233 1878 3825 1954">
     <span class='ocr_line' id='line_1_62' title="bbox 2233 1878 3825 1954; baseline 0.005 -23"><span class='ocrx_word' id='word_1_520' title='bbox 2233 1878 2367 1935; x_wconf 91' lang='lat' dir='ltr'><strong>bene</strong></span> <span class='ocrx_word' id='word_1_521' title='bbox 2396 1894 2453 1934; x_wconf 88' lang='lat' dir='ltr'><strong>se</strong></span> <span class='ocrx_word' id='word_1_522' title='bbox 2477 1887 2665 1950; x_wconf 86' lang='lat' dir='ltr'><strong>gerent</strong></span> <span class='ocrx_word' id='word_1_523' title='bbox 2690 1896 2701 1932; x_wconf 90' lang='lat'><strong>:</strong></span> <span class='ocrx_word' id='word_1_524' title='bbox 2731 1879 2902 1935; x_wconf 90' lang='lat' dir='ltr'><strong>donec</strong></span> <span class='ocrx_word' id='word_1_525' title='bbox 2925 1888 3103 1936; x_wconf 88' lang='lat' dir='ltr'><strong>autem</strong></span> <span class='ocrx_word' id='word_1_526' title='bbox 3126 1888 3272 1937; x_wconf 90' lang='lat' dir='ltr'><strong>recte</strong></span> <span class='ocrx_word' id='word_1_527' title='bbox 3298 1879 3555 1946; x_wconf 81' lang='lat' dir='ltr'><strong>vivamus,</strong></span> <span class='ocrx_word' id='word_1_528' title='bbox 3584 1898 3693 1938; x_wconf 81' lang='lat' dir='ltr'><strong>non</strong></span> <span class='ocrx_word' id='word_1_529' title='bbox 3720 1900 3825 1954; x_wconf 87' lang='lat' dir='ltr'><strong>po-</strong></span> 
     </span>
    </p>
   </div>
   <div class='ocr_carea' id='block_1_63' title="bbox 2234 1968 3821 2046">
    <p class='ocr_par' dir='ltr' id='par_1_63' title="bbox 2234 1968 3821 2046">
     <span class='ocr_line' id='line_1_63' title="bbox 2234 1968 3821 2046; baseline 0.006 -23"><span class='ocrx_word' id='word_1_530' title='bbox 2234 1970 2452 2025; x_wconf 81' lang='lat' dir='ltr'><strong>terimus</strong></span> <span class='ocrx_word' id='word_1_531' title='bbox 2480 1968 2599 2025; x_wconf 83' lang='lat' dir='ltr'><strong>aliis</strong></span> <span class='ocrx_word' id='word_1_532' title='bbox 2621 1969 2898 2041; x_wconf 88' lang='lat' dir='ltr'><strong>prodesse.</strong></span> <span class='ocrx_word' id='word_1_533' title='bbox 2922 1969 3061 2025; x_wconf 81' lang='lat' dir='ltr'><strong>Nihil</strong></span> <span class='ocrx_word' id='word_1_534' title='bbox 3091 1970 3315 2037; x_wconf 80' lang='lat' dir='ltr'><strong>fatuum,</strong></span> <span class='ocrx_word' id='word_1_535' title='bbox 3339 1970 3470 2027; x_wconf 87' lang='lat' dir='ltr'><strong>nihil</strong></span> <span class='ocrx_word' id='word_1_536' title='bbox 3494 1973 3654 2031; x_wconf 87' lang='lat' dir='ltr'><strong>molle</strong></span> <span class='ocrx_word' id='word_1_537' title='bbox 3677 1976 3821 2046; x_wconf 86' lang='lat' dir='ltr'><strong>apud</strong></span> 
     </span>
    </p>
   </div>
   <div class='ocr_carea' id='block_1_64' title="bbox 2233 2062 3821 2137">
    <p class='ocr_par' dir='ltr' id='par_1_64' title="bbox 2233 2062 3821 2137">
     <span class='ocr_line' id='line_1_64' title="bbox 2233 2062 3821 2137; baseline 0.006 -21"><span class='ocrx_word' id='word_1_538' title='bbox 2233 2076 2331 2117; x_wconf 90' lang='lat' dir='ltr'><strong>nos</strong></span> <span class='ocrx_word' id='word_1_539' title='bbox 2357 2063 2445 2117; x_wconf 87' lang='lat' dir='ltr'><strong>sit.</strong></span> <span class='ocrx_word' id='word_1_540' title='bbox 2477 2062 2631 2119; x_wconf 87' lang='lat' dir='ltr'><strong>Tales</strong></span> <span class='ocrx_word' id='word_1_541' title='bbox 2661 2073 2787 2118; x_wconf 88' lang='lat' dir='ltr'><strong>sunt</strong></span> <span class='ocrx_word' id='word_1_542' title='bbox 2808 2079 2894 2119; x_wconf 90' lang='lat' dir='ltr'><strong>res</strong></span> <span class='ocrx_word' id='word_1_543' title='bbox 2920 2064 3208 2119; x_wconf 68' lang='lat' dir='ltr'><strong>srecolarcs</strong></span> <span class='ocrx_word' id='word_1_544' title='bbox 3230 2105 3246 2131; x_wconf 91' lang='lat'><strong>,</strong></span> <span class='ocrx_word' id='word_1_545' title='bbox 3277 2066 3408 2121; x_wconf 88' lang='lat' dir='ltr'><strong>tales</strong></span> <span class='ocrx_word' id='word_1_546' title='bbox 3438 2065 3597 2137; x_wconf 88' lang='lat' dir='ltr'><strong>hujus</strong></span> <span class='ocrx_word' id='word_1_547' title='bbox 3635 2070 3821 2124; x_wconf 85' lang='lat' dir='ltr'><strong>mundi</strong></span> 
     </span>
    </p>
   </div>
   <div class='ocr_carea' id='block_1_65' title="bbox 2228 2154 3818 2231">
    <p class='ocr_par' dir='ltr' id='par_1_65' title="bbox 2228 2154 3818 2231">
     <span class='ocr_line' id='line_1_65' title="bbox 2228 2154 3818 2231; baseline 0.004 -22"><span class='ocrx_word' id='word_1_548' title='bbox 2228 2154 2634 2211; x_wconf 88' lang='lat' dir='ltr'><strong>sollicitudines.</strong></span> <span class='ocrx_word' id='word_1_549' title='bbox 2686 2156 2811 2211; x_wconf 88' lang='lat' dir='ltr'><strong>Ideo</strong></span> <span class='ocrx_word' id='word_1_550' title='bbox 2855 2156 3086 2227; x_wconf 83' lang='lat' dir='ltr'><strong>virgines</strong></span> <span class='ocrx_word' id='word_1_551' title='bbox 3126 2156 3285 2213; x_wconf 76' lang='lat' dir='ltr'><strong>latine</strong></span> <span class='ocrx_word' id='word_1_552' title='bbox 3327 2168 3452 2215; x_wconf 86' lang='lat' dir='ltr'><strong>sunt</strong></span> <span class='ocrx_word' id='word_1_553' title='bbox 3498 2161 3818 2231; x_wconf 67' lang='lat' dir='ltr'><strong>appellatae,</strong></span> 
     </span>
    </p>
   </div>
   <div class='ocr_carea' id='block_1_66' title="bbox 2226 2247 3823 2320">
    <p class='ocr_par' dir='ltr' id='par_1_66' title="bbox 2226 2247 3823 2320">
     <span class='ocr_line' id='line_1_66' title="bbox 2226 2247 3823 2320; baseline 0.007 -21"><span class='ocrx_word' id='word_1_554' title='bbox 2226 2247 2352 2318; x_wconf 87' lang='lat' dir='ltr'><strong>quia</strong></span> <span class='ocrx_word' id='word_1_555' title='bbox 2397 2247 2555 2303; x_wconf 82' lang='lat' dir='ltr'><strong>fatuis</strong></span> <span class='ocrx_word' id='word_1_556' title='bbox 2586 2248 2744 2304; x_wconf 85' lang='lat' dir='ltr'><strong>rebus</strong></span> <span class='ocrx_word' id='word_1_557' title='bbox 2796 2248 3144 2305; x_wconf 67' lang='lat' dir='ltr'><strong>stecularihus</strong></span> <span class='ocrx_word' id='word_1_558' title='bbox 3189 2265 3408 2320; x_wconf 81' lang='lat' dir='ltr'><strong>operam</strong></span> <span class='ocrx_word' id='word_1_559' title='bbox 3456 2251 3657 2308; x_wconf 88' lang='lat' dir='ltr'><strong>dabant</strong></span> <span class='ocrx_word' id='word_1_560' title='bbox 3687 2272 3701 2309; x_wconf 88' lang='lat'><strong>:</strong></span> <span class='ocrx_word' id='word_1_561' title='bbox 3733 2254 3823 2311; x_wconf 89' lang='lat' dir='ltr'><strong>hic</strong></span> 
     </span>
    </p>
   </div>
   <div class='ocr_carea' id='block_1_67' title="bbox 2226 2340 3820 2414">
    <p class='ocr_par' dir='ltr' id='par_1_67' title="bbox 2226 2340 3820 2414">
     <span class='ocr_line' id='line_1_67' title="bbox 2226 2340 3820 2414; baseline 0.004 -19"><span class='ocrx_word' id='word_1_562' title='bbox 2226 2348 2632 2411; x_wconf 81' lang='lat' dir='ltr'><strong>congregantes,</strong></span> <span class='ocrx_word' id='word_1_563' title='bbox 2661 2355 2759 2396; x_wconf 87' lang='lat' dir='ltr'><strong>nec</strong></span> <span class='ocrx_word' id='word_1_564' title='bbox 2784 2340 3117 2411; x_wconf 80' lang='lat' dir='ltr'><strong>dcpnnentes</strong></span> <span class='ocrx_word' id='word_1_565' title='bbox 3138 2341 3224 2397; x_wconf 92' lang='lat' dir='ltr'><strong>ubi</strong></span> <span class='ocrx_word' id='word_1_566' title='bbox 3254 2340 3523 2411; x_wconf 88' lang='lat' dir='ltr'><strong>depoue:e</strong></span> <span class='ocrx_word' id='word_1_567' title='bbox 3548 2358 3643 2414; x_wconf 90' lang='lat' dir='ltr'><strong>par</strong></span> <span class='ocrx_word' id='word_1_568' title='bbox 3680 2355 3820 2401; x_wconf 89' lang='lat' dir='ltr'><strong>erat.</strong></span> 
     </span>
    </p>
   </div>
   <div class='ocr_carea' id='block_1_68' title="bbox 2226 2430 3822 2511">
    <p class='ocr_par' dir='ltr' id='par_1_68' title="bbox 2226 2430 3822 2511">
     <span class='ocr_line' id='line_1_68' title="bbox 2226 2430 3822 2511; baseline 0.004 -25"><span class='ocrx_word' id='word_1_569' title='bbox 2226 2430 2541 2488; x_wconf 73' lang='lat' dir='ltr'><strong>Timetubun</strong></span> <span class='ocrx_word' id='word_1_570' title='bbox 2587 2446 2813 2502; x_wconf 86' lang='lat' dir='ltr'><strong>ergone</strong></span> <span class='ocrx_word' id='word_1_571' title='bbox 2855 2431 3085 2511; x_wconf 83' lang='lat' dir='ltr'><strong>idipsum</strong></span> <span class='ocrx_word' id='word_1_572' title='bbox 3127 2431 3282 2488; x_wconf 86' lang='lat' dir='ltr'><strong>nobis</strong></span> <span class='ocrx_word' id='word_1_573' title='bbox 3306 2435 3620 2505; x_wconf 89' lang='lat' dir='ltr'><strong>contingat,</strong></span> <span class='ocrx_word' id='word_1_574' title='bbox 3675 2452 3822 2493; x_wconf 88' lang='lat' dir='ltr'><strong>neve</strong></span> 
     </span>
    </p>
   </div>
   <div class='ocr_carea' id='block_1_69' title="bbox 2230 2523 3821 2596">
    <p class='ocr_par' dir='ltr' id='par_1_69' title="bbox 2230 2523 3821 2596">
     <span class='ocr_line' id='line_1_69' title="bbox 2230 2523 3821 2596; baseline 0.003 -17"><span class='ocrx_word' id='word_1_575' title='bbox 2230 2523 2461 2579; x_wconf 73' lang='lat' dir='ltr'><strong>sordidis</strong></span> <span class='ocrx_word' id='word_1_576' title='bbox 2508 2524 2677 2578; x_wconf 89' lang='lat' dir='ltr'><strong>induti</strong></span> <span class='ocrx_word' id='word_1_577' title='bbox 2724 2524 2959 2581; x_wconf 82' lang='lat' dir='ltr'><strong>vestibus</strong></span> <span class='ocrx_word' id='word_1_578' title='bbox 3010 2524 3265 2580; x_wconf 87' lang='lat' dir='ltr'><strong>abeamus</strong></span> <span class='ocrx_word' id='word_1_579' title='bbox 3309 2526 3440 2596; x_wconf 90' lang='lat' dir='ltr'><strong>illo,</strong></span> <span class='ocrx_word' id='word_1_580' title='bbox 3487 2527 3572 2583; x_wconf 91' lang='lat' dir='ltr'><strong>ubi</strong></span> <span class='ocrx_word' id='word_1_581' title='bbox 3627 2543 3821 2586; x_wconf 88' lang='lat' dir='ltr'><strong>omnes</strong></span> 
     </span>
    </p>
   </div>
   <div class='ocr_carea' id='block_1_70' title="bbox 2222 2614 3817 2689">
    <p class='ocr_par' dir='ltr' id='par_1_70' title="bbox 2222 2614 3817 2689">
     <span class='ocr_line' id='line_1_70' title="bbox 2222 2614 3817 2689; baseline 0.002 -21"><span class='ocrx_word' id='word_1_582' title='bbox 2222 2614 2517 2685; x_wconf 75' lang='lat' dir='ltr'><strong>splendidis</strong></span> <span class='ocrx_word' id='word_1_583' title='bbox 2543 2624 2667 2671; x_wconf 78' lang='lat' dir='ltr'><strong>sont</strong></span> <span class='ocrx_word' id='word_1_584' title='bbox 2697 2615 2885 2671; x_wconf 87' lang='lat' dir='ltr'><strong>induti.</strong></span> <span class='ocrx_word' id='word_1_585' title='bbox 2914 2616 3052 2671; x_wconf 86' lang='lat' dir='ltr'><strong>Nihil</strong></span> <span class='ocrx_word' id='word_1_586' title='bbox 3078 2617 3221 2672; x_wconf 87' lang='lat' dir='ltr'><strong>enim</strong></span> <span class='ocrx_word' id='word_1_587' title='bbox 3248 2616 3520 2673; x_wconf 82' lang='lat' dir='ltr'><strong>sordidius</strong></span> <span class='ocrx_word' id='word_1_588' title='bbox 3552 2630 3777 2689; x_wconf 81' lang='lat' dir='ltr'><strong>peccato</strong></span> <span class='ocrx_word' id='word_1_589' title='bbox 3800 2662 3817 2687; x_wconf 89' lang='lat'><strong>,</strong></span> 
     </span>
    </p>
   </div>
   <div class='ocr_carea' id='block_1_71' title="bbox 2224 2705 3820 2777">
    <p class='ocr_par' dir='ltr' id='par_1_71' title="bbox 2224 2705 3820 2777">
     <span class='ocr_line' id='line_1_71' title="bbox 2224 2705 3820 2777; baseline 0.004 -16"><span class='ocrx_word' id='word_1_590' title='bbox 2224 2705 2353 2761; x_wconf 86' lang='lat' dir='ltr'><strong>nihil</strong></span> <span class='ocrx_word' id='word_1_591' title='bbox 2382 2706 2663 2775; x_wconf 84' lang='lat' dir='ltr'><strong>impurius.</strong></span> <span class='ocrx_word' id='word_1_592' title='bbox 2694 2707 3030 2777; x_wconf 76' lang='lat' dir='ltr'><strong>Quapropter</strong></span> <span class='ocrx_word' id='word_1_593' title='bbox 3071 2708 3187 2776; x_wconf 86' lang='lat' dir='ltr'><strong>ejus</strong></span> <span class='ocrx_word' id='word_1_594' title='bbox 3216 2716 3456 2764; x_wconf 89' lang='lat' dir='ltr'><strong>naturam</strong></span> <span class='ocrx_word' id='word_1_595' title='bbox 3500 2709 3820 2768; x_wconf 83' lang='lat' dir='ltr'><strong>describens</strong></span> 
     </span>
    </p>
   </div>
   <div class='ocr_carea' id='block_1_72' title="bbox 2225 2796 3820 2870">
    <p class='ocr_par' dir='ltr' id='par_1_72' title="bbox 2225 2796 3820 2870">
     <span class='ocr_line' id='line_1_72' title="bbox 2225 2796 3820 2870; baseline 0.005 -21"><span class='ocrx_word' id='word_1_596' title='bbox 2225 2796 2481 2867; x_wconf 66' lang='lat' dir='ltr'><strong>propheta</strong></span> <span class='ocrx_word' id='word_1_597' title='bbox 2509 2798 2771 2852; x_wconf 85' lang='lat' dir='ltr'><strong>clamabat</strong></span> <span class='ocrx_word' id='word_1_598' title='bbox 2795 2816 2808 2850; x_wconf 90' lang='lat'><strong>:</strong></span> <span class='ocrx_word' id='word_1_599' title='bbox 2841 2796 3155 2852; x_wconf 84' lang='lat' dir='ltr'><strong>Putruernnt</strong></span> <span class='ocrx_word' id='word_1_600' title='bbox 3181 2807 3229 2853; x_wconf 84' lang='lat' dir='ltr'><strong>et</strong></span> <span class='ocrx_word' id='word_1_601' title='bbox 3253 2810 3506 2870; x_wconf 70' lang='lat' dir='ltr'><strong>corrupta</strong></span> <span class='ocrx_word' id='word_1_602' title='bbox 3542 2811 3659 2855; x_wconf 87' lang='lat' dir='ltr'><strong>sunt</strong></span> <span class='ocrx_word' id='word_1_603' title='bbox 3682 2803 3820 2857; x_wconf 72' lang='lat' dir='ltr'><strong>cicu-</strong></span> 
     </span>
    </p>
   </div>
   <div class='ocr_carea' id='block_1_73' title="bbox 2221 2886 3819 2961">
    <p class='ocr_par' dir='ltr' id='par_1_73' title="bbox 2221 2886 3819 2961">
     <span class='ocr_line' id='line_1_73' title="bbox 2221 2886 3819 2961; baseline 0.004 -18"><span class='ocrx_word' id='word_1_604' title='bbox 2221 2888 2368 2943; x_wconf 71' lang='lat' dir='ltr'><strong>trices</strong></span> <span class='ocrx_word' id='word_1_605' title='bbox 2393 2904 2516 2943; x_wconf 67' lang='lat' dir='ltr'><strong>mea</strong></span> <span class='ocrx_word' id='word_1_606' title='bbox 2541 2886 2715 2959; x_wconf 74' lang='lat' dir='ltr'><strong>(Psal.</strong></span> <span class='ocrx_word' id='word_1_607' title='bbox 2746 2889 2836 2945; x_wconf 79' lang='lat'><strong>37..</strong></span> <span class='ocrx_word' id='word_1_608' title='bbox 2867 2888 2943 2961; x_wconf 74' lang='lat' dir='ltr'><strong>li).</strong></span> <span class='ocrx_word' id='word_1_609' title='bbox 2971 2888 3027 2945; x_wconf 89' lang='lat' dir='ltr'><strong>Si</strong></span> <span class='ocrx_word' id='word_1_610' title='bbox 3061 2890 3140 2944; x_wconf 82' lang='lat' dir='ltr'><strong>vis</strong></span> <span class='ocrx_word' id='word_1_611' title='bbox 3167 2892 3365 2960; x_wconf 75' lang='lat' dir='ltr'><strong>peccati</strong></span> <span class='ocrx_word' id='word_1_612' title='bbox 3410 2892 3657 2948; x_wconf 67' lang='lat' dir='ltr'><strong>fauorem</strong></span> <span class='ocrx_word' id='word_1_613' title='bbox 3702 2893 3819 2949; x_wconf 86' lang='lat' dir='ltr'><strong>edi-</strong></span> 
     </span>
    </p>
   </div>
   <div class='ocr_carea' id='block_1_74' title="bbox 2222 2984 3815 3053">
    <p class='ocr_par' dir='ltr' id='par_1_74' title="bbox 2222 2984 3815 3053">
     <span class='ocr_line' id='line_1_74' title="bbox 2222 2984 3815 3053; baseline 0.001 -14"><span class='ocrx_word' id='word_1_614' title='bbox 2222 2997 2397 3051; x_wconf 76' lang='lat' dir='ltr'><strong>scere,</strong></span> <span class='ocrx_word' id='word_1_615' title='bbox 2419 2992 2695 3053; x_wconf 85' lang='lat' dir='ltr'><strong>postquam</strong></span> <span class='ocrx_word' id='word_1_616' title='bbox 2725 2984 3069 3039; x_wconf 85' lang='lat' dir='ltr'><strong>commissum</strong></span> <span class='ocrx_word' id='word_1_617' title='bbox 3090 2994 3173 3040; x_wconf 85' lang='lat' dir='ltr'><strong>est</strong></span> <span class='ocrx_word' id='word_1_618' title='bbox 3200 2986 3353 3042; x_wconf 79' lang='lat' dir='ltr'><strong>illud.</strong></span> <span class='ocrx_word' id='word_1_619' title='bbox 3380 2985 3661 3042; x_wconf 76' lang='lat' dir='ltr'><strong>considera</strong></span> <span class='ocrx_word' id='word_1_620' title='bbox 3691 3001 3815 3041; x_wconf 85' lang='lat' dir='ltr'><strong>cum</strong></span> 
     </span>
    </p>
   </div>
   <div class='ocr_carea' id='block_1_75' title="bbox 2218 3074 3819 3148">
    <p class='ocr_par' dir='ltr' id='par_1_75' title="bbox 2218 3074 3819 3148">
     <span class='ocr_line' id='line_1_75' title="bbox 2218 3074 3819 3148; baseline 0.003 -20"><span class='ocrx_word' id='word_1_621' title='bbox 2218 3074 2329 3145; x_wconf 85' lang='lat' dir='ltr'><strong>jam</strong></span> <span class='ocrx_word' id='word_1_622' title='bbox 2353 3090 2383 3130; x_wconf 89' lang='lat' dir='ltr'><strong>a</strong></span> <span class='ocrx_word' id='word_1_623' title='bbox 2409 3076 2846 3146; x_wconf 86' lang='lat' dir='ltr'><strong>concupiscentia</strong></span> <span class='ocrx_word' id='word_1_624' title='bbox 2865 3076 2999 3131; x_wconf 86' lang='lat' dir='ltr'><strong>liber</strong></span> <span class='ocrx_word' id='word_1_625' title='bbox 3024 3092 3084 3132; x_wconf 90' lang='lat' dir='ltr'><strong>es</strong></span> <span class='ocrx_word' id='word_1_626' title='bbox 3106 3116 3121 3139; x_wconf 86' lang='lat'><strong>,</strong></span> <span class='ocrx_word' id='word_1_627' title='bbox 3148 3092 3269 3133; x_wconf 88' lang='lat' dir='ltr'><strong>cum</strong></span> <span class='ocrx_word' id='word_1_628' title='bbox 3308 3076 3432 3148; x_wconf 82' lang='lat' dir='ltr'><strong>igne</strong></span> <span class='ocrx_word' id='word_1_629' title='bbox 3451 3093 3557 3134; x_wconf 84' lang='lat' dir='ltr'><strong>nou</strong></span> <span class='ocrx_word' id='word_1_630' title='bbox 3588 3092 3819 3134; x_wconf 83' lang='lat' dir='ltr'><strong>succen-</strong></span> 
     </span>
    </p>
   </div>
   <div class='ocr_carea' id='block_1_76' title="bbox 2220 3168 3816 3243">
    <p class='ocr_par' dir='ltr' id='par_1_76' title="bbox 2220 3168 3816 3243">
     <span class='ocr_line' id='line_1_76' title="bbox 2220 3168 3816 3243; baseline 0.003 -19"><span class='ocrx_word' id='word_1_631' title='bbox 2220 3168 2393 3237; x_wconf 88' lang='lat' dir='ltr'><strong>deris,</strong></span> <span class='ocrx_word' id='word_1_632' title='bbox 2425 3178 2549 3224; x_wconf 89' lang='lat' dir='ltr'><strong>tunc</strong></span> <span class='ocrx_word' id='word_1_633' title='bbox 2576 3168 2837 3240; x_wconf 86' lang='lat' dir='ltr'><strong>percipies</strong></span> <span class='ocrx_word' id='word_1_634' title='bbox 2866 3168 2999 3239; x_wconf 84' lang='lat' dir='ltr'><strong>quid</strong></span> <span class='ocrx_word' id='word_1_635' title='bbox 3020 3170 3089 3223; x_wconf 89' lang='lat' dir='ltr'><strong>sit</strong></span> <span class='ocrx_word' id='word_1_636' title='bbox 3116 3178 3411 3240; x_wconf 84' lang='lat' dir='ltr'><strong>peccatum.</strong></span> <span class='ocrx_word' id='word_1_637' title='bbox 3452 3170 3590 3227; x_wconf 81' lang='lat' dir='ltr'><strong>iram</strong></span> <span class='ocrx_word' id='word_1_638' title='bbox 3635 3171 3816 3243; x_wconf 85' lang='lat' dir='ltr'><strong>cogita</strong></span> 
     </span>
    </p>
   </div>
   <div class='ocr_carea' id='block_1_77' title="bbox 2221 3261 3817 3333">
    <p class='ocr_par' dir='ltr' id='par_1_77' title="bbox 2221 3261 3817 3333">
     <span class='ocr_line' id='line_1_77' title="bbox 2221 3261 3817 3333; baseline 0.001 -15"><span class='ocrx_word' id='word_1_639' title='bbox 2221 3276 2341 3318; x_wconf 88' lang='lat' dir='ltr'><strong>cum</strong></span> <span class='ocrx_word' id='word_1_640' title='bbox 2371 3262 2686 3333; x_wconf 90' lang='lat' dir='ltr'><strong>tranquillus</strong></span> <span class='ocrx_word' id='word_1_641' title='bbox 2716 3276 2810 3326; x_wconf 87' lang='lat' dir='ltr'><strong>es;</strong></span> <span class='ocrx_word' id='word_1_642' title='bbox 2855 3261 3130 3316; x_wconf 81' lang='lat' dir='ltr'><strong>avaritiam</strong></span> <span class='ocrx_word' id='word_1_643' title='bbox 3154 3303 3170 3328; x_wconf 94' lang='lat'><strong>,</strong></span> <span class='ocrx_word' id='word_1_644' title='bbox 3202 3277 3322 3318; x_wconf 89' lang='lat' dir='ltr'><strong>cum</strong></span> <span class='ocrx_word' id='word_1_645' title='bbox 3363 3278 3555 3333; x_wconf 72' lang='lat' dir='ltr'><strong>expers</strong></span> <span class='ocrx_word' id='word_1_646' title='bbox 3584 3279 3645 3319; x_wconf 88' lang='lat' dir='ltr'><strong>es</strong></span> <span class='ocrx_word' id='word_1_647' title='bbox 3672 3264 3817 3320; x_wconf 74' lang='lat' dir='ltr'><strong>illius</strong></span> 
     </span>
    </p>
   </div>
   <div class='ocr_carea' id='block_1_78' title="bbox 2219 3351 3815 3424">
    <p class='ocr_par' dir='ltr' id='par_1_78' title="bbox 2219 3351 3815 3424">
     <span class='ocr_line' id='line_1_78' title="bbox 2219 3351 3815 3424; baseline 0.003 -17"><span class='ocrx_word' id='word_1_648' title='bbox 2219 3351 2461 3413; x_wconf 69' lang='lat' dir='ltr'><strong>aﬂ‘ectus.</strong></span> <span class='ocrx_word' id='word_1_649' title='bbox 2490 3353 2630 3409; x_wconf 89' lang='lat' dir='ltr'><strong>Nihil</strong></span> <span class='ocrx_word' id='word_1_650' title='bbox 2654 3354 2882 3424; x_wconf 89' lang='lat' dir='ltr'><strong>turpius,</strong></span> <span class='ocrx_word' id='word_1_651' title='bbox 2911 3352 3041 3408; x_wconf 75' lang='lat' dir='ltr'><strong>nihil</strong></span> <span class='ocrx_word' id='word_1_652' title='bbox 3073 3352 3264 3409; x_wconf 71' lang='lat' dir='ltr'><strong>Foedius</strong></span> <span class='ocrx_word' id='word_1_653' title='bbox 3289 3355 3469 3424; x_wconf 76' lang='lat' dir='ltr'><strong>rapina</strong></span> <span class='ocrx_word' id='word_1_654' title='bbox 3493 3364 3548 3411; x_wconf 86' lang='lat' dir='ltr'><strong>et</strong></span> <span class='ocrx_word' id='word_1_655' title='bbox 3566 3356 3815 3411; x_wconf 81' lang='lat' dir='ltr'><strong>avaritia.</strong></span> 
     </span>
    </p>
   </div>
   <div class='ocr_carea' id='block_1_79' title="bbox 2220 3445 3815 3519">
    <p class='ocr_par' dir='ltr' id='par_1_79' title="bbox 2220 3445 3815 3519">
     <span class='ocr_line' id='line_1_79' title="bbox 2220 3445 3815 3519; baseline 0.001 -18"><span class='ocrx_word' id='word_1_656' title='bbox 2220 3445 2346 3502; x_wconf 57' lang='lat' dir='ltr'><strong>llicc</strong></span> <span class='ocrx_word' id='word_1_657' title='bbox 2377 3445 2686 3516; x_wconf 80' lang='lat' dir='ltr'><strong>frequenter</strong></span> <span class='ocrx_word' id='word_1_658' title='bbox 2710 3445 2959 3511; x_wconf 89' lang='lat' dir='ltr'><strong>dicimus,</strong></span> <span class='ocrx_word' id='word_1_659' title='bbox 2992 3459 3098 3500; x_wconf 89' lang='lat' dir='ltr'><strong>non</strong></span> <span class='ocrx_word' id='word_1_660' title='bbox 3132 3454 3190 3501; x_wconf 90' lang='lat' dir='ltr'><strong>ut</strong></span> <span class='ocrx_word' id='word_1_661' title='bbox 3217 3445 3369 3502; x_wconf 84' lang='lat' dir='ltr'><strong>vobis</strong></span> <span class='ocrx_word' id='word_1_662' title='bbox 3393 3447 3690 3503; x_wconf 87' lang='lat' dir='ltr'><strong>molestiam</strong></span> <span class='ocrx_word' id='word_1_663' title='bbox 3714 3463 3815 3519; x_wconf 83' lang='lat' dir='ltr'><strong>pa-</strong></span> 
     </span>
    </p>
   </div>
   <div class='ocr_carea' id='block_1_80' title="bbox 2222 3538 3816 3611">
    <p class='ocr_par' dir='ltr' id='par_1_80' title="bbox 2222 3538 3816 3611">
     <span class='ocr_line' id='line_1_80' title="bbox 2222 3538 3816 3611; baseline 0.003 -17"><span class='ocrx_word' id='word_1_664' title='bbox 2222 3539 2442 3605; x_wconf 79' lang='lat' dir='ltr'><strong>riamus,</strong></span> <span class='ocrx_word' id='word_1_665' title='bbox 2473 3538 2566 3595; x_wconf 87' lang='lat' dir='ltr'><strong>sed</strong></span> <span class='ocrx_word' id='word_1_666' title='bbox 2598 3548 2654 3594; x_wconf 89' lang='lat' dir='ltr'><strong>ut</strong></span> <span class='ocrx_word' id='word_1_667' title='bbox 2680 3553 2933 3611; x_wconf 83' lang='lat' dir='ltr'><strong>magnum</strong></span> <span class='ocrx_word' id='word_1_668' title='bbox 2961 3552 3025 3593; x_wconf 88' lang='lat' dir='ltr'><strong>ac</strong></span> <span class='ocrx_word' id='word_1_669' title='bbox 3051 3538 3293 3594; x_wconf 81' lang='lat' dir='ltr'><strong>mirabile</strong></span> <span class='ocrx_word' id='word_1_670' title='bbox 3315 3539 3587 3611; x_wconf 81' lang='lat' dir='ltr'><strong>quidpiam</strong></span> <span class='ocrx_word' id='word_1_671' title='bbox 3632 3540 3816 3598; x_wconf 86' lang='lat' dir='ltr'><strong>lucre-</strong></span> 
     </span>
    </p>
   </div>
   <div class='ocr_carea' id='block_1_81' title="bbox 2222 3631 3817 3705">
    <p class='ocr_par' dir='ltr' id='par_1_81' title="bbox 2222 3631 3817 3705">
     <span class='ocr_line' id='line_1_81' title="bbox 2222 3631 3817 3705; baseline 0.004 -18"><span class='ocrx_word' id='word_1_672' title='bbox 2222 3647 2361 3688; x_wconf 88' lang='lat' dir='ltr'><strong>mur.</strong></span> <span class='ocrx_word' id='word_1_673' title='bbox 2383 3631 2512 3687; x_wconf 87' lang='lat' dir='ltr'><strong>Nam</strong></span> <span class='ocrx_word' id='word_1_674' title='bbox 2538 3632 2648 3703; x_wconf 91' lang='lat' dir='ltr'><strong>qui,</strong></span> <span class='ocrx_word' id='word_1_675' title='bbox 2684 3648 2743 3687; x_wconf 90' lang='lat' dir='ltr'><strong>re</strong></span> <span class='ocrx_word' id='word_1_676' title='bbox 2767 3631 2934 3687; x_wconf 89' lang='lat' dir='ltr'><strong>semel</strong></span> <span class='ocrx_word' id='word_1_677' title='bbox 2962 3631 3164 3699; x_wconf 83' lang='lat' dir='ltr'><strong>audita,</strong></span> <span class='ocrx_word' id='word_1_678' title='bbox 3194 3647 3299 3688; x_wconf 85' lang='lat' dir='ltr'><strong>non</strong></span> <span class='ocrx_word' id='word_1_679' title='bbox 3331 3633 3633 3705; x_wconf 83' lang='lat' dir='ltr'><strong>corrigitur,</strong></span> <span class='ocrx_word' id='word_1_680' title='bbox 3674 3635 3817 3693; x_wconf 82' lang='lat' dir='ltr'><strong>forte</strong></span> 
     </span>
    </p>
   </div>
   <div class='ocr_carea' id='block_1_82' title="bbox 2220 3723 3816 3791">
    <p class='ocr_par' dir='ltr' id='par_1_82' title="bbox 2220 3723 3816 3791">
     <span class='ocr_line' id='line_1_82' title="bbox 2220 3723 3816 3791; baseline 0.003 -11"><span class='ocrx_word' id='word_1_681' title='bbox 2220 3725 2266 3780; x_wconf 91' lang='lat' dir='ltr'><strong>si</strong></span> <span class='ocrx_word' id='word_1_682' title='bbox 2292 3724 2528 3780; x_wconf 89' lang='lat' dir='ltr'><strong>secundo</strong></span> <span class='ocrx_word' id='word_1_683' title='bbox 2552 3723 2733 3778; x_wconf 85' lang='lat' dir='ltr'><strong>audiat</strong></span> <span class='ocrx_word' id='word_1_684' title='bbox 2754 3764 2769 3788; x_wconf 92' lang='lat'><strong>,</strong></span> <span class='ocrx_word' id='word_1_685' title='bbox 2796 3723 3200 3791; x_wconf 88' lang='lat' dir='ltr'><strong>emendabitur;</strong></span> <span class='ocrx_word' id='word_1_686' title='bbox 3234 3725 3317 3779; x_wconf 88' lang='lat' dir='ltr'><strong>vel</strong></span> <span class='ocrx_word' id='word_1_687' title='bbox 3348 3724 3558 3781; x_wconf 84' lang='lat' dir='ltr'><strong>tandem</strong></span> <span class='ocrx_word' id='word_1_688' title='bbox 3581 3726 3631 3781; x_wconf 86' lang='lat' dir='ltr'><strong>si</strong></span> <span class='ocrx_word' id='word_1_689' title='bbox 3654 3730 3816 3784; x_wconf 86' lang='lat' dir='ltr'><strong>tertio</strong></span> 
     </span>
    </p>
   </div>
   <div class='ocr_carea' id='block_1_83' title="bbox 2222 3812 3814 3874">
    <p class='ocr_par' dir='ltr' id='par_1_83' title="bbox 2222 3812 3814 3874">
     <span class='ocr_line' id='line_1_83' title="bbox 2222 3812 3814 3874; baseline 0.003 -5"><span class='ocrx_word' id='word_1_690' title='bbox 2222 3826 2518 3869; x_wconf 83' lang='lat' dir='ltr'><strong>moneatur.</strong></span> <span class='ocrx_word' id='word_1_691' title='bbox 2556 3812 2769 3870; x_wconf 87' lang='lat' dir='ltr'><strong>Utinam</strong></span> <span class='ocrx_word' id='word_1_692' title='bbox 2798 3822 2976 3869; x_wconf 88' lang='lat' dir='ltr'><strong>autem</strong></span> <span class='ocrx_word' id='word_1_693' title='bbox 3000 3830 3187 3871; x_wconf 84' lang='lat' dir='ltr'><strong>omnes</strong></span> <span class='ocrx_word' id='word_1_694' title='bbox 3221 3829 3249 3869; x_wconf 83' lang='lat' dir='ltr'><strong>a</strong></span> <span class='ocrx_word' id='word_1_695' title='bbox 3286 3815 3441 3873; x_wconf 83' lang='lat' dir='ltr'><strong>malis</strong></span> <span class='ocrx_word' id='word_1_696' title='bbox 3470 3816 3721 3873; x_wconf 81' lang='lat' dir='ltr'><strong>omnibus</strong></span> <span class='ocrx_word' id='word_1_697' title='bbox 3742 3817 3814 3874; x_wconf 72' lang='lat' dir='ltr'><strong>li-</strong></span> 
     </span>
    </p>
   </div>
   <div class='ocr_carea' id='block_1_84' title="bbox 2222 3904 3813 3982">
    <p class='ocr_par' dir='ltr' id='par_1_84' title="bbox 2222 3904 3813 3982">
     <span class='ocr_line' id='line_1_84' title="bbox 2222 3904 3813 3982; baseline 0.004 -20"><span class='ocrx_word' id='word_1_698' title='bbox 2222 3906 2390 3964; x_wconf 89' lang='lat' dir='ltr'><strong>berati</strong></span> <span class='ocrx_word' id='word_1_699' title='bbox 2431 3907 2627 3962; x_wconf 87' lang='lat' dir='ltr'><strong>bonum</strong></span> <span class='ocrx_word' id='word_1_700' title='bbox 2666 3904 2865 3963; x_wconf 83' lang='lat' dir='ltr'><strong>Christi</strong></span> <span class='ocrx_word' id='word_1_701' title='bbox 2895 3907 3115 3963; x_wconf 87' lang='lat' dir='ltr'><strong>odorem</strong></span> <span class='ocrx_word' id='word_1_702' title='bbox 3162 3907 3491 3973; x_wconf 78' lang='lat' dir='ltr'><strong>habeamus,</strong></span> <span class='ocrx_word' id='word_1_703' title='bbox 3529 3910 3616 3965; x_wconf 87' lang='lat' dir='ltr'><strong>cui</strong></span> <span class='ocrx_word' id='word_1_704' title='bbox 3643 3910 3813 3982; x_wconf 81' lang='lat' dir='ltr'><strong>gloria</strong></span> 
     </span>
    </p>
   </div>
   <div class='ocr_carea' id='block_1_85' title="bbox 2220 4001 3813 4074">
    <p class='ocr_par' dir='ltr' id='par_1_85' title="bbox 2220 4001 3813 4074">
     <span class='ocr_line' id='line_1_85' title="bbox 2220 4001 3813 4074; baseline 0.004 -19"><span class='ocrx_word' id='word_1_705' title='bbox 2220 4016 2341 4056; x_wconf 89' lang='lat' dir='ltr'><strong>cum</strong></span> <span class='ocrx_word' id='word_1_706' title='bbox 2367 4001 2520 4056; x_wconf 84' lang='lat' dir='ltr'><strong>Patre</strong></span> <span class='ocrx_word' id='word_1_707' title='bbox 2547 4008 2604 4056; x_wconf 82' lang='lat' dir='ltr'><strong>et</strong></span> <span class='ocrx_word' id='word_1_708' title='bbox 2624 4001 2827 4070; x_wconf 84' lang='lat' dir='ltr'><strong>Spiritu</strong></span> <span class='ocrx_word' id='word_1_709' title='bbox 2856 4012 3042 4057; x_wconf 87' lang='lat' dir='ltr'><strong>sancto</strong></span> <span class='ocrx_word' id='word_1_710' title='bbox 3070 4044 3086 4069; x_wconf 92' lang='lat'><strong>,</strong></span> <span class='ocrx_word' id='word_1_711' title='bbox 3121 4015 3265 4057; x_wconf 83' lang='lat' dir='ltr'><strong>nunc</strong></span> <span class='ocrx_word' id='word_1_712' title='bbox 3290 4010 3343 4058; x_wconf 90' lang='lat' dir='ltr'><strong>et</strong></span> <span class='ocrx_word' id='word_1_713' title='bbox 3385 4015 3618 4074; x_wconf 79' lang='lat' dir='ltr'><strong>semper,</strong></span> <span class='ocrx_word' id='word_1_714' title='bbox 3651 4013 3708 4060; x_wconf 79' lang='lat' dir='ltr'><strong>et</strong></span> <span class='ocrx_word' id='word_1_715' title='bbox 3757 4004 3813 4061; x_wconf 77' lang='lat' dir='ltr'><strong>in</strong></span> 
     </span>
    </p>
   </div>
   <div class='ocr_carea' id='block_1_86' title="bbox 2218 4093 3008 4151">
    <p class='ocr_par' dir='ltr' id='par_1_86' title="bbox 2218 4093 3008 4151">
     <span class='ocr_line' id='line_1_86' title="bbox 2218 4093 3008 4151; baseline -0.004 -1"><span class='ocrx_word' id='word_1_716' title='bbox 2218 4093 2415 4150; x_wconf 57' lang='lat' dir='ltr'><strong>sarcula</strong></span> <span class='ocrx_word' id='word_1_717' title='bbox 2446 4093 2787 4151; x_wconf 58' lang='lat' dir='ltr'><strong>saeculorum.</strong></span> <span class='ocrx_word' id='word_1_718' title='bbox 2816 4094 3008 4149; x_wconf 83' lang='lat' dir='ltr'><strong>Amen.</strong></span> 
     </span>
    </p>
   </div>
   <div class='ocr_carea' id='block_1_87' title="bbox 2284 4243 3812 4341">
    <p class='ocr_par' dir='ltr' id='par_1_87' title="bbox 2284 4243 3812 4341">
     <span class='ocr_line' id='line_1_87' title="bbox 2284 4243 3812 4341; baseline -0.003 -46"><span class='ocrx_word' id='word_1_719' title='bbox 2284 4248 2300 4279; x_wconf 80' lang='grc' dir='ltr'><strong>ι</strong></span> <span class='ocrx_word' id='word_1_720' title='bbox 2334 4243 2463 4296; x_wconf 81' lang='lat' dir='ltr'><strong>Edltl</strong></span> <span class='ocrx_word' id='word_1_721' title='bbox 2484 4246 2683 4315; x_wconf 76' lang='lat' dir='ltr'><strong>habent,</strong></span> <span class='ocrx_word' id='word_1_722' title='bbox 2703 4245 2908 4307; x_wconf 83' lang='lat' dir='ltr'><strong>teipsunt</strong></span> <span class='ocrx_word' id='word_1_723' title='bbox 2929 4258 3023 4296; x_wconf 87' lang='lat' dir='ltr'><strong>non</strong></span> <span class='ocrx_word' id='word_1_724' title='bbox 3032 4243 3379 4341; x_wconf 54' lang='lat' dir='ltr'><strong>judicashed</strong></span> <span class='ocrx_word' id='word_1_725' title='bbox 3399 4246 3599 4305; x_wconf 75' lang='lat' dir='ltr'><strong>savilios</strong></span> <span class='ocrx_word' id='word_1_726' title='bbox 3633 4246 3812 4314; x_wconf 68' lang='grc' dir='ltr'><strong>Ιοεαεη.</strong></span> 
     </span>
     <span class='ocr_line' id='line_1_88' title="bbox 2287 4306 3787 4341; baseline 0 0"><span class='ocrx_word' id='word_1_727' title='bbox 2287 4321 2333 4341; x_wconf 86' lang='lat' dir='ltr'><strong>m</strong></span> <span class='ocrx_word' id='word_1_728' title='bbox 2358 4314 2487 4341; x_wconf 69' lang='lat' dir='ltr'><strong>nulla!</strong></span> <span class='ocrx_word' id='word_1_729' title='bbox 2525 4313 2734 4341; x_wconf 65' lang='lat' dir='ltr'><strong>&quot;meum</strong></span> <span class='ocrx_word' id='word_1_730' title='bbox 2760 4320 2848 4341; x_wconf 79' lang='lat' dir='ltr'><strong>mm</strong></span> <span class='ocrx_word' id='word_1_731' title='bbox 2876 4306 3019 4341; x_wconf 71' lang='lat' dir='ltr'><strong>Amne</strong></span> <span class='ocrx_word' id='word_1_732' title='bbox 3069 4316 3114 4341; x_wconf 78' lang='lat' dir='ltr'><strong>nl</strong></span> <span class='ocrx_word' id='word_1_733' title='bbox 3142 4316 3368 4341; x_wconf 64' lang='lat' dir='ltr'><strong>funali-oc</strong></span> <span class='ocrx_word' id='word_1_734' title='bbox 3380 4316 3468 4341; x_wconf 68' lang='lat' dir='ltr'><strong>“es:</strong></span> <span class='ocrx_word' id='word_1_735' title='bbox 3512 4311 3582 4341; x_wconf 66' lang='lat' dir='ltr'><strong>ain</strong></span> <span class='ocrx_word' id='word_1_736' title='bbox 3605 4311 3787 4341; x_wconf 58' lang='lat' dir='ltr'><strong>halm...</strong></span> 
     </span>
    </p>
   </div>
   <div class='ocr_carea' id='block_1_88' title="bbox 2219 4306 3811 4373">
    <p class='ocr_par' dir='ltr' id='par_1_88' title="bbox 2219 4306 3811 4373">
     <span class='ocr_line' id='line_1_89' title="bbox 2219 4306 3811 4373; baseline 0.004 -16"><span class='ocrx_word' id='word_1_737' title='bbox 2219 4306 2333 4373; x_wconf 78' lang='lat' dir='ltr'><strong>dum</strong></span> <span class='ocrx_word' id='word_1_738' title='bbox 2358 4306 2737 4373; x_wconf 76' lang='lat' dir='ltr'><strong>putat,teipsiim</strong></span> <span class='ocrx_word' id='word_1_739' title='bbox 2757 4306 2850 4373; x_wconf 80' lang='lat' dir='ltr'><strong>non</strong></span> <span class='ocrx_word' id='word_1_740' title='bbox 2875 4306 3054 4358; x_wconf 76' lang='lat' dir='ltr'><strong>doces?</strong></span> <span class='ocrx_word' id='word_1_741' title='bbox 3069 4316 3122 4359; x_wconf 89' lang='lat' dir='ltr'><strong>et</strong></span> <span class='ocrx_word' id='word_1_742' title='bbox 3142 4309 3253 4371; x_wconf 85' lang='lat' dir='ltr'><strong>quia</strong></span> <span class='ocrx_word' id='word_1_743' title='bbox 3267 4316 3369 4359; x_wconf 89' lang='lat' dir='ltr'><strong>tres</strong></span> <span class='ocrx_word' id='word_1_744' title='bbox 3380 4316 3488 4360; x_wconf 62' lang='grc' dir='ltr'>διεδ.</span> <span class='ocrx_word' id='word_1_745' title='bbox 3512 4311 3583 4362; x_wconf 88' lang='lat' dir='ltr'><strong>sic</strong></span> <span class='ocrx_word' id='word_1_746' title='bbox 3605 4306 3811 4373; x_wconf 69' lang='lat' dir='ltr'><strong>bab&#39;ent.</strong></span> 
     </span>
    </p>
   </div>
   <div class='ocr_carea' id='block_1_89' title="bbox 2220 4368 2965 4419">
    <p class='ocr_par' dir='ltr' id='par_1_89' title="bbox 2220 4368 2965 4419">
     <span class='ocr_line' id='line_1_90' title="bbox 2220 4368 2965 4419; baseline -0.003 0"><span class='ocrx_word' id='word_1_747' title='bbox 2220 4368 2342 4419; x_wconf 81' lang='lat' dir='ltr'><strong>banc</strong></span> <span class='ocrx_word' id='word_1_748' title='bbox 2360 4368 2665 4417; x_wconf 79' lang='lat' dir='ltr'><strong>restituimus</strong></span> <span class='ocrx_word' id='word_1_749' title='bbox 2683 4368 2965 4419; x_wconf 84' lang='lat' dir='ltr'><strong>lectionem.</strong></span> 
     </span>
    </p>
   </div>
   <div class='ocr_carea' id='block_1_90' title="bbox 1864 4568 2405 4630">
    <p class='ocr_par' dir='ltr' id='par_1_90' title="bbox 1864 4568 2405 4630">
     <span class='ocr_line' id='line_1_91' title="bbox 1864 4568 2405 4630; baseline 0.002 -2"><span class='ocrx_word' id='word_1_750' title='bbox 1864 4568 2200 4630; x_wconf 77' lang='lat' dir='ltr'><strong>HOMILIA</strong></span> <span class='ocrx_word' id='word_1_751' title='bbox 2244 4568 2405 4630; x_wconf 76' lang='lat' dir='ltr'><strong>LIII.</strong></span> 
     </span>
    </p>
   </div>
   <div class='ocr_carea' id='block_1_91' title="bbox 524 4712 2100 4785">
    <p class='ocr_par' dir='ltr' id='par_1_91' title="bbox 524 4712 2100 4785">
     <span class='ocr_line' id='line_1_92' title="bbox 524 4712 2100 4785; baseline -0.003 -12"><span class='ocrx_word' id='word_1_752' title='bbox 524 4714 655 4773; x_wconf 68' lang='lat' dir='ltr'><strong>Car.</strong></span> <span class='ocrx_word' id='word_1_753' title='bbox 686 4713 741 4771; x_wconf 87' lang='grc'><strong>8.</strong></span> <span class='ocrx_word' id='word_1_754' title='bbox 775 4729 825 4769; x_wconf 88' lang='lat' dir='ltr'><strong>v.</strong></span> <span class='ocrx_word' id='word_1_755' title='bbox 877 4712 966 4770; x_wconf 65' lang='lat'><strong>20.</strong></span> <span class='ocrx_word' id='word_1_756' title='bbox 1006 4712 1126 4768; x_wconf 70' lang='lat' dir='ltr'><strong>ﬂare</strong></span> <span class='ocrx_word' id='word_1_757' title='bbox 1161 4716 1305 4769; x_wconf 66' lang='lat' dir='ltr'><strong>verba</strong></span> <span class='ocrx_word' id='word_1_758' title='bbox 1350 4714 1588 4783; x_wconf 79' lang='lat' dir='ltr'><strong>loquutus</strong></span> <span class='ocrx_word' id='word_1_759' title='bbox 1634 4724 1703 4769; x_wconf 85' lang='lat' dir='ltr'><strong>est</strong></span> <span class='ocrx_word' id='word_1_760' title='bbox 1728 4713 1878 4769; x_wconf 76' lang='lat' dir='ltr'><strong>Iesus</strong></span> <span class='ocrx_word' id='word_1_761' title='bbox 1911 4715 1962 4767; x_wconf 86' lang='lat' dir='ltr'><strong>iu</strong></span> <span class='ocrx_word' id='word_1_762' title='bbox 2006 4732 2100 4785; x_wconf 82' lang='lat' dir='ltr'><strong>ga-</strong></span> 
     </span>
    </p>
   </div>
   <div class='ocr_carea' id='block_1_92' title="bbox 601 4804 2108 4877">
    <p class='ocr_par' dir='ltr' id='par_1_92' title="bbox 601 4804 2108 4877">
     <span class='ocr_line' id='line_1_93' title="bbox 601 4804 2108 4877; baseline -0.002 -15"><span class='ocrx_word' id='word_1_763' title='bbox 601 4806 923 4876; x_wconf 72' lang='lat' dir='ltr'><strong>zophylacio,</strong></span> <span class='ocrx_word' id='word_1_764' title='bbox 947 4804 1129 4860; x_wconf 81' lang='lat' dir='ltr'><strong>docens</strong></span> <span class='ocrx_word' id='word_1_765' title='bbox 1160 4807 1211 4859; x_wconf 86' lang='lat' dir='ltr'><strong>in</strong></span> <span class='ocrx_word' id='word_1_766' title='bbox 1252 4806 1438 4877; x_wconf 83' lang='lat' dir='ltr'><strong>templo</strong></span> <span class='ocrx_word' id='word_1_767' title='bbox 1471 4820 1488 4859; x_wconf 91' lang='lat'><strong><em>:</em></strong></span> <span class='ocrx_word' id='word_1_768' title='bbox 1531 4815 1575 4859; x_wconf 85' lang='lat' dir='ltr'><strong>et</strong></span> <span class='ocrx_word' id='word_1_769' title='bbox 1605 4822 1746 4860; x_wconf 85' lang='lat' dir='ltr'><strong>neme</strong></span> <span class='ocrx_word' id='word_1_770' title='bbox 1775 4807 2108 4877; x_wconf 80' lang='lat' dir='ltr'><strong>appro/tendit</strong></span> 
     </span>
    </p>
   </div>
   <div class='ocr_carea' id='block_1_93' title="bbox 599 4898 1680 4969">
    <p class='ocr_par' dir='ltr' id='par_1_93' title="bbox 599 4898 1680 4969">
     <span class='ocr_line' id='line_1_94' title="bbox 599 4898 1680 4969; baseline -0.001 -15"><span class='ocrx_word' id='word_1_771' title='bbox 599 4916 713 4954; x_wconf 82' lang='lat' dir='ltr'><strong>eum</strong></span> <span class='ocrx_word' id='word_1_772' title='bbox 732 4940 745 4961; x_wconf 90' lang='lat'><strong>,</strong></span> <span class='ocrx_word' id='word_1_773' title='bbox 779 4898 897 4968; x_wconf 83' lang='lat' dir='ltr'><strong>quia</strong></span> <span class='ocrx_word' id='word_1_774' title='bbox 926 4899 1147 4952; x_wconf 79' lang='lat' dir='ltr'><strong>nom/unt</strong></span> <span class='ocrx_word' id='word_1_775' title='bbox 1176 4907 1372 4953; x_wconf 71' lang='lat' dir='ltr'><strong>venerat</strong></span> <span class='ocrx_word' id='word_1_776' title='bbox 1399 4898 1524 4952; x_wconf 75' lang='lat' dir='ltr'><strong>liora</strong></span> <span class='ocrx_word' id='word_1_777' title='bbox 1552 4901 1680 4969; x_wconf 79' lang='lat' dir='ltr'><strong>ejus.</strong></span> 
     </span>
    </p>
   </div>
   <div class='ocr_carea' id='block_1_94' title="bbox 599 4990 2108 5062">
    <p class='ocr_par' dir='ltr' id='par_1_94' title="bbox 599 4990 2108 5062">
     <span class='ocr_line' id='line_1_95' title="bbox 599 4990 2108 5062; baseline -0.001 -14"><span class='ocrx_word' id='word_1_778' title='bbox 599 4994 649 5049; x_wconf 82' lang='lat' dir='ltr'><strong>l.</strong></span> <span class='ocrx_word' id='word_1_779' title='bbox 677 4992 721 5047; x_wconf 89' lang='grc'>0</span> <span class='ocrx_word' id='word_1_780' title='bbox 740 4990 1013 5047; x_wconf 82' lang='lat' dir='ltr'><strong>Judaicam</strong></span> <span class='ocrx_word' id='word_1_781' title='bbox 1042 4992 1399 5047; x_wconf 86' lang='lat' dir='ltr'><strong>dementiam!</strong></span> <span class='ocrx_word' id='word_1_782' title='bbox 1433 4994 1569 5047; x_wconf 81' lang='lat' dir='ltr'><strong>Ante</strong></span> <span class='ocrx_word' id='word_1_783' title='bbox 1597 4992 1796 5047; x_wconf 81' lang='lat' dir='ltr'><strong>Pascha</strong></span> <span class='ocrx_word' id='word_1_784' title='bbox 1820 5008 1940 5047; x_wconf 89' lang='lat' dir='ltr'><strong>eum</strong></span> <span class='ocrx_word' id='word_1_785' title='bbox 1964 5008 2108 5062; x_wconf 71' lang='lat' dir='ltr'><strong>qute-</strong></span> 
     </span>
    </p>
   </div>
   <div class='ocr_carea' id='block_1_95' title="bbox 524 5083 2109 5155">
    <p class='ocr_par' dir='ltr' id='par_1_95' title="bbox 524 5083 2109 5155">
     <span class='ocr_line' id='line_1_96' title="bbox 524 5083 2109 5155; baseline -0.003 -13"><span class='ocrx_word' id='word_1_786' title='bbox 524 5085 735 5149; x_wconf 86' lang='lat' dir='ltr'><strong>rebant,</strong></span> <span class='ocrx_word' id='word_1_787' title='bbox 767 5093 925 5155; x_wconf 89' lang='lat' dir='ltr'><strong>atque</strong></span> <span class='ocrx_word' id='word_1_788' title='bbox 968 5084 1021 5139; x_wconf 90' lang='lat' dir='ltr'><strong>in</strong></span> <span class='ocrx_word' id='word_1_789' title='bbox 1051 5083 1226 5139; x_wconf 87' lang='lat' dir='ltr'><strong>medio</strong></span> <span class='ocrx_word' id='word_1_790' title='bbox 1267 5084 1528 5153; x_wconf 89' lang='lat' dir='ltr'><strong>positum,</strong></span> <span class='ocrx_word' id='word_1_791' title='bbox 1577 5093 1630 5139; x_wconf 88' lang='lat' dir='ltr'><strong>et</strong></span> <span class='ocrx_word' id='word_1_792' title='bbox 1672 5100 1765 5154; x_wconf 81' lang='lat' dir='ltr'><strong>per</strong></span> <span class='ocrx_word' id='word_1_793' title='bbox 1803 5100 1862 5139; x_wconf 87' lang='lat' dir='ltr'><strong>se</strong></span> <span class='ocrx_word' id='word_1_794' title='bbox 1909 5096 1961 5139; x_wconf 86' lang='lat' dir='ltr'><strong>et</strong></span> <span class='ocrx_word' id='word_1_795' title='bbox 2016 5100 2109 5153; x_wconf 88' lang='lat' dir='ltr'><strong>per</strong></span> 
     </span>
    </p>
   </div>
   <div class='ocr_carea' id='block_1_96' title="bbox 522 5176 2100 5247">
    <p class='ocr_par' dir='ltr' id='par_1_96' title="bbox 522 5176 2100 5247">
     <span class='ocr_line' id='line_1_97' title="bbox 522 5176 2100 5247; baseline 0.001 -18"><span class='ocrx_word' id='word_1_796' title='bbox 522 5180 657 5232; x_wconf 80' lang='lat' dir='ltr'><strong>alios</strong></span> <span class='ocrx_word' id='word_1_797' title='bbox 678 5177 848 5247; x_wconf 85' lang='lat' dir='ltr'><strong>ipsum</strong></span> <span class='ocrx_word' id='word_1_798' title='bbox 870 5176 1326 5247; x_wconf 89' lang='lat' dir='ltr'><strong>comprehendere</strong></span> <span class='ocrx_word' id='word_1_799' title='bbox 1347 5191 1489 5246; x_wconf 65' lang='lat' dir='ltr'><strong>sarpe</strong></span> <span class='ocrx_word' id='word_1_800' title='bbox 1514 5176 1702 5230; x_wconf 78' lang='lat' dir='ltr'><strong>frustra</strong></span> <span class='ocrx_word' id='word_1_801' title='bbox 1731 5185 2100 5241; x_wconf 84' lang='lat' dir='ltr'><strong>tentaverant;</strong></span> 
     </span>
    </p>
   </div>
   <div class='ocr_carea' id='block_1_97' title="bbox 524 5266 2105 5338">
    <p class='ocr_par' dir='ltr' id='par_1_97' title="bbox 524 5266 2105 5338">
     <span class='ocr_line' id='line_1_98' title="bbox 524 5266 2105 5338; baseline 0 -16"><span class='ocrx_word' id='word_1_802' title='bbox 524 5281 701 5338; x_wconf 87' lang='lat' dir='ltr'><strong>neque</strong></span> <span class='ocrx_word' id='word_1_803' title='bbox 728 5276 903 5323; x_wconf 89' lang='lat' dir='ltr'><strong>tamen</strong></span> <span class='ocrx_word' id='word_1_804' title='bbox 935 5268 1013 5323; x_wconf 87' lang='lat' dir='ltr'><strong>sic</strong></span> <span class='ocrx_word' id='word_1_805' title='bbox 1041 5267 1108 5323; x_wconf 90' lang='lat' dir='ltr'><strong>de</strong></span> <span class='ocrx_word' id='word_1_806' title='bbox 1148 5267 1287 5322; x_wconf 86' lang='lat' dir='ltr'><strong>illius</strong></span> <span class='ocrx_word' id='word_1_807' title='bbox 1313 5267 1511 5321; x_wconf 87' lang='lat' dir='ltr'><strong>virtute</strong></span> <span class='ocrx_word' id='word_1_808' title='bbox 1538 5266 1815 5335; x_wconf 77' lang='lat' dir='ltr'><strong>stupefacti</strong></span> <span class='ocrx_word' id='word_1_809' title='bbox 1843 5277 1986 5330; x_wconf 85' lang='lat' dir='ltr'><strong>sunt,</strong></span> <span class='ocrx_word' id='word_1_810' title='bbox 2012 5268 2105 5322; x_wconf 89' lang='lat' dir='ltr'><strong>sed</strong></span> 
     </span>
    </p>
   </div>
   <div class='ocr_carea' id='block_1_98' title="bbox 521 5358 2101 5431">
    <p class='ocr_par' dir='ltr' id='par_1_98' title="bbox 521 5358 2101 5431">
     <span class='ocr_line' id='line_1_99' title="bbox 521 5358 2101 5431; baseline 0.002 -16"><span class='ocrx_word' id='word_1_811' title='bbox 521 5364 573 5415; x_wconf 88' lang='lat' dir='ltr'><strong>in</strong></span> <span class='ocrx_word' id='word_1_812' title='bbox 605 5358 804 5416; x_wconf 82' lang='lat' dir='ltr'><strong>malitia</strong></span> <span class='ocrx_word' id='word_1_813' title='bbox 836 5361 1201 5430; x_wconf 86' lang='lat' dir='ltr'><strong>perstiterunt.</strong></span> <span class='ocrx_word' id='word_1_814' title='bbox 1225 5360 1377 5429; x_wconf 87' lang='lat' dir='ltr'><strong>Quod</strong></span> <span class='ocrx_word' id='word_1_815' title='bbox 1421 5362 1563 5417; x_wconf 89' lang='lat' dir='ltr'><strong>enim</strong></span> <span class='ocrx_word' id='word_1_816' title='bbox 1592 5362 1642 5416; x_wconf 90' lang='lat' dir='ltr'><strong>id</strong></span> <span class='ocrx_word' id='word_1_817' title='bbox 1681 5376 1893 5431; x_wconf 86' lang='lat' dir='ltr'><strong>semper</strong></span> <span class='ocrx_word' id='word_1_818' title='bbox 1929 5372 2101 5418; x_wconf 87' lang='lat' dir='ltr'><strong>tenta-</strong></span> 
     </span>
    </p>
   </div>
   <div class='ocr_carea' id='block_1_99' title="bbox 521 5451 2100 5525">
    <p class='ocr_par' dir='ltr' id='par_1_99' title="bbox 521 5451 2100 5525">
     <span class='ocr_line' id='line_1_100' title="bbox 521 5451 2100 5525; baseline -0.002 -16"><span class='ocrx_word' id='word_1_819' title='bbox 521 5462 676 5517; x_wconf 86' lang='lat' dir='ltr'><strong>rent,</strong></span> <span class='ocrx_word' id='word_1_820' title='bbox 709 5451 905 5508; x_wconf 81' lang='lat' dir='ltr'><strong>indicat</strong></span> <span class='ocrx_word' id='word_1_821' title='bbox 934 5453 1019 5508; x_wconf 86' lang='lat' dir='ltr'><strong>ille</strong></span> <span class='ocrx_word' id='word_1_822' title='bbox 1054 5472 1067 5508; x_wconf 88' lang='lat'><strong>:</strong></span> <span class='ocrx_word' id='word_1_823' title='bbox 1102 5451 1224 5507; x_wconf 78' lang='lat' dir='ltr'><strong>Iltcc</strong></span> <span class='ocrx_word' id='word_1_824' title='bbox 1251 5454 1483 5525; x_wconf 82' lang='lat' dir='ltr'><strong>loquutus</strong></span> <span class='ocrx_word' id='word_1_825' title='bbox 1511 5462 1583 5507; x_wconf 80' lang='lat' dir='ltr'><strong>est</strong></span> <span class='ocrx_word' id='word_1_826' title='bbox 1624 5454 1677 5506; x_wconf 80' lang='lat' dir='ltr'><strong>in</strong></span> <span class='ocrx_word' id='word_1_827' title='bbox 1716 5453 2100 5523; x_wconf 76' lang='lat' dir='ltr'><strong>gawphylacio,</strong></span> 
     </span>
    </p>
   </div>
   <div class='ocr_carea' id='block_1_100' title="bbox 519 5544 2103 5618">
    <p class='ocr_par' dir='ltr' id='par_1_100' title="bbox 519 5544 2103 5618">
     <span class='ocr_line' id='line_1_101' title="bbox 519 5544 2103 5618; baseline 0.002 -19"><span class='ocrx_word' id='word_1_828' title='bbox 519 5546 703 5599; x_wconf 80' lang='lat' dir='ltr'><strong>docens</strong></span> <span class='ocrx_word' id='word_1_829' title='bbox 732 5545 783 5599; x_wconf 90' lang='lat' dir='ltr'><strong>in</strong></span> <span class='ocrx_word' id='word_1_830' title='bbox 815 5544 1000 5617; x_wconf 87' lang='lat' dir='ltr'><strong>templo</strong></span> <span class='ocrx_word' id='word_1_831' title='bbox 1022 5590 1035 5614; x_wconf 93' lang='lat'><strong>,</strong></span> <span class='ocrx_word' id='word_1_832' title='bbox 1068 5557 1113 5602; x_wconf 85' lang='lat' dir='ltr'><strong>et</strong></span> <span class='ocrx_word' id='word_1_833' title='bbox 1142 5563 1284 5601; x_wconf 84' lang='lat' dir='ltr'><strong>nemo</strong></span> <span class='ocrx_word' id='word_1_834' title='bbox 1308 5547 1639 5618; x_wconf 79' lang='lat' dir='ltr'><strong>apprehendit</strong></span> <span class='ocrx_word' id='word_1_835' title='bbox 1660 5563 1793 5600; x_wconf 86' lang='lat' dir='ltr'><strong>eum.</strong></span> <span class='ocrx_word' id='word_1_836' title='bbox 1822 5546 1874 5599; x_wconf 88' lang='lat' dir='ltr'><strong>In</strong></span> <span class='ocrx_word' id='word_1_837' title='bbox 1908 5549 2103 5616; x_wconf 81' lang='lat' dir='ltr'><strong>templo</strong></span> 
     </span>
    </p>
   </div>
   <div class='ocr_carea' id='block_1_101' title="bbox 522 5638 2103 5711">
    <p class='ocr_par' dir='ltr' id='par_1_101' title="bbox 522 5638 2103 5711">
     <span class='ocr_line' id='line_1_102' title="bbox 522 5638 2103 5711; baseline 0.004 -20"><span class='ocrx_word' id='word_1_838' title='bbox 522 5638 835 5708; x_wconf 86' lang='lat' dir='ltr'><strong>loquebatur</strong></span> <span class='ocrx_word' id='word_1_839' title='bbox 864 5656 1012 5695; x_wconf 87' lang='lat' dir='ltr'><strong>more</strong></span> <span class='ocrx_word' id='word_1_840' title='bbox 1055 5639 1288 5711; x_wconf 83' lang='lat' dir='ltr'><strong>magistri</strong></span> <span class='ocrx_word' id='word_1_841' title='bbox 1313 5680 1327 5703; x_wconf 92' lang='lat'><strong>,</strong></span> <span class='ocrx_word' id='word_1_842' title='bbox 1354 5639 1495 5707; x_wconf 75' lang='lat' dir='ltr'><strong>quod</strong></span> <span class='ocrx_word' id='word_1_843' title='bbox 1526 5640 1692 5710; x_wconf 86' lang='lat' dir='ltr'><strong>magis</strong></span> <span class='ocrx_word' id='word_1_844' title='bbox 1717 5640 1834 5694; x_wconf 86' lang='lat' dir='ltr'><strong>illos</strong></span> <span class='ocrx_word' id='word_1_845' title='bbox 1868 5640 2103 5697; x_wconf 78' lang='lat' dir='ltr'><strong>excitare</strong></span> 
     </span>
    </p>
   </div>
   <div class='ocr_carea' id='block_1_102' title="bbox 524 5726 2094 5801">
    <p class='ocr_par' dir='ltr' id='par_1_102' title="bbox 524 5726 2094 5801">
     <span class='ocr_line' id='line_1_103' title="bbox 524 5726 2094 5801; baseline -0.001 -17"><span class='ocrx_word' id='word_1_846' title='bbox 524 5726 793 5784; x_wconf 76' lang='lat' dir='ltr'><strong>debuisset</strong></span> <span class='ocrx_word' id='word_1_847' title='bbox 826 5746 837 5783; x_wconf 90' lang='lat'>:</span> <span class='ocrx_word' id='word_1_848' title='bbox 872 5741 920 5783; x_wconf 88' lang='lat' dir='ltr'><strong>et</strong></span> <span class='ocrx_word' id='word_1_849' title='bbox 947 5746 1007 5786; x_wconf 81' lang='lat' dir='ltr'><strong>ea</strong></span> <span class='ocrx_word' id='word_1_850' title='bbox 1035 5730 1342 5801; x_wconf 84' lang='lat' dir='ltr'><strong>loquebatur</strong></span> <span class='ocrx_word' id='word_1_851' title='bbox 1362 5730 1428 5785; x_wconf 88' lang='lat' dir='ltr'><strong>de</strong></span> <span class='ocrx_word' id='word_1_852' title='bbox 1453 5730 1645 5800; x_wconf 82' lang='lat' dir='ltr'><strong>quibus</strong></span> <span class='ocrx_word' id='word_1_853' title='bbox 1666 5731 2094 5796; x_wconf 76' lang='lat' dir='ltr'><strong>ollendcbantur,</strong></span> 
     </span>
    </p>
   </div>
   <div class='ocr_carea' id='block_1_103' title="bbox 527 5821 2095 5896">
    <p class='ocr_par' dir='ltr' id='par_1_103' title="bbox 527 5821 2095 5896">
     <span class='ocr_line' id='line_1_104' title="bbox 527 5821 2095 5896; baseline 0.007 -27"><span class='ocrx_word' id='word_1_854' title='bbox 527 5824 581 5870; x_wconf 87' lang='lat' dir='ltr'><strong>et</strong></span> <span class='ocrx_word' id='word_1_855' title='bbox 616 5821 938 5879; x_wconf 84' lang='lat' dir='ltr'><strong>accusabant</strong></span> <span class='ocrx_word' id='word_1_856' title='bbox 970 5838 1132 5890; x_wconf 90' lang='lat' dir='ltr'><strong>cum,</strong></span> <span class='ocrx_word' id='word_1_857' title='bbox 1191 5822 1329 5894; x_wconf 89' lang='lat' dir='ltr'><strong>quod</strong></span> <span class='ocrx_word' id='word_1_858' title='bbox 1376 5825 1603 5894; x_wconf 82' lang='lat' dir='ltr'><strong>seipsun:</strong></span> <span class='ocrx_word' id='word_1_859' title='bbox 1656 5828 1909 5896; x_wconf 67' lang='lat' dir='ltr'><strong>tequalem</strong></span> <span class='ocrx_word' id='word_1_860' title='bbox 1960 5829 2095 5884; x_wconf 78' lang='lat' dir='ltr'><strong>i‘atri</strong></span> 
     </span>
    </p>
   </div>
   <div class='ocr_carea' id='block_1_104' title="bbox 2213 4717 3809 4785">
    <p class='ocr_par' dir='ltr' id='par_1_104' title="bbox 2213 4717 3809 4785">
     <span class='ocr_line' id='line_1_105' title="bbox 2213 4717 3809 4785; baseline 0.008 -14"><span class='ocrx_word' id='word_1_861' title='bbox 2213 4717 2428 4773; x_wconf 82' lang='lat' dir='ltr'><strong>laceret.</strong></span> <span class='ocrx_word' id='word_1_862' title='bbox 2458 4719 2589 4773; x_wconf 89' lang='lat' dir='ltr'><strong>Illud</strong></span> <span class='ocrx_word' id='word_1_863' title='bbox 2639 4719 2817 4785; x_wconf 88' lang='lat' dir='ltr'><strong>enim,</strong></span> <span class='ocrx_word' id='word_1_864' title='bbox 2876 4719 3107 4775; x_wconf 79' lang='lat' dir='ltr'><strong>Duorum</strong></span> <span class='ocrx_word' id='word_1_865' title='bbox 3161 4722 3424 4776; x_wconf 79' lang='lat' dir='ltr'><strong>hominum</strong></span> <span class='ocrx_word' id='word_1_866' title='bbox 3466 4724 3809 4783; x_wconf 78' lang='lat' dir='ltr'><strong>testiinonium</strong></span> 
     </span>
    </p>
   </div>
   <div class='ocr_carea' id='block_1_105' title="bbox 2213 4810 3807 4885">
    <p class='ocr_par' dir='ltr' id='par_1_105' title="bbox 2213 4810 3807 4885">
     <span class='ocr_line' id='line_1_106' title="bbox 2213 4810 3807 4885; baseline 0.006 -21"><span class='ocrx_word' id='word_1_867' title='bbox 2213 4826 2379 4865; x_wconf 80' lang='lat' dir='ltr'><strong>uerum</strong></span> <span class='ocrx_word' id='word_1_868' title='bbox 2406 4820 2478 4865; x_wconf 81' lang='lat' dir='ltr'><strong>est</strong></span> <span class='ocrx_word' id='word_1_869' title='bbox 2501 4853 2514 4877; x_wconf 94' lang='lat'><strong>,</strong></span> <span class='ocrx_word' id='word_1_870' title='bbox 2552 4810 2654 4867; x_wconf 82' lang='lat' dir='ltr'><strong>hoc</strong></span> <span class='ocrx_word' id='word_1_871' title='bbox 2691 4813 2971 4882; x_wconf 81' lang='lat' dir='ltr'><strong>signiﬁcat.</strong></span> <span class='ocrx_word' id='word_1_872' title='bbox 3005 4815 3250 4870; x_wconf 80' lang='lat' dir='ltr'><strong>Attamen</strong></span> <span class='ocrx_word' id='word_1_873' title='bbox 3287 4813 3439 4882; x_wconf 73' lang='lat' dir='ltr'><strong>Hcce,</strong></span> <span class='ocrx_word' id='word_1_874' title='bbox 3488 4815 3692 4885; x_wconf 75' lang='lat' dir='ltr'><strong>inquit,</strong></span> <span class='ocrx_word' id='word_1_875' title='bbox 3726 4821 3807 4874; x_wconf 81' lang='lat' dir='ltr'><strong>lo-</strong></span> 
     </span>
    </p>
   </div>
   <div class='ocr_carea' id='block_1_106' title="bbox 2211 4901 3809 4979">
    <p class='ocr_par' dir='ltr' id='par_1_106' title="bbox 2211 4901 3809 4979">
     <span class='ocr_line' id='line_1_107' title="bbox 2211 4901 3809 4979; baseline 0.006 -26"><span class='ocrx_word' id='word_1_876' title='bbox 2211 4901 2453 4971; x_wconf 82' lang='lat' dir='ltr'><strong>quebatur</strong></span> <span class='ocrx_word' id='word_1_877' title='bbox 2490 4904 2542 4956; x_wconf 89' lang='lat' dir='ltr'><strong>in</strong></span> <span class='ocrx_word' id='word_1_878' title='bbox 2586 4904 2805 4972; x_wconf 84' lang='lat' dir='ltr'><strong>templo,</strong></span> <span class='ocrx_word' id='word_1_879' title='bbox 2835 4913 2890 4959; x_wconf 87' lang='lat' dir='ltr'><strong>et</strong></span> <span class='ocrx_word' id='word_1_880' title='bbox 2916 4906 3065 4975; x_wconf 88' lang='lat' dir='ltr'><strong>quasi</strong></span> <span class='ocrx_word' id='word_1_881' title='bbox 3118 4905 3389 4977; x_wconf 80' lang='lat' dir='ltr'><strong>magister,</strong></span> <span class='ocrx_word' id='word_1_882' title='bbox 3443 4917 3490 4962; x_wconf 86' lang='lat' dir='ltr'><strong>et</strong></span> <span class='ocrx_word' id='word_1_883' title='bbox 3530 4924 3675 4963; x_wconf 83' lang='lat' dir='ltr'><strong>nemo</strong></span> <span class='ocrx_word' id='word_1_884' title='bbox 3710 4926 3809 4979; x_wconf 84' lang='lat' dir='ltr'><strong>ap-</strong></span> 
     </span>
    </p>
   </div>
   <div class='ocr_carea' id='block_1_107' title="bbox 2212 4995 3803 5071">
    <p class='ocr_par' dir='ltr' id='par_1_107' title="bbox 2212 4995 3803 5071">
     <span class='ocr_line' id='line_1_108' title="bbox 2212 4995 3803 5071; baseline 0.005 -25"><span class='ocrx_word' id='word_1_885' title='bbox 2212 4995 2361 5062; x_wconf 71' lang='lat' dir='ltr'><strong>pro/ie</strong></span> <span class='ocrx_word' id='word_1_886' title='bbox 2417 4995 2470 5047; x_wconf 87' lang='lat' dir='ltr'><strong>lit</strong></span> <span class='ocrx_word' id='word_1_887' title='bbox 2499 5011 2632 5059; x_wconf 78' lang='lat' dir='ltr'><strong>enin,</strong></span> <span class='ocrx_word' id='word_1_888' title='bbox 2664 4997 2781 5064; x_wconf 78' lang='lat' dir='ltr'><strong>quin</strong></span> <span class='ocrx_word' id='word_1_889' title='bbox 2809 4995 3031 5049; x_wconf 79' lang='lat' dir='ltr'><strong>nondum</strong></span> <span class='ocrx_word' id='word_1_890' title='bbox 3063 5008 3262 5050; x_wconf 75' lang='lat' dir='ltr'><strong>venerat</strong></span> <span class='ocrx_word' id='word_1_891' title='bbox 3293 4998 3420 5051; x_wconf 83' lang='lat' dir='ltr'><strong>hora</strong></span> <span class='ocrx_word' id='word_1_892' title='bbox 3445 4999 3589 5071; x_wconf 79' lang='lat' dir='ltr'><strong>ejus;</strong></span> <span class='ocrx_word' id='word_1_893' title='bbox 3619 4999 3670 5053; x_wconf 88' lang='lat' dir='ltr'><strong>id</strong></span> <span class='ocrx_word' id='word_1_894' title='bbox 3696 5010 3803 5067; x_wconf 85' lang='lat' dir='ltr'><strong>est,</strong></span> 
     </span>
    </p>
   </div>
   <div class='ocr_carea' id='block_1_108' title="bbox 2210 5087 3799 5160">
    <p class='ocr_par' dir='ltr' id='par_1_108' title="bbox 2210 5087 3799 5160">
     <span class='ocr_line' id='line_1_109' title="bbox 2210 5087 3799 5160; baseline 0.003 -19"><span class='ocrx_word' id='word_1_895' title='bbox 2210 5097 2417 5155; x_wconf 57' lang='lat' dir='ltr'><strong>tempus</strong></span> <span class='ocrx_word' id='word_1_896' title='bbox 2450 5087 2698 5142; x_wconf 87' lang='lat' dir='ltr'><strong>idoneum</strong></span> <span class='ocrx_word' id='word_1_897' title='bbox 2729 5105 2832 5142; x_wconf 85' lang='lat' dir='ltr'><strong>non</strong></span> <span class='ocrx_word' id='word_1_898' title='bbox 2864 5098 2981 5142; x_wconf 77' lang='lat' dir='ltr'><strong>erat</strong></span> <span class='ocrx_word' id='word_1_899' title='bbox 3007 5102 3111 5156; x_wconf 88' lang='lat' dir='ltr'><strong>quo</strong></span> <span class='ocrx_word' id='word_1_900' title='bbox 3138 5089 3374 5160; x_wconf 72' lang='lat' dir='ltr'><strong>crucifigi</strong></span> <span class='ocrx_word' id='word_1_901' title='bbox 3413 5091 3643 5145; x_wconf 75' lang='lat' dir='ltr'><strong>volebat.</strong></span> <span class='ocrx_word' id='word_1_902' title='bbox 3690 5090 3799 5145; x_wconf 83' lang='lat' dir='ltr'><strong>ita-</strong></span> 
     </span>
    </p>
   </div>
   <div class='ocr_carea' id='block_1_109' title="bbox 2209 5180 3802 5252">
    <p class='ocr_par' dir='ltr' id='par_1_109' title="bbox 2209 5180 3802 5252">
     <span class='ocr_line' id='line_1_110' title="bbox 2209 5180 3802 5252; baseline 0.003 -21"><span class='ocrx_word' id='word_1_903' title='bbox 2209 5194 2314 5246; x_wconf 88' lang='lat' dir='ltr'><strong>que</strong></span> <span class='ocrx_word' id='word_1_904' title='bbox 2346 5188 2468 5233; x_wconf 87' lang='lat' dir='ltr'><strong>tunc</strong></span> <span class='ocrx_word' id='word_1_905' title='bbox 2495 5194 2597 5232; x_wconf 86' lang='lat' dir='ltr'><strong>non</strong></span> <span class='ocrx_word' id='word_1_906' title='bbox 2625 5180 2838 5232; x_wconf 74' lang='lat' dir='ltr'><strong>ilhit&#39;tttti</strong></span> <span class='ocrx_word' id='word_1_907' title='bbox 2867 5180 3142 5247; x_wconf 84' lang='lat' dir='ltr'><strong>potestatis</strong></span> <span class='ocrx_word' id='word_1_908' title='bbox 3174 5180 3288 5244; x_wconf 88' lang='lat' dir='ltr'><strong>luit,</strong></span> <span class='ocrx_word' id='word_1_909' title='bbox 3325 5180 3417 5235; x_wconf 87' lang='lat' dir='ltr'><strong>sed</strong></span> <span class='ocrx_word' id='word_1_910' title='bbox 3441 5180 3802 5252; x_wconf 80' lang='lat' dir='ltr'><strong>dispensatio-</strong></span> 
     </span>
    </p>
   </div>
   <div class='ocr_carea' id='block_1_110' title="bbox 2210 5271 3798 5343">
    <p class='ocr_par' dir='ltr' id='par_1_110' title="bbox 2210 5271 3798 5343">
     <span class='ocr_line' id='line_1_111' title="bbox 2210 5271 3798 5343; baseline 0.004 -19"><span class='ocrx_word' id='word_1_911' title='bbox 2210 5272 2291 5326; x_wconf 84' lang='lat' dir='ltr'><strong>nis</strong></span> <span class='ocrx_word' id='word_1_912' title='bbox 2322 5272 2455 5340; x_wconf 82' lang='lat' dir='ltr'><strong>ejus.</strong></span> <span class='ocrx_word' id='word_1_913' title='bbox 2486 5271 2592 5342; x_wconf 73' lang='lat' dir='ltr'><strong>ipsi</strong></span> <span class='ocrx_word' id='word_1_914' title='bbox 2609 5272 2750 5325; x_wconf 79' lang='lat' dir='ltr'><strong>enim</strong></span> <span class='ocrx_word' id='word_1_915' title='bbox 2779 5272 2886 5339; x_wconf 88' lang='lat' dir='ltr'><strong>jam</strong></span> <span class='ocrx_word' id='word_1_916' title='bbox 2907 5272 3035 5325; x_wconf 85' lang='lat' dir='ltr'><strong>olim</strong></span> <span class='ocrx_word' id='word_1_917' title='bbox 3060 5272 3328 5337; x_wconf 86' lang='lat' dir='ltr'><strong>volebant,</strong></span> <span class='ocrx_word' id='word_1_918' title='bbox 3354 5289 3451 5328; x_wconf 88' lang='lat' dir='ltr'><strong>nec</strong></span> <span class='ocrx_word' id='word_1_919' title='bbox 3478 5283 3798 5343; x_wconf 81' lang='lat' dir='ltr'><strong>potuerunt;</strong></span> 
     </span>
    </p>
   </div>
   <div class='ocr_carea' id='block_1_111' title="bbox 2209 5365 3803 5435">
    <p class='ocr_par' dir='ltr' id='par_1_111' title="bbox 2209 5365 3803 5435">
     <span class='ocr_line' id='line_1_112' title="bbox 2209 5365 3803 5435; baseline 0.003 -16"><span class='ocrx_word' id='word_1_920' title='bbox 2209 5381 2309 5421; x_wconf 87' lang='lat' dir='ltr'><strong>nec</strong></span> <span class='ocrx_word' id='word_1_921' title='bbox 2338 5376 2461 5419; x_wconf 89' lang='lat' dir='ltr'><strong>tunc</strong></span> <span class='ocrx_word' id='word_1_922' title='bbox 2495 5366 2830 5433; x_wconf 88' lang='lat' dir='ltr'><strong>potuissent,</strong></span> <span class='ocrx_word' id='word_1_923' title='bbox 2864 5365 2962 5419; x_wconf 87' lang='lat' dir='ltr'><strong>nisi</strong></span> <span class='ocrx_word' id='word_1_924' title='bbox 2992 5365 3105 5433; x_wconf 88' lang='lat' dir='ltr'><strong>ipse</strong></span> <span class='ocrx_word' id='word_1_925' title='bbox 3146 5366 3497 5435; x_wconf 88' lang='lat' dir='ltr'><strong>permisisset.</strong></span> <span class='ocrx_word' id='word_1_926' title='bbox 3528 5365 3619 5421; x_wconf 76' lang='lat'><strong>2|.</strong></span> <span class='ocrx_word' id='word_1_927' title='bbox 3655 5365 3803 5423; x_wconf 75' lang='lat' dir='ltr'><strong>Dixit</strong></span> 
     </span>
    </p>
   </div>
   <div class='ocr_carea' id='block_1_112' title="bbox 2206 5455 3800 5528">
    <p class='ocr_par' dir='ltr' id='par_1_112' title="bbox 2206 5455 3800 5528">
     <span class='ocr_line' id='line_1_113' title="bbox 2206 5455 3800 5528; baseline 0.002 -17"><span class='ocrx_word' id='word_1_928' title='bbox 2206 5474 2323 5528; x_wconf 81' lang='lat' dir='ltr'><strong>ergo</strong></span> <span class='ocrx_word' id='word_1_929' title='bbox 2349 5463 2417 5511; x_wconf 82' lang='lat' dir='ltr'><strong>eis</strong></span> <span class='ocrx_word' id='word_1_930' title='bbox 2461 5458 2639 5509; x_wconf 79' lang='lat' dir='ltr'><strong>iterum</strong></span> <span class='ocrx_word' id='word_1_931' title='bbox 2665 5455 2817 5511; x_wconf 82' lang='lat' dir='ltr'><strong>Jesus</strong></span> <span class='ocrx_word' id='word_1_932' title='bbox 2846 5473 2863 5510; x_wconf 93' lang='lat'><em>:</em></span> <span class='ocrx_word' id='word_1_933' title='bbox 2900 5456 3008 5527; x_wconf 58' lang='lat' dir='ltr'><strong>ligo</strong></span> <span class='ocrx_word' id='word_1_934' title='bbox 3035 5457 3162 5510; x_wconf 79' lang='lat' dir='ltr'><strong>vado</strong></span> <span class='ocrx_word' id='word_1_935' title='bbox 3188 5498 3201 5523; x_wconf 90' lang='lat'><strong>,</strong></span> <span class='ocrx_word' id='word_1_936' title='bbox 3228 5466 3272 5508; x_wconf 82' lang='lat' dir='ltr'><strong>et</strong></span> <span class='ocrx_word' id='word_1_937' title='bbox 3301 5459 3536 5526; x_wconf 52' lang='lat' dir='ltr'><strong>quaeretis</strong></span> <span class='ocrx_word' id='word_1_938' title='bbox 3562 5475 3657 5511; x_wconf 82' lang='lat' dir='ltr'><strong>me.</strong></span> <span class='ocrx_word' id='word_1_939' title='bbox 3688 5458 3800 5515; x_wconf 85' lang='lat' dir='ltr'><strong>Cur</strong></span> 
     </span>
    </p>
   </div>
   <div class='ocr_carea' id='block_1_113' title="bbox 2209 5548 3801 5618">
    <p class='ocr_par' dir='ltr' id='par_1_113' title="bbox 2209 5548 3801 5618">
     <span class='ocr_line' id='line_1_114' title="bbox 2209 5548 3801 5618; baseline 0.001 -15"><span class='ocrx_word' id='word_1_940' title='bbox 2209 5551 2309 5604; x_wconf 82' lang='lat' dir='ltr'><strong>hoc</strong></span> <span class='ocrx_word' id='word_1_941' title='bbox 2338 5549 2640 5618; x_wconf 78' lang='lat' dir='ltr'><strong>frequenter</strong></span> <span class='ocrx_word' id='word_1_942' title='bbox 2666 5549 2834 5603; x_wconf 72' lang='lat' dir='ltr'><strong>dicit?</strong></span> <span class='ocrx_word' id='word_1_943' title='bbox 2863 5549 2929 5604; x_wconf 85' lang='lat' dir='ltr'><strong>Ut</strong></span> <span class='ocrx_word' id='word_1_944' title='bbox 2958 5549 3169 5602; x_wconf 85' lang='lat' dir='ltr'><strong>illorum</strong></span> <span class='ocrx_word' id='word_1_945' title='bbox 3192 5548 3399 5602; x_wconf 87' lang='lat' dir='ltr'><strong>animos</strong></span> <span class='ocrx_word' id='word_1_946' title='bbox 3430 5560 3801 5607; x_wconf 85' lang='lat' dir='ltr'><strong>conuuoverct</strong></span> 
     </span>
    </p>
   </div>
   <div class='ocr_carea' id='block_1_114' title="bbox 2205 5640 3801 5713">
    <p class='ocr_par' dir='ltr' id='par_1_114' title="bbox 2205 5640 3801 5713">
     <span class='ocr_line' id='line_1_115' title="bbox 2205 5640 3801 5713; baseline 0.003 -18"><span class='ocrx_word' id='word_1_947' title='bbox 2205 5658 2268 5695; x_wconf 90' lang='lat' dir='ltr'><strong>ac</strong></span> <span class='ocrx_word' id='word_1_948' title='bbox 2309 5640 2768 5710; x_wconf 52' lang='lat' dir='ltr'><strong>perlerryiaceret.</strong></span> <span class='ocrx_word' id='word_1_949' title='bbox 2806 5641 2935 5696; x_wconf 76' lang='lat' dir='ltr'><strong>Vide</strong></span> <span class='ocrx_word' id='word_1_950' title='bbox 2964 5656 3191 5713; x_wconf 77' lang='lat' dir='ltr'><strong>naque</strong></span> <span class='ocrx_word' id='word_1_951' title='bbox 3223 5651 3473 5711; x_wconf 84' lang='lat' dir='ltr'><strong>quantum</strong></span> <span class='ocrx_word' id='word_1_952' title='bbox 3509 5642 3555 5695; x_wconf 90' lang='lat' dir='ltr'><strong>id</strong></span> <span class='ocrx_word' id='word_1_953' title='bbox 3585 5655 3801 5709; x_wconf 81' lang='lat' dir='ltr'><strong>pareret</strong></span> 
     </span>
    </p>
   </div>
   <div class='ocr_carea' id='block_1_115' title="bbox 2205 5733 3802 5799">
    <p class='ocr_par' dir='ltr' id='par_1_115' title="bbox 2205 5733 3802 5799">
     <span class='ocr_line' id='line_1_116' title="bbox 2205 5733 3802 5799; baseline 0.003 -13"><span class='ocrx_word' id='word_1_954' title='bbox 2205 5733 2559 5789; x_wconf 72' lang='lat' dir='ltr'><strong>lor-inidinem.</strong></span> <span class='ocrx_word' id='word_1_955' title='bbox 2590 5735 2717 5789; x_wconf 77' lang='lat' dir='ltr'><strong>Nam</strong></span> <span class='ocrx_word' id='word_1_956' title='bbox 2748 5750 2867 5789; x_wconf 86' lang='lat' dir='ltr'><strong>cum</strong></span> <span class='ocrx_word' id='word_1_957' title='bbox 2899 5734 3043 5788; x_wconf 90' lang='lat' dir='ltr'><strong>illum</strong></span> <span class='ocrx_word' id='word_1_958' title='bbox 3070 5734 3369 5789; x_wconf 81' lang='lat' dir='ltr'><strong>interﬁcere</strong></span> <span class='ocrx_word' id='word_1_959' title='bbox 3398 5734 3617 5799; x_wconf 81' lang='lat' dir='ltr'><strong>vellent,</strong></span> <span class='ocrx_word' id='word_1_960' title='bbox 3651 5744 3709 5789; x_wconf 93' lang='lat' dir='ltr'><strong>ut</strong></span> <span class='ocrx_word' id='word_1_961' title='bbox 3728 5736 3802 5789; x_wconf 80' lang='lat' dir='ltr'><strong>alt</strong></span> 
     </span>
    </p>
   </div>
   <div class='ocr_carea' id='block_1_116' title="bbox 2204 5826 3798 5897">
    <p class='ocr_par' dir='ltr' id='par_1_116' title="bbox 2204 5826 3798 5897">
     <span class='ocr_line' id='line_1_117' title="bbox 2204 5826 3798 5897; baseline 0.001 -15"><span class='ocrx_word' id='word_1_962' title='bbox 2204 5828 2290 5882; x_wconf 80' lang='lat' dir='ltr'><strong>illo</strong></span> <span class='ocrx_word' id='word_1_963' title='bbox 2322 5844 2377 5880; x_wconf 81' lang='lat' dir='ltr'><strong>se</strong></span> <span class='ocrx_word' id='word_1_964' title='bbox 2406 5838 2790 5890; x_wconf 74' lang='lat' dir='ltr'><strong>exonerarent,</strong></span> <span class='ocrx_word' id='word_1_965' title='bbox 2834 5836 3079 5896; x_wconf 64' lang='lat' dir='ltr'><strong>iluxrunt</strong></span> <span class='ocrx_word' id='word_1_966' title='bbox 3104 5842 3208 5897; x_wconf 88' lang='lat' dir='ltr'><strong>quo</strong></span> <span class='ocrx_word' id='word_1_967' title='bbox 3246 5826 3394 5881; x_wconf 77' lang='lat' dir='ltr'><strong>vadat</strong></span> <span class='ocrx_word' id='word_1_968' title='bbox 3432 5844 3442 5878; x_wconf 90' lang='lat'>:</span> <span class='ocrx_word' id='word_1_969' title='bbox 3476 5836 3677 5883; x_wconf 78' lang='lat' dir='ltr'><strong>laniant</strong></span> <span class='ocrx_word' id='word_1_970' title='bbox 3725 5826 3798 5884; x_wconf 89' lang='lat' dir='ltr'><strong>de</strong></span> 
     </span>
    </p>
   </div>
  </div>
