4088 6502
203 430 319 493 293

220 563 278 604 re
309 547 401 604 tali
445 550 812 616 conceperant
855 539 1185 612 opinionem.
1241 535 1400 591 Aliud
1446 548 1661 606 quoque
1698 532 1822 589 illos

222 646 421 701 docere
464 638 714 702 volebat,
764 649 870 690 non
917 647 982 687 ex
1030 631 1268 703 ipsorum
1296 627 1545 683 violentia
1590 639 1704 681 rem
1755 625 1827 678 ita

226 735 378 799 iure.
407 731 504 787 sed
534 731 586 788 id
618 730 730 802 jam
775 725 980 798 pridem
1013 723 1412 794 prxliguratum
1441 733 1599 784 esse,
1648 727 1703 774 et
1745 717 1830 772 his

226 823 406 880 verbis
433 821 882 881 resurrectionem
917 815 1177 887 prmdixit.
1224 813 1483 868 Dicebant
1525 825 1655 882 ergo
1687 827 1700 863 :
1731 808 1824 863 22.

227 914 502 989 Numquid
526 913 791 983 interﬁciet
818 910 1142 979 semetipsum
1162 909 1189 964 Ρ
1209 905 1348 974 Quid
1378 920 1508 977 ergo
1544 902 1828 960 Christus?

223 1009 452 1066 Illorum
476 1017 534 1064 ut
558 1011 863 1062 removeret
890 1001 1274 1072 suSpiciouem,
1300 1007 1358 1054 et
1375 996 1690 1052 ostenderet
1711 1010 1826 1050 rem

221 1100 382 1156 illam
409 1114 526 1155 esse
556 1104 854 1168 peccatum,
881 1093 956 1148 ait
983 1111 999 1152 ξ
1044 1091 1137 1152 25.
1187 1088 1289 1144 Vos
1328 1087 1562 1143 deorsum
1587 1087 1705 1142 estis
1727 1103 1747 1152 ;
1775 1085 1826 1141 id

219 1200 314 1248 est
337 1231 357 1257 ,
388 1189 528 1248 Nihil
558 1189 752 1244 mirum
782 1186 826 1242 si
862 1199 959 1240 vos
989 1183 1234 1241 homines
1266 1182 1509 1238 carnales
1537 1180 1660 1236 talia
1684 1179 1828 1251 cogi-

226 1283 359 1341 tatis
383 1324 403 1352 ,
447 1281 534 1352 qui
568 1279 699 1335 nihil
729 1277 1013 1350 spirituale
1051 1275 1357 1345 concipitis.
1389 1275 1461 1330 At
1496 1288 1598 1346 ego
1623 1288 1729 1328 non
1757 1273 1828 1327 si-

220 1374 358 1436 mile
383 1372 654 1445 quidpiam
684 1371 875 1430 iaciam
899 1386 914 1434 ;
941 1367 1024 1428 De
1065 1366 1301 1440 supernis
1349 1367 1482 1422 enim
1524 1382 1639 1420 sum
1672 1377 1695 1422 :
1740 1381 1827 1420 vos

219 1465 290 1522 de
313 1466 410 1520 hac
425 1465 613 1522 mundo
626 1464 765 1521 estis.
790 1463 887 1518 llic
913 1477 1128 1517 rursum
1156 1457 1455 1514 mundanas
1474 1457 1828 1527 carnalesque

217 1557 581 1628 cogitationes
612 1556 759 1611 dicit.
794 1552 947 1612 Unde
979 1552 1152 1623 palam
1206 1558 1289 1607 est
1343 1550 1510 1617 illud,
1562 1548 1674 1621 Ego
1724 1566 1828 1604 non

215 1659 339 1703 sum
364 1648 427 1703 de
447 1647 542 1702 hoc
569 1644 789 1712 mundo,
819 1661 925 1701 non
956 1642 1263 1715 signiﬁcare
1305 1640 1482 1712 ipsum
1525 1657 1630 1695 non
1666 1655 1824 1695 acce-

218 1742 371 1812 pisse
400 1755 616 1796 carucm
636 1780 652 1806 ,
695 1737 789 1793 sed
821 1735 1007 1809 procul
1038 1749 1160 1791 esse
1187 1735 1256 1790 ab
1300 1733 1514 1789 illorum
1561 1731 1821 1802 nequitia.

217 1833 437 1888 Etenim
460 1831 751 1903 discipulos
775 1845 838 1886 ex
864 1827 1063 1886 mundo
1082 1842 1191 1882 non
1218 1841 1340 1883 esse
1361 1826 1484 1881 dicit
1507 1842 1522 1891 ;
1557 1824 1826 1880 habebant

218 1934 406 1982 tamen
455 1926 530 1982 illi
561 1939 800 1981 carnem.
828 1920 1290 1992 Quemadmodum
1330 1920 1490 1987 igitur
1516 1918 1713 1974 Paulus
1737 1917 1823 1971 di-

216 2035 376 2085 cens,
405 2017 528 2074 Non
553 2020 674 2076 estis
693 2017 746 2075 in
771 2031 927 2074 carne
945 2013 1124 2086 (Rom.
1153 2014 1208 2069 8.
1233 2010 1312 2084 9),
1339 2029 1447 2070 non
1471 2012 1824 2080 incorporeos

217 2111 476 2184 intelligit
507 2128 519 2164 :
550 2114 631 2165 sle
662 2108 956 2180 discipulos
987 2121 1093 2162 non
1120 2119 1244 2161 esse
1272 2103 1340 2159 de
1369 2108 1472 2160 hoc
1519 2100 1742 2170 nmudo,
1770 2101 1823 2158 id

218 2203 436 2263 illorum
466 2201 861 2276 philosophiam
887 2197 1222 2256 testiﬁcatur.
1248 2197 1340 2253 2d.
1371 2195 1494 2251 Dixi
1513 2211 1633 2268 ergo
1661 2196 1820 2261 vobis,

215 2296 344 2367 quia
389 2297 432 2351 si
481 2311 584 2350 non
636 2293 953 2349 credideritis
997 2292 1116 2363 quia
1163 2305 1257 2362 ego
1305 2306 1421 2344 sum
1441 2331 1457 2353 ,
1500 2289 1554 2343 in
1605 2287 1823 2358 peccatis

215 2387 400 2443 uestris
447 2385 756 2442 moriemini.
806 2383 940 2440 Nam
977 2383 1022 2438 si
1087 2379 1210 2436 ideo
1273 2380 1456 2447 venit,
1509 2389 1568 2434 ut
1613 2378 1825 2435 tolleret

218 2489 501 2553 peccatum
548 2477 770 2547 mundi,
800 2486 855 2535 et
907 2481 1090 2533 sinon
1146 2482 1321 2546 potest
1363 2473 1492 2529 esui
1543 2483 1820 2543 peccatum

217 2573 327 2630 nisi
367 2588 462 2645 per
489 2573 795 2636 lavacrum,
848 2585 1073 2627 necesse
1103 2578 1187 2624 est
1228 2583 1334 2623 non
1379 2565 1691 2623 credentem
1732 2581 1822 2620 ve-

219 2674 392 2722 torem
443 2664 644 2720 habere
694 2663 987 2718 hominem.
1042 2659 1176 2716 Nam
1234 2659 1326 2731 qui
1383 2673 1491 2713 non
1530 2657 1646 2712 vult
1699 2671 1822 2713 sese

218 2772 322 2832 per
367 2756 526 2814 Iidem
576 2757 736 2813 morti
801 2754 1016 2810 tradere
1072 2763 1127 2809 et
1185 2753 1508 2822 sepultum,
1565 2763 1690 2805 cum
1730 2763 1823 2805 ve-

218 2852 326 2912 teri
357 2851 578 2913 homine
613 2851 893 2915 morietur,
926 2856 983 2904 et
1034 2847 1130 2906 illo
1169 2844 1420 2917 migrabit
1473 2851 1818 2914 peccatorum

220 2959 412 3018 pmnas
455 2943 701 3001 daturus.
769 2941 896 3002 Ideo
948 2938 1158 2996 dicebat
1209 2955 1224 2991 :
1279 2936 1384 3006 Qui
1449 2949 1552 2990 non
1616 2933 1818 3002 credit,

217 3039 329 3115 jam
365 3037 630 3109 judicatus
651 3046 761 3102 est,
793 3049 901 3093 non
943 3033 1116 3096 solum
1139 3032 1282 3104 quod
1312 3045 1418 3086 non
1466 3029 1677 3096 credat,
1725 3027 1822 3085 sed

217 3131 385 3190 etiam
419 3131 544 3202 quia
573 3145 698 3186 cum
766 3127 1038 3200 prioribus
1087 3125 1323 3198 peccatis
1370 3122 1502 3178 abit.
1562 3123 1823 3179 Dicebant

217 3242 351 3300 ergo
376 3243 394 3283 :
422 3227 514 3287 25.
567 3225 650 3288 Tu
690 3228 804 3304 quis
835 3225 933 3282 es?
975 3224 1020 3282 0
1048 3223 1407 3280 dementiam!
1441 3223 1571 3278 Post
1614 3229 1818 3277 tantum

218 3331 514 3394 temporis,
547 3328 669 3394 post
705 3319 857 3390 sigua
889 3327 942 3374 et
970 3316 1302 3383 doctrinam,
1336 3315 1710 3385 interrogauit,
1738 3311 1821 3367 Tu

216 3412 330 3485 quis
347 3430 402 3469 es
417 3413 448 3466 β
464 3412 603 3483 Quid
633 3411 792 3482 igitur
815 3409 1061 3466 Christ-us
1076 3407 1100 3462 ?
1117 3406 1443 3478 Principium
1461 3407 1546 3478 qui
1571 3415 1618 3461 et
1641 3405 1822 3475 loquor

216 3507 378 3563 vobis.
411 3505 525 3562 lloc
551 3514 656 3573 est,
690 3503 889 3574 lndigni
915 3502 1047 3560 estis
1069 3542 1087 3570 ,
1122 3501 1210 3572 qui
1234 3499 1398 3556 verba
1430 3513 1547 3555 mea
1568 3496 1818 3564 audiatis,

217 3597 414 3656 nedum
444 3597 662 3654 discatis
705 3595 827 3668 quis
863 3609 965 3666 ego
993 3593 1116 3649 sint.
1150 3593 1255 3648 Vos
1293 3591 1438 3649 enim
1483 3605 1570 3646 me
1606 3604 1822 3660 semper

217 3696 488 3747 tentantes
515 3687 833 3760 loquimini,
875 3685 1116 3758 nihilque
1140 3684 1301 3742 dictis
1326 3683 1462 3740 meis
1499 3680 1776 3738 attenditis
1804 3698 1818 3736 :

215 3793 276 3841 et
299 3782 384 3838 bis
411 3782 478 3838 de
501 3781 662 3838 rebus
684 3779 937 3837 omnibus
963 3793 1108 3834 nunc
1132 3791 1430 3848 coarguere
1451 3774 1652 3846 possim
1673 3790 1687 3835 ;
1718 3772 1822 3829 hoe

215 3876 362 3933 enim
391 3873 660 3945 signiﬁcat
689 3870 817 3928 illud
837 3913 853 3939 ,
888 3871 980 3926 26.
1015 3868 1184 3924 Multa
1210 3867 1370 3922 habeo
1415 3867 1479 3921 de
1517 3865 1655 3920 vobis
1683 3864 1822 3934 loqui

215 3978 266 4023 et
313 3965 585 4039 judicare;
640 3979 739 4018 nec
781 3972 989 4019 tantum
1029 3959 1426 4031 repreltendere
1449 3999 1466 4026 ,
1519 3956 1615 4014 sed
1657 3955 1818 4012 etiam

216 4059 432 4131 punire.
484 4056 591 4114 Sed
618 4058 707 4128 qui
750 4055 896 4111 misit
933 4069 1053 4122 me,
1097 4053 1200 4109 hoc
1224 4063 1328 4118 est,
1370 4051 1549 4116 Pater,
1587 4048 1688 4104 hoc
1711 4063 1818 4104 non

217 4153 352 4208 vult.
388 4149 513 4207 Non
542 4151 674 4205 enim
715 4150 827 4204 veni
876 4148 1117 4220 judicare
1162 4146 1445 4212 mundum,
1489 4143 1578 4200 sed
1621 4141 1818 4196 salvum

215 4248 403 4318 facere.
446 4243 570 4300 Non
617 4242 750 4298 enini
790 4242 922 4298 misit
944 4239 1080 4296 Deus
1111 4238 1303 4294 Filium
1329 4255 1514 4304 suum,
1546 4247 1602 4290 ut
1621 4235 1820 4309 judice:

215 4338 501 4402 mundum,
546 4336 635 4391 sed
681 4344 734 4388 ut
764 4335 959 4391 salvum
1007 4332 1163 4404 faciat
1211 4332 1458 4385 ntundum
1515 4329 1696 4401 (Joan.
1724 4327 1812 4386 12.

214 4431 308 4487 47.
337 4440 385 4485 et
435 4430 489 4486 5.
525 4429 637 4501 17).
683 4426 739 4484 Si
769 4443 900 4498 ergo
952 4425 1020 4482 ad
1072 4425 1174 4481 hoc
1204 4441 1291 4481 me
1318 4423 1494 4490 misit,
1547 4431 1601 4479 et
1651 4437 1818 4479 verax

215 4529 341 4588 est,
382 4521 506 4592 jure
546 4520 816 4575 neminem
872 4531 974 4588 ego
1026 4531 1169 4572 nunc
1206 4515 1414 4586 judico.
1464 4513 1572 4571 Sed
1617 4529 1681 4569 ea
1733 4514 1817 4569 lo-

217 4629 357 4686 quor
403 4629 527 4685 quae
583 4611 651 4668 ad
711 4611 940 4667 salutem
993 4617 1153 4674 sunt,
1200 4623 1308 4664 non
1379 4605 1447 4662 ad
1518 4607 1816 4677 reprehen-

217 4708 450 4764 sionem.
481 4705 608 4762 llaec
643 4718 808 4776 porro
835 4702 985 4772 dicit,
1017 4717 1086 4760 ne
1116 4709 1304 4773 putent
1339 4700 1514 4772 ipsum
1535 4740 1552 4768 ,
1591 4714 1712 4756 cum
1741 4705 1820 4754 tot

217 4813 275 4860 et
323 4812 469 4858 tanta
520 4799 783 4866 audierit,
836 4813 946 4870 prae
997 4795 1363 4852 imbecillitate
1401 4808 1509 4850 non
1541 4807 1702 4864 posse
1733 4791 1816 4846 ul-

217 4897 426 4951 tionem
452 4892 680 4956 inferre,
712 4890 799 4948 vel
829 4905 1018 4946 eorum
1041 4896 1274 4944 mentem
1297 4887 1682 4957 irrisionesque
1710 4901 1816 4940 non

216 5000 568 5058 cognoscere.
601 4985 694 5040 27.
725 4982 820 5039 Illi
842 4993 1010 5037 autent
1037 4983 1102 5038 de
1147 4980 1307 5036 Patre
1343 4995 1626 5035 sermonem
1644 4978 1818 5034 haberi

215 5096 324 5136 non
367 5078 747 5134 intellexerunt.
790 5077 836 5132 υ
881 5074 1200 5130 stultitiam!
1251 5072 1370 5129 Non
1415 5071 1709 5128 desistebat
1749 5069 1820 5126 de

215 5174 381 5232 Patre
405 5173 548 5243 loqui
569 5213 587 5237 ,
618 5181 674 5228 et
703 5187 809 5227 non
843 5169 1230 5242 intelligebant.
1269 5166 1470 5224 Deinde
1493 5182 1616 5223 cum
1643 5180 1819 5238 neque

213 5284 287 5325 ex
320 5276 398 5323 tot
439 5267 643 5338 signis,
693 5280 867 5335 neque
895 5280 962 5320 ex
1005 5262 1246 5319 doctrina
1289 5262 1409 5318 illos
1433 5263 1816 5332 pertraxisset,

216 5359 288 5416 de
308 5374 468 5415 cruce
493 5359 713 5414 demum
740 5357 990 5414 edisserit
1015 5356 1100 5410 his
1125 5353 1304 5411 verbis
1337 5372 1351 5409 :
1378 5353 1471 5410 28.
1504 5352 1635 5409 Cum
1672 5352 1817 5407 ml-

216 5452 448 5508 meritis
475 5450 669 5508 Filium
693 5450 931 5514 hominis,
955 5458 1074 5503 tunc
1101 5447 1411 5519 cognoscetis
1428 5447 1549 5516 quia
1573 5461 1664 5517 ego
1682 5461 1818 5510 sum,

213 5554 265 5602 et
285 5562 318 5600 α
339 5545 529 5617 mcipso
555 5561 657 5599 non
688 5544 888 5614 loquor;
915 5539 1006 5596 29.
1028 5549 1074 5594 et
1099 5538 1236 5610 quod
1248 5538 1334 5606 qui
1357 5553 1436 5592 me
1465 5537 1600 5591 misit
1625 5552 1820 5590 mecum

216 5649 311 5709 est,
332 5649 380 5696 et
407 5656 510 5695 non
538 5639 746 5709 reliquit
769 5635 1021 5692 tnesolunt
1047 5633 1226 5690 Pater.
1257 5629 1512 5688 Ostendit
1545 5644 1606 5686 se
1627 5629 1820 5686 merito

213 5735 441 5806 dixisse,
471 5733 799 5804 Principium
819 5731 905 5804 qui
930 5739 978 5784 et
1005 5729 1184 5800 loquor
1203 5727 1364 5782 vobis.

280 5831 332 5892 2.
365 5826 708 5901 Usqueadco
734 5841 842 5882 non
870 5822 1220 5880 attendebant
1248 5821 1313 5878 iis
1338 5836 1459 5892 qua:
1479 5818 1816 5876 dicebantur.

195 5920 689 5988 Cumemltavcritis
719 5917 916 5974 Filium
942 5915 1179 5973 hominis.
1208 5914 1396 5972 Nonne
1423 5921 1552 5970 tunc
1571 5927 1658 5970 me
1687 5913 1817 5969 sul»

1306 419 1372 478 IN
1409 418 1724 477 .IOANNEM
1766 415 1996 475 1103111..
2039 416 2173 474 LIII.
2215 418 2287 475 al.
2330 418 2445 475 LII.

3436 421 3545 482 291

1935 530 2044 586 lato
2073 531 2300 608 speratis
2324 548 2355 588 a
2387 547 2473 587 me
2503 531 2636 588 nihil
2667 531 2821 588 vobis
2849 532 2988 588 ultra
3034 533 3296 589 molestiae
3323 534 3544 592 allatum

1937 623 2042 678 iri?
2073 622 2186 694 Ego
2213 633 2392 679 autem
2414 623 2537 679 dico
2566 624 2740 693 vobis,
2768 623 2915 680 Tunc
2944 625 3184 683 maxime
3208 633 3544 700 cognoscetis.

1935 714 2054 783 quia
2077 730 2170 787 ego
2189 731 2322 781 sum,
2355 729 2452 786 per
2477 716 2650 787 signa,
2687 732 2784 786 per
2810 718 3289 785 resurrectionem,
3327 736 3422 792 per
3449 738 3546 777 ex-

1936 805 2157 862 cidium.
2179 805 2308 864 Ilzee
2335 809 2536 880 quippe
2556 809 2740 866 omnia
2761 811 2877 883 ejus
2904 814 3199 883 potentiam
3224 816 3546 888 comprobato

1935 896 2084 954 bant.
2113 898 2299 972 Neque
2329 899 2464 957 dixit
2489 942 2504 967 ,
2548 901 2700 958 Tune
2728 905 3069 975 cognoscetis
3095 905 3218 976 quis
3243 907 3366 962 sim.
3403 908 3542 964 Cum

1936 989 2196 1055 videritis,
2232 992 2422 1064 inquit,
2457 1009 2545 1050 me
2568 995 2701 1050 nihil
2730 1010 2799 1052 ex
2835 1007 3010 1053 morte
3042 1013 3324 1068 passurum
3346 1042 3362 1066 ,
3394 1001 3544 1058 Tunc

1935 1085 2243 1152 cognoscetis
2275 1086 2396 1154 quia
2425 1102 2518 1157 ego
2537 1103 2650 1143 sum
2681 1105 2700 1143 :
2731 1103 2925 1161 nempe
2943 1088 3193 1148 Christus
3218 1092 3390 1150 Filius
3424 1094 3538 1159 llei.

1935 1174 2025 1245 qui
2069 1177 2248 1232 omnia
2294 1176 2409 1233 iero
2451 1188 2507 1234 et
2533 1178 2674 1235 duco
2697 1223 2712 1248 ,
2754 1195 2858 1237 nec
2884 1184 3189 1240 contrarius
3216 1184 3386 1242 Patri.
3415 1185 3543 1243 ldeo

1935 1265 2140 1335 adjicit,
2173 1268 2238 1322 Et
2263 1285 2295 1323 a
2324 1270 2516 1338 meipso
2546 1272 2678 1327 nihil
2704 1273 2905 1341 loquor.
2940 1273 3234 1347 Utrumque
3261 1278 3407 1333 enim
3450 1293 3545 1335 co-

1934 1359 2225 1427 gnoscetis,
2256 1369 2309 1415 et
2336 1362 2630 1431 potentiam
2663 1379 2858 1428 meam,
2890 1374 2944 1420 et
2971 1381 3093 1421 cum
3121 1368 3280 1426 Patre
3307 1386 3542 1428 consen-

1935 1462 2077 1503 sum.
2105 1448 2237 1506 1Ιῖυά
2265 1452 2431 1517 enim,
2460 1453 2506 1507 Α
2531 1456 2724 1526 meipso
2753 1457 2885 1512 nihil
2913 1457 3111 1528 loquor,
3143 1461 3389 1517 eamdem
3420 1478 3545 1521 esse

1933 1541 2288 1597 substantiam
2317 1543 2571 1612 denotat,
2599 1555 2656 1603 et
2682 1562 2742 1604 se
2770 1548 2903 1604 nihil
2933 1550 3070 1606 ultra
3099 1563 3382 1622 paternum
3411 1570 3542 1612 sen-

1933 1645 2052 1686 sum
2082 1633 2247 1704 loqui.
2279 1635 2556 1704 Quaudoa
2583 1639 2730 1694 enltu
2764 1651 2944 1697 vestro
2971 1643 3255 1710 excidetis,
3282 1661 3382 1702 nec
3411 1663 3539 1702 con-

1940 1721 2165 1779 cedetur
2191 1725 2342 1782 vobis
2363 1728 2593 1799 pristino
2621 1745 2773 1787 more
2801 1732 2974 1802 ipsum
2992 1733 3193 1800 colere;
3218 1745 3345 1794 tunc
3360 1739 3545 1796 scietis

1933 1811 2106 1883 ipsum
2153 1832 2239 1872 me
2275 1819 2456 1876 ulcisci
2485 1861 2500 1886 ,
2535 1822 2864 1893 indignatum
2905 1825 3163 1883 adversus
3197 1844 3293 1885 eos
3327 1831 3418 1902 qui
3457 1849 3546 1890 me

1933 1919 2042 1960 non
2078 1908 2361 1965 audierunt
2386 1927 2401 1977 ;
2428 1927 2493 1968 ac
2521 1914 2565 1968 si
2592 1914 2798 1972 diceret
2824 1929 2838 1970 :
2874 1916 2930 1972 Si
2959 1919 3167 1976 alienus
3193 1930 3250 1976 et
3275 1923 3385 1979 Deo
3412 1939 3542 1981 con-

1935 1999 2128 2055 trarius
2158 2016 2333 2057 essem
2354 2044 2368 2069 ,
2411 2020 2517 2061 non
2548 2017 2750 2064 tantam
2782 2009 2872 2066 ille
2911 2019 3101 2068 contra
3126 2027 3223 2070 vos
3251 2015 3385 2071 iram
3412 2032 3545 2074 cono

1931 2090 2184 2160 cepisset.
2211 2092 2325 2149 lioc
2354 2104 2410 2152 et
2441 2095 2603 2154 Isaias
2631 2099 2792 2167 dicit,
2827 2099 2982 2156 Dabit
3008 2105 3197 2176 impios
3228 2123 3323 2175 pro
3362 2111 3539 2180 sepul-

1932 2191 2048 2262 tura
2076 2185 2186 2254 ejus
2207 2185 2362 2256 (lsai.
2390 2189 2480 2246 53.
2513 2190 2567 2260 9)
2593 2208 2608 2258 ;
2639 2201 2695 2248 et
2721 2193 2904 2259 David,
2939 2194 3080 2250 Tum:
3109 2198 3343 2266 loquetur
3362 2202 3433 2255 ad
3456 2219 3543 2258 eos

1930 2273 1984 2326 in
2015 2273 2092 2328 ira
2121 2293 2215 2331 sua
2245 2277 2417 2350 (Psal.
2449 2281 2505 2336 2.
2539 2282 2596 2354 5)
2621 2299 2635 2348 ;
2667 2293 2722 2340 et
2751 2285 2870 2355 ipse
2890 2328 2905 2349 .
2943 2287 3074 2343 Ecce
3099 2290 3413 2360 relinquetur
3441 2297 3543 2351 do.-

1931 2382 2043 2459 mus
2087 2380 2248 2426 vestra
2273 2372 2472 2430 deserta
2502 2375 2716 2448 (Matth.
2748 2378 2839 2433 23.
2868 2379 2994 2454 58);
3029 2381 3258 2453 idipsum
3285 2394 3338 2440 et
3365 2387 3415 2440 in
3447 2402 3542 2459 pa-

1931 2458 2152 2546 rabolis,
2179 2461 2318 2531 Quid
2345 2467 2495 2535 faciet
2516 2467 2753 2524 dominus
2773 2470 2928 2526 ttinere
2953 2473 3108 2542 hujus
3136 2475 3378 2546 agricolis
3396 2458 3500 2532 illis
3518 2479 3547 2533 ελ

1930 2545 2104 2604 Malos
2143 2553 2278 2609 male
2320 2555 2497 2627 perdet
2523 2557 2754 2632 (Matth.
2782 2561 2876 2616 21.
2917 2562 3007 2619 40.
3043 2545 3181 2634 41).
3206 2565 3373 2623 Vi.lcn
3415 2586 3542 2625 eum

1931 2640 2129 2712 ubique
2157 2645 2238 2702 sic
2264 2647 2427 2719 loqui,
2453 2650 2595 2720 quod
2625 2651 2698 2707 illi
2731 2652 2971 2710 nondum
2995 2657 3297 2714 crederent.
3319 2660 3471 2729 Quod
3495 2665 3539 2718 si

1931 2730 2076 2804 ipsos
2101 2737 2314 2808 perdat,
2347 2749 2405 2795 ttt
2437 2757 2624 2799 revera
2647 2744 2859 2814 perdet;
2895 2761 3018 2802 nam
3041 2749 3138 2817 ait,
3164 2750 3419 2807 Addat-ite
3444 2757 3546 2810 huc

1930 2841 2016 2881 eos
2044 2828 2132 2897 qui
2161 2844 2240 2884 me
2263 2831 2443 2886 nolunt
2469 2850 2700 2906 regnare,
2730 2846 2778 2891 et
2803 2837 3076 2909 interﬁcite
3103 2840 3256 2914 (Luc.
3289 2844 3380 2900 19.
3406 2845 3501 2916 27)
3525 2865 3541 2913 ;

1929 2933 2028 2974 cur
2056 2919 2188 2976 illttd
2216 2936 2323 2980 non
2353 2941 2533 2995 suum,
2562 2928 2660 2985 sed
2700 2929 2875 2987 Patris
2896 2948 3033 3003 opus
3059 2950 3183 2992 esse
3207 2936 3329 2992 dicit
3348 2939 3372 2993 ἲ
3392 2938 3454 2997 Ut
3479 2942 3542 2996 il-

1929 3007 2104 3068 lorum
2125 3029 2187 3070 se
2202 3013 2552 3074 imbecillitati
2575 3031 2918 3093 attempcret,
2942 3026 3210 3098 simulque
3226 3021 3540 3090 Genitorem

1928 3118 2087 3163 suum
2119 3105 2369 3165 honoret.
2403 3109 2529 3167 Ideo
2554 3129 2660 3168 nott
2706 3115 2864 3183 dixit,
2895 3116 3163 3190 Relinquo
3200 3122 3420 3180 (εοειιιιπι
3451 3142 3541 3183 ve-

1929 3207 2097 3254 stram
2125 3199 2432 3268 desertam;
2459 3203 2575 3269 sed,
2613 3203 2969 3278 Relinquetur,
3002 3211 3434 3282 impersonaliter
3459 3219 3540 3276 lo.

1929 3302 2121 3358 quens.
2151 3289 2285 3346 Cum
2309 3306 2470 3361 porro
2498 3293 2652 3360 dicit,
2680 3294 2886 3364 Quoties
2913 3299 3053 3355 volui
3075 3318 3384 3378 congregare
3402 3309 3540 3379 ﬁlios

1928 3391 2120 3436 vestros
2143 3424 2161 3450 ,
2192 3393 2240 3438 et
2267 3385 2501 3442 noluistis
2547 3387 2699 3459 (Luc.
2734 3391 2822 3448 l3.
2854 3392 2990 3463 δην
3020 3395 3322 3469 deindeque
3349 3402 3498 3458 addit
3525 3445 3540 3472 ,

1929 3472 2285 3547 Relinquetur,
2317 3491 2377 3532 se
2405 3477 2754 3538 desolationis
2781 3493 3060 3542 auctorem
3089 3489 3349 3546 ostendit.
3378 3493 3536 3563 Quia,

1929 3567 2138 3641 inquit,
2173 3569 2450 3628 beneﬂciis
2481 3571 2730 3630 noluistis
2767 3575 2835 3632 ad
2863 3577 3191 3637 credendum
3224 3581 3439 3654 induci,
3470 3603 3538 3645 ex

1928 3661 2194 3731 supplicio
2231 3663 2568 3733 cognoscetis
2596 3665 2719 3739 quis
2744 3681 2863 3723 sum
2903 3684 3026 3744 ego.
3057 3671 3122 3727 Et
3156 3672 3310 3729 Pater
3342 3693 3538 3735 mecum

1926 3762 2020 3843 est.
2050 3751 2128 3808 Ne
2156 3763 2424 3824 putarent,
2453 3755 2606 3826 illud,
2639 3757 2738 3826 Qui
2766 3761 2903 3816 misit
2929 3779 3029 3830 me,
3056 3765 3320 3824 minorem
3361 3771 3537 3843 ipsum

1926 3842 2223 3916 declarare,
2247 3847 2416 3915 addit,
2453 3848 2658 3906 Mecum
2686 3862 2785 3908 est.
2816 3853 2975 3912 Aliud
3001 3857 3147 3913 enim
3178 3842 3539 3932 dispensatio-

1929 3937 2014 3992 nis
2035 3977 2050 4000 ,
2079 3939 2224 3994 aliud
2253 3939 2550 3997 divinitatis
2579 3953 2683 4000 est.
2727 3943 2798 4000 Et
2837 3963 2939 4001 non
2968 3950 3170 4022 reliquit
3213 3969 3292 4007 me
3328 3958 3495 4012 solum
3519 3999 3536 4024 ,

1926 4030 2065 4098 quia,
2093 4047 2206 4104 qua:
2228 4033 2416 4104 placita
2440 4044 2559 4089 sunt
2588 4035 2653 4103 ei,
2685 4037 2822 4106 facio
2840 4055 3054 4112 semper.
3086 4043 3320 4101 Rursum
3349 4049 3416 4104 ad
3439 4049 3537 4106 hu-

1928 4119 2139 4177 miliora
2166 4121 2478 4192 descendit,
2510 4125 2644 4182 illttd
2672 4127 2987 4200 frequenter
3026 4143 3261 4191 tractans
3282 4140 3424 4210 quod
3455 4142 3537 4197 di-

1925 4212 2156 4278 cebant,
2200 4215 2373 4286 ipsum
2402 4233 2468 4273 ex
2499 4218 2608 4275 Deo
2651 4236 2760 4276 non
2798 4236 2921 4279 esse
2945 4264 2961 4291 ,
2993 4225 3386 4302 sabbatumque
3426 4252 3534 4291 non

1926 4322 2144 4364 servare
2173 4327 2187 4364 :
2219 4310 2340 4366 ideo
2360 4311 2510 4380 dicit,
2542 4314 2671 4381 Qum
2690 4315 2880 4386 placita
2903 4328 3021 4373 sunt
3042 4323 3107 4388 ei,
3137 4324 3271 4394 facio
3290 4342 3488 4397 semper
3517 4347 3538 4384 :

1927 4399 2171 4458 indicans
2210 4403 2459 4473 placitam
2507 4406 2606 4477 ipsi
2645 4421 2768 4464 esse
2803 4408 3012 4466 sabbati
3059 4414 3408 4474 solutionem.
3444 4419 3536 4478 Sic

1926 4508 2048 4551 cum
2073 4494 2140 4551 ad
2183 4509 2400 4552 crucem
2443 4496 2734 4555 duceretur
2753 4543 2769 4568 ,
2799 4502 2873 4557 ait
2903 4519 2920 4556 :
2954 4503 3033 4559 An
3065 4509 3258 4575 putatis
3280 4511 3403 4582 quia
3428 4530 3534 4570 non

1926 4604 2132 4680 possunt
2157 4606 2338 4662 rogare
2363 4589 2572 4646 Patrem
2598 4595 2816 4649 meum?
2840 4595 3002 4667 Atqui
3033 4597 3134 4654 hoc
3159 4602 3334 4659 solum
3363 4604 3533 4680 dicto,

1930 4679 2091 4744 Quem
2110 4681 2378 4751 quwritis.’
2404 4682 2629 4753 supinos
2653 4683 2778 4740 illos
2806 4690 3118 4757 prostravit.
3148 4690 3258 4747 Cur
3273 4709 3402 4767 ergo
3427 4679 3536 4756 non

1925 4771 2079 4839 dicit,
2110 4774 2191 4828 An
2220 4773 2419 4845 putatis
2456 4788 2545 4831 me
2575 4789 2683 4831 non
2729 4791 2888 4848 posse
2913 4794 3011 4835 vos
3039 4780 3305 4851 perdere?
3336 4801 3458 4842 cum
3483 4789 3536 4846 id

1927 4864 2104 4936 reipsa
2151 4863 2642 4922 demonstraverit?
2670 4866 2889 4924 Illorum
2919 4870 3212 4927 inﬁrmitati
3241 4889 3301 4931 se
3337 4887 3536 4934 attem-

1926 4966 2099 5030 perat.
2130 4959 2356 5016 Multum
2380 4961 2526 5018 enim
2555 4961 2780 5018 curabat
2805 4965 3114 5032 ostendere,
3144 4981 3204 5022 se
3231 4968 3362 5024 nihil
3387 4970 3535 5029 Patri

1926 5055 2256 5110 contrarimn
2287 5054 2485 5110 lacere.
2514 5054 2605 5111 Sic
2629 5063 2685 5111 et
2714 5054 2963 5113 hoc‘loco
2993 5058 3230 5116 humano
3272 5078 3426 5118 more
3456 5065 3531 5121 lo-

1927 5147 2126 5220 quitur.
2159 5146 2229 5205 Ut
2254 5156 2434 5203 autem
2464 5146 2616 5214 illud,
2652 5145 2779 5201 Non
2805 5148 3007 5218 reliquit
3032 5167 3112 5205 me
3132 5153 3534 5222 solutn,dictunt

1929 5241 2026 5298 iuit
2052 5261 2066 5298 :
2092 5242 2172 5298 sic
2198 5250 2254 5297 et
2282 5241 2412 5296 illud
2432 5282 2448 5308 ,
2481 5242 2611 5309 Qute
2654 5242 2844 5312 placita
2872 5253 2990 5298 sttnt
3033 5245 3081 5298 ei
3097 5285 3114 5311 ,
3157 5247 3293 5316 facio
3317 5265 3535 5321 semper.

1928 5334 2019 5390 30.
2049 5333 2176 5388 Hac
2200 5333 2291 5388 illo
2321 5332 2577 5399 loquente,
2607 5333 2758 5387 multi
2781 5334 3109 5390 crediderunt
3139 5344 3191 5391 tn
3223 5355 3358 5392 eum.
3401 5341 3536 5396 Cum

1927 5428 1995 5483 ad
2029 5427 2312 5484 humiliora
2349 5427 2660 5494 descendit,
2695 5442 2823 5484 tunc
2861 5429 3014 5483 multi
3045 5430 3413 5488 crediderunt.
3454 5435 3537 5491 An

1929 5525 2105 5580 adhuc
2145 5525 2450 5593 interrogas
2492 5536 2590 5577 cur
2634 5521 2910 5577 humiliter
2959 5523 3249 5595 loquatur?
3276 5528 3435 5596 Atqui
3485 5529 3536 5585 id

1930 5619 2210 5675 manifeste
2257 5615 2512 5672 indicavit
2551 5615 2884 5685 evangelista
2925 5614 3113 5671 dicens
3146 5636 3158 5670 :
3194 5615 3318 5671 lltec
3348 5619 3539 5675 illolo-

1929 5722 2127 5780 queute,
2155 5710 2302 5765 multi
2327 5708 2649 5764 crediderunt
2671 5708 2723 5760 in
2753 5723 2903 5771 eum;
2934 5717 3138 5762 tantum
3168 5724 3273 5764 non
3295 5712 3537 5771 clamans

1929 5825 1995 5864 ex
2014 5808 2174 5864 rebus
2200 5805 2330 5876 ipsis
2351 5824 2363 5859 :
2383 5804 2461 5860 Ne
2479 5801 2732 5870 turberis,
2747 5802 2980 5865 auditor,
2999 5803 3043 5856 si
3067 5803 3192 5873 quid
3213 5805 3416 5863 humile
3437 5823 3536 5864 att-

1931 5904 2062 5964 dias.
2086 5903 2185 5971 Qui
2213 5898 2354 5956 enim
2374 5905 2497 5970 post
2513 5905 2712 5952 tantum
2727 5895 3022 5972 doctrinam
3047 5895 3283 5952 nondum
3298 5897 3548 5970 persuasi
