4088 6518
591 413 691 475 908

587 540 738 591 erant
760 532 931 602 ipsum
949 541 979 581 a
1004 525 1161 581 Patre
1183 533 1323 584 esse,
1345 516 1536 572 merito
1558 511 1837 569 humiliora
1859 505 2159 602 audierunt,

590 636 648 679 ut
669 598 966 679 crederent.
999 613 1191 671 Ethaac
1205 610 1314 681 jam
1350 606 1593 663 defensio
1625 600 1957 674 pnemittitur
1974 613 2071 670 pro
2098 598 2160 652 iis

591 731 706 788 qure
720 722 895 785 postea
911 706 1425 765 ltumiliterdicturus
1435 695 2160 788 est.Credideruntcrgotnott

590 783 767 861 tamen
783 810 1037 873 quantum
1055 794 1353 869 oportebat,
1368 789 1460 846 sed
1481 796 1784 857 utcumque,
1800 784 1852 839 in
1868 783 2163 839 humilitate

587 897 866 953 verborum
893 890 1099 962 placide
1127 888 1495 945 consistentes.
1527 879 1680 950 Quod
1724 878 1867 935 enim
1890 891 1994 932 noa
2037 890 2159 947 pcr-

588 989 778 1046 fectant
846 984 1101 1040 haberent
1170 979 1361 1042 fidem,
1416 981 1677 1029 monstrat
1729 968 2050 1039 evangelista
2109 965 2158 1019 iu

586 1080 967 1154 sequentibus,
1014 1073 1237 1144 ubi'ipsi
1278 1066 1652 1126 contumeliam
1706 1061 1958 1119 inferunt.
2008 1056 2161 1126 Quod

586 1186 763 1230 autent
813 1173 968 1230 iidem
1009 1169 1109 1240 ipsi
1137 1172 1359 1231 essent,
1404 1159 1654 1216 indicavit
1697 1157 1780 1213 his
1819 1155 1994 1210 verbis
2025 1172 2039 1207 :
2069 1154 2156 1208 5|.

591 1268 792 1323 Dicebat
820 1279 935 1335 ergo
968 1261 1120 1317 Iesus
1153 1259 1221 1313 ad
1254 1273 1336 1312 eos
1373 1256 1459 1326 qni
1488 1252 1807 1308 crediderant
1834 1249 1879 1303 ei
1901 1245 2111 1301 Indicas
2141 1261 2161 1300 :

587 1359 648 1413 Si
669 1374 751 1411 eos
773 1354 1052 1409 ntanseritis
1072 1354 1125 1406 in
1150 1364 1377 1405 sermone
1403 1362 1534 1413 meo;
1551 1342 1841 1400 ostendens
1865 1342 2008 1411 ipsos
2036 1353 2161 1393 nou-

584 1449 708 1503 dum
739 1445 1039 1517 suscepisse
1066 1442 1364 1498 doctrinam
1389 1480 1402 1505 ,
1431 1437 1526 1495 sed
1555 1437 1712 1491 dictis
1736 1435 2016 1490 attendere
2046 1441 2161 1483 tau-

586 1549 719 1596 tutu.
750 1539 1080 1607 Quapropter
1130 1531 1497 1590 vehementius
1548 1527 1801 1598 loquitur.
1850 1524 1959 1580 lllie
2014 1521 2158 1578 enim

582 1630 894 1700 simpliciter
919 1626 1145 1692 dicebat,
1168 1623 1413 1690 Quaeretis
1441 1637 1554 1685 me;
1584 1633 1723 1673 nunc
1752 1631 1879 1670 vero
1907 1613 2072 1677 addit,
2094 1611 2158 1665 In

584 1720 797 1791 peccatis
820 1718 991 1773 vestris
1010 1714 1308 1770 moriemini.
1336 1713 1401 1768 Et
1419 1709 1688 1783 quomodo
1715 1708 1765 1764 id
1787 1707 1873 1762 fiat
1901 1704 2155 1771 ostendit,

580 1814 709 1879 Quia
731 1825 853 1867 cum
881 1824 946 1864 co
976 1807 1249 1870 veneritis,
1280 1822 1382 1859 non
1417 1802 1658 1875 poteritis
1689 1816 1772 1857 me
1795 1813 2003 1870 rogare.
2032 1794 2159 1850 Hice

577 1920 689 1974 qua:
725 1904 901 1973 loquor
938 1903 990 1956 in
1029 1898 1361 1975 ntundo.vllis
1388 1896 1624 1952 declarat
1651 1909 1710 1949 se
1734 1893 1843 1963 jam
1888 1892 2156 1947 exiturum

578 1994 643 2049 ad
672 2005 874 2064 gentes.
903 1992 1035 2048 Cum
1063 2006 1192 2045 vero
1208 2004 1313 2043 non
1337 1986 1534 2043 scirent
1557 1986 1726 2053 ipsum
1744 1980 1811 2036 de
1831 1982 1987 2037 Patre
2013 1979 2158 2049 prius

582 2088 855 2154 quuutum
881 2097 1042 2148 esse,
1076 2095 1284 2137 rursum
1310 2078 1379 2135 de
1407 2078 1501 2132 illo
1526 2074 1754 2146 loquitur
1778 2114 1793 2140 ,
1826 2083 1877 2127 et
1905 2087 2150 2138 causam,

575 2193 674 2232 cur
701 2174 967 2229 humiliter
996 2173 1243 2242 loquutus
1272 2170 1362 2235 sit,
1391 2167 1545 2222 affert
1570 2165 1916 2235 evangelista.

646 2269 700 2326 5.
728 2264 785 2322 Si
810 2265 888 2321 sic
907 2278 1035 2335 ergo
1059 2262 1363 2334 Scripturas
1383 2267 1634 2315 accurate
1658 2254 1882 2312 serutari
1907 2256 2151 2325 velimus,

577 2374 682 2414 ttott
725 2355 1119 2427 perfunctorie,
1166 2354 1392 2409 salutem
1435 2350 1690 2421 consequi
1737 2348 2067 2420 poterimus;
2108 2348 2153 2403 si

576 2448 788 2503 assidue
814 2449 865 2501 in
890 2447 995 2502 illis
1021 2459 1295 2501 versemur
1315 2485 1331 2511 ,
1363 2452 1417 2497 et
1444 2442 1497 2497 in
1527 2456 1651 2497 vera
1677 2440 1923 2496 doctrina
1948 2450 2003 2494 et
2034 2441 2155 2496 vita:

576 2540 839 2611 probitate
865 2538 1221 2594 instituentur.
1252 2537 1329 2594 Ac
1374 2536 1501 2593 licet
1538 2534 1705 2590 durus
1743 2533 1814 2589 sit
1851 2534 2152 2604 quispiam,

576 2631 815 2697 immitis,
836 2629 1032 2696 mollis;
1062 2629 1185 2684 licet
1216 2627 1534 2699 pratoedeuti
1558 2635 1796 2697 tempore
1822 2626 1953 2681 nihil
1985 2626 2157 2682 lucra-

577 2733 661 2779 tus
690 2720 881 2787 fuerit,
914 2734 1053 2776 nunc
1096 2719 1285 2776 saltem
1341 2718 1627 2789 proficiet,
1655 2725 1709 2774 et
1736 2717 1965 2788 aliquam
1996 2758 2011 2782 ,
2052 2718 2154 2774 etsi

572 2830 680 2871 non
706 2814 918 2876 sentiat,
942 2812 1219 2866 utilitatem
1241 2810 1512 2880 decerpet.
1530 2809 1661 2863 Nam
1682 2810 1727 2863 si
1751 2810 2151 2879 unguentariam

573 2907 840 2963 officinam
869 2905 987 2975 quis
1014 2902 1199 2959 adiens
1218 2942 1233 2968 ,
1264 2902 1309 2957 si
1340 2903 1392 2957 in
1419 2901 1510 2957 illa
1540 2908 1782 2957 moretur
1802 2942 1817 2966 ,
1850 2900 1933 2954 vel
1957 2900 2153 2954 invitus

573 3014 790 3056 suavem
829 2998 1056 3067 aliquem
1098 3004 1453 3065 consequetur
1479 2993 1735 3057 odorem;
1772 2991 1942 3047 multo
1985 2990 2153 3062 magis

572 3094 664 3162 qui
691 3090 969 3145 ecclesiam
997 3086 1316 3158 frequentat.
1340 3086 1411 3143 Ut
1437 3086 1577 3142 enim
1608 3100 1670 3141 ex
1698 3084 1898 3140 desidia
1925 3124 1939 3149 ,
1980 3084 2151 3154 negli-

576 3181 748 3250 gentia
781 3199 794 3235 :
822 3180 900 3235 sic
930 3194 997 3234 ex
1036 3179 1344 3250 operatione
1368 3217 1383 3243 ,
1424 3177 1588 3231 animi
1635 3175 1795 3231 ardor
1826 3176 2013 3231 oritur.
2044 3175 2151 3229 Etsi

573 3271 727 3326 malis
754 3270 826 3325 sis
851 3268 1145 3325 innumeris
1191 3268 1442 3337 refertus,
1471 3267 1571 3323 etsi
1599 3268 1855 3337 impurus,
1877 3266 1986 3320 noli
2015 3265 2151 3322 hanc

575 3365 740 3417 vitare
767 3361 1137 3432 frequentiam.
1167 3360 1302 3427 Quid
1328 3375 1487 3424 vero,
1521 3358 1735 3430 inquis,
1767 3372 1809 3413 st
1834 3358 2014 3413 audita
2043 3375 2148 3414 non

575 3455 868 3525 exsequar?
896 3455 1012 3511 Non
1044 3470 1227 3525 parum
1256 3453 1385 3509 lucri
1417 3462 1535 3519 est,
1565 3453 1610 3508 si
1641 3462 1692 3507 te
1722 3453 1975 3507 miserum
2008 3468 2147 3523 pra:-

572 3544 851 3611 dieaveris;
875 3560 979 3602 non
1005 3546 1203 3600 inutilis
1229 3544 1315 3600 hic
1338 3545 1497 3600 timor
1519 3553 1619 3608 est,
1646 3559 1750 3599 non
1776 3544 2150 3615 intempestiva

576 3639 800 3696 formido
828 3657 839 3693 :
864 3640 908 3695 si
938 3642 1109 3695 solum
1136 3638 1479 3709 ingemueris,
1508 3638 1647 3709 quod
1667 3638 1846 3693 audita
1871 3653 1975 3692 non
1994 3654 2144 3694 exse-

570 3731 752 3798 quaris
777 3772 792 3797 ,
829 3729 1112 3801 aliquando
1149 3729 1217 3784 ad
1252 3729 1516 3800 agendum
1559 3739 1613 3785 te
1650 3730 2002 3800 comparabis.
2036 3729 2149 3785 Non

571 3830 747 3892 potest
778 3824 919 3876 enim
962 3822 1050 3890 qtti
1091 3821 1255 3876 Deum
1297 3821 1624 3892 alloquitur,
1660 3822 1937 3893 ipsumque
1965 3824 2146 3891 audit,

572 3929 677 3967 non
706 3912 902 3983 aliquid
940 3912 1070 3967 lucri
1112 3914 1387 3983 consequi.
1419 3915 1607 3967 Statim
1644 3916 1789 3969 enim
1821 3931 1916 3972 uos
1943 3916 2147 3987 Colligi-

572 4017 691 4061 mus
718 4016 1009 4072 manusque
1036 4001 1323 4069 ablnimus,
1354 4018 1476 4057 cum
1508 4003 1699 4058 librum
1730 4006 1972 4075 accipere
1994 4007 2146 4061 volu-

572 4109 710 4151 mus.
734 4091 921 4148 Viden
948 4102 1145 4163 quanta
1174 4096 1256 4147 vel
1287 4104 1413 4148 ante
1450 4094 1730 4150 lectionem
1756 4096 1965 4165 pietas?
1994 4097 2146 4165 Quod

569 4188 613 4241 si
644 4185 925 4256 diligenter
950 4201 1249 4255 pergamus,
1271 4202 1513 4257 tnaguaut
1536 4203 1815 4258 carpemus
1842 4189 2145 4246 utilitatem.

570 4278 750 4348 Neque
768 4278 911 4333 enint
939 4278 1039 4332 nisi
1067 4280 1241 4332 anima
1272 4280 1355 4348 pie
1380 4278 1591 4344 aecta,
1621 4296 1809 4335 manus
1832 4282 2108 4338 abluemus
2132 4300 2145 4335 :

1325 403 1382 461 S.
1422 388 2203 458 JOANNlS-CIIRYSOSTOMI
2246 388 2562 446 ARCHIEP.
2604 390 3136 450 CONSTANTINOP.

3752 395 3861 452 106

2272 516 2325 561 et
2357 505 2569 573 tuulicr,
2593 505 2638 560 si
2667 520 2772 561 non
2799 513 2982 577 operta
3004 505 3092 571 sit,
3116 504 3293 560 statim
3318 506 3494 562 velunt
3518 510 3767 574 assumit,
3804 511 3854 563 in

2268 606 2638 668 atgnntentum
2663 595 3163 666 pietatisinterioris
3193 612 3210 653 :
3239 596 3339 663 vir,
3372 597 3416 652 si
3446 607 3637 668 eperto
3665 600 3733 655 sit
3759 617 3852 656 ca

2267 690 2375 760 pite
2395 732 2409 754 ,
2441 688 2601 745 nudat
2626 696 2803 759 caput.
2835 685 3022 742 Videu
3046 686 3316 757 quomodo
3340 699 3595 743 esternus
3639 689 3853 745 habitus

2266 780 2487 835 interna:
2524 780 2591 835 sit
2618 778 2828 849 pictatis
2856 777 3143 833 indicium?
3171 776 3296 834 lude
3322 779 3520 835 sedens
3547 779 3613 834 ad
3641 781 3853 835 audien-

2262 871 2425 939 dttnt,
2450 872 2701 943 frequens
2748 870 3077 943 ingemiscit,
3116 883 3168 931 et
3210 871 3533 944 praeteritam
3560 873 3720 927 vitam
3750 870 3855 925 da-

2264 976 2430 1021 mnat.
2465 965 2752 1036 Scripturis
2781 982 2908 1038 ergo
2936 968 3169 1023 animum
3192 963 3775 1032 adbibeamus,dilecti,
3798 973 3855 1019 ct

2263 1057 2450 1119 saltent
2477 1058 2748 1129 evangelia
2776 1058 3015 1114 studiose
3043 1067 3354 1117 tractemus.
3384 1058 3573 1114 Statim
3596 1057 3738 1113 enim
3764 1065 3851 1111 at-

2262 1162 2366 1217 que
2388 1147 2577 1203 librum
2604 1150 2880 1220 aperueris
2898 1189 2913 1215 ,
2945 1150 3143 1206 Christi
3181 1165 3376 1206 nomen
3409 1149 3611 1206 videbis
3636 1191 3650 1217 ,
3678 1159 3736 1205 et
3763 1149 3850 1204 di-

2262 1250 2471 1295 centem
2516 1242 2662 1296 illum
2710 1242 2942 1301 audies:
2986 1241 3114 1299 Iesu
3156 1255 3323 1298 autent
3366 1244 3555 1300 Christi
3594 1244 3854 1315 generatio

2261 1331 2335 1385 sic
2363 1342 2488 1386 erat.
2518 1331 2644 1386 Cum
2664 1343 2791 1388 esset
2808 1335 3109 1406 desponsata
3122 1346 3282 1389 ntater
3303 1336 3411 1406 ejus
3440 1335 3608 1390 Maria
3632 1334 3851 1406 Josepli,

2262 1420 2459 1477 irruente
2488 1432 2561 1477 est
2582 1424 2633 1479 in
2658 1434 2798 1479 utero
2826 1424 3013 1480 habens
3037 1427 3100 1480 de
3129 1426 3328 1498 Spiritu
3353 1436 3526 1482 sancto
3556 1426 3773 1486 (Matth.
3796 1430 3853 1483 .

2263 1514 2375 1586 18).
2403 1516 2501 1584 Qui
2528 1526 2707 1573 autem
2740 1520 2855 1573 hate
2884 1519 3132 1587 audierit,
3160 1522 3338 1577 statim
3366 1521 3683 1593 virginitatis
3708 1537 3856 1578 anto-

2260 1621 2319 1661 re
2342 1609 2606 1677 capietur,
2652 1619 2860 1680 partum
2884 1612 3162 1669 mirabitur
3182 1655 3195 1679 ,
3225 1629 3254 1668 a
3279 1622 3418 1669 terra
3445 1616 3713 1687 migrabit.
3742 1615 3855 1673 Nec

2262 1713 2358 1769 pro
2384 1701 2594 1769 modico
2630 1702 2937 1759 habendum
2965 1714 3044 1759 est
3068 1745 3082 1769 ,
3115 1707 3157 1758 si
3190 1707 3271 1762 vel
3308 1706 3533 1775 carptim
3569 1706 3855 1777 obiterque

2263 1792 2456 1850 videris
2482 1793 2683 1864 Spiritu
2706 1807 2893 1853 sancto
2917 1796 3187 1867 diguatam
3208 1797 3499 1870 Virginem,
3528 1808 3582 1855 et
3601 1800 3855 1872 angelum

2264 1884 2431 1956 ipsam
2464 1886 2844 1956 alloqueutem.
2887 1889 3011 1945 llaec
3052 1890 3228 1947 adhuc
3265 1892 3320 1946 iu
3355 1891 3641 1963 superficie
3677 1902 3804 1951 sunt
3839 1911 3852 1948 :

2260 1976 2352 2032 scd
2377 1978 2422 2033 si
2452 1976 2563 2033 haec
2593 1980 2917 2049 spccnlaudd
2938 1997 3104 2053 usque
3126 1982 3177 2039 in
3207 1982 3366 2040 fluctu
3395 1999 3731 2056 perseveres,
3752 2001 3857 2041 sa:-

2258 2069 2461 2124 cularia
2480 2071 2660 2126 statim
2686 2073 2862 2127 omnia
2892 2088 3144 2144 respues,
3176 2083 3388 2131 terrena
3423 2077 3606 2131 omnia
3638 2076 3855 2133 deride-

2258 2162 2340 2218 bis
2370 2180 2382 2215 :
2414 2163 2459 2217 si
2484 2163 2633 2220 dives
2662 2165 2758 2231 sis,
2784 2165 2996 2222 divitias
3031 2167 3161 2221 nihil
3189 2182 3309 2224 esse
3334 2156 3519 2233 duces,
3551 2170 3636 2225 ubi
3662 2168 3855 2226 audies

2258 2252 2399 2307 illam
2430 2253 2563 2309 fabri
2601 2272 2821 2313 uxorem
2858 2257 2911 2313 in
2944 2257 3126 2313 humili
3148 2257 3344 2327 domo,
3380 2268 3602 2316 matrem
3638 2261 3853 2316 Domini

2258 2344 2449 2411 fuisse;
2475 2348 2516 2400 si
2545 2362 2746 2417 pauper
2766 2391 2782 2416 ,
2812 2348 2879 2405 de
2911 2361 3221 2421 paupertate
3248 2369 3354 2408 non
3376 2352 3664 2410 erubesccs
3682 2397 3696 2421 ,
3724 2371 3853 2410 cunt

2255 2436 2507 2494 didiceris
2532 2440 2839 2496 Creatorem
2862 2441 3046 2497 mundi
3071 2444 3380 2501 vilissiutam
3402 2460 3585 2501 casam
3604 2461 3708 2500 non
3728 2462 3855 2502 cru-

2257 2526 2459 2584 bttisse.
2493 2529 2616 2585 lltec
2640 2531 2681 2585 si
2709 2532 2945 2603 cogites,
2975 2548 3080 2589 non
3109 2537 3284 2607 rapies
3303 2578 3320 2604 ,
3353 2552 3457 2592 non
3482 2552 3675 2594 avarus
3703 2540 3814 2596 eris
3836 2580 3852 2605 ,

2260 2634 2365 2674 non
2390 2621 2441 2676 in
2468 2621 2637 2677 aliena
2668 2623 2949 2693 iuvolabis;
2975 2626 3071 2683 sed
3094 2630 3271 2698 potius
3291 2631 3617 2702 paupertatis
3641 2642 3857 2689 amator

2258 2714 2383 2776 eris,
2412 2714 2731 2786 divitiasque
2752 2716 3020 2789 despicies
3050 2738 3064 2774 :
3088 2719 3212 2777 hinc
3237 2722 3374 2777 tnala
3401 2724 3580 2778 omnia
3606 2724 3856 2779 elimina-

2255 2808 2358 2863 bis.
2395 2809 2598 2865 Rursus
2618 2826 2740 2866 cum
2764 2812 2961 2869 videris
2986 2812 3168 2870 Jcsttm
3187 2814 3239 2870 itt
3271 2817 3533 2887 praesepio
3551 2817 3851 2887 iacentem,

2256 2914 2362 2955 non
2395 2899 2531 2954 ultra
2570 2901 2784 2958 curabis
2815 2902 2926 2959 lilio
2961 2912 3058 2961 tuo
3083 2914 3332 2962 oruatuut
3362 2892 3581 2964 aureum
3612 2908 3853 2964 circulu-

2257 3007 2457 3062 ponere
2476 3034 2491 3059 ,
2517 3010 2622 3049 ttutt
2651 2995 2844 3052 lectum
2872 3007 3093 3069 argento
3120 2997 3428 3055 decoratum
3459 3002 3607 3057 uxori
3637 3018 3852 3073 parare.

2255 3080 2350 3136 llis
2374 3083 2597 3153 abiectis
2623 3086 2788 3155 curis,
2812 3087 2922 3158 jam
2950 3103 3053 3144 non
3071 3090 3310 3147 avaritia:
3337 3093 3420 3147 vel
3449 3094 3647 3163 mpina:
3668 3096 3857 3151 stude-

2255 3172 2357 3227 bis.
2385 3173 2541 3230 Multa
2570 3176 2671 3229 alia
2709 3176 2832 3234 hinc
2877 3179 3021 3235 lucra
3067 3192 3392 3253 sequuntur,
3425 3199 3544 3256 qure
3575 3201 3716 3242 nunc
3743 3204 3855 3242 non

2254 3283 2539 3340 possumus
2566 3271 2869 3343 singulatim
2904 3289 3227 3343 recensere;
3252 3277 3347 3334 scd
3371 3279 3541 3335 scient
3570 3280 3603 3335 ii
3635 3282 3726 3352 qui
3756 3299 3857 3339 cx-

2256 3362 2559 3432 pcritucnto
2584 3364 2891 3424 didicerint.
2920 3368 3257 3439 Quapropter
3286 3386 3436 3444 rogo,
3465 3372 3631 3429 libros
3661 3372 3856 3443 hujus-

2254 3453 2398 3509 ntodi
2429 3454 2579 3510 vobis
2618 3459 2977 3529 contparctis,
3017 3459 3277 3517 libroruin
3304 3477 3462 3519 sensa
3505 3466 3811 3534 percipiatis
3833 3509 3851 3535 ,

2254 3554 2414 3615 atque
2442 3546 2494 3601 itt
2518 3548 2785 3605 tuentibus
2813 3552 3006 3607 vestris
3032 3552 3367 3610 describatis.
3394 3555 3562 3613 Judaei
3594 3574 3852 3631 namque,

2254 3636 2376 3707 quia
2406 3652 2510 3692 non
2541 3639 2777 3695 animum
2805 3641 3152 3711 adhibebant,
3175 3644 3309 3715 jnssi
3339 3658 3463 3703 sunt
3494 3649 3659 3706 libros
3686 3654 3856 3708 mani-

2253 3728 2352 3785 bus
2383 3730 2691 3799 appendere
2715 3752 2728 3787 :
2754 3749 2850 3790 nos
2870 3745 3047 3791 autem
3080 3752 3185 3793 non
3211 3739 3261 3792 itt
3284 3740 3552 3804 manibus,
3579 3742 3672 3799 sed
3700 3743 3853 3801 dumi

2253 3820 2590 3891 deponimus,
2615 3838 2734 3879 cum
2763 3837 3035 3895 opertcrct
3063 3829 3116 3883 iu
3144 3830 3306 3886 corde
3330 3842 3574 3890 exarare.
3594 3833 3683 3892 Sic
3701 3837 3853 3893 enim

2253 3912 2511 3971 abstersis
2556 3919 2678 3973 vitae
2716 3919 2992 3987 sordibus,
3032 3920 3205 3979 futura
3245 3939 3636 3997 consequentur
3663 3928 3805 3984 bona
3838 3950 3852 3984 :

2253 4025 2373 4079 qua:
2404 4010 2603 4065 utinam
2628 4012 3011 4083 adipiscamur,
3042 4016 3211 4087 gratia
3241 4026 3295 4074 ct
3320 4018 3649 4089 benignitate
3675 4022 3855 4080 Domi-

2254 4102 2309 4156 ni
2337 4105 2504 4159 nostri
2549 4103 2674 4160 .lesu
2714 4105 2913 4161 Christi
2946 4150 2961 4170 ,
3006 4123 3100 4179 per
3138 4125 3296 4184 quem
3332 4120 3384 4166 et
3421 4126 3542 4170 cum
3568 4129 3676 4184 quo
3702 4114 3850 4172 Patri

2252 4195 2417 4266 gl.ria
2443 4238 2458 4258 ,
2490 4197 2751 4267 simulque
2785 4199 3003 4267 Spiritui
3027 4212 3243 4268 saneto,
3277 4217 3418 4257 nunc
3445 4213 3497 4257 et
3524 4219 3767 4276 semper,
3793 4218 3856 4264 et

2255 4286 2307 4339 itt
2338 4288 2531 4341 smcula
2568 4290 2908 4345 surculorum.
2942 4290 3133 4345 Amen.

566 4619 693 4675 Car.
712 4619 764 4673 8.
789 4633 840 4673 v.
864 4617 953 4673 5|.
986 4613 1191 4671 Dicebat
1221 4628 1337 4683 ergo
1362 4610 1509 4666 Jesns
1530 4611 1595 4664 ad
1616 4628 1698 4671 eos
1716 4614 1801 4681 qui
1827 4614 2145 4671 crediderunt

637 4712 681 4763 ei
707 4709 915 4766 Iudaeos
945 4724 961 4763 :
993 4706 1051 4761 Si
1078 4722 1161 4759 vos
1190 4702 1469 4757 manseritis
1514 4703 1564 4755 in
1602 4720 1828 4759 sermone
1857 4721 1965 4758 meo
1986 4745 1999 4767 ,
2031 4722 2143 4761 rere

637 4804 874 4875 discipuli
916 4803 1009 4855 mei
1035 4799 1171 4853 eritis
1192 4837 1207 4863 ,
1252 4796 1341 4852 52.
1373 4805 1420 4849 et
1446 4797 1749 4866 cognoscetis
1779 4798 2035 4851 ceritatem
2055 4841 2069 4864 ,
2094 4808 2140 4852 et

637 4899 817 4953 veritas
846 4892 1069 4947 liberabit
1100 4905 1208 4943 vos.

640 4993 692 5044 l.
735 4986 895 5041 Multa
925 4982 1076 5036 nobis
1104 4979 1351 5049 patientia
1393 4994 1525 5048 opus
1553 4986 1658 5043 est,
1689 4977 1889 5033 dilecti.
1925 4979 2139 5033 Patien-

567 5086 637 5139 tia
663 5092 838 5136 autem
872 5087 996 5131 tunc
1024 5073 1334 5143 acquiritur,
1365 5087 1486 5125 cum
1511 5072 1757 5141 dogmata
1788 5072 1838 5123 iit
1870 5071 2029 5125 corde
2055 5088 2140 5126 ra-

566 5177 714 5230 dices
734 5179 973 5241 cgcrunt.
999 5167 1067 5223 Ut
1086 5166 1225 5219 enim
1252 5178 1503 5233 quercum
1528 5163 1797 5232 profundis
1824 5163 2135 5218 instructam

569 5267 832 5323 radicibus
856 5262 1053 5333 qumvis
1082 5258 1222 5314 venti
1254 5257 1505 5311 violentia
1538 5271 1638 5309 non
1671 5256 1849 5311 evellit
1878 5275 1890 5309 :
1915 5257 1995 5313 sic
2023 5259 2138 5312 aui-

568 5375 706 5415 utam
734 5356 913 5410 divino
939 5352 1196 5407 confixam
1229 5352 1418 5403 timore
1444 5362 1601 5403 nemo
1629 5351 1820 5417 poterit
1848 5360 2093 5407 evertere
2120 5370 2132 5407 :

566 5452 729 5505 clavis
758 5447 900 5502 enim
930 5442 1146 5497 allixum
1174 5456 1293 5495 esse
1320 5440 1548 5508 amplius
1593 5449 1672 5492 est
1692 5479 1705 5501 ,
1738 5457 1894 5507 quam
1927 5442 2133 5497 radica-

706 5556 840 5597 esse.
871 5538 925 5591 Id
954 5535 1263 5605 prceabatur
1303 5532 1553 5602 propheta
1575 5573 1589 5597 ,
1618 5530 1826 5601 Conge
1852 5534 2027 5587 timore
2052 5546 2136 5590 tuo

566 5649 741 5688 carnes
769 5647 897 5684 meus
928 5626 1092 5697 (.
1135 5625 1250 5679 118.
1283 5624 1425 5691 ).
1454 5623 1542 5678 Sic
1567 5632 1619 5677 et
1641 5632 1693 5677 tu
1710 5626 1915 5694 conlige
1941 5635 1994 5681 et
2014 5628 2135 5682 alli-

650 5770 663 5791 ,
691 5725 839 5794 quasi
860 5722 1011 5776 clavo
1034 5718 1195 5773 altius
1224 5720 1469 5785 impacto.
1496 5714 1563 5772 Ut
1583 5717 1721 5769 cniut
1749 5718 1827 5771 sic
1854 5718 2024 5773 affecti
2050 5721 2134 5775 vix

570 5818 874 5888 capiantur,
907 5814 983 5869 sic
1028 5827 1179 5868 secus
1223 5809 1499 5879 compositi
1541 5818 1694 5880 captu
1743 5809 1959 5878 faciles,
1992 5813 2136 5870 nullo

2252 4622 2465 4692 negotio
2489 4623 2828 4692 dejiciuntnr.
2853 4627 3003 4696 Quod
3030 4641 3153 4687 tunc
3179 4632 3351 4689 Judaei
3374 4637 3516 4707 passi
3536 4648 3681 4695 sunt.
3704 4640 3846 4698 Cum

2249 4715 2521 4772 audissent
2569 4720 2710 4772 enim
2753 4729 2806 4775 et
2845 4722 3201 4781 credidissent
3224 4768 3239 4792 ,
3273 4743 3459 4785 rursus
3483 4732 3655 4788 eversi
3689 4710 3841 4791 sunt.

2251 4806 2379 4861 Cum
2413 4824 2540 4878 ergo
2577 4810 2734 4867 fidem
2766 4812 2977 4869 illorum
3003 4816 3248 4874 Christus
3290 4820 3580 4879 rmiorem
3611 4826 3846 4885 reddere

2251 4898 2432 4964 vellet,
2464 4916 2531 4955 ne
2556 4902 2686 4956 ultra
2717 4903 2768 4957 itt
2791 4906 2902 4959 sola
2925 4908 3210 4977 superficie
3236 4924 3513 4982 maneret,
3540 4916 3841 4973 vehemcn~

2252 4990 2384 5042 tiore
2401 5006 2650 5052 sermone
2674 4996 2911 5051 animum
2932 5001 3170 5071 conligit.
3189 5001 3534 5062 Credeutium
3554 5009 3695 5064 enim
3719 5023 3834 5067 erat

2251 5082 2695 5150 reprehensiones
2714 5089 2866 5145 facile
2889 5091 3119 5148 tolerare
3145 5110 3159 5147 :
3185 5095 3260 5151 illi
3290 5113 3417 5153 vero
3434 5103 3612 5157 statim
3644 5118 3815 5160 exeat?

2246 5169 2495 5227 duerunt.
2523 5173 2803 5242 Quomodo
2847 5178 2898 5233 id
2948 5182 3302 5251 agit?Printo
3350 5187 3632 5247 hortatur:
3660 5193 3723 5249 Si
3748 5211 3835 5252 vos

2248 5266 2532 5318 manseritis
2560 5266 2615 5320 in
2641 5284 2873 5326 sermone
2902 5288 3011 5326 meo
3032 5314 3045 5338 ,
3078 5291 3189 5330 vere
3213 5276 3451 5350 discipuli
3477 5284 3575 5337 mei
3596 5272 3759 5353 eritis,
3787 5300 3839 5343 et

2246 5359 2427 5413 veritas
2453 5360 2677 5416 liberabit
2705 5380 2825 5430 eos;
2845 5380 2910 5422 ac
2930 5366 2973 5421 si
2992 5368 3194 5426 diceret
3216 5388 3229 5425 :
3256 5373 3432 5429 Altam
3455 5376 3690 5433 facturus
3708 5396 3835 5436 sum

2234 5450 2577 5521 incisioucnt;
2606 5456 2699 5511 sed
2730 5471 2796 5511 ne
2820 5460 3183 5530 exagitemini.
3217 5464 3328 5521 lmo
3350 5481 3477 5522 vero
3508 5466 3591 5524 his
3618 5469 3834 5527 illorum

2244 5542 2550 5635 superbiam
2577 5549 2852 5617 repressit.
2880 5550 2921 5604 A
2948 5567 3076 5623 quo,
3100 5570 3303 5625 qumso,
3335 5557 3619 5619 liberabit?
3706 5580 3834 5635 pec-

2245 5633 2401 5688 catis.
2430 5636 2563 5702 Quid
2595 5652 2724 5709 ergo
2765 5653 3077 5711 arrogantes
3116 5645 3234 5700 illi?
3262 5647 3350 5703 53.
3386 5650 3571 5707 Semen
3612 5633 3838 5714 Abi-alue

2242 5742 2451 5790 sumus,
2478 5737 2522 5780 et
2570 5731 2756 5784 nemini
2797 5734 3089 5790 seruiuimus
3132 5753 3388 5808 umquam.
3431 5741 3621 5798 Statint
3642 5749 3838 5806 animo

2248 5816 2583 5891 deciderunt,
2619 5823 2738 5894 quia
2769 5827 2998 5881 terrenis
3028 5826 3326 5885 inhiabant.
3361 5833 3488 5886 lttud
3515 5876 3527 5891 .
3558 5835 3622 5891 Si
3654 5855 3850 5894 manse-
