4088 6494
252 430 359 489 ‘2‘.)1

263 548 379 603 ritis
406 547 465 601 in
490 558 732 601 sermone
757 555 888 606 meo,
911 548 995 594 est
1022 536 1310 593 indicantis
1339 532 1465 606 quid
1494 533 1549 587 in
1569 528 1734 585 corde
1754 540 1876 583 ver-

269 650 461 699 sarent
479 681 497 708 ,
526 647 585 696 et
612 637 834 695 scientis
863 635 1010 704 ipsos
1036 629 1330 688 credidisse
1356 626 1571 699 quidem
1594 666 1609 692 ,
1640 637 1747 679 non
1778 636 1877 676 au-

274 745 382 790 tem
415 732 688 788 mansisse
716 730 769 785 in
800 726 927 783 ﬁde.
954 724 1022 780 Et
1068 736 1321 794 magnum
1350 718 1622 791 quidpiam
1653 713 1879 787 promit-

278 828 369 895 tit,
417 826 568 897 ipsos
618 836 811 893 nempe
854 818 1149 889 discipulos
1192 815 1312 885 ejus
1364 813 1502 868 fore.
1554 810 1687 865 Cum
1734 806 1880 864 enim

280 918 526 975 nonnulli
557 931 727 987 nuper
750 913 1134 975 recessissent,
1169 908 1315 980 ipsos
1337 902 1690 962 subindicans
1717 899 1878 965 dicit,

280 1010 343 1067 Si
375 1009 665 1064 manseritis
691 1022 709 1059 :
737 1019 860 1060 nam
887 1002 960 1058 illi
984 1000 1289 1065 audierant,
1317 994 1679 1061 crediderant,
1718 999 1774 1047 et
1803 1006 1882 1047 re-

280 1110 583 1167 cesserant,
597 1097 846 1170 quoniam
865 1110 971 1151 non
994 1100 1326 1149 manserant.
1346 1088 1502 1143 Multi
1516 1085 1650 1141 enim
1666 1084 1883 1155 discipu-

283 1196 455 1249 lorum
481 1192 594 1263 ejus
622 1190 852 1245 abierunt
877 1195 1033 1251 retro,
1065 1197 1109 1238 et
1130 1184 1247 1254 jam
1275 1197 1377 1236 non
1403 1196 1520 1235 cum
1541 1178 1632 1233 illo
1659 1175 1832 1248 palam
1862 1174 1879 1207 ¹

281 1284 615 1339 stimulabant
647 1281 825 1356 (Joan.
853 1279 908 1335 6.
955 1278 1070 1348 67).
1103 1274 1426 1348 Cognoscetis
1454 1272 1753 1336 veritatem;
1781 1268 1885 1326 hoc

281 1386 360 1432 est
384 1417 400 1440 ,
429 1390 544 1441 me;
570 1388 689 1429 nam
720 1370 831 1442 Ego
854 1387 967 1425 sunt
986 1370 1190 1423 veritas.
1217 1365 1438 1421 Iudaica
1460 1363 1677 1435 quidem
1701 1360 1881 1415 omnia

283 1476 445 1537 typus
464 1474 651 1526 erant;
680 1463 959 1518 veritatem
990 1469 1171 1514 autem
1199 1473 1228 1511 a
1258 1472 1343 1511 me
1363 1454 1612 1519 discetis,
1641 1468 1761 1523 qua:
1788 1467 1881 1507 vos

282 1575 311 1609 a
340 1558 577 1627 peccatis
622 1555 888 1610 liberabit.
919 1548 1381 1620 Quemadmodum
1432 1548 1575 1603 enim
1609 1546 1712 1601 illis
1738 1545 1887 1599 dice-

282 1648 397 1715 bat,
426 1647 487 1703 In
515 1647 730 1720 peccatis
756 1645 932 1701 vestris
961 1641 1283 1705 nuriemiui;
1310 1641 1387 1696 sic
1414 1650 1469 1696 et
1500 1638 1585 1693 his
1611 1636 1769 1703 dixit,
1796 1635 1885 1690 Li-

284 1741 477 1796 berabit
506 1757 612 1795 vos.

359 1832 592 1887 Servitus
618 1827 1025 1901 peccati—Non
1047 1827 1215 1892 dixit,
1240 1824 1507 1881 Liberabo
1534 1839 1629 1879 vos
1658 1838 1687 1878 a
1714 1822 1887 1879 servi—

286 1931 431 1983 tute.
463 1921 559 1978 sed
594 1921 695 1976 hoc
722 1921 829 1975 illis
861 1918 1267 1990 intelligendum
1300 1916 1541 1986 reliquit.
1586 1913 1725 1981 Quid
1755 1927 1885 1984 ergo

285 2014 399 2070 illi?
430 2013 615 2069 Semen
644 2012 862 2067 Abralue
903 2027 1077 2066 sumus
1098 2051 1114 2077 ,
1157 2018 1203 2064 et
1242 2008 1429 2063 nemini
1455 2006 1750 2061 seruiuimus
1780 2021 1886 2059 um-

281 2122 460 2177 quam.
488 2104 647 2176 Atqui
675 2105 720 2158 si
752 2102 1136 2174 indignandum
1164 2100 1382 2165 fuisset,
1416 2099 1486 2155 de
1517 2098 1677 2169 priori
1704 2097 1885 2168 utique

282 2204 598 2266 oportuerat
620 2237 635 2261 ,
665 2210 787 2251 cum
816 2193 988 2261 dixit,
1034 2190 1357 2265 Cognoscctis
1386 2190 1647 2245 veritatem
1673 2232 1686 2257 ,
1715 2198 1771 2244 et
1803 2189 1886 2243 di-

280 2289 515 2345 cendum
540 2298 691 2344 erat:
720 2287 859 2357 Quid
890 2287 1059 2358 ergo?
1090 2302 1161 2342 an
1204 2286 1481 2340 veritatem
1533 2284 1886 2355 ignoramus?

282 2380 370 2436 les
402 2389 611 2449 ergoet
655 2381 860 2436 notitia:
911 2388 1109 2435 nostra:
1152 2378 1431 2434 mendacia
1482 2378 1639 2433 sunt?
1686 2376 1883 2432 Verum

285 2473 404 2527 lucc
433 2488 537 2527 non
564 2471 844 2538 curabant,
877 2471 973 2527 sed
1000 2471 1068 2527 de
1089 2470 1323 2527 terrenis
1353 2478 1564 2526 tantum
1596 2468 1756 2524 rebus
1787 2468 1885 2523 do.

283 2566 467 2621 Iebant
490 2606 504 2629 ,
535 2575 591 2621 et
620 2564 736 2620 bzec
765 2564 1079 2621 servitutem
1106 2577 1230 2620 esse
1275 2561 1713 2633 suspicabantur.
1747 2560 1884 2616 Sunt

282 2658 430 2711 enint
455 2698 469 2721 ,
493 2666 619 2711 sunt
646 2655 827 2726 utique
856 2671 997 2710 nunc
1021 2654 1183 2710 etiam
1212 2654 1365 2708 multi
1392 2652 1485 2723 qui
1515 2652 1582 2708 de
1605 2651 1768 2708 rebus
1794 2652 1879 2707 in-

283 2748 656 2805 dill'erentibns
680 2756 735 2804 et
761 2747 828 2803 de
853 2746 955 2802 hac
981 2747 1242 2803 servitute
1281 2744 1638 2807 erubescant;
1666 2743 1734 2799 de
1760 2760 1879 2798 scr-

285 2842 457 2897 vitute
484 2842 689 2912 peccati
723 2856 828 2894 non
858 2840 1024 2894 item:
1057 2853 1121 2893 ac
1152 2838 1378 2893 mallent
1408 2835 1607 2891 millies
1639 2835 1725 2889 illa
1758 2850 1878 2890 scr-

287 2935 455 2990 vitttte
480 2933 619 2990 servi
644 2932 851 2996 vocari,
878 2948 1037 3002 quam
1064 2932 1164 2987 hac
1183 2929 1378 2988 semel.
1400 2928 1558 2986 Tales
1588 2928 1665 2983 illi
1683 2936 1876 2995 erant,

286 3040 464 3096 neque
484 3024 642 3079 aliam
667 3033 926 3078 noverant
952 3024 1264 3079 servitutem
1287 3040 1303 3089 ;
1326 3022 1618 3093 dicuntque
1642 3038 1657 3076 :
1683 3020 1885 3077 Servos

285 3117 486 3172 vocasti
507 3131 604 3173 eos
624 3117 714 3188 qui
740 3132 803 3173 ex
827 3131 1026 3187 genere
1054 3113 1285 3172 Abrahae
1310 3122 1470 3179 sunt,
1496 3113 1707 3169 nobiles
1735 3112 1883 3168 illos?

284 3226 421 3279 quos
436 3209 560 3265 ideo
574 3224 679 3272 non
697 3208 978 3279 oportebat
997 3222 1183 3263 servos
1210 3221 1425 3262 vocare.
1450 3204 1768 3278 Numquam,
1798 3207 1879 3261 in-

288 3302 503 3371 quiunt,
532 3301 842 3355 seruiuimus.
872 3300 1017 3357 Talis
1041 3299 1349 3355 Iudaeorum
1373 3298 1539 3354 fastus
1566 3307 1671 3355 est.
1700 3299 1883 3354 Semen

290 3392 510 3447 Abraha!
530 3408 740 3459 sumus,
772 3390 1023 3447 Israelita:
1066 3408 1262 3447 sumus.
1302 3390 1576 3461 Nusquam
1608 3400 1756 3462 gesta
1788 3404 1882 3445 sua

286 3493 734 3539 cottnnemontnt.
769 3483 891 3539 Ideo
918 3483 970 3537 in
1003 3498 1098 3539 eos
1125 3483 1391 3538 clamabat
1418 3481 1676 3547 Joannes,
1707 3481 1886 3538 Nolite

288 3577 477 3641 dicere,
516 3574 727 3630 Patrem
773 3576 1014 3630 habemus
1042 3575 1300 3630 Abraham
1326 3575 1343 3645 (
1370 3574 1560 3629 Matth.
1590 3576 1644 3631 3.
1674 3574 1754 3637 9).
1779 3574 1887 3631 Cur

289 3682 611 3723 autemnon
658 3670 901 3739 coarguit
947 3669 1068 3723 illos
1093 3667 1384 3724 Christus?
1429 3667 1695 3738 siquidem
1742 3682 1886 3738 sa‘pe

289 3761 598 3816 servierunt
644 3759 946 3832 Egyptiis,
1006 3760 1352 3831 Babyloniis,
1407 3760 1634 3830 aliisque
1678 3760 1885 3815 multis.

290 3852 426 3920 Quia
456 3866 562 3905 non
594 3850 660 3905 ad
691 3851 1116 3917 contentionem,
1144 3851 1239 3905 scd
1270 3851 1335 3905 ad
1378 3852 1604 3905 salutem
1634 3851 1888 3921 loquutus

292 3942 467 3997 fuemt
487 3984 500 4005 ,
532 3949 588 3997 ct
625 3940 691 3995 ad
718 3940 975 3997 benelicia
1006 3941 1309 4011 prtestanda
1334 3983 1347 4007 ,
1382 3941 1432 3995 id
1468 3941 1542 3995 illi
1572 3957 1717 3995 cura:
1746 3950 1887 3996 erat.

295 4036 568 4093 I‘otuisset
598 4035 742 4091 enim
774 4034 1289 4107 quadringentorum
1341 4049 1605 4088 annorum
1650 4035 1889 4090 servitu-

293 4140 401 4184 tem
442 4126 637 4181 aﬁ'crre
656 4167 671 4192 ,
706 4126 830 4182 hinc
848 4126 1185 4197 septuaginta
1232 4141 1531 4191 annorum;
1557 4136 1611 4180 et
1640 4142 1760 4196 qum
1791 4126 1891 4182 sub

290 4216 583 4289 judicibus,
611 4217 773 4272 modo
794 4217 1011 4289 viginti,
1038 4216 1200 4272 modo
1220 4216 1471 4284 duorum,
1497 4218 1658 4272 modo
1682 4228 1890 4287 septem

292 4328 587 4367 annorum:
624 4312 882 4383 potuisset
906 4300 1084 4367 dicere
1114 4312 1259 4383 ipsos
1307 4327 1596 4383 numquam
1624 4312 1890 4367 serviendi

296 4408 457 4458 tinem
482 4402 690 4458 fecisse.
719 4401 913 4457 Verum
938 4416 1032 4458 eos
1061 4417 1164 4458 non
1195 4403 1469 4458 hominum
1496 4417 1683 4458 servos
1708 4411 1893 4458 osten—

295 4497 428 4550 dere
452 4495 653 4561 voluit,
677 4494 771 4549 sed
798 4496 1034 4567 peccati;
1056 4511 1175 4567 qua:
1200 4498 1432 4551 servitus
1455 4506 1535 4573 est
1555 4497 1893 4566 gravissima,

296 4602 325 4640 a
343 4602 447 4657 qua
468 4588 613 4641 solus
633 4587 771 4642 Dens
795 4586 1023 4643 liberare
1044 4595 1238 4658 potest.
1270 4572 1582 4643 Diutittendi
1602 4590 1746 4644 enim
1770 4604 1893 4660 pec-

296 4690 412 4732 cata
464 4687 782 4747 potestatem
838 4694 996 4735 nemo
1045 4679 1207 4734 habet
1259 4679 1361 4734 nisi
1410 4680 1591 4735 Deus:
1626 4680 1785 4751 idque
1818 4681 1893 4735 illi

297 4769 713 4823 conﬁtebantur.
740 4768 973 4841 Ideoque
992 4769 1058 4825 ad
1084 4769 1187 4825 hoc
1214 4770 1335 4826 illos
1355 4770 1555 4826 inducit
1575 4770 1659 4826 his
1679 4772 1856 4828 verbis
1877 4792 1892 4828 :

299 4860 387 4916 δι.
422 4858 601 4915 Omnis
619 4862 704 4933 qui
724 4862 844 4933 facit
867 4870 1145 4932 peccatum,
1174 4879 1346 4918 servus
1370 4874 1442 4917 est
1464 4864 1688 4933 peccati;
1715 4873 1895 4920 osten-

298 4953 434 5007 dens
468 4966 527 5008 se
569 4952 713 5023 loqui
744 4952 812 5009 de
857 4953 1101 5009 libertate
1145 4954 1214 5010 ab
1258 4952 1563 5024 hujusmodi
1614 4958 1893 5012 servitute.

426 5045 616 5101 Servus
660 5055 827 5099 autem
876 5062 977 5100 non
1022 5056 1191 5101 manet
1236 5048 1291 5102 in
1334 5048 1529 5113 domo;
1558 5050 1701 5117 ﬁlius
1727 5061 1897 5105 autent

300 5148 470 5193 manet
496 5138 551 5191 in
587 5146 852 5191 teternnm.
883 5136 1093 5193 Sensim
1125 5137 1247 5194 hinc
1279 5138 1451 5210 legem
1478 5138 1693 5209 dejieit,
1718 5141 1895 5210 priora

302 5241 547 5299 tempora
578 5226 945 5284 subindicans.
976 5227 1057 5284 Ne
1082 5227 1225 5284 enim
1250 5245 1316 5285 eo
1341 5240 1682 5286 recurrerent
1708 5231 1896 5286 dicen-

300 5332 420 5376 tes:
457 5317 730 5375 Sacrillcia
779 5319 1038 5375 habemus
1066 5335 1187 5390 quae
1229 5320 1440 5393 Moyses
1477 5322 1766 5393 przrcepit,
1810 5323 1897 5378 illa

300 5426 399 5466 nos
425 5425 616 5465 eruere
643 5420 914 5481 poterunt,
942 5410 1062 5466 ideo
1082 5410 1197 5467 hmo
1228 5410 1427 5467 intulit.
1457 5413 1706 5485 Alioquin
1736 5430 1896 5485 quam

303 5504 417 5558 l-zec
443 5503 889 5573 consequentiam
921 5503 1228 5559 haberent?
1262 5502 1449 5560 Omnes
1493 5507 1628 5561 enim
1656 5522 1898 5577 peccave-

300 5606 440 5656 runt.
473 5605 521 5651 et
545 5607 693 5669 egent
718 5597 888 5668 gloria
921 5595 1034 5664 Dei,
1075 5597 1348 5669 justi/irati
1375 5598 1534 5669 gratis
1574 5614 1663 5668 per
1681 5599 1900 5670 gratiam

301 5689 441 5743 illius
456 5687 477 5721 '
495 5689 512 5754 (
527 5686 676 5743 llum.
694 5688 748 5744 3.
767 5687 856 5745 25.
880 5687 998 5760 24),
1016 5688 1286 5758 etiamque
1306 5689 1403 5759 ipsi
1425 5689 1753 5745 sacerdotes.
1774 5688 1899 5747 ldeo

364 5830 381 5890 ξ
419 5825 546 5879 Vox.
573 5825 753 5886 palma,
791 5826 839 5890 in
863 5824 1154 5890 qu_il_)_usdam
1178 5830 1285 5876 Mss.
1318 5825 1479 5877 deest.

368 5889 388 5920 '
421 5899 551 5955 Haec,
574 5901 636 5957 pe
680 5887 894 5957 gratiam
919 5887 1071 5950 illius,
1093 5887 1270 5939 desunt
1298 5890 1347 5938 in
1370 5888 1677 5956 quibusdam.

1318 420 1381 476 IN
1421 415 1730 475 .IOANNI'IM
1775 412 2001 469 1103111..
2048 410 2179 466 LIV.
2222 412 2293 467 al.
2334 411 2467 467 LIII.

3252 462 3277 474 _
3476 414 3589 470 ωε

1989 524 2181 579 I’aulus
2200 523 2268 579 de
2284 524 2563 580 sacerdote
2578 524 2674 588 ait,
2699 523 2851 578 Debet
2874 523 3057 593 offerre
3078 540 3171 592 pro
3188 525 3356 597 seipso
3375 566 3389 589 ,
3414 537 3469 580 nt
3494 544 3587 592 pro

1986 616 2176 687 populo
2199 658 2215 684 ,
2275 617 2518 687 quoniam
2582 616 2692 687 ipse
2752 615 3095 671 circumdatus
3157 627 3231 672 est
3290 617 3589 687 infirmitate

1986 710 2006 777 (
2032 707 2188 765 Hebr.
2214 709 2270 767 5.
2293 710 2347 764 5.
2376 719 2421 763 et
2455 708 2562 781 2);
2588 718 2643 765 et
2673 708 2774 765 hoc
2800 708 3068 780 signiﬁcat
3096 708 3328 765 dicendo
3356 726 3369 762 :
3399 708 3589 765 Servus

1987 817 2089 856 non
2132 811 2300 855 manet
2341 804 2394 855 in
2435 801 2606 856 domo.
2639 786 2739 857 llic
2778 809 2957 855 autem
2980 808 3035 857 et
3056 815 3245 873 parem
3275 817 3397 857 cum
3429 802 3589 858 Patre

1989 894 2285 961 honorem,
2322 904 2378 950 et
2420 894 2615 951 servia
2658 894 2829 950 libero
2866 892 3222 949 dill‘erentiam
3272 895 3538 964 signiﬁcat
3570 911 3585 949 :

1989 1003 2112 1042 natu
2141 987 2247 1043 hoc
2274 987 2374 1042 sibi
2407 986 2520 1041 vult
2554 986 2843 1056 parabola;
2873 984 2925 1041 id
2950 994 3070 1052 est,
3104 983 3218 1040 Non
3245 984 3406 1041 habet
3436 996 3590 1057 pote-

1987 1086 2181 1134 statem
2199 1093 2429 1143 servus;
2460 1078 2602 1149 quod
2629 1078 2895 1134 indicatur
2917 1093 3015 1148 per
3054 1076 3182 1133 illud
3200 1119 3215 1143 ,
3242 1076 3364 1132 Non
3396 1088 3586 1133 manet.

2057 1171 2116 1225 2.
2179 1170 2287 1226 Cur
2315 1178 2495 1225 autem
2521 1185 2643 1225 cum
2688 1168 2755 1225 de
2790 1168 3030 1243 peccatis
3054 1183 3358 1225 sermonem
3391 1168 3588 1235 habet,

1988 1261 2207 1315 domum
2241 1261 2599 1335 memoravit?
2621 1259 2691 1317 llt
2718 1252 3027 1316 ostenderet
3056 1260 3195 1315 sicut
3218 1260 3269 1315 in
3300 1259 3462 1316 domo
3491 1261 3591 1316 ba-

1990 1354 2083 1408 bet
2112 1352 2277 1408 herus
2300 1392 2317 1419 ,
2346 1353 2426 1406 sic
2450 1367 2509 1407 se
2539 1351 2593 1406 in
2621 1350 2801 1407 omnia
2832 1360 3151 1421 potestatem
3199 1351 3418 1409 habere.
3453 1352 3588 1408 Illud

1989 1460 2139 1513 vero,
2166 1443 2287 1499 Non
2308 1454 2499 1513 monet,
2523 1443 2575 1500 id
2600 1454 2681 1500 est
2701 1487 2716 1511 ,
2749 1460 2853 1498 non
2885 1444 3044 1499 habet
3073 1444 3330 1515 largiendi
3357 1456 3595 1516 potesta-

1992 1547 2123 1604 tem,
2156 1536 2297 1608 quod
2333 1553 2437 1591 non
2486 1537 2554 1591 sit
2595 1536 2792 1601 herus;
2828 1537 2969 1599 ﬁlius
2998 1553 3161 1607 porro
3194 1537 3356 1594 herus
3385 1551 3467 1595 est
3493 1556 3507 1593 :
3538 1541 3591 1596 id

1990 1628 2137 1683 enim
2168 1627 2436 1699 signiﬁcat
2468 1627 2601 1682 illttd
2626 1668 2641 1694 ,
2677 1626 2860 1682 Mouet
2894 1628 2947 1681 in
2973 1628 3222 1682 swcnlum
3246 1670 3261 1693 ,
3295 1631 3593 1686 secundum

1992 1719 2345 1775 humanarum
2377 1735 2556 1775 rerum
2602 1720 2973 1791 metaphoram
3001 1736 3014 1773 :
3042 1735 3107 1775 ne
3133 1720 3337 1788 dicant,
3365 1722 3443 1778 Tn
3473 1724 3596 1795 quis

1991 1813 2094 1867 es?
2124 1811 2236 1866 Mea
2265 1819 2391 1866 sunt
2416 1812 2618 1877 omnia;
2649 1810 2815 1865 Filius
2840 1813 3170 1893 enimsunt,
3201 1821 3256 1868 ct
3286 1814 3337 1868 in
3370 1824 3592 1886 paterna

1991 1904 2154 1958 domo
2195 1919 2386 1958 maneo
2428 1902 2690 1958 :domum
2728 1914 2883 1960 vocat
2913 1896 3257 1974 potestatem.
3305 1907 3437 1963 Nam
3465 1910 3593 1965 alibi

1991 2010 2204 2065 quoque
2242 1995 2462 2049 domum
2508 1995 2682 2050 Patris
2712 2004 2866 2050 vocat
2913 1996 3269 2068 principatum
3304 2013 3318 2051 :
3352 1997 3418 2053 In
3442 2000 3595 2055 domo

1997 2086 2168 2142 Patris
2196 2087 2291 2141 mei
2321 2087 2607 2143 mansiones
2651 2087 2827 2142 multa:
2855 2098 2974 2143 sunt
3007 2086 3189 2160 (Joan.
3226 2090 3312 2145 Η.
3348 2090 3429 2163 2).
3458 2092 3592 2147 Nam

1992 2195 2113 2237 cum
2145 2180 2215 2236 de.
2243 2182 2491 2237 libt-rtatc
2516 2190 2570 2236 et
2612 2181 2681 2236 dc
2719 2183 2979 2236 servitute
3012 2182 3083 2235 sit
3111 2196 3312 2248 sermo,
3340 2183 3461 2253 jure
3492 2184 3595 2241 hac

1993 2288 2121 2329 ttsus
2150 2282 2233 2327 est
2261 2271 2598 2343 metaphora,
2628 2272 2819 2328 dicens
2844 2272 2965 2327 illos
2996 2289 3102 2328 non
3131 2271 3381 2329 hiIIlIIISse
3411 2275 3596 2330 dimit-

1992 2363 2135 2418 tendi
2176 2373 2514 2435 potestatem.
2553 2364 2645 2420 '56.
2680 2364 2744 2419 Si
2781 2380 2900 2436 ergo
2944 2362 3110 2420 Filius
3150 2382 3236 2419 vos
3289 2366 3594 2424 liberaverit.

1994 2454 2181 2510 Viden‘
2205 2472 2326 2510 eum
2358 2456 2498 2511 Patri
2529 2470 2652 2512 esse
2676 2456 3213 2521 consubstantialem,
3242 2467 3296 2514 et
3320 2461 3593 2531 quomodo

1991 2547 2242 2604 ostendat
2269 2564 2327 2604 se
2357 2564 2541 2620 parem
2570 2549 2772 2605 habere
2814 2551 3176 2620 potestatem?
3208 2552 3270 2606 Si
3309 2568 3395 2607 vos
3424 2552 3596 2608 Filius

1992 2640 2294 2705 liberaverit,
2320 2656 2478 2696 nemo
2497 2641 2833 2698 contradicet
2856 2642 3110 2713 amplius,
3139 2643 3236 2700 sed
3262 2645 3469 2701 ﬁrmam
3504 2647 3598 2701 ha-

1994 2735 2187 2791 bebitis
2221 2736 2544 2791 libertatem.
2566 2735 2699 2791 Nam
2725 2735 2863 2791 Deus
2890 2746 2961 2792 est
2984 2737 3360 2809 qnijusti/icat,
3385 2740 3497 2810 quis
3522 2751 3596 2795 est

1990 2831 2077 2898 qui
2124 2829 2459 2883 condemnet?
2492 2828 2587 2883 llic
2636 2843 2665 2883 a
2707 2838 2929 2899 peccato
2973 2843 3034 2885 se
3078 2846 3271 2901 purum
3320 2832 3598 2900 ostendit,

1992 2922 2246 2992 illamque
2277 2920 2687 2992 signiﬁcatqua:
2715 2923 2934 2976 nomine
2965 2932 3124 2977 tenus
3154 2932 3239 2978 est
3267 2923 3593 2987 libertatem.

1991 3028 2150 3083 quam
2182 3012 2313 3066 dant
2356 3012 2602 3067 homines
2632 3030 2645 3067 :
2676 3011 2820 3067 illam
2869 3028 2997 3067 vero
3026 3012 3219 3077 aliam,
3251 3014 3397 3068 solus
3432 3014 3594 3073 Deus.

2003 3104 2274 3159 llinc~il|is
2301 3103 2490 3158 suadet
2518 3118 2585 3159 ne
2616 3115 2833 3173 propter
2863 3102 3002 3159 hanc
3046 3106 3362 3171 servitutem
3395 3106 3594 3163 erube-

1993 3205 2146 3251 scant
2167 3238 2182 3261 ,
2212 3196 2307 3251 sed
2340 3206 2562 3266 propter
2605 3196 2808 3267 peccati
2840 3198 3175 3251 servitutem.
3209 3196 3276 3251 Et
3301 3199 3593 3254 ostendere

1993 3291 2178 3345 volens
2210 3292 2352 3359 ipsos
2372 3331 2386 3353 ,
2417 3292 2515 3343 etsi
2546 3289 2687 3344 servi
2722 3304 2829 3343 non
2857 3290 2964 3343 sint
2987 3328 3003 3353 ,
3030 3289 3153 3360 quia
3181 3290 3324 3344 illam
3370 3307 3596 3363 respue-

1992 3390 2119 3437 runt
2168 3382 2517 3444 servitutem,
2568 3380 2738 3450 magis
2780 3388 2959 3434 tamen
3010 3394 3199 3436 servos
3244 3382 3412 3437 laetos
3442 3399 3596 3451 esse,

1992 3474 2174 3527 statim
2218 3473 2429 3538 intulit,
2490 3470 2615 3525 l’ere
2658 3470 2803 3525 liberi
2846 3470 3025 3535 eritis;
3076 3471 3309 3543 indeque
3361 3474 3602 3531 declarat

1995 3565 2133 3620 hanc
2164 3580 2268 3618 non
2297 3579 2417 3619 esse
2445 3579 2624 3618 veram
2672 3564 2990 3619 libertatem.
3029 3564 3229 3620 Deinde
3259 3581 3328 3621 nc
3356 3566 3597 3623 dicerent

1994 3672 2053 3713 se
2099 3666 2377 3728 peccatum
2423 3673 2529 3711 non
2585 3657 2975 3725 babere(natn
3016 3656 3277 3713 credibile
3322 3670 3438 3713 erat
3490 3660 3597 3714 hoc

1995 3765 2118 3805 esse
2148 3749 2387 3805 dicturos
2415 3748 2434 3819 )
2460 3789 2475 3815 ,
2503 3748 2625 3803 vide
2650 3748 2919 3817 quomodo
2952 3749 3070 3804 illos
3100 3759 3338 3805 accuset.
3370 3750 3601 3806 Omissis

1995 3841 2207 3897 caeteris
2254 3841 2307 3895 in
2353 3841 2571 3895 illorum
2619 3842 2726 3894 vita
2775 3840 3165 3909 reprobandis,
3220 3839 3322 3897 hoc
3353 3842 3598 3908 facinus,

1996 3932 2137 4003 quod
2176 3932 2285 4001 jam
2336 3931 2646 4002 agitabant,
2690 3931 2742 3985 in
2789 3930 3024 3985 medium
3075 3931 3447 3988 adducit:57.
3481 3933 3603 3988 Scto

1997 4026 2115 4095 quia
2161 4041 2328 4079 semen
2370 4024 2588 4078 (lbra/tte
2612 4025 2764 4090 estis,
2798 4024 2886 4078 sed
2911 4026 3137 4091 quaeritis
3176 4043 3254 4080 me
3295 4028 3600 4097 inter/icere.

1998 4118 2209 4174 Sensim
2242 4116 2388 4186 ejit-it
2419 4114 2537 4169 illos
2561 4115 2629 4170 ab
2659 4115 2889 4170 Abraitzt:
2910 4119 3231 4186 cognatione
3260 4119 3369 4183 illa,
3400 4119 3601 4175 docens

2000 4226 2069 4266 ne
2108 4210 2275 4264 altunt
2311 4210 2397 4264 illa
2425 4208 2492 4263 de
2521 4224 2579 4263 re
2626 4218 2901 4279 Saporem.
2946 4210 3096 4264 Sicut
3126 4211 3269 4265 cnim
3303 4212 3519 4267 libertas
3548 4222 3606 4268 et

1999 4303 2235 4357 servitus
2264 4302 2332 4353 ab
2360 4300 2613 4372 operibus
2661 4300 2930 4370 pendent,
2984 4302 3054 4355 ita
3086 4310 3140 4356 et
3185 4305 3458 4373 cognatio.
3494 4305 3604 4361 Nec

2000 4395 2179 4449 statim
2206 4392 2380 4460 dixit,
2431 4392 2545 4448 Non
2569 4394 2699 4449 estis
2728 4392 2819 4448 lilii
2863 4394 3095 4449 Abraba:
3140 4395 3283 4451 illius
3308 4397 3473 4467 justi,
3508 4416 3607 4458 vos

2002 4485 2323 4550 homicidae;
2368 4485 2461 4540 sed
2508 4501 2630 4540 cum
2674 4485 2778 4540 illis
2822 4485 2998 4541 adhuc
3036 4499 3299 4543 consonat
3329 4489 3605 4561 dicitque,

2003 4579 2127 4634 Srio
2155 4578 2276 4649 quia
2325 4595 2495 4632 semen
2542 4578 2763 4632 Abraha:
2806 4579 2947 4642 estis;
2997 4596 3184 4636 verum
3239 4598 3342 4638 non
3377 4584 3479 4640 hoc
3523 4599 3609 4643 est

2002 4671 2143 4741 quod
2172 4672 2433 4741 quaeritur
2463 4688 2475 4723 :
2506 4680 2561 4725 ct
2602 4670 2714 4740 jatu
2759 4672 3006 4741 aSperius
3052 4672 3102 4726 in
3146 4672 3270 4729 illus
3310 4676 3602 4732 invehitur.

2004 4764 2217 4819 Etenim
2250 4773 2307 4817 ut
2349 4765 2637 4833 plurimum
2680 4763 3080 4819 observandum
3124 4776 3246 4829 est,
3279 4770 3451 4837 ipsum
3482 4785 3609 4827 cum

2005 4872 2258 4927 magnum
2291 4856 2563 4927 quidpiam
2591 4866 2673 4912 est
2701 4868 3043 4927 operatnrus,
3077 4870 3359 4931 postquam
3387 4863 3435 4917 id
3468 4863 3617 4921 l'cce-

2003 4949 2093 5013 rit,
2118 4948 2325 5017 majore
2357 4948 2429 5002 uti
2460 4948 2708 5018 loquendi
2740 4949 2953 5015 ﬁducia,
2979 4961 3162 5021 utpote
3183 4967 3305 5008 cum
3335 4954 3445 5025 ipsa
3476 4974 3599 5027 Ope.

2004 5056 2062 5095 ra
2094 5041 2461 5096 contentiosos
2490 5042 2807 5111 reprimant.
2828 5042 3182 5113 Sethnteritis
3204 5063 3281 5100 me
3302 5047 3609 5116 inter/itere.

2004 5135 2164 5203 Quid,
2194 5136 2235 5190 si
2261 5136 2443 5204 juste?
2475 5135 2544 5189 At
2570 5151 2677 5190 non
2705 5135 2781 5190 sic
2820 5151 2879 5192 se
2912 5152 2998 5192 res
3028 5137 3188 5193 habet
3226 5157 3243 5196 :
3282 5138 3614 5211 quiapropter

2005 5242 2222 5283 causam
2255 5227 2346 5281 ille
2372 5226 2548 5290 all‘ert,
2579 5227 2703 5297 quia
2746 5227 2929 5284 Sermo
2974 5247 3114 5284 meus
3143 5248 3243 5285 non
3269 5232 3406 5298 capit
3434 5233 3486 5287 in
3519 5250 3607 5289 vo-

2006 5320 2099 5376 bis.
2129 5319 2412 5389 Quomodo
2441 5335 2572 5391 ergo
2597 5320 2673 5375 ait
2703 5320 2758 5376 in
2810 5321 2984 5391 ipsum
3022 5322 3356 5378 credidisse?
3382 5323 3609 5393 Verum,

2006 5426 2064 5471 ut
2090 5415 2236 5482 dixi,
2281 5416 2474 5469 iterum
2504 5415 2696 5469 mutati
2742 5414 2971 5470 fuerant.
3021 5415 3146 5470 Ideo
3178 5417 3524 5473 vehementer
3555 5422 3606 5475 in

2007 5509 2130 5565 illos
2161 5507 2450 5564 invehitur.
2482 5506 2613 5563 Nam
2640 5506 2683 5561 si
2720 5506 2789 5561 de
2814 5507 3134 5577 cognatione
3158 5508 3245 5562 illa
3269 5509 3607 5579 gloriamini,

2008 5614 2065 5659 ιιι
2092 5603 2198 5658 vita
2227 5610 2489 5659 consonet
2514 5610 2749 5672 Oportet.
2781 5600 2888 5656 Nec
2915 5602 3070 5665 dixit,
3104 5600 3221 5657 Non
3247 5602 3441 5673 capitis
3471 5618 3611 5659 ver-

2009 5697 2162 5760 bum;
2202 5694 2319 5758 scd,
2353 5693 2535 5750 Sernto
2559 5710 2699 5749 meus
2731 5710 2831 5747 non
2863 5695 2998 5762 capit
3025 5694 3078 5747 in
3107 5694 3267 5760 vobis,
3296 5692 3610 5764 dogmatth

2007 5801 2225 5843 suorum
2264 5785 2649 5842 sublimitatem
2691 5784 2991 5841 dcclarans.
3030 5784 3191 5855 Atqui
3236 5800 3340 5841 non
3382 5785 3502 5841 ideo
3532 5788 3615 5842 in-

2016 5880 2262 5939 terﬁcere
2293 5878 2568 5951 oportuit;
2622 5878 2730 5934 imo
2775 5878 2955 5949 potius
3000 5878 3271 5937 honorare
3315 5880 3617 5937 etcolcre?
