4088 6520
590 466 694 519 fit!)

593 579 657 632 lit
687 578 970 631 discerem.
1006 574 1109 629 Sed
1135 572 1280 642 quid,
1311 572 1352 625 si
1387 580 1440 623 ttt
1466 585 1493 622 a
1525 569 1802 636 temetipso
1827 566 1941 619 haec
1972 565 2156 633 loque-

592 685 664 722 ris
689 709 702 730 .
737 678 792 721 ut
827 667 940 720 lucc
987 661 1272 734 pr:cveniat
1294 701 1310 723 ,
1347 662 1417 713 ait
1449 676 1461 711 :
1488 659 1575 713 58.
1610 658 1739 725 Qum
1766 674 1856 728 ego
1881 656 1984 709 vidi
2024 654 2165 724 apud

590 760 796 814 l'atrem
826 772 1008 817 meum,
1034 752 1139 808 htec
1169 753 1382 823 loquor:
1414 761 1459 804 et
1503 766 1586 804 vos
1625 765 1736 818 quae
1780 748 1994 802 audistis
2025 745 2163 815 apud

590 863 780 919 putrem
810 859 1023 902 vestrum
1047 889 1059 912 ,
1096 846 1282 916 facitis.
1317 844 1384 899 Ut
1420 858 1537 913 ego,
1573 842 1760 912 inquit,
1790 849 1844 895 et
1874 855 1932 894 re
1962 847 2015 893 et
2041 853 2162 891 ver-

589 943 669 995 liis
699 940 921 996 ostendo
951 939 1186 1002 Patrem,
1213 939 1280 991 ita
1311 946 1364 990 et
1393 950 1486 989 vos
1515 949 1572 988 re
1604 942 1828 986 tantum.
1858 929 1972 986 Non
2005 929 2164 984 modo

584 1032 726 1086 0111111
753 1029 994 1084 eamdem
1026 1026 1394 1089 substantiam,
1425 1024 1519 1079 sed
1545 1023 1789 1078 eamdem
1820 1035 1978 1091 quam
2005 1019 2162 1074 Pater

587 1122 861 1176 veritatem
894 1120 1083 1174 habeo.
1113 1117 1202 1173 59.
1233 1113 1418 1171 Dicunt
1443 1116 1488 1168 ei
1516 1131 1534 1168 :
1562 1113 1673 1168 Nos
1704 1125 1900 1184 patrem
1925 1111 2160 1165 habemus

585 1213 860 1267 Abraham.
882 1211 1012 1266 Dicit
1032 1212 1101 1266 eis
1116 1208 1264 1265 Iesus
1284 1227 1302 1264 :
1325 1209 1385 1264 Si
1400 1218 1593 1279 patrem
1614 1206 1860 1261 haberetis
1881 1203 2156 1270 Abraham,

585 1323 737 1376 opera
763 1308 870 1376 ejus
890 1307 1135 1376 faceretis.
1159 1302 1246 1357 40.
1278 1301 1429 1356 Nunc
1455 1311 1622 1354 autem
1662 1299 1883 1370 qutcritis
1907 1312 1984 1350 nte
2005 1297 2160 1349 inter-

585 1399 752 1466 ﬁcere.
781 1391 1112 1467 Frequenter
1136 1396 1221 1451 hic
1251 1395 1463 1449 illorum
1494 1391 1892 1463 sanguinarium
1921 1389 2155 1444 animum

583 1489 849 1557 exagitat,
899 1498 952 1542 et
1000 1485 1360 1541 Abrahamum
1401 1491 1832 1540 commemorat:
1865 1481 2061 1552 idque,
2100 1487 2158 1534 ut

583 1579 703 1636 illos
726 1580 793 1634 ah
820 1579 917 1633 hac
942 1579 1257 1648 cognatione
1286 1576 1508 1632 abducat
1533 1617 1548 1642 ,
1581 1583 1633 1630 et
1661 1573 1982 1645 superlluam
2009 1571 2154 1626 illam

577 1674 883 1743 iactantiam
907 1671 1134 1736 auferat,
1167 1667 1489 1742 suadeatqne
1521 1685 1589 1725 ne
1621 1669 1706 1723 illa
1732 1668 1782 1722 in
1808 1683 1864 1722 re
1889 1680 2038 1736 spem
2065 1678 2156 1718 sa-

579 1767 703 1821 Iutis
731 1767 996 1832 habeant,
1028 1779 1199 1834 neque
1243 1766 1293 1818 in
1337 1762 1653 1832 cognatione
1699 1767 1904 1813 natura:
1927 1797 1942 1822 ,
1977 1755 2070 1811 sed
2100 1755 2152 1809 in

581 1859 892 1928 cognatione
921 1857 1197 1927 propositi.
1227 1855 1336 1911 lloc
1355 1856 1498 1910 enim
1529 1855 1645 1908 illos
1671 1850 1994 1920 impediebat
2022 1862 2152 1918 quo-

579 1963 753 2003 minus
775 1949 839 2003 ad
861 1947 1134 2002 Christum
1159 1945 1496 2008 accederent,
1521 1942 1661 2013 quod
1686 1947 1932 2011 putarent
1957 1953 2153 2010 cogna-

578 2042 772 2095 tionem
805 2039 961 2094 talem
993 2039 1096 2093 illis
1127 2053 1246 2093 esse
1273 2037 1402 2092 satis
1430 2035 1496 2090 ad
1537 2037 1781 2090 salutem.
1811 2033 1981 2102 Quam
2008 2031 2148 2087 veri-

577 2136 733 2185 tatem
762 2131 920 2185 dicit?
946 2129 1099 2197 Quod
1132 2130 1201 2183 sit
1229 2129 1445 2193 :equalis
1473 2126 1636 2181 Patri.
1682 2124 1806 2181 Ideo
1828 2125 1969 2180 enim
1997 2138 2150 2193 quaa-

574 2219 760 2276 rc'bant
795 2220 939 2275 illum
978 2220 1146 2276 Judmi
1179 2219 1508 2282 interﬁcere,
1552 2227 1605 2272 ut
1639 2219 1712 2272 ait
1757 2218 1881 2272 ille:
1912 2214 2151 2282 Qua'ritis

574 2330 652 2366 me
672 2314 967 2380 inter/icere,
989 2314 1106 2383 quia
1129 2314 1384 2367 veritatem
1413 2311 1550 2365 vobis
1578 2317 1812 2380 loquutus
1839 2325 1972 2375 sunt,
1993 2321 2145 2379 quam

569 2404 740 2457 midivi
785 2420 816 2456 a
867 2403 1020 2457 Patre
1068 2420 1196 2457 meo.
1227 2401 1527 2458 Ostendens
1554 2403 1668 2457 lucc
1699 2416 1803 2454 non
1832 2414 1952 2455 esse
1997 2395 2142 2453 Patri

569 2495 830 2548 contraria
852 2536 867 2560 ,
899 2510 1081 2549 rursus
1128 2494 1192 2548 ad
1243 2494 1392 2548 illum
1420 2494 1675 2562 confugit.
1716 2493 1804 2547 41.
1839 2491 2025 2545 Dicunt
2054 2491 2145 2544 ei:

573 2585 683 2640 Nos
709 2603 771 2640 ea:
796 2586 1124 2657 fornicatione
1151 2603 1248 2640 non
1270 2603 1443 2640 sumus
1469 2587 1608 2649 nati;
1633 2601 1789 2638 unum
1819 2578 2025 2637 Patrem
2049 2584 2146 2636 ha-

569 2679 761 2741 bemus,
784 2677 961 2733 Deum.
981 2677 1114 2744 Quid
1133 2678 1344 2731 dicitis?
1362 2677 1470 2731 Vos
1491 2677 1698 2730 Patrem
1720 2673 1927 2729 habetis
1954 2673 2142 2737 Deum,

569 2780 620 2822 et
636 2769 901 2825 Christum
927 2769 1179 2823 incusatis
1201 2768 1300 2822 hoc
1313 2767 1614 2823 dicentem?
1642 2766 1826 2822 Viden’
1843 2766 1989 2820 illum
2011 2781 2148 2835 pras-

566 2863 725 2929 cipno
748 2860 972 2925 quodam
992 2858 1149 2913 modo
1169 2859 1366 2915 dixisse
1392 2860 1557 2914 Deum
1585 2874 1702 2914 csse
1729 2859 1936 2912 Patrem
1956 2856 2146 2912 suum?

639 2951 692 3004 5.
724 2951 852 3017 Quia
887 2950 1042 3018 igitur
1083 2950 1199 3003 illos
1228 2964 1293 3004 ex
1326 2948 1552 3004 Abrahae
1590 2949 1910 3016 cognatione
1945 2947 2140 3016 ejecit;

565 3057 686 3095 cum
730 3040 856 3094 nihil
903 3040 1131 3095 habeant
1172 3041 1312 3110 quod
1353 3039 1636 3108 objiciunt,
1687 3039 1826 3094 aliud
1871 3039 2139 3109 quidpiam

566 3135 739 3203 majus
765 3133 961 3188 audent
993 3132 1056 3188 ad
1101 3134 1266 3188 Deum
1295 3148 1352 3189 se
1379 3134 1688 3189 referentes.
1721 3133 1824 3188 Sed
1855 3133 1952 3187 hoc
1977 3133 2139 3187 etiam

568 3228 769 3281 honore
801 3227 918 3282 illos
946 3227 1128 3296 dejicit
1155 3227 1336 3280 dicens
1367 3244 1380 3280 :
1407 3227 1491 3281 42.
1535 3226 1593 3282 Si
1633 3221 1768 3280 Deus
1808 3236 1948 3296 pater
1987 3237 2144 3280 vester

564 3328 709 3379 esset,
742 3317 1010 3387 diliget-etis
1039 3317 1203 3386 utique
1226 3333 1321 3381 me,
1343 3317 1460 3387 quia
1486 3333 1574 3388 ego
1605 3334 1667 3370 ea:
1690 3316 1796 3370 Deo
1823 3317 1969 3380 exivi,
1992 3327 2039 3370 et
2065 3332 2144 3370 ve-

568 3411 650 3462 nio
682 3425 700 3461 :
727 3425 883 3478 neque
909 3425 938 3460 a
968 3409 1155 3478 meipso
1182 3411 1308 3475 veni,
1341 3411 1428 3462 sed
1453 3410 1537 3462 ille
1565 3427 1642 3462 me
1676 3411 1825 3462 misit.
1855 3409 1943 3464 b5.
1976 3409 2144 3474 Quare

565 3500 813 3568 loquelam
847 3517 1006 3552 meam
1042 3517 1141 3554 non
1176 3502 1503 3571 cognoscitis?
1534 3501 1664 3569 Quia
1691 3519 1788 3555 non
1815 3503 2016 3570 potestis
2050 3518 2143 3554 au-

566 3592 675 3642 dire
693 3606 968 3643 sermonem
993 3607 1172 3643 meum.
1205 3593 1235 3645 b
1252 3592 1294 3646 1.
1339 3589 1434 3644 l’os
1457 3607 1518 3644 ex
1539 3602 1680 3659 patre
1703 3593 1902 3645 diabolo
1929 3593 2062 3652 estis,
2091 3601 2138 3645 et

566 3681 811 3735 desideria
839 3682 996 3751 patris
1023 3681 1168 3736 vestri
1207 3681 1351 3734 vultis
1395 3682 1578 3751 facere.
1625 3681 1726 3735 Ille
1754 3682 2005 3734 homicida
2033 3691 2140 3735 erat

566 3776 628 3826 ab
653 3775 792 3828 initio
809 3816 824 3840 ,
853 3784 898 3827 et
925 3773 976 3828 in
1003 3775 1208 3828 veritate
1233 3791 1331 3828 non
1357 3775 1505 3828 stetit.
1536 3771 1659 3827 Cum
1685 3774 1904 3845 loquitur
1934 3774 2140 3827 mendu-

565 3869 696 3919 cium
721 3905 738 3931 ,
769 3881 832 3919 ea:
861 3867 1080 3936 propriis
1105 3865 1342 3935 loquitur.
1386 3866 1621 3920 Exclusit
1649 3881 1741 3922 eos
1767 3881 1795 3920 a
1828 3867 2142 3936 cognatione

565 3956 822 4024 Abrahae;
853 3966 906 4012 et
934 3958 1052 4027 quia
1084 3958 1284 4026 majora
1311 3957 1423 4012 ausi
1451 3966 1595 4025 sunt,
1629 3968 1752 4014 tunc
1781 3959 1994 4014 demum
2024 3959 2140 4029 pla-

565 4066 682 4120 gam
713 4049 916 4118 inﬂigit,
941 4063 1060 4104 cum
1090 4049 1218 4103 dicit
1239 4062 1331 4103 eos
1353 4065 1457 4103 non
1485 4049 1643 4104 modo
1663 4065 1726 4105 ex
1750 4051 2016 4105 Abraham
2035 4067 2138 4106 non

565 4156 705 4202 esse,
739 4139 829 4194 scd
852 4139 1009 4194 etiam
1040 4154 1106 4194 cx
1137 4138 1348 4194 diabolo
1379 4154 1517 4205 csse,
1549 4141 1887 4210 impudentia:
1914 4158 2008 4212 par
2025 4143 2140 4197 vul-

567 4246 666 4284 nus
695 4231 967 4299 inﬁigcns;
999 4245 1170 4299 neque
1201 4230 1250 4283 id
1279 4230 1393 4285 sine
1419 4230 1753 4296 testimonio,
1785 4231 1878 4286 sed
1904 4232 2138 4289 adhibita

565 4321 896 4390 probatione.
948 4321 1247 4377 lnterﬁccre
1291 4317 1469 4386 enim,
1513 4321 1715 4392 inquit,
1753 4324 2027 4380 diabolica:
2059 4336 2141 4380 est

564 4413 800 4467 malitia).
837 4413 947 4469 Nec
970 4415 1280 4484 simpliciter
1307 4430 1469 4483 Opera
1497 4415 1630 4468 dixit
1653 4457 1667 4480 ,
1711 4416 1804 4470 sed
1837 4416 2138 4480 Desideria;

564 4505 852 4560 ostendens
882 4516 936 4560 et
968 4506 1236 4561 diabolum
1265 4517 1317 4562 et
1345 4506 1557 4561 ludatos
1583 4507 1819 4561 cmdihus
1845 4523 1964 4562 esse
1991 4509 2142 4562 debi-

565 4607 646 4651 tos
667 4637 683 4664 ,
714 4597 869 4666 idque
901 4598 1108 4652 invidia:
1137 4613 1314 4652 causa.
1349 4599 1610 4652 Adamum
1641 4600 1782 4653 enim
1809 4600 1998 4654 occidit
2033 4617 2136 4654 non

565 4687 668 4740 alia
697 4702 852 4756 quam
891 4687 1098 4741 invidia:
1126 4703 1302 4742 causa.
1334 4687 1444 4742 1100
1472 4698 1526 4743 et
1552 4704 1692 4743 nunc
1717 4705 1926 4759 quoque
1951 4689 2136 4744 subin-

567 4777 727 4831 dicat.
761 4777 828 4832 Et
857 4778 908 4830 in
938 4779 1142 4831 veritate
1171 4795 1269 4831 non
1293 4779 1426 4832 stetit
1442 4797 1462 4844 ;
1491 4773 1540 4832 id
1577 4790 1658 4833 est
1679 4821 1692 4844 ,
1727 4782 1776 4833 in
1808 4781 1927 4835 vita:
1960 4781 2137 4850 probi-

563 4883 685 4926 tate.
717 4870 848 4937 Quia
875 4870 1016 4924 enim
1040 4870 1182 4924 illum
1207 4870 1509 4939 brequenter
1537 4870 1847 4925 incusabant
1868 4871 2005 4942 quod
2031 4888 2134 4925 non

561 4974 702 5019 esset
729 4979 794 5018 ex
827 4963 934 5017 Deo
959 5004 971 5025 ,
1005 4963 1130 5015 dicit
1162 4962 1262 5016 hoc
1290 4961 1412 5016 inde
1442 4965 1738 5031 provenire.
1783 4965 1877 5019 Ille
1908 4980 2138 5034 namque

563 5059 708 5126 prior
739 5057 941 5126 peperit
970 5054 1336 5122 mendacium,
1365 5071 1484 5110 cum
1513 5055 1644 5109 dixit
1684 5073 1698 5110 :
1733 5056 1796 5110 In
1825 5073 2138 5127 quacumque

559 5153 639 5205 die
665 5150 998 5215 comederitis,
1027 5149 1314 5220 aperientur
1333 5150 1466 5203 oculi
1496 5151 1641 5204 vestri
1667 5149 1815 5222 (Gen.
1849 5152 1900 5205 5.
1931 5151 2007 5219 5).
2042 5149 2136 5206 ltle

559 5244 757 5312 primus
786 5241 1060 5296 mendacio
1085 5251 1167 5296 est
1197 5257 1342 5296 usus.
1375 5242 1624 5296 Homines
1651 5243 1794 5296 enim
1821 5243 1911 5295 illo
1943 5250 1999 5294 ut
2028 5257 2131 5294 non

557 5336 654 5387 sibi
701 5334 911 5402 proprio
947 5343 1181 5399 utuntur,
1213 5329 1305 5388 scd
1334 5343 1388 5388 ut
1417 5334 1622 5397 alieno;
1668 5334 1753 5388 hic
1796 5345 1849 5387 ut
1889 5333 2123 5403 proprio.

556 5428 643 5480 45.
683 5425 789 5496 Ego
814 5437 981 5479 autem
1018 5428 1136 5496 quia
1169 5428 1421 5480 veritatem
1451 5426 1596 5492 dico,
1629 5443 1726 5479 non
1755 5429 1955 5480 creditis
1987 5427 2128 5477 mihi.

552 5519 664 5584 Qua
711 5519 1087 5586 consequentia
1131 5519 1336 5588 arguit?
1379 5511 1532 5572 Nulla
1580 5518 1753 5572 oblata
1793 5519 2130 5571 accusatione

557 5610 710 5662 vultis
737 5625 821 5662 me
853 5609 1170 5664 interﬁcere.
1193 5610 1324 5676 Quia
1348 5611 1487 5664 enim
1512 5610 1708 5664 inimici
1731 5611 1964 5664 veritatis
1980 5612 2126 5675 estis,

557 5700 671 5754 ideo
701 5716 781 5754 mc
811 5700 1182 5770 persequimini
1216 5719 1227 5752 :
1259 5703 1338 5755 sin
1385 5703 1557 5755 minus
1583 5744 1596 5767 ,
1638 5712 1910 5769 peccatum
1953 5718 2124 5756 meum

553 5790 729 5843 dicite.
777 5793 897 5843 Ideo
939 5792 1102 5859 pergit
1132 5809 1143 5843 :
1175 5792 1262 5846 16.
1301 5791 1424 5858 Quis
1468 5809 1528 5845 ea:
1569 5793 1702 5846 vobis
1739 5804 1912 5862 arguet
1951 5811 2026 5845 me
2066 5795 2126 5845 de

551 5887 794 5950 peccata?
818 5883 946 5940 llinc
974 5884 1044 5940 illi
1069 5901 1079 5936 :
1113 5882 1217 5936 Nos
1239 5901 1300 5938 ex
1325 5886 1656 5956 fornicatione
1677 5887 1777 5938 nati
1804 5903 1900 5938 non
1929 5903 2118 5940 sumus.

1333 458 1387 512 S.
1426 453 1698 510 JOANNIS
1720 445 2192 507 CHRYSUSTOMI
2231 445 2550 504 ARCIIIEP.
2591 449 3112 508 CONSTANTINGP.

3742 453 3849 509 500

2278 564 2434 633 Atqui
2459 565 2606 619 multi
2634 581 2701 620 ex
2732 565 3079 622 fornicatione
3111 568 3218 622 nati
3245 579 3419 638 erant,
3449 579 3634 640 utpote
3663 571 3863 629 illicitis

2274 653 2502 708 coitibus
2537 655 2732 710 assueti
2763 674 2776 709 :
2808 672 2991 711 verum
3023 672 3126 710 n0n
3161 655 3278 712 ideo
3303 660 3510 729 arguit,
3539 660 3633 714 sed
3669 661 3722 716 in
3757 663 3860 718 hoc

2276 745 2486 800 institit.
2535 746 2668 813 Quia
2709 747 2851 802 enim
2896 748 3203 802 ostenderat
3231 750 3347 804 illus
3374 767 3478 804 non
3507 766 3570 805 ex
3603 752 3734 817 Deo,
3766 754 3859 808 sed

2273 851 2341 891 ex
2363 837 2574 892 diabolo
2597 852 2735 905 esse,
2761 853 2828 892 ex
2861 839 2942 894 his
2967 839 3216 894 munibus
3243 843 3501 910 procedit.
3531 838 3662 897 Nam
3693 844 3859 898 inter-

2275 927 2454 995 ficere,
2477 929 2792 984 diabolicum
2816 940 2917 996 est,
2946 939 3003 984 ut
3029 936 3082 985 et
3113 926 3326 987 mentiri
3352 973 3366 998 ,
3397 934 3539 1003 quod
3572 944 3862 1004 utrumque

2273 1020 2466 1075 facitis.
2495 1021 2739 1077 Ostendit
2769 1037 2896 1078 vero
2919 1037 2981 1077 es
3011 1039 3194 1078 amore
3220 1025 3428 1093 probari
3459 1030 3768 1098 quempiam
3792 1043 3857 1084 cs

2273 1110 2384 1167 Deo
2409 1126 2544 1167 esse.
2581 1111 2750 1179 Quare
2778 1113 3024 1184 loquelam
3050 1130 3210 1166 meam
3237 1131 3336 1168 non
3357 1119 3694 1186 cognoscitis!
3722 1119 3856 1172 Cum

2270 1208 2412 1262 enim
2450 1221 2663 1277 semper
2687 1208 2992 1265 dubitarent
3018 1211 3362 1281 dicerentque
3396 1229 3409 1266 :
3441 1211 3577 1279 Quid
3610 1223 3684 1264 est
3721 1211 3859 1280 quid

2269 1300 2411 1366 dicit,
2438 1300 2550 1366 Quo
2572 1318 2662 1372 ego
2687 1303 2814 1356 vado
2835 1344 2850 1368 ,
2885 1319 2970 1356 vos
2994 1319 3090 1356 non
3117 1304 3322 1372 potestis
3348 1304 3551 1357 venire?
3590 1302 3713 1358 ideo
3739 1304 3814 1356 ait
3839 1320 3853 1356 :

2271 1389 2393 1444 Non
2435 1392 2730 1462 cognoscitis
2773 1392 3021 1462 loquelam
3069 1410 3261 1459 meam,
3302 1393 3420 1462 quia
3451 1409 3727 1448 sermonem
3759 1386 3858 1448 Dei

2268 1500 2369 1538 non
2390 1485 2596 1540 habetis.
2627 1485 2786 1556 quue
2813 1487 3026 1551 accidit,
3057 1487 3178 1557 quia
3211 1501 3364 1542 mens
3384 1495 3557 1541 vestra
3589 1485 3737 1540 humi
3766 1502 3853 1541 1·οο

2267 1575 2362 1646 pit,
2395 1584 2449 1630 et
2484 1576 2622 1646 quod
2655 1592 2772 1632 mea
2806 1577 2960 1648 longe
2988 1578 3298 1632 sublimiora
3329 1578 3454 1632 sint.
3485 1573 3622 1646 Quid
3647 1593 3780 1647 ergo
3807 1577 3852 1631 si

2267 1668 2560 1741 intelligere
2598 1684 2702 1724 non
2750 1671 3034 1741 poterant?
3080 1671 3176 1726 llic
3219 1687 3324 1725 non
3368 1685 3544 1740 posse,
3575 1679 3658 1725 est
3683 1668 3850 1732 nolle.

2264 1761 2396 1830 Quia
2440 1776 2533 1816 vos
2581 1762 2650 1816 ita
2700 1762 3021 1829 instituistis,
3051 1772 3108 1817 ut
3136 1763 3327 1832 abjecti
3355 1762 3491 1830 sitis,
3529 1762 3670 1833 quod
3715 1761 3848 1816 nihil

2262 1867 2509 1921 maguum
2544 1853 2807 1922 cogitatis.
2851 1853 2981 1920 Quia
3013 1854 3152 1908 enim
3182 1854 3428 1909 dicebant
3459 1868 3520 1910 se
3547 1852 3667 1908 ideo
3696 1853 3848 1908 illum

2261 1943 2543 2012 persequi,
2597 1943 2736 2013 quod
2790 1944 2884 1999 Dei
2926 1944 3090 1999 cultui
3134 1944 3440 2008 studerent;
3487 1944 3606 2000 ideo
3650 1944 3850 2014 ubique

2259 2035 2540 2090 ostendere
2560 2044 2803 2100 conatur,
2831 2035 2970 2106 quod
2993 2052 3050 2090 se
3077 2037 3320 2107 persequi
3346 2039 3414 2091 sit
3444 2037 3608 2091 Deum
3639 2026 3846 2101 odisse,

2259 2138 2444 2183 contra
2475 2144 2602 2184 vero
2623 2145 2681 2184 se
2703 2145 2902 2195 amare,
2925 2131 3014 2195 sit,
3035 2131 3200 2185 Deum
3225 2146 3402 2186 nosse.
3439 2129 3606 2186 Unum
3640 2131 3847 2186 Patrem

2263 2219 2522 2284 habemus,
2556 2219 2732 2273 Deum.
2757 2218 2890 2275 Hinc
2915 2221 3136 2290 gloriam
3159 2231 3491 2291 aucupantur
3515 2221 3581 2275 ab
3614 2217 3843 2286 honore,

2260 2323 2366 2361 non
2395 2309 2462 2362 ab
2483 2310 2754 2378 operibus.
2785 2309 3129 2364 lncrednlitas
3154 2325 3282 2381 ergo
3310 2320 3486 2365 vestra
3518 2311 3704 2380 probat
3733 2324 3840 2366 non

2258 2417 2346 2457 me
2371 2401 2599 2456 alienum
2630 2418 2660 2457 a
2689 2402 2798 2457 Deo
2824 2417 2973 2468 esse;
3008 2402 3098 2457 sed
3133 2419 3225 2457 vos
3257 2403 3419 2457 Deum
3453 2420 3554 2457 non
3580 2420 3756 2458 nosse.
3788 2404 3843 2458 In

2256 2509 2415 2550 causa
2435 2504 2611 2550 autem
2637 2506 2720 2550 est
2740 2495 2879 2566 quod
2908 2495 3141 2558 mentiri,
3171 2504 3224 2550 ct
3246 2495 3442 2550 diaboli
3474 2510 3633 2565 opera
3663 2495 3843 2551 faccre

2255 2587 2448 2642 velitis.
2500 2585 2629 2641 Illud
2677 2598 2850 2640 autem
2896 2602 2959 2641 ex
2999 2586 3210 2656 abjecto
3243 2586 3422 2640 animo
3460 2586 3840 2656 proﬁciscitur,

2257 2687 2315 2732 ut
2353 2677 2624 2747 apostolus
2664 2676 3019 2747 inquitzCum
3060 2677 3192 2730 enint
3228 2676 3292 2730 sit
3334 2677 3461 2729 inter
3501 2691 3587 2730 vos
3627 2677 3767 2729 zelus
3796 2685 3843 2730 et

2256 2769 2504 2823 contentio
2524 2811 2538 2835 ,
2583 2785 2748 2823 nonne
2787 2769 3015 2823 carnales
3053 2769 3171 2822 estis
3206 2769 3280 2838 (l.
3307 2766 3425 2823 Cor.
3450 2768 3501 2823 5.
3530 2767 3634 2837 5)?
3663 2769 3844 2836 Quare

2255 2870 2432 2917 autem
2463 2876 2566 2916 non
2597 2861 2852 2932 potestis?
2881 2844 3011 2928 Quia
3041 2861 3288 2915 desideria
3324 2861 3485 2932 patris
3511 2862 3660 2916 vestri
3685 2862 3841 2916 vultis

2254 2953 2450 3021 facere,
2481 2953 2529 3006 id
2557 2952 2754 3006 curatis
2774 2959 2828 3006 et
2853 2951 3196 3006 contenditis.

2323 3040 2622 3096 Judarorum
2651 3058 2805 3113 opera
2834 3042 3052 3096 Abraha:
3077 3042 3312 3110 operibus
3341 3042 3616 3098 contraria.
3643 3071 3716 3082 -—
3747 3036 3840 3096 \'i-

2253 3132 2372 3189 den‘
2400 3133 2548 3195 illud,
2582 3133 2700 3188 Non
2731 3134 2934 3204 potestis
2953 3174 2969 3200 ,
3001 3133 3298 3204 signiﬁcare
3323 3135 3463 3204 quod
3493 3151 3600 3188 non
3630 3135 3842 3189 velint?

2257 3221 2368 3277 Hoc
2389 3224 2643 3277 Abraham
2668 3239 2766 3278 non
2795 3226 2929 3295 fecit.
2955 3223 3058 3280 Sed
3080 3235 3323 3294 qmenam
3348 3236 3468 3280 sunt
3495 3225 3610 3295 ejus
3634 3239 3796 3297 opera
3815 3227 3842 3278 ?

2252 3314 2640 3382 Mansuetudo,
2673 3315 2932 3370 modestia
2958 3355 2972 3382 ,
3014 3316 3352 3386 obsequium.
3387 3315 3491 3371 Vos
3519 3327 3706 3372 contra
3739 3319 3842 3372 111-

2253 3404 2469 3460 humani
2495 3414 2548 3460 ct
2573 3406 2818 3461 crudeles
2839 3407 2986 3461 estis.
3031 3406 3184 3462 Unde
3212 3419 3389 3463 autem
3416 3407 3547 3463 moti
3575 3416 3734 3474 sunt,
3781 3420 3842 3465 ut

2251 3499 2316 3553 ad
2341 3499 2503 3554 Deum
2524 3499 2904 3566 confugerent?
2942 3497 3062 3554 lllos
3079 3500 3382 3556 Abrahamo
3405 3501 3650 3572 indignos
3665 3513 3844 3560 osten-

2250 3591 2422 3646 derat.
2453 3591 2583 3649 Cum
2614 3592 2742 3647 illud
2774 3593 2942 3648 vitare
2971 3593 3206 3658 vellent,
3250 3593 3301 3648 in
3348 3594 3519 3663 majus
3560 3595 3837 3666 quidpiam

2251 3685 2625 3741 ascenderunt.
2656 3668 2789 3740 Cum
2812 3687 2953 3740 enim
2978 3686 3149 3742 czcdes
3171 3686 3274 3742 illis
3295 3687 3661 3756 exprobraret,
3681 3689 3840 3758 quasi

2250 3779 2315 3835 ad
2343 3779 2706 3836 defens‘oneut
2733 3780 2914 3835 dicunt
2939 3795 2997 3835 se
3025 3780 3186 3835 Deum
3210 3781 3410 3836 ulcisci.
3438 3782 3680 3837 Ostendit
3707 3797 3842 3853 ergo

2251 3871 2379 3927 illud
2409 3872 2578 3941 ipsum
2611 3887 2732 3928 esse
2756 3873 2865 3928 Deo
2889 3872 3304 3927 adversantium.
3333 3871 3463 3928 illud
3493 3883 3694 3939 autem,
3730 3872 3842 3927 Ea:-

2249 3964 2337 4030 ivi,
2364 3965 2625 4034 signiﬁcat
2653 3964 2798 4018 illum
2830 3963 2954 4018 inde
2980 3965 3208 4019 venisse.
3252 3963 3400 4018 Exivi
3425 3965 3566 4018 enim
3595 3961 3840 4018 subludi-

2249 4064 2337 4111 cat
2369 4057 2486 4125 ejus
2515 4057 2581 4111 ad
2611 4071 2708 4112 nos
2735 4054 3042 4111 adventum.
3088 4057 3220 4123 Quia
3260 4065 3435 4111 autent
3467 4056 3839 4111 Verisimiliter

2249 4148 2439 4204 dicturi
2471 4158 2644 4212 erant,
2678 4149 2862 4203 Aliena
2890 4157 2944 4203 et
2975 4161 3106 4203 nova
3139 4148 3370 4217 loqueris
3397 4189 3410 4210 ,
3443 4162 3502 4203 se
3532 4163 3560 4200 a
3592 4149 3700 4201 Deo
3732 4165 3829 4203 ve-

2249 4243 2392 4296 nisse
2412 4241 2562 4296 dicit.
2597 4240 2720 4296 Ideo
2751 4240 2866 4296 haec
2895 4256 3000 4296 non
3027 4240 3237 4304 auditis,
3264 4239 3452 4309 inquit,
3477 4240 3596 4309 quia
3627 4255 3690 4294 ex
3719 4241 3842 4293 dia-

2249 4333 2372 4386 bolo
2398 4333 2546 4388 estis.
2594 4331 2701 4386 Cur
2745 4347 2832 4386 me
2866 4329 3024 4385 vultis
3070 4329 3400 4384 interﬁcere?
3429 4331 3554 4400 quid
3586 4331 3834 4384 criminis

2248 4421 2440 4477 olferre
2473 4422 2731 4490 potestis?
2761 4421 2815 4476 Si
2840 4418 2972 4475 nihil
2998 4461 3013 4485 ,
3043 4435 3138 4474 cur
3165 4434 3268 4474 11011
3297 4419 3512 4474 creditis
3545 4420 3713 4474 mihi?
3743 4422 3839 4475 810

2248 4528 2375 4582 ergo
2401 4527 2521 4565 eum
2550 4529 2614 4565 ex
2653 4511 2927 4566 mendacio
2968 4521 3020 4566 ct
3055 4501 3200 4564 cattle
3229 4511 3345 4564 illos
3373 4524 3436 4566 ex
3465 4511 3676 4563 diabolo
3709 4528 3838 4567 08εο

2247 4604 2569 4659 0810111118801
2591 4643 2603 4666 ,
2637 4603 2826 4671 probat
2851 4613 2900 4656 et
2925 4603 2992 4655 ab
3017 4599 3321 4655 Abrahamo
3347 4611 3400 4655 et
3426 4614 3453 4652 a
3489 4601 3597 4654 Deo
3623 4601 3835 4664 alienos

2245 4710 2394 4758 esse;
2425 4705 2531 4748 tum
2560 4692 2701 4764 quod
2735 4692 2858 4746 odio
2889 4689 3144 4745 haberent
3172 4707 3290 4745 ettm
3323 4691 3410 4760 qui
3443 4705 3500 4746 sc
3523 4691 3653 4745 nihil
3679 4693 3834 4745 la-sc-

2245 4793 2349 4849 rat,
2385 4795 2492 4838 tum
2524 4782 2664 4852 quod
2698 4797 2802 4836 non
2828 4780 3071 4837 audirent
3097 4795 3400 4836 sermonem
3431 4781 3567 4851 ejus.
3601 4781 3836 4836 Demon-

2245 4884 2373 4930 strat
2401 4885 2575 4929 autem
2600 4873 2794 4942 ubique
2816 4887 2874 4928 se
2901 4888 3004 4926 non
3034 4887 3152 4927 esse
3183 4872 3291 4926 Deo
3314 4872 3696 4935 adversarium,
3737 4890 3837 4928 ne-

2243 4986 2345 5040 quc
2369 4968 2486 5022 ideo
2515 4968 2632 5022 illos
2659 4966 2757 5021 sibi
2781 4982 2885 5020 non
2907 4967 3150 5032 credere,
3179 4967 3272 5021 sed
3295 4966 3435 5036 quod
3462 4967 3620 5021 alieni
3643 4983 3831 5022 essent

2243 5075 2270 5113 a
2307 5056 2433 5113 Deo.
2466 5059 2598 5113 Nam
2622 5073 2742 5113 eum
2771 5058 2860 5128 qui
2891 5067 3164 5127 peccatum
3189 5071 3293 5111 non
3329 5057 3468 5124 fecit,
3495 5059 3580 5128 qui
3614 5058 3742 5112 dicit
3769 5077 3834 5114 se

2243 5167 2272 5206 a
2311 5148 2416 5206 Deo
2448 5153 2628 5206 venire
2654 5159 2707 5206 et
2739 5147 2804 5204 ab
2840 5149 2955 5219 ipso
2994 5149 3215 5203 missum
3251 5164 3393 5215 esse,
3419 5149 3509 5219 qui
3541 5149 3826 5203 veriltllt‘ltl

2243 5243 2576 5312 loqui-batur,
2606 5251 2660 5296 et
2691 5243 2759 5296 ita
2789 5241 3104 5311 loquebatur
3125 5277 3140 5306 ,
3171 5251 3228 5295 ut
3253 5255 3441 5296 omnes
3466 5240 3530 5294 ad
3559 5255 3618 5294 se
3641 5241 3831 5294 redar-

2242 5335 2504 5402 guendtnn
2539 5341 2890 5402 provocaret,
2925 5343 3099 5402 neque
3128 5342 3304 5385 tamen
3335 5333 3696 5387 credebatur:
3730 5348 3832 5400 pa-

2240 5425 2341 5476 lam
2384 5433 2497 5476 crat
2541 5423 2661 5478 ideo
2704 5438 2810 5476 non
2846 5421 2987 5476 credi
3016 5460 3030 5487 ,
3063 5421 3202 5491 quod
3237 5422 3307 5476 illi
3336 5421 3578 5476 carnales
3618 5431 3832 5480 essent.

2239 5519 2464 5573 Noverat
2490 5517 2631 5570 enim
2659 5558 2673 5581 ,
2709 5527 2927 5569 noverat
2960 5517 3140 5585 utique
3165 5527 3378 5583 peccata
3407 5515 3639 5570 animam
3669 5515 3830 5583 11110-

2237 5621 2374 5663 ctam
2407 5609 2649 5664 reddere.
2695 5609 2816 5662 Ideo
2840 5651 2851 5670 ,
2889 5608 3090 5677 inquit,
3128 5607 3376 5670 Quoniam
3406 5608 3675 5662 imbecit'lcs
3699 5611 3836 5676 [acti

2235 5698 2351 5755 estis
2379 5701 2443 5753 ad
2473 5700 2776 5754 audiendum
2805 5693 3006 5770 (Hebr.
3033 5701 3086 5753 5.
3116 5699 3171 5752 11
3203 5698 3240 5768 ).
3292 5697 3514 5766 Quando
3543 5699 3686 5752 enim
3721 5709 3834 5754 ter-

2236 5811 2359 5846 rena
2393 5808 2497 5845 non
2529 5799 2703 5859 potest
2734 5792 2852 5857 quis
2881 5797 3246 5852 contemnere,
3281 5787 3551 5857 quomodo
3577 5788 3644 5842 de
3672 5790 3840 5846 cmle~

2237 5886 2404 5940 stilus
2435 5883 2541 5954 phil
2568 5883 2795 5954 .sophati
2827 5879 3051 5952 poterit?
