4064 6470
187 391 275 459 an

254 519 304 568 4.
342 515 562 573 Μαιιῶ
595 518 898 576 exhortatio.
927 514 1124 590 Rupere
1156 529 1373 590 oportet,
1418 536 1518 574 non
1563 523 1786 589 peritura

183 608 331 672 bona,
361 609 452 662 sed
481 626 696 681 regnum
717 610 977 665 arctorum.
1001 639 1072 650 ——
1093 609 1457 676 Quamobrem
1479 651 1495 676 ,
1519 611 1746 666 obsecro
1768 653 1784 680 ,

184 700 314 754 nihil
341 716 447 755 non
472 717 696 772 agamus
720 710 778 757 ut
803 711 1003 756 rectam
1055 701 1396 756 instituamus
1440 702 1626 770 vitam,
1667 704 1786 757 ani-

182 805 324 846 mum
361 804 674 863 purgemus,
699 803 756 847 ut
781 791 911 848 nihil
937 791 1182 847 sordium
1214 791 1367 845 nobis
1396 792 1786 861 impedimento
1831 813 1834 816 '

179 882 265 935 sit.
303 884 602 939 Accendite
625 883 774 936 vobis
804 883 975 937 lucem
996 881 1343 952 cognitionis,
1367 892 1422 935 ct
1447 900 1512 936 ne
1543 884 1782 938 semine-

180 973 244 1027 tis
270 973 320 1028 in
348 971 663 1043 Spinis.’Qni
691 988 796 1028 non
829 974 1075 1044 intelligit
1106 973 1298 1026 malam
1329 985 1450 1028 esse
1481 974 1781 1038 avaritiam,

175 1067 450 1128 quomodo
473 1065 528 1119 id
548 1064 690 1135 quod
723 1064 891 1134 majus
920 1076 998 1119 est
1025 1063 1191 1118 sciet?
1215 1062 1315 1132 Qui
1337 1064 1404 1118 ab
1428 1063 1508 1117 his
1530 1079 1636 1118 non
1663 1064 1786 1118 abs-
1856 1072 1860 1076 '

177 1157 332 1226 tinet,
366 1157 642 1228 quomodo
686 1158 790 1213 illis
824 1157 1086 1212 hmrebit?
1124 1155 1335 1225 Rapere
1365 1155 1563 1210 bonum
1593 1165 1696 1222 est,
1727 1162 1783 1212 a‘t

176 1263 278 1301 non
326 1245 588 1319 peritura,
619 1249 714 1302 sed
769 1264 990 1318 regnum
1039 1247 1330 1312 cwlurum;
1367 1264 1489 1301 nam
1529 1246 1771 1315 Violenti,

175 1341 360 1412 inquit,
397 1343 608 1413 rapiunt
630 1342 761 1397 illud
785 1342 1012 1414 (Matth.
1040 1343 1126 1399 11.
1155 1341 1277 1412 η).
1309 1341 1421 1396 Non
1445 1341 1606 1410 igitur
1627 1341 1775 1396 desi-

163 1431 265 1487 des
298 1448 591 1502 possumus
621 1433 748 1489 illud
798 1434 1091 1504 consequi,
1124 1433 1218 1488 sed
1254 1449 1373 1487 cum
1418 1433 1694 1504 diligentia
1725 1442 1781 1488 et

169 1525 367 1580 studio.
399 1526 508 1581 Sed
555 1525 678 1598 quid
710 1526 810 1581 sibi
843 1528 973 1592 vult,
1011 1524 1274 1581 Violmti?
1301 1525 1569 1580 ‘Vinlentia
1601 1524 1769 1580 multa

165 1623 248 1671 est
269 1631 410 1686 opus
441 1618 460 1685 (
483 1634 603 1672 nam
634 1626 855 1688 angusta
883 1625 968 1671 est
998 1617 1077 1670 via
1095 1615 1145 1687 '),
1173 1627 1225 1670 et
1250 1625 1472 1671 strenuo
1515 1630 1654 1685 Opus
1683 1626 1764 1671 est

163 1705 365 1760 animo.
419 1708 521 1774 Qui
571 1705 804 1777 rapiunt.
839 1717 1028 1761 omnes
1054 1707 1233 1761 volunt
1267 1716 1610 1762 autevertere
1643 1725 1656 1761 :
1692 1708 1776 1761 ni-

165 1794 236 1850 hil
269 1796 586 1868 reSpiciuut,
623 1809 727 1852 non
759 1796 1182 1863 damnationem,
1214 1812 1318 1851 non
1341 1797 1771 1863 accusationum

163 1901 267 1941 non
294 1887 772 1958 suppiicium,‘sed
801 1899 980 1943 unum
1042 1897 1272 1954 tantum,
1306 1888 1355 1942 id
1385 1903 1579 1958 rapere
1629 1888 1772 1958 quod

160 1985 440 2048 appetunt,
469 1990 523 2035 et
547 1991 734 2036 attines
756 1980 844 2051 qui
870 1989 997 2036 ante
1018 1989 1143 2035 sunt
1164 1989 1502 2035 antevertcre
1523 1978 1764 2034 student.

163 2070 456 2140 Rapiamus
479 2086 614 2141 ergo
643 2083 864 2143 rtgnum
913 2070 1192 2127 czelorum.
1251 2069 1366 2126 Non
1404 2077 1491 2124 est
1532 2069 1687 2139 culpa
1719 2067 1770 2124 id

161 2169 370 2230 rapere.
404 2162 500 2217 sed
534 2162 673 2216 laudi
701 2161 893 2227 datur;
937 2162 1095 2231 culpa
1153 2176 1281 2216 vero
1312 2169 1394 2216 est
1424 2171 1529 2214 non
1555 2173 1768 2229 rapere.

160 2250 254 2305 llic
285 2250 490 2307 divitia:
513 2261 716 2308 nostra:
753 2252 942 2308 nonin
969 2252 1190 2308 alterius
1228 2251 1614 2307 detrimentum
1642 2265 1766 2306 ver-

159 2349 293 2394 tunt.
321 2340 799 2412 Studeamns‘ergo
825 2341 949 2396 illud
981 2356 1190 2413 rapere.
1219 2341 1274 2397 Si
1304 2344 1404 2404 ira,
1436 2340 1768 2410 si‘Ctmcupi-

155 2435 358 2488 scentia
392 2433 616 2498 instent,
648 2443 853 2489 natura:
873 2435 982 2488 vim
997 2433 1338 2500 *inl‘eraunus,
1371 2432 1764 2488 mansuetiores

156 2525 348 2593 simus,
376 2524 650 2596 paululum
679 2525 1003 2592 laboremus,
1033 2534 1090 2579 ut
1112 2533 1374 2596 pcrpetuo
1396 2524 1762 2594 quiescamus.

156 2614 232 2669 Ne
272 2616 457 2686 rapias
483 2629 704 2681 aurum;
732 2614 826 2670 sed
843 2615 975 2670 illas
1005 2629 1133 2685 rape
1157 2615 1406 2681 divitias,
1436 2628 1556 2683 quze
1583 2620 1634 2668 te
1658 2627 1761 2668 au-

155 2718 272 2758 rum
301 2720 400 2776 pro
432 2706 545 2760 luto
573 2705 767 2761 habere
791 2703 1074 2761 suadeant.
1102 2707 1195 2761 Dic
1224 2704 1376 2771 mihi,
1406 2705 1450 2760 si
1481 2702 1760 2774 plumbum

155 2807 209 2851 rt
234 2812 432 2852 aurum
459 2803 782 2868 prostarent,
805 2798 930 2869 quid
957 2798 1212 2869 raperes?
1234 2811 1411 2852 nonne
1433 2795 1660 2852 autum?
1683 2795 1763 2851 Tn

1249 400 1321 464 ‘lN
1358 397 1670 464 JOANNEM
1713 405 1942 469 HOMIL.
1979 413 2098 470 'LV.
2140 416 2210 470 al.
2243 418 2390 473 LIV.

3415 437 3518 495 382

1896 541 2023 583 vero
2064 528 2150 583 ubi
2186 532 2230 586 is
2253 535 2344 602 qtti
2378 537 2517 605 rapit
2573 540 2807 607 ruuitur,
2833 545 2976 615 quod
3012 548 3184 618 majus
3209 561 3296 604 'est
3333 554 3506 609 Its-no-

1894 635 2014 684 ras;
2040 621 2128 676 ubi
2150 633 2331 678 autem
2359 639 2543 695 raptor
2565 629 2880 701 honoratur,
2904 638 3045 706 quod
3076 640 3249 710 majus
3266 654 3352 698 est
3381 661 3504 714 pro-

1891 711 1996 766 dis.
2023 712 2177 779 Quod
2209 717 2252 769 si
2286 719 2536 789 n'triuque
2585 725 2790 793 punitio
2843 739 3010 794 esset,
3055 741 3234 786 annua
3280 736 3350 790 ad
3382 711 3504 794 hoc

1891 803 2062 874 magis
2088 806 2369 862 venisses?
2397 809 2506 867 'll’c
2544 823 2723 869 autem
2763 816 2892 871 nihil
2927 819 3031 874 tale
3059 819 3293 884 cst,‘setl
3327 825 3498 882 beati-

1894 893 2042 948 tudo.
2061 887 2140 950 Ἐι
2168 900 2459 967 quomodo,
2493 903 2703 972 inquies
2724 948 2738 971 ,
2768 907 2882 977 rapi
2937 911 3154 978 patest?
3185 904 3404 985 'ijicc
3433 934 3498 974 ea

1890 1001 2007 1055 quae
2025 997 2146 1058 ‘prze
2164 992 2422 1047 manibus
2453 994 2637 1050 habes.
2667 998 2846 1054 Donec
2873 1001 3015 1055 enim
3045 1001 3162 1060 haec
3182 1002 3206 1038 ’⁸
3231 1013 3494 1072 ιιι-πυρῆς,

1891 1077 1977 1131 illa
2011 1093 2201 1150 rapere
2230 1099 2334 1136 non
2371 1092 2544 1153 potes.
2598 1086 2786 1158 Cogita
2821 1093 3009 1147 Virum
3055 1101 3284 1165 argmto
3312 1100 3497 1168 plenas

1890 1180 2080 1228 manus
2120 1173 2440 1241 habentem;
2471 1191 2598 1234 num
2646 1183 2842 1250 poterit
2886 1184 2990 1240 hoc
3034 1192 3249 1243 retento
3305 1206 3495 1247 aurum

1886 1270 2094 1332 rapere,
2148 1264 2247 1319 nisi
2308 1267 2436 1322 illud
2484 1271 2644 1339 'prius
2699 1275 2946 1342 projiciat
2974 1286 3029 1332 et
3055 1279 3338 1349 expeditus
3384 1284 3499 1340 sit?

1888 1349 2348 1424 Raptorem'enim
2389 1362 2697 1430 expeditum
2730 1377 2853 1421 esse
2896 1378 3130 1438 operm,
3163 1387 3229 1428 ne
3259 1377 3497 1432 retinea-

1886 1455 1993 1500 tur.
2037 1446 2169 1500 Nam
2213 1460 2338 1503 sunt
2382 1454 2627 1522 quardam
2673 1457 2996 1514 adversaria:
3028 1464 3337 1532 'po’testates
3374 1484 3498 1540 qua:

1885 1546 1983 1591 nos
2010 1536 2300 1604 invadunt,
2331 1543 2541 1599 ut'illnd
2590 1545 2855 1604 auferant.
2910 1549 3018 1607 Sed
3049 1553 3316 1626 fugiamus
3348 1536 3490 1626 illas,

1884 1623 2170 1699 fugiamus,
2196 1634 2396 1689 nullam
2426 1638 2789 1709 reiinqnamus
2823 1642 2954 1700 l'uris
2975 1623 3182 1702 aItSam.
3211 1623 3494 1708 Funesiu;

1880 1721 2146 1790 cidamus,
2176 1725 2303 1778 nudi
2339 1728 2514 1783 rebus
2558 1732 2912 1791 smcttlarimts
2941 1736 3135 1793 simus;
3178 1739 3312 1808 Quis
3361 1757 3496 1800 usus

1880 1821 1964 1866 est
1992 1813 2286 1869 sericarum
2308 1819 2543 1873 vestium
2567 1821 2590 1873 ?
2614 1829 2895 1894 quousque
2926 1824 3277 1886 ltis'r'tdiculis
3307 1832 3492 1902 impli-

1877 1904 2164 1983 cabimnr?
2189 1913 2476 1980 'quousque
2499 1926 2688 1967 aurum
2729 1914 3106 1975 defodiem‘ns?
3142 1921 3345 1980 Vellem
3376 1926 3492 1982 hate

1878 2006 2140 2068 perpetuo
2177 2000 2391 2058 dicendi
2423 2003 2583 2059 tinem
2617 2005 2808 2064 “facere
2839 2009 2977 2066 :sed
3010 2027 3108 2068 vos
3135 2028 3242 2070 non
3291 2017 3488 2083 sinitis,

1875 2089 2008 2144 mihi
2035 2105 2251 2164 semper
2279 2108 2468 2150 ausam
2495 2094 2820 2166 iit-adtentus.
2873 2102 3072 2160 Verum
3102 2123 3244 2164 nunc
3272 2111 3487 2168 tandem

1875 2179 2236 2250 absistamns,
2267 2193 2325 2240 ut
2365 2189 2614 2260 exemplo
2661 2190 2799 2247 alios
2840 2192 3182 2254 instituentes
3222 2203 3487 2270 promissa

1861 2283 2275 2345 consequamur
2331 2279 2467 2334 bona
2497 2321 2512 2345 ,
2546 2282 2734 2351 ‘gratia
2780 2291 2837 2338 et
2884 2284 3218 2358 benignitate
3274 2290 3484 2356 Dotnini

1874 2367 2044 2422 nostri
2075 2366 2234 2424 Iesus
2261 2367 2485 2437 Christi,
2529 2388 2626 2441 per
2657 2387 2817 2444 quem
2839 2385 3036 2431 etcum
3063 2395 3171 2449 quo
3195 2380 3339 2437 Patri
3363 2385 3484 2454 glo-

1871 2456 1974 2520 ria,
2014 2457 2282 2528 Simulque
2333 2470 2521 2515 sando
2570 2462 2818 2533 Spiritui,
2842 2478 2996 2524 nunc
3021 2477 3076 2525 et
3101 2484 3317 2542 semper
3345 2485 3397 2528 et
3431 2477 3485 2530 in

1870 2549 2067 2606 saecula
2095 2551 2440 2609 saeculorum.
2474 2555 2670 2612 Amen.

1919 2811 1952 2842 ἰ
1989 2809 2072 2861 Alii
2091 2811 2280 2876 legunt,
2305 2817 2582 2881 praeculta,
2609 2818 2866 2885 moram.

1547 2983 1903 3046 HOMILIA
1949 2985 2078 3046 LV.

152 3121 356 3192 (ζΑιορΒ.
389 3153 439 3190 ιι.
472 3137 558 3192 48.
592 3123 982 3210 Responderunt
1005 3156 1125 3213 ergo
1144 3139 1316 3195 Judttzi
1341 3149 1385 3193 et
1409 3137 1647 3193 dixerunt
1668 3135 1753 3191 ei:

218 3226 419 3283 Nonne
444 3229 804 3286 bene-dicimus
837 3249 962 3300 nos,
989 3233 1110 3302 quia
1137 3232 1494 3289 Samaritanus
1520 3249 1572 3287 es
1597 3242 1681 3298 tu,
1708 3242 1756 3285 et

221 3322 534 3376 damouittm
569 3324 778 3381 habes?
821 3326 911 3381 49.
959 3327 1235 3396 Respondit
1278 3326 1428 3382 Jan:
1456 3345 1474 3382 :
1506 3327 1613 3398 Ego
1643 3327 1752 3381 dc-

213 3413 451 3466 monium
480 3431 580 3467 non
606 3414 783 3483 habeo,
811 3417 1207 3486 sei/tenoriﬁco
1237 3417 1469 3477 Patrem.

225 3505 280 3557 1».
308 3503 595 3574 Impudens
622 3508 970 3579 petiturusque
995 3518 1078 3564 est
1099 3511 1318 3572 malitia,
1343 3527 1460 3580 qum
1483 3525 1603 3565 cum
1632 3523 1753 3564 eru-

149 3593 377 3651 ltcsccre
405 3595 648 3664 deberet,
685 3599 852 3667 magis
879 3607 1264 3670 exasperatur;
1314 3611 1371 3656 ut
1402 3600 1610 3656 ludatis
1654 3617 1751 3656 usu

155 3689 317 3744 venit.
359 3689 500 3745 Cum
527 3688 856 3761 oportuisset
897 3695 1038 3748 enim
1071 3710 1137 3749 ex
1162 3694 1318 3750 dictis
1338 3690 1662 3765 eompungi,
1698 3703 1752 3749 et

153 3779 405 3835 admirari
440 3781 686 3836 ﬁduciam
706 3789 724 3846 ',
752 3784 1150 3856 verborumque
1177 3785 1750 3856 consequentiam-Je-

152 3884 266 3924 sum
289 3873 643 3928 contumeliis
671 3873 942 3929 incessunt
967 3915 984 3942 ,
1013 3875 1516 3946 Samaritanuuupte
1547 3893 1608 3930 ac
1635 3876 1749 3930 dan-

152 3963 451 4018 moniacuzn
483 3973 709 4028 vocant,
741 3965 1034 4034 dicuntque
1069 3985 1083 4022 :
1114 3965 1304 4020 Nonne
1348 3967 1473 4020 bene
1503 3966 1747 4031 diximus,

149 4052 266 4120 quia
296 4051 659 4109 Samaritanus
687 4070 738 4108 es
767 4065 819 4106 tu
840 4096 854 4119 ,
872 4065 929 4109 ἐι
954 4055 1260 4110 dwuwnium
1296 4057 1484 4111 habes?
1522 4055 1750 4124 Quando

150 4143 292 4197 eumn
328 4144 560 4199 sublime
586 4143 853 4213 quidpiam
885 4145 1095 4200 dicebat
1117 4189 1132 4208 ,
1162 4148 1212 4200 id
1234 4147 1390 4202 furor
1417 4163 1537 4202 esse
1560 4148 1636 4203 ab
1669 4149 1749 4202 in-

150 4235 379 4290 nonsatis
392 4237 814 4291 existimabatur.
834 4238 989 4306 Atqui
1006 4251 1263 4307 nusquam
1282 4239 1604 4309 evangelista
1623 4249 1746 4295 ante

143 4328 288 4384 dixit
313 4331 486 4399 ipsum
515 4330 910 4385 Samaritanum
941 4330 1262 4400 appellatum
1296 4329 1459 4386 fuisse
1481 4348 1495 4396 ;
1521 4332 1644 4388 hinc
1671 4343 1749 4386 ta-

151 4435 270 4474 men
311 4420 578 4476 credibile
601 4430 686 4477 est
711 4422 881 4491 ipsum
925 4436 1069 4492 smpe
1102 4422 1202 4475 hoc
1232 4423 1451 4477 nomine
1499 4433 1746 4478 meatum

153 4510 330 4566 fuisse.
387 4509 705 4565 Dmmouium
755 4512 906 4566 habet
927 4553 941 4576 ,
966 4513 1161 4582 inquis.
1195 4514 1366 4584 Atque
1396 4526 1513 4569 tttcr
1539 4516 1746 4590 metuo.

149 4603 291 4657 nium
317 4602 514 4657 habet?
543 4618 610 4655 an
639 4603 728 4672 qui
755 4603 922 4657 Deum
947 4602 1194 4666 honorat,
1225 4620 1293 4658 an
1322 4606 1409 4675 qui
1443 4605 1616 4675 ipsum
1644 4605 1744 4660 ho-

145 4705 428 4750 norantem
449 4695 772 4749 contumelia
794 4693 997 4750 allicit?
1021 4695 1155 4761 Quid
1178 4711 1306 4766 ergo
1333 4696 1603 4763 Christus,
1628 4699 1741 4769 ipsa

151 4787 526 4853 mansuetudo,
557 4788 668 4856 ipsa
701 4787 1000 4842 modestia?
1050 4786 1160 4858 Ego
1188 4789 1495 4843 (immanium
1522 4807 1621 4844 non
1652 4792 1742 4845 ha-

147 4879 256 4942 beo,
285 4877 376 4931 sed
399 4878 683 4948 honoriﬁco
708 4876 1030 4948 'Patretn'qui
1056 4880 1190 4934 misit
1227 4880 1347 4934 me?
1392 4880 1494 4936 Ubi
1523 4892 1742 4952 Oporte-

146 4969 237 5023 hat
265 4969 463 5025 ducere
490 4970 631 5035 illos,
664 4969 858 5025 fastum
889 4970 1103 5026 illorum
1151 4972 1474 5040 deprimere,
1503 4983 1560 5028 et
1588 4975 1741 5029 iusti-

150 5070 298 5116 tuere
326 5076 393 5116 ne
420 5061 490 5116 de
517 5060 826 5115 Abrahatnu
852 5061 1018 5116 altum
1045 5073 1316 5131 saperent,
1349 5065 1416 5117 ibi
1450 5067 1743 5122 vehemens

145 5162 288 5215 erat;
323 5151 408 5205 ubi
446 5150 800 5206 contumelias
827 5152 989 5219 l'erre,
1018 5153 1179 5206 multa
1209 5153 1456 5209 utebatur
1484 5171 1736 5212 mansue-

146 5243 347 5296 tudine.

216 5333 344 5400 Qui:
368 5345 546 5389 contra
574 5333 736 5390 Deum
765 5335 1007 5390 dicuntur
1041 5337 1236 5401 ulcisci,
1264 5351 1378 5408 qua:
1399 5346 1575 5394 contra
1601 5358 1692 5396 nos
1714 5385 1730 5406 ,

147 5427 388 5489 patienter
415 5430 548 5498 ferre
598 5444 692 5499 par
718 5438 810 5482 est.
829 5429 1054 5484 —Cum
1094 5429 1362 5497 dicebant,
1397 5433 1607 5489 Patrem
1640 5435 1736 5488 ha-

145 5518 331 5573 bemus
363 5518 530 5573 Deum
555 5529 610 5574 et
637 5521 926 5586 Αῶιτιιιειιη,
957 5521 1010 5574 in
1040 5521 1160 5577 illos
1185 5523 1570 5591 invehebatur;
1615 5541 1734 5582 cum

142 5621 321 5666 autem
372 5607 763 5667 dmm’ouiacum
810 5613 1167 5684 appellabant,
1203 5617 1444 5673 modeste
1485 5619 1737 5687 quu'ttlns

143 5711 260 5765 est;
296 5711 352 5755 ut
383 5717 482 5756 nos
533 5701 856 5770 institueret,
906 5714 1170 5774 quatenus
1199 5722 1258 5762 ea
1288 5723 1408 5778 qua:
1463 5711 1514 5765 in
1567 5713 1732 5766 Deum

144 5789 548 5856 proferebantur
563 5792 963 5858 ulcisceremur,
987 5811 1103 5863 qua:
1127 5797 1177 5849 in
1201 5805 1299 5852 nos
1326 5808 1501 5854 autem
1530 5804 1733 5871 patien-

143 5893 221 5937 ter
247 5879 530 5936 ferrcmns.
557 5881 644 5936 50.
682 5882 790 5954 Ego
807 5901 906 5937 non
931 5901 1103 5951 quer
1132 5887 1345 5956 gloriam
1391 5910 1569 5947 utram.
1607 5895 1731 5950 [hec

504 5985 774 6050 ΡΑτιιοι..
822 5991 936 6050 Gn.
993 5995 1148 6056 LIX.

1871 3130 2004 3198 dixi,
2023 3133 2214 3206 inquit,
2242 3145 2298 3192 ut
2313 3140 2656 3199 ostenderem
2682 3146 2832 3204 vobis
2854 3165 2960 3204 non
2982 3163 3288 3224 competere
3311 3149 3476 3212 Deum

1869 3231 2062 3281 vocare
2115 3237 2343 3296 patrem,
2393 3233 2482 3302 qui
2541 3234 2824 3293 homicida:
2865 3245 3015 3295 estis.
3047 3243 3227 3313 Itaque
3258 3239 3477 3303 honoris

1861 3316 1901 3386 ῑι
1922 3317 2034 3372 sius
2083 3335 2246 3375 causa
2301 3321 2414 3379 ha'c
2457 3323 2590 3389 dixi,
2636 3339 2686 3382 et
2717 3342 2938 3401 propter
2965 3335 3111 3391 illum
3143 3337 3245 3394 hoc
3275 3343 3474 3409 audin,

1866 3416 2027 3478 atque
2069 3421 2287 3481 propter
2328 3414 2501 3484 ipsum
2547 3433 2636 3474 me
2681 3420 3038 3480 iulmnoratis.
3082 3418 3284 3486 Verum
3337 3431 3475 3488 hanc

1865 3501 2247 3556 contumeliam
2278 3519 2395 3560 non
2427 3521 2579 3562 curo.
2611 3509 2688 3565 llli
2734 3512 2877 3567 enim
2907 3515 3028 3570 ideo
3045 3533 3241 3586 pastas
3267 3513 3476 3577 delicis

1865 3590 2151 3657 dictorum,
2183 3604 2403 3663 prOpter
2423 3595 2582 3668 quem
2631 3599 2744 3656 huic
2778 3605 2937 3682 nunc
2976 3593 3137 3663 audio
3209 3600 3320 3682 Ego
3371 3631 3474 3669 non

1862 3696 2033 3749 qturro
2055 3683 2272 3753 gloriam
2300 3688 2486 3742 meam.
2530 3688 2654 3746 ldco
2695 3678 2894 3751 omissa
2923 3682 3154 3755 vindicta
3182 3678 3471 3761 ad‘cohor-

1865 3773 2119 3828 tationem
2143 3775 2345 3839 rcrtOr,
2375 3787 2433 3832 et
2460 3781 2651 3835 auctor
2680 3773 2839 3840 vobis
2869 3801 3010 3855 sntn,
3039 3792 3094 3844 ιιι
3113 3781 3204 3845 illa
3237 3787 3468 3856 faciatis.

1861 3877 2091 3931 quorum
2123 3869 2296 3935 gratia
2329 3873 2435 3923 non
2465 3870 2644 3928 ‘m‘Odo
2692 3864 3011 3946 s'upplicium
3044 3881 3332 3953 elTugielis,
3375 3891 3470 3945 sed

1861 3955 2020 4008 etiam
2049 3956 2211 4011 vitam
2241 3971 2498 4016 :eteruam
2525 3955 2953 4038 Consequemini.
2982 3958 3074 4028 iit.
3109 3966 3292 4046 Amen,
3320 3996 3470 4036 amen

1860 4044 1974 4099 dico
1996 4043 2154 4116 vobis,
2181 4051 2226 4102 si
2248 4050 2362 4120 qui:
2385 4058 2666 4110 sermonem
2696 4059 2860 4114 meum
2901 4066 3172 4120 servaverit
3190 4109 3205 4134 ,
3235 4086 3338 4124 non
3391 4073 3461 4127 vi.

1859 4130 1993 4194 dabit
2022 4153 2233 4197 mortem
2256 4140 2309 4198 in
2333 4141 2599 4204 (sternunt.
2626 4145 2730 4206 llic
2770 4168 2875 4207 non
2909 4149 3070 4211 ntodo
3090 4158 3161 4215 tle
3191 4130 3298 4217 iide
3317 4166 3460 4234 agit,

1859 4231 1954 4287 sed
1987 4233 2151 4290 etiam
2189 4235 2258 4291 de
2302 4236 2406 4319 vita
2436 4255 2586 4310 pura.
2620 4234 2699 4298 Ac
2725 4241 2974 4315 superius
2999 4251 3094 4319 ait,
3132 4237 3302 4309 Vitam
3323 4231 3469 4312 teter—

1861 4338 1980 4378 nam
2032 4322 2268 4391 habebit;
2313 4317 2410 4385 hic
2461 4347 2608 4400 vero,
2641 4336 2860 4391 Mortem
2895 4356 2996 4394 non
3027 4317 3214 4398 videbit
3243 4361 3262 4400 :
3287 4359 3342 4403 et
3365 4365 3468 4406 una

1860 4419 2164 4475 subindicat
2195 4422 2314 4477 illos
2360 4418 2492 4479 nihil
2519 4426 2805 4513 adversum
2838 4446 2896 4488 se
2925 4441 3102 4503 posse.
3139 4437 3270 4493 Nam
3303 4437 3348 4496 si
3378 4441 3466 4513 qui

1859 4526 2164 4569 sermonem
2196 4515 2316 4586 ejus
2343 4521 2659 4601 servaverit,
2691 4527 2796 4578 nan
2827 4526 3106 4595 morietur,
3129 4540 3332 4601 quanto
3363 4539 3466 4591 mi-

1858 4618 1961 4658 nus
1984 4602 2136 4676 ipse?
2163 4607 2216 4661 ld
2241 4607 2365 4662 cum
2399 4593 2473 4664 i’li
2519 4601 2903 4683 intelligerent.
2937 4593 3255 4678 niuali-52.
3309 4625 3467 4682 Nunc

1856 4695 2353 4789 cognoscimuauia
2380 4691 2688 4757 damronium
2717 4692 2869 4762 habet
2898 4724 2917 4762 :
2942 4710 3200 4767 Abraham
3233 4729 3467 4774 mortuus

1857 4796 1948 4850 est,
1979 4790 2238 4859 prophetia
2280 4791 2465 4845 mortui
2504 4792 2656 4859 sunt;
2677 4795 2732 4850 id
2762 4794 2864 4864 est,
2889 4800 2989 4867 Qui
3020 4801 3116 4859 Dei
3157 4820 3466 4866 sermonem

1855 4878 2162 4945 audierunt,
2192 4884 2388 4969 mortui
2415 4880 2562 4953 sunt,
2609 4895 2664 4969 et
2691 4891 2780 4959 qui
2807 4901 2952 4948 tuum
2998 4895 3308 4969 audierunt,
3357 4920 3463 4958 non

1855 4965 2190 5059 morientur?
2218 4963 2308 5030 53.
2355 4963 2625 5049 Numquid
2672 4990 2727 5035 tu
2780 4986 2948 5055 major
2994 5004 3047 5042 es
3097 4973 3246 5060 patre
3292 4963 3464 5051 nostra

1852 5063 2149 5118 Abraham?
2172 5063 2215 5120 Ο
2238 5063 2547 5136 Ῑειρίιιιιιὶτιιιι
2566 5060 2583 5124 ἐ
2607 5062 2818 5129 Rursus
2843 5076 2908 5130 ad
2937 5077 3054 5149 ejus
3084 5082 3461 5152 cognatioitent

1854 5159 2139 5228 refugiunt.
2172 5161 2329 5230 Atqui
2356 5158 2456 5232 'par
2479 5163 2664 5219 inisset
2693 5166 2893 5234 dicere,
2920 5169 3184 5244 Numquid
3209 5185 3266 5230 tu
3289 5176 3461 5248 major

1850 5265 1911 5304 es
1945 5252 2090 5304 lico?
2116 5249 2316 5322 autqui
2348 5251 2398 5307 te
2420 5251 2667 5319 audiunt,
2699 5259 2933 5328 majores
2962 5274 3088 5318 sunt
3113 5263 3459 5326 Abrahamo?

1847 5329 1955 5398 Sed
1985 5360 2087 5396 non
2119 5343 2220 5424 huc
2248 5347 2450 5410 dicunt,
2477 5350 2599 5418 quia
2651 5351 2802 5406 illum
2843 5351 3149 5411 Abrahamo
3192 5363 3456 5419 minorem

1851 5437 2124 5517 putabant.
2152 5422 2389 5490 lirimum
2440 5440 2618 5511 itaque
2665 5441 2781 5497 illos
2835 5443 3132 5503 homicidas
3183 5452 3452 5520 ostendit,

1848 5537 2009 5596 atque
2035 5527 2135 5581 hac
2163 5527 2372 5584 ratione
2395 5525 2539 5599 ipsos
2561 5547 2588 5585 a
2613 5536 2935 5604 cognatiOue
2963 5535 3181 5594 abducit
3213 5559 3226 5596 :
3251 5554 3302 5597 et
3332 5560 3454 5602 cum

1847 5619 2216 5686 persistercut,
2237 5619 2338 5674 alia
2369 5622 2419 5675 id
2439 5620 2748 5693 aggreditur
2776 5627 2877 5692 via,
2907 5623 3285 5687 demonstrans
3309 5636 3457 5704 ipsus“

1847 5709 2042 5764 frustra
2073 5707 2334 5766 laborare.
2374 5714 2447 5768 De
2478 5727 2654 5770 morte
2684 5731 2813 5771 vero
2842 5717 2970 5773 nihil
3001 5717 3150 5787 dicit,
3174 5733 3265 5777 aut
3292 5741 3450 5782 reve-

1846 5801 1939 5868 lat,
1970 5819 2140 5871 neque
2161 5804 2394 5872 explicat
2421 5806 2487 5860 de
2517 5823 2619 5877 qua
2666 5808 2978 5880 loqueretur
3005 5820 3199 5870 morte.
3230 5814 3447 5873 lntcrim

1844 5902 2022 5949 autem
2046 5890 2231 5949 suadet
2261 5895 2362 5950 illis
2389 5911 2446 5952 se
2476 5892 2734 5968 majorem
2783 5901 3092 5960 Abrahamo
3113 5923 3255 5974 esse,
3283 5923 3334 5965 ut
3368 5911 3444 5964 sic

3041 6007 3115 6068 19
