4088 6520
594 432 699 490 ΞΟἷ)

597 569 696 622 illis
727 566 980 635 pudorem
1010 561 1243 617 inferret.
1273 559 1426 622 Sane,
1461 557 1646 626 inquit,
1677 553 1883 609 etiamsi
1911 551 1976 605 de
2008 549 2161 617 vulgo

592 672 790 720 essem,
826 670 927 707 non
953 660 1219 722 oporteret
1247 648 1512 702 innoxium
1546 653 1718 699 morte
1743 641 1986 696 mulctari
2007 657 2021 706 ;
2044 653 2162 693 cum

597 759 770 800 autem
799 746 1067 797 veritatem
1094 741 1285 800 dicam,
1312 738 1619 807 nullumque
1639 731 1943 788 admiserim
1968 743 2157 800 pecca-

599 848 726 898 tum,
754 845 908 905 atque
929 850 956 887 a
988 833 1096 888 Deo
1127 831 1318 885 missus
1335 831 1503 897 major
1518 829 1616 882 sim
1638 824 1958 886 Abrahamo,
1987 834 2161 874 annon

600 928 769 981 furare
800 925 935 995 pleni
966 926 1156 978 frustra
1189 921 1460 983 laboratis,
1497 932 1618 971 cum
1650 929 1735 970 me
1758 912 1971 970 teutatis
1995 911 2160 965 inter-

600 1018 790 1070 ficere?
819 1015 951 1081 Quid
980 1029 1105 1082 ergo
1128 1011 1242 1067 illi?
1273 1010 1424 1064 Nunc
1451 1007 1792 1078 cognoscimus
1824 1006 1941 1074 quia
1970 1001 2161 1055 dento-

597 1107 734 1158 niani
765 1107 932 1159 halm.
967 1106 1032 1157 At
1063 1118 1164 1156 non
1198 1103 1266 1155 ita
1287 1099 1650 1163 Samaritana;
1677 1108 1846 1165 neque
1867 1094 2007 1148 enim
2033 1089 2166 1145 dixit

599 1198 694 1260 illi,
731 1197 1048 1251 Daunuuium
1074 1193 1268 1257 habes;
1303 1191 1393 1246 sed
1419 1199 1654 1253 tantum,
1686 1185 1946 1255 Numquid
1971 1194 2023 1235 tu
2049 1197 2161 1233 ma-

599 1290 678 1350 ior
701 1303 752 1340 es
781 1296 921 1356 patre
943 1293 1110 1338 nostra
1154 1281 1355 1336 Iacob?
1385 1281 1443 1334 Ili
1474 1279 1671 1350 quippe
1715 1272 2083 1332 contumeliosi
2110 1280 2163 1325 et

601 1386 902 1446 arrogantes
932 1384 1120 1440 erant;
1153 1374 1238 1428 illa
1270 1387 1395 1428 vero
1423 1370 1660 1426 discendi
1686 1367 1894 1439 cupida.
1926 1365 2046 1420 ldcu
2068 1364 2164 1416 till-

597 1468 798 1532 bitavit,
827 1476 881 1522 et
904 1466 1078 1522 debita
1102 1481 1220 1520 cum
1248 1464 1505 1519 modestia
1527 1460 1819 1541 respondit,
1853 1457 2158 1512 Dominum-

594 1577 696 1630 que
728 1569 880 1614 vocat
905 1560 1071 1614 illum.
1097 1557 1196 1626 Qui
1221 1557 1362 1612 enim
1393 1557 1545 1625 longe
1572 1554 1771 1623 majora
1803 1550 2087 1620 pollicitus,
2110 1556 2164 1600 et

599 1652 699 1704 tidc
721 1650 910 1717 dignus
932 1657 1065 1712 erat,
1094 1662 1199 1702 non
1221 1646 1539 1702 contumelia
1567 1641 1900 1706 afliciendus,
1930 1641 2038 1694 imo
2067 1638 2161 1691 ad-

599 1743 858 1797 mirationi
880 1741 1152 1796 habendus
1180 1748 1294 1795 erat
1323 1758 1334 1793 :
1366 1740 1417 1793 1ιί
1447 1753 1573 1793 vero
1603 1736 1983 1791 dmmoniacum
2015 1732 2162 1785 illum

597 1834 883 1902 appellant.
915 1831 1258 1888 Samaritana:
1307 1829 1464 1885 verba
1496 1828 1784 1883 dubitantis
1831 1835 2017 1890 erant;
2053 1825 2167 1880 lure

594 1935 768 1979 autem
819 1925 1207 1980 incredulorum
1263 1931 1315 1979 et
1370 1935 1762 1992 perversorum.
1820 1918 2082 1988 Numquid
2112 1926 2166 1970 tu

596 2017 758 2085 major
782 2032 832 2069 es
861 2025 1001 2086 patre
1029 2024 1194 2070 nostra
1224 2015 1476 2068 Abraham
1505 2012 1700 2085 (Joan.
1722 2012 1784 2067 ι.
1817 2009 1964 2081 12)⁴ἰ
1987 2009 2166 2078 Itaque

599 2110 697 2162 hoc
721 2123 840 2162 eum
865 2107 1120 2178 majorem
1152 2106 1295 2171 facit,
1326 2122 1482 2177 quam
1512 2105 1892 2161 bbrahamum.
1916 2104 2046 2158 Cum
2075 2116 2167 2155 au-

601 2212 702 2254 teut
744 2201 888 2254 illum
919 2201 1204 2255 exaltatum
1237 2200 1491 2265 videritis,
1537 2201 1706 2270 ipsum
1749 2199 2167 2267 majorem‘csse

597 2289 996 2343 conlitehimini.
1033 2289 1156 2344 Ideo
1200 2288 1447 2356 dicebat,
1487 2290 1613 2344 Cant
1665 2288 2002 2343 exaltarei'itis
2048 2303 2164 2351 me,

597 2389 711 2431 tunc
750 2379 1050 2448 cognoscetis
1075 2380 1194 2449 quia
1233 2397 1322 2451 ego
1345 2397 1474 2436 sum.
1525 2380 1593 2435 Et
1643 2379 1760 2435 vide
1814 2378 2163 2448 prudentiam.

597 2467 792 2534 Primo,
852 2467 953 2522 illis
999 2483 1029 2522 a
1081 2469 1393 2540 cognatione
1418 2470 1658 2535 semotis,
1708 2469 1940 2524 ostendit
1988 2482 2046 2524 se
2077 2469 2168 2523 illo

598 2559 850 2629 majorem
881 2574 1020 2626 esse,
1051 2569 1106 2613 ut
1149 2559 1421 2630 prophetis
1464 2561 1616 2630 longe
1657 2559 2008 2616 excellentior
2050 2574 2168 2615 esse

600 2651 1002 2720 intelligeretur.
1048 2650 1177 2706 Cum
1224 2652 1365 2706 enim
1420 2651 1566 2705 illum
1613 2666 1823 2720 semper
1854 2651 2166 2721 praphctam

600 2743 947 2811 appellarent,
982 2743 1100 2797 ideo
1147 2742 1392 2798 dicebat:
1427 2741 1606 2797 Sermo
1644 2759 1782 2796 meus
1823 2759 1922 2796 non
1951 2743 2087 2811 cupit
2117 2743 2169 2794 in

598 2833 735 2885 vobis
787 2832 862 2903 (υ.
889 2832 1012 2904 37).
1043 2833 1154 2887 Illic
1202 2848 1362 2902 porro
1387 2833 1616 2899 dicebat,
1648 2847 1704 2888 se
1734 2843 1969 2888 mortuos
2001 2831 2171 2888 susei-

605 2933 752 2988 tare;
781 2924 863 2978 hic
887 2939 1030 2990 vero,
1061 2925 1206 2979 illum
1238 2927 1324 2995 qui
1370 2925 1629 2989 crederet,
1660 2940 1763 2978 non
1793 2925 2028 2978 visurum
2050 2939 2168 2980 esse

600 3024 821 3070 mortem
852 3035 864 3072 :
894 3017 1032 3086 quod
1062 3019 1224 3071 multo
1251 3018 1421 3086 majus
1445 3027 1559 3072 erat
1579 3059 1594 3084 ,
1646 3031 1806 3088 quam
1837 3032 1942 3072 non
1971 3031 2168 3072 concc-

599 3107 725 3160 ilere
757 3114 810 3159 ut
852 3115 1078 3161 ammte
1127 3109 1460 3162 retineretur.
1506 3105 1626 3160 Ideo
1679 3106 1844 3174 magis
1880 3120 2167 3175 exaspera-

603 3197 806 3250 bantur.
841 3196 975 3264 Quid
1011 3213 1138 3268 ergo
1165 3198 1385 3253 dicunt?
1416 3198 1574 3266 Quem
1627 3198 1839 3268 teipsum
1882 3198 2057 3268 facis?
2104 3199 2171 3254 Et

601 3288 698 3340 hoc
729 3287 1142 3352 contumeliose;
1175 3289 1271 3356 Tu,
1300 3290 1557 3359 inquiunt,
1589 3299 1640 3344 te
1666 3287 1924 3344 venditas.
1949 3288 2027 3344 Ad
2059 3290 2170 3344 lucc

595 3377 881 3433 Christus:
913 3379 998 3433 54.
1023 3379 1090 3434 ‘Si
1127 3396 1215 3449 ego
1268 3380 1496 3450 glori/iro
1543 3379 1818 3448 ntcipsnm,
1867 3380 2032 3450 gloria
2062 3397 2171 3433 mea

599 3468 727 3521 nihil
751 3479 841 3521 est.

669 3558 724 3612 2.
767 3559 899 3624 Quid
955 3560 1041 3616 hic
1087 3559 1267 3614 dicunt
1315 3560 1595 3617 lueretici?
1641 3561 1872 3627 Audivit,
1911 3561 2171 3634 Numquid

601 3652 764 3720 major
788 3667 840 3703 es
861 3661 1002 3720 patre
1024 3661 1193 3705 nostra
1220 3652 1519 3705 Abraham?
1539 3667 1636 3710 nec
1663 3667 1824 3707 ausus
1843 3663 1923 3708 cst
1945 3669 2169 3722 respon-

602 3742 750 3805 tlere,
787 3742 957 3796 Etiam
984 3759 999 3807 ;
1051 3742 1144 3798 sed
1193 3743 1416 3798 obscure
1443 3743 1694 3813 loquitur.
1724 3743 1860 3811 Quid
1887 3744 2057 3814 ergo?
2089 3745 2173 3797 ni-

604 3834 744 3886 hilne
773 3843 855 3887 est
878 3834 1046 3904 gloria
1076 3834 1412 3904 ejus?-’Apud
1455 3836 1574 3890 illos
1609 3836 1759 3890 nihil.
1813 3836 2170 3903 Quemadmo-

602 3926 728 3980 dum
773 3928 913 3981 cnitn
957 3926 1108 3994 dicit,
1154 3926 1512 3983 Testimonium
1554 3945 1718 3982 meum
1744 3947 1844 3984 non
1869 3940 1939 3983 est
1968 3946 2168 3997 verum,

602 4035 793 4089 nempe
818 4021 1108 4076 secundum
1141 4021 1344 4077 illorum
1373 4022 1674 4093 opinionem
1709 4041 1722 4077 τ
1754 4020 1832 4076 sic
1856 4022 2031 4076 ethoc
2055 4022 2172 4078 loco

601 4110 748 4172 dicit,
801 4109 889 4165 Est
935 4114 1021 4181 qui
1049 4112 1311 4183 glori/ient
1338 4129 1432 4167 me.
1487 4113 1548 4167 Et
1579 4127 1672 4166 cur
1702 4127 1804 4166 non
1832 4111 1984 4180 dixit,
2019 4112 2173 4168 Pater

601 4201 686 4270 qui
722 4202 864 4256 misit
891 4202 1009 4255 me?
1042 4213 1095 4256 ut
1130 4218 1286 4271 supra
1313 4203 1465 4267 dixit,
1505 4202 1616 4267 sed,
1672 4203 1830 4270 Quem
1873 4219 1958 4258 vos
2008 4204 2172 4258 dicitis

603 4293 718 4358 quia
767 4290 900 4346 Deus
944 4303 1103 4346 vester
1150 4303 1240 4359 est,
1289 4303 1335 4348 et
1381 4310 1481 4348 non
1529 4295 1732 4349 novistis
1771 4295 1926 4350 eum?
1952 4294 2174 4351 Volebat

604 4382 884 4438 ostendere
912 4383 1056 4453 ipsos
1082 4398 1185 4439 non
1213 4385 1372 4440 modo
1411 4386 1644 4451 Patrem,
1678 4385 1770 4442 sed
1814 4385 1974 4441 etiam
2005 4387 2170 4442 Deum

605 4475 870 4542 ignorare.
905 4473 1011 4545 Ego
1038 4484 1202 4530 autent
1224 4476 1336 4530 noui
1355 4493 1487 4530 eum.
1517 4478 1693 4545 Itaque
1712 4491 1839 4530 cum
1869 4475 2009 4544 dico,
2042 4476 2174 4532 Novi

603 4581 735 4630 euut,
768 4582 870 4618 non
902 4576 983 4621 est
1019 4567 1300 4634 jactantia;
1333 4568 1377 4620 si
1407 4566 1635 4621 dicerem
1679 4582 1764 4622 me
1818 4582 1923 4622 non
1977 4582 2171 4634 nosse,

607 4654 936 4710 mendacium
976 4663 1156 4722 esset;
1187 4670 1282 4711 vos
1311 4664 1485 4710 autem
1512 4671 1631 4710 cum
1662 4657 1838 4722 dicitis
1882 4673 1979 4714 vos
2025 4659 2170 4714 illum

605 4762 782 4813 nosse,
812 4749 1094 4804 mendaces
1113 4749 1243 4804 estis
1311 4748 1482 4818 Atque
1517 4757 1573 4803 ut
1606 4763 1706 4804 vos
1741 4717 1897 4805 Masso
1927 4750 2058 4806 falso
2086 4751 2171 4806 di-

602 4839 741 4902 citis,
769 4838 836 4890 lta
863 4852 962 4906 ego
988 4853 1074 4894 me
1098 4852 1203 4894 non
1231 4853 1390 4894 nosse
1413 4838 1555 4895 falso
1580 4838 1832 4896 dicerem.
1863 4839 2038 4912 Si-ego
2063 4842 2172 4913 glo-

600 4929 742 4994 riﬁco
771 4928 1034 4998 meipsum.
1056 4928 1191 4995 Quia
1236 4927 1500 4996 dicebant,
1556 4929 1712 4996 Quem
1755 4931 1966 5002 teipsum
2005 4931 2174 5001 facis?

602 5021 885 5088 respondet
915 5021 1023 5090 ille,
1054 5021 1114 5076 Si
1139 5037 1228 5090 ego
1258 5023 1501 5092 nteipsum
1531 5023 1685 5090 facio,
1714 5025 1877 5097 gloria
1913 5042 2022 5079 mea
2045 5025 2172 5080 nihil

601 5124 692 5168 est.
737 5113 806 5170 Ut
853 5128 982 5184 ergo
1031 5114 1177 5170 illum
1227 5116 1458 5187 perfecte
1506 5118 1649 5185 novi,
1681 5119 1757 5174 sic
1784 5134 1879 5176 vos
1912 5120 2166 5191 ignoratis

603 5206 795 5274 ipsum.
843 5205 910 5260 Ut
964 5221 1084 5260 cum
1115 5207 1182 5262 de
1231 5208 1535 5264 Abraltamo
1569 5220 1843 5281 ageretur,
1873 5227 1979 5265 non
1999 5221 2167 5266 totum

601 5294 830 5357 abstulit,
863 5294 955 5351 sed
985 5295 1136 5363 dixit,
1162 5296 1286 5351 Scio
1311 5298 1432 5366 quia
1461 5312 1643 5354 semen
1677 5299 1904 5353 Abra’ha:
1934 5301 2080 5365 estis,
2112 5310 2171 5356 ut

603 5384 723 5437 hinc
752 5386 1004 5452 majorem
1033 5384 1250 5442 inferret
1288 5389 1676 5442 accusationem
1702 5407 1715 5453 ;
1746 5389 1822 5444 sic
1847 5389 2023 5444 ethoc
2053 5391 2172 5459 loco,

599 5491 702 5528 non
736 5485 898 5530 totum
921 5477 1156 5546 abstulit,
1207 5479 1298 5534 sed
1327 5479 1495 5551 quid?
1523 5480 1679 5546 Quem
1699 5498 1784 5534 vos
1812 5482 1994 5534 dicitis.
2021 5481 2164 5538 Illam

596 5564 896 5620 concedens
941 5567 1160 5636 gloriam
1183 5610 1197 5635 ,
1231 5571 1484 5640 majorem
1515 5569 1693 5625 etl‘ecit
1717 5570 2163 5630 criminationem.

596 5656 873 5724 Quomodo
910 5667 1088 5712 autem
1127 5659 1276 5713 illum
1327 5661 1616 5729 ignoratis?
1667 5661 1801 5728 Quia
1847 5663 2026 5728 illum,
2078 5668 2164 5736 qui

597 5747 769 5800 munia
800 5747 863 5801 ad
890 5747 1007 5816 ejus
1029 5748 1250 5818 gloriam
1284 5749 1406 5805 facit
1429 5761 1482 5806 et
1507 5752 1654 5816 dicit,
1701 5753 2021 5808 contumelia
2052 5754 2169 5809 afti-

597 5836 740 5898 citis,
774 5837 895 5892 licet
925 5837 992 5892 ab
1021 5839 1135 5909 ipso
1157 5839 1347 5894 missus
1381 5842 1466 5897 sit.
1500 5843 1688 5899 Verum
1719 5844 1822 5900 hoc
1849 5845 1962 5900 sine
2005 5847 2150 5900 testi-

1330 441 1382 496 S.
1422 438 1693 496 IOANNIS
1731 431 2166 492 CIIRYSOSTOM

2274 431 2555 487 .RCIIIEP.
2587 433 2845 489 CONSTA
2857 431 3114 489 NTINUI’.
3749 437 3848 492 50b

2271 548 2450 599 mouio
2477 557 2575 610 est,
2606 547 2696 600 sed
2725 547 2864 616 quod
2891 547 3131 615 sequitur
3155 548 3216 601 ad
3244 547 3366 601 illud
3399 548 3727 618 probandum
3754 565 3849 603 usu

2269 642 2466 694 veniet.
2496 641 2583 695 55.
2620 640 2682 692 Et
2704 656 2979 694 sermonem
3002 642 3111 709 ejus
3133 657 3290 693 serra.
3322 640 3418 694 IIic
3448 642 3490 693 si
3513 640 3640 710 quid
3663 654 3849 695 contra

2272 730 2597 797 habuissent,
2644 729 2878 799 objiccre
2910 739 3189 800 poterant;
3231 746 3479 801 magnum
3515 732 3710 801 quippe
3751 732 3849 787 hoc

2269 829 2383 874 erat
2411 822 2681 887 indicium,
2713 822 2882 890 ipsmn
2910 836 2938 875 a
2973 821 3080 876 Deo
3106 822 3324 875 missmn
3354 821 3534 876 fuisse.
3569 823 3658 877 56.
3691 822 3843 876 Abra-

2270 914 2384 964 ham
2408 923 2549 981 pater
2569 923 2723 966 vester
2748 913 3012 966 exsultauit
3037 922 3088 966 ut
3110 914 3293 967 videret
3318 914 3447 967 diem
3471 930 3632 967 meum
3656 930 3674 978 ;
3697 924 3744 967 et
3772 917 3842 968 ei-

2269 1003 2363 1068 dit,
2385 1013 2429 1056 et
2458 1005 2656 1073 gavisus
2693 1013 2783 1056 est.
2816 1003 3046 1057 Rursum
3079 1004 3263 1072 probat
3294 1005 3409 1058 illos
3447 1005 3513 1060 ab
3542 1005 3852 1061 Abrabatuo

2269 1094 2470 1148 alienos
2500 1109 2640 1161 esse,
2669 1094 2880 1164 quando
2900 1095 2966 1148 de
2987 1095 3179 1164 quibus
3207 1096 3294 1150 ille
3317 1097 3597 1166 gaudebat,
3627 1099 3725 1171 ipsi
3757 1097 3852 1151 do-

2267 1183 2400 1239 tent.
2426 1185 2569 1238 Diem
2597 1194 2774 1240 autem
2794 1185 2967 1240 crucis
2989 1185 3073 1240 hic
3093 1185 3327 1240 imlieare
3351 1197 3496 1256 puto,
3522 1205 3680 1259 quam
3707 1189 3852 1242 arie-

2271 1277 2336 1329 tis
2362 1287 2414 1331 ct
2443 1276 2600 1332 lsaaei
2629 1275 2887 1331 sacriﬁcio
2920 1277 3368 1348 prmiiguraverat.
3399 1279 3535 1346 Quid
3564 1296 3692 1350 ergo
3738 1282 3854 1334 illi?

2265 1369 2358 1421 ⁷57.
2396 1368 2744 1440 Quadraginta
2775 1370 2979 1422 Iannos
3029 1370 3253 1424 nondum
3292 1369 3464 1438 habes,
3515 1383 3560 1426 et
3596 1372 3853 1426 Abraham

2269 1460 2478 1514 vidisti?
2520 1459 2698 1528 Itaque
2737 1460 3082 1530 quadraginta
3131 1477 3304 1517 annos
3333 1478 3500 1532 prope
3521 1464 3630 1532 jam
3657 1465 3853 1533 attige-

2269 1559 2348 1604 rat
2375 1550 2635 1605 Christus.
2680 1552 2817 1606 Dixit
2852 1553 2928 1606 eis
2976 1569 2990 1606 :
3037 1551 3344 1624 Priusquam
3393 1555 3646 1608 Abraham
3673 1557 3856 1624 ﬁeret,

2268 1657 2359 1712 ego
2383 1657 2511 1695 sum.
2542 1642 2624 1696 59.
2661 1641 2723 1694 Et
2749 1652 3046 1711 acceperunt
3074 1644 3286 1714 lapides,
3324 1655 3377 1697 ut
3394 1647 3621 1716 jacerent
3639 1648 3689 1699 in
3717 1664 3854 1701 eum.

2276 1731 2457 1787 Viden’
2497 1733 2765 1802 quomodo
2800 1748 2858 1788 se
2896 1734 3198 1788 Abraliamo
3229 1734 3483 1804 majorem
3510 1751 3629 1791 esse
3657 1738 3856 1806 proha-

2272 1823 2564 1891 verit?Qui
2592 1827 2734 1880 enim
2774 1827 2986 1896 gavisus
3029 1834 3113 1880 est
3152 1835 3208 1880 ut
3251 1826 3451 1882 videret
3499 1829 3662 1894 diem,
3713 1840 3766 1883 et
3802 1832 3853 1882 Itl

2271 1914 2503 1983 cptaliile
2532 1919 2756 1984 putavit,
2781 1916 2894 1970 sine
2922 1915 3083 1970 dubio
3106 1916 3154 1970 id
3187 1915 3448 1971 bent-(icio
3490 1932 3608 1972 esse
3629 1921 3856 1988 putavit,

2271 2005 2409 2074 quod
2439 2006 2525 2060 ille
2553 2006 2723 2075 major
2748 2015 2911 2061 esset.
2942 2006 3073 2060 Nam
3098 2021 3216 2061 cum
3249 2005 3420 2062 Judaei
3453 2008 3599 2062 illum
3625 2008 3758 2064 fabri
3799 2015 3856 2062 ti-

2274 2096 2398 2150 liutn
2427 2097 2663 2151 dicerent
2691 2095 2914 2168 (Matth.
2943 2097 3028 2152 I5.
3059 2097 3127 2152 55
3148 2096 3166 2167 )
3191 2139 3206 2161 ,
3238 2111 3410 2166 neque
3450 2099 3678 2166 amplius
3703 2101 3857 2168 quiil-

2271 2201 2428 2256 quam
2454 2187 2520 2242 de
2548 2188 2636 2241 illo
2661 2187 3051 2253 existimarent,
3090 2189 3341 2258 paulatim
3365 2203 3459 2243 eos
3485 2189 3548 2242 ad
3580 2191 3862 2245 sublimia-

2275 2294 2384 2332 rem
2445 2279 2847 2349 intelligentiam
2897 2280 3070 2351 erigit.
3109 2280 3245 2335 Cum
3298 2295 3426 2350 ergo
3465 2281 3749 2336 audierunt
3799 2297 3860 2337 so

2276 2371 2439 2426 Deum
2471 2386 2574 2424 non
2605 2387 2779 2439 nosse,
2811 2372 2861 2425 id
2886 2387 2988 2426 non
3031 2387 3173 2442 aegre
3203 2373 3467 2439 tulerunt;
3516 2389 3635 2428 cum
3675 2386 3859 2430 autem

2273 2461 2584 2528 audierunt,
2630 2463 2905 2531 Antequam
2947 2463 3199 2519 Abraham
3227 2465 3389 2533 fieret,
3422 2483 3512 2537 ego
3539 2484 3674 2533 sum,
3721 2484 3785 2522 ac
3814 2472 3860 2522 si

2273 2569 2456 2609 eorum
2481 2554 2724 2608 nobilitas
2753 2554 3121 2626 degeneraret,
3147 2565 3530 2626 cxasperantur
3554 2569 3608 2613 et
3651 2559 3860 2629 lapides

2270 2645 2491 2715 jaciunt.
2534 2645 2664 2698 Vidit
2697 2647 2827 2699 diem
2855 2664 3036 2710 meum,
3066 2657 3112 2701 ct
3153 2649 3352 2719 gavisus
3395 2659 3488 2704 est.
3515 2649 3761 2705 Ostendit
3792 2668 3855 2706 se

2277 2751 2380 2789 non
2415 2736 2630 2790 invitum
2664 2736 2729 2791 ad
2759 2752 2969 2792 crucem
2999 2739 3179 2794 venire
3206 2757 3218 2792 :
3244 2739 3504 2810 siquidem
3530 2742 3708 2796 laudat
3735 2760 3862 2798 eum

2274 2828 2362 2896 qui
2393 2827 2458 2882 de
2478 2842 2632 2882 cruce
2651 2828 2864 2898 gaudet,
2891 2829 3010 2899 qua:
3033 2829 3176 2884 salus
3199 2831 3382 2885 mundi
3411 2841 3544 2887 erat.
3573 2832 3652 2888 Illi
3678 2845 3863 2889 autem

2277 2918 2575 2989 lapidabant
2607 2939 2617 2972 :
2647 2921 2713 2972 ita
2746 2929 2900 2974 erant
2940 2920 3005 2974 ad
3033 2921 3206 2975 cmdes
3231 2923 3431 2990 parati,
3484 2933 3538 2980 et
3587 2926 3704 2980 sine
3747 2927 3865 2981 ullo

2275 3011 2518 3064 examine
2559 3009 2607 3063 id
2649 3025 2712 3064 ex
2735 3025 2793 3064 se
2825 3009 3108 3064 faciebant.

2349 3097 2410 3152 In
2442 3099 2637 3152 Christo
2655 3115 2767 3162 var,
2804 3101 2954 3164 Sunt,
2975 3101 3348 3170 perpetuitatem
3375 3102 3647 3174 signiﬁcat.
3670 3106 3866 3161 —Cur

2280 3206 2405 3246 vero
2429 3207 2530 3245 non
2560 3192 2711 3254 dixit,
2739 3191 3046 3261 Priusquam
3062 3191 3338 3247 "Abraham
3366 3194 3537 3262 fieret,
3567 3212 3666 3268 ego
3688 3213 3862 3260 eram,

2279 3285 2394 3350 sed,
2430 3284 2538 3353 Ego
2565 3300 2673 3336 sum
2692 3284 2718 3336 .’
2737 3281 2886 3338 Sicut
2910 3282 3096 3355 ipsius
3122 3283 3280 3340 Pater
3312 3285 3398 3340 illa
3429 3301 3556 3343 usus
3579 3297 3661 3343 est
3689 3305 3824 3343 voce
3851 3333 3867 3356 ,

2280 3377 2425 3440 Sum,
2459 3377 2534 3429 sic
2555 3384 2607 3430 et
2637 3375 2742 3429 ille.
2772 3374 2893 3430 [hcc
2913 3375 3107 3445 quippe
3131 3392 3227 3430 vox
3256 3377 3517 3447 significat
3539 3381 3866 3453 ipsumper-

2279 3477 2432 3536 pelue
2456 3481 2593 3527 esse,
2622 3467 2688 3518 al)
2718 3465 2861 3519 omni
2881 3464 3104 3519 liberum
3158 3475 3431 3536 tempore;
3473 3469 3698 3540 ideoque
3731 3474 3869 3543 ipsis

2279 3556 2582 3625 blasplicma
2596 3570 2694 3608 vos
2708 3569 2826 3609 esse
2840 3554 3135 3609 ridebatur.
3151 3555 3247 3623 Qui
3265 3571 3392 3612 vero
3403 3562 3866 3630 comparationem

2279 3648 2420 3700 illam
2444 3662 2560 3700 cum
2585 3645 3021 3700 Abrahamo-non
3047 3645 3306 3712 ferebant,
3337 3649 3457 3704 licet
3481 3651 3567 3706 illa
3586 3669 3689 3706 non
3717 3664 3869 3710 tanta

2269 3749 2418 3794 esset
2445 3756 2458 3805 ;
2487 3741 2528 3793 si
2561 3753 2702 3809 srcpe
2732 3752 2791 3793 se
2819 3738 2958 3792 Patri
2985 3751 3334 3809 cozequasset,
3359 3757 3537 3798 annon
3559 3744 3706 3800 illum
3741 3761 3870 3816 pcr-

2269 3839 2440 3897 .petuo
2498 3829 2886 3898 impedissent?
2930 3829 3138 3884 Deinde
3193 3829 3322 3900 fugit
3373 3833 3564 3887 iterum
3627 3835 3870 3890 humano

2279 3936 2446 3986 inore,
2477 3930 2529 3975 ct
2553 3920 2832 3975 abscondit
2858 3936 2936 3989 se,
2964 3936 3082 3976 cum
3112 3922 3242 3977 satis
3262 3935 3357 3978 eos
3383 3924 3652 3983 docuisset
3679 3937 3736 3983 et
3765 3942 3869 3984 sua

2279 4012 2578 4081 implesset;
2631 4012 2789 4067 exivit
2821 4011 2888 4067 de
2917 4013 3140 4083 templo,
3171 4022 3226 4068 et
3260 4017 3573 4073 secessitad
3602 4019 3731 4074 caeci
3759 4035 3829 4075 cn
3854 4050 3870 4060 α

2279 4105 2559 4168 rationem,
2580 4103 2830 4172 operibus
2856 4103 3011 4159 fidem
3037 4103 3139 4158 sibi
3167 4107 3476 4172 concilians,
3504 4109 3644 4178 quod
3669 4125 3870 4181 nempe

2278 4205 2402 4248 ante
2446 4193 2712 4247 Abraham
2741 4203 2904 4249 esset.
2937 4194 3040 4250 Sed
3073 4194 3208 4250 forte
3238 4196 3380 4252 dicet
3420 4198 3684 4268 quisliiam
3711 4219 3723 4252 :
3746 4199 3876 4257 Cur

2280 4284 2484 4339 illorum
2516 4293 2760 4339 conatum
2795 4299 2898 4339 non
2928 4285 3114 4356 fregit?
3152 4289 3228 4341 sic
3257 4289 3399 4343 enim
3423 4289 3559 4345 forte
3587 4291 3868 4348 credidis-

2277 4383 2417 4428 sent.
2459 4374 2812 4444 Paralyticum
2854 4375 3080 4441 sanavit,
3131 4391 3232 4431 nec
3288 4377 3664 4448 crediderunt;
3715 4383 3867 4440 milia

2280 4466 2427 4534 signa
2460 4467 2600 4532 fecit,
2624 4477 2677 4521 et
2705 4466 2755 4522 in
2797 4468 2908 4536 ipsa
2935 4470 3182 4537 passione
3207 4471 3428 4540 supinos
3472 4473 3592 4530 illos
3624 4485 3869 4544 prostra-

2282 4558 2376 4624 vit,
2409 4558 2617 4610 illorum
2646 4558 2829 4612 oculos
2860 4558 3252 4621 obtenebravit,
3278 4571 3458 4618 etnon
3483 4566 3864 4630 crediderunt;

2279 4658 2332 4702 et
2361 4648 2624 4717 quomodo
2651 4649 3027 4719 credidissent,
3069 4652 3114 4705 si
3164 4653 3270 4706 vim
3313 4664 3366 4709 et
3389 4667 3641 4712 conatum
3671 4673 3866 4716 eorum

2277 4739 2555 4794 solvisset?
2581 4741 2772 4795 Animo
2814 4741 3008 4811 quippe
3053 4741 3338 4811 desperato
3367 4746 3496 4801 nihil
3519 4748 3668 4818 pejus
3700 4766 3714 4804 :
3747 4752 3867 4807 sive

2279 4833 2426 4900 signa
2458 4832 2672 4897 viderit,
2701 4833 2813 4887 sive
2836 4833 3102 4902 prodigia,
3135 4835 3184 4888 in
3212 4835 3400 4890 eadem
3428 4848 3735 4907 perseverat
3757 4841 3869 4895 im-

2279 4920 2548 4989 pudentia.
2584 4920 2712 4976 Nam
2742 4921 2946 4977 Pharao
2972 4924 3116 4978 mille
3140 4925 3306 4996 plagis
3336 4929 3587 4998 acceptis,
3618 4945 3739 4986 cum
3771 4950 3868 4985 m-

2279 5011 2562 5082 stigaretur
2591 5021 2817 5080 tantum,
2847 5015 3216 5086 resipiseebat,
3249 5026 3305 5072 et
3327 5033 3495 5089 usque
3519 5020 3586 5075 ad
3617 5022 3864 5079 ultimum

2277 5103 2416 5157 diem
2446 5102 2582 5158 idem
2606 5106 2856 5173 perstitit,
2887 5107 3007 5163 illos
3027 5124 3162 5179 quos
3177 5110 3458 5166 dimiserat
3484 5126 3866 5184 persequutus.

2279 5195 2401 5249 Ideo
2449 5195 2643 5249 Paulus
2682 5209 2824 5265 smpe
2862 5197 3008 5263 dicit,
3058 5199 3140 5253 Nc
3189 5201 3466 5256 obduretur
3489 5204 3601 5273 quis
3629 5221 3692 5258 ex
3719 5199 3865 5262 vobis

2275 5287 2485 5356 fallacia
2537 5276 2733 5356 peccati
2769 5287 2964 5357 (Hebr.
2991 5291 3042 5343 5.
3073 5291 3164 5360 8).
3204 5291 3664 5359 Quemadmodum
3711 5300 3863 5354 enim

2271 5379 2414 5432 vires
2435 5378 2673 5447 corporis
2698 5380 2716 5408 ²
2738 5379 2953 5434 demum
2982 5382 3412 5452 exstinguuntur,
3436 5396 3487 5439 et
3504 5401 3714 5441 omnem
3734 5405 3865 5443 seno

2340 5493 2354 5523 ι
2391 5491 2466 5562 sic
2482 5505 2659 5562 omnes
2682 5500 2785 5562 uss.
2813 5498 2865 5542 et
2880 5491 3004 5562 fiditi
3030 5493 3370 5562 Qlirysostomi,
3393 5503 3545 5562 atque
3568 5499 3633 5548 ita
3651 5498 3860 5562 legitur,

2271 5553 2513 5615 inquiunt,
2536 5555 2588 5616 in
2627 5555 2835 5616 quodam
2879 5553 3139 5605 Barberino
3181 5556 3370 5606 Codice.
3395 5553 3486 5606 sed
3505 5553 3862 5616 alioruni'xovi

2272 5615 2567 5685 Testamenti
2594 5615 2946 5685 es’emptarium
2965 5625 3165 5685 recepta
3190 5617 3336 5685 lectio
3359 5626 3465 5685 est,
3489 5615 3862 5685 quinquaginta.

2335 5677 2354 5705 ¹
2388 5674 2498 5734 Hic,
2523 5677 2675 5741 inquit
2696 5674 2857 5741 savil_.,
2880 5674 3191 5741 inserendum
3215 5674 3726 5741 conjicitdoetissiinus'
3755 5674 3863 5735 ῐιυίξ

2277 5737 2394 5806 sius,
2419 5736 2600 5806 morbis
2613 5736 2852 5806 diuturnis
2871 5739 3147 5806 exhaustat,
3177 5749 3227 5788 et
3249 5736 3444 5806 quidem
3478 5741 3658 5806 aliquid
3686 5747 3862 5806 huius-

2273 5796 2397 5864 modi
2420 5798 2686 5864 desiderari
2708 5797 2886 5847 clarum
2907 5809 2996 5848 est.
3014 5800 3191 5849 Verum
3215 5796 3476 5853 reclamant
3498 5796 3659 5864 ortiuia
3682 5796 3859 5860 exeni-

2277 5858 2438 5920 plaria,
2468 5867 2517 5908 et
2539 5861 2606 5908 sic
2631 5873 2772 5922 posse
2798 5870 2928 5910 stare
2955 5872 3142 5911 textum
3167 5864 3392 5916 arbitror.
