4064 6468
195 611 314 652 sunt
343 590 600 647 amittunt
624 609 638 646 :
662 589 743 646 sic
767 599 821 646 et
847 585 1018 643 anima
1047 585 1228 642 multis
1249 582 1532 640 ail‘eetibtts
1558 580 1797 642 detenta,

196 688 262 742 sd
289 688 548 741 virtutem
578 681 636 738 lit
668 681 811 736 velut
838 688 1068 735 mortua.
1091 676 1357 747 Quidquid
1389 675 1487 747 ipsi
1515 672 1795 738 obtuleris,

197 777 332 836 nihil
360 778 564 841 sentit;
599 773 696 830 sed
723 773 836 829 sive
879 773 1223 844 supplicium,
1265 771 1378 826 sive
1417 767 1632 840 quidvis
1653 765 1796 820 aliud

196 870 570 935 commincris,
596 869 713 924 sine
739 881 898 923 sensu
921 874 1122 922 manet.

267 963 322 1019 3.
354 961 546 1018 Contra
562 959 759 1014 invidos
779 976 797 1024 ;
821 957 1022 1012 invidus
1043 965 1099 1011 ut
1121 957 1277 1010 alium
1296 955 1494 1026 perdat,
1505 969 1624 1024 ipse
1643 951 1794 1022 perit.

220 1086 266 1101 -
286 1054 652 1124 Quamobrem
677 1094 692 1116 ,
740 1052 965 1108 obsecro
987 1091 1002 1118 ,
1043 1049 1216 1106 donec
1240 1064 1389 1120 spem
1414 1047 1602 1102 salutis
1634 1045 1797 1100 habe-

198 1163 337 1212 mus,
361 1145 538 1201 donec
557 1142 793 1200 converti
819 1156 1124 1213 possumus,
1155 1141 1333 1196 omnia
1365 1139 1636 1195 faciamus.
1663 1135 1794 1192 Nam

191 1238 281 1310 qui
309 1251 476 1293 sensu
497 1245 700 1302 carent,
725 1243 995 1306 tamquam
1012 1233 1400 1304 gubernatores
1424 1229 1790 1300 desperantes,

193 1343 386 1384 navem
420 1327 594 1383 ventis
622 1325 983 1391 committunt,
1013 1323 1143 1378 nihil
1183 1337 1247 1377 ex
1279 1336 1337 1377 se
1365 1321 1685 1384 allerentcs;
1716 1319 1795 1374 sic

189 1433 248 1473 se
273 1418 516 1486 denique
540 1417 626 1472 isti
653 1424 864 1486 gerunt.
896 1414 1113 1469 invidus
1159 1413 1260 1468 hoc
1287 1428 1449 1467 unum
1480 1419 1704 1480 spectat,
1738 1417 1819 1464 ιιι·

187 1511 546 1582 cupiditatem
588 1525 738 1565 suam
774 1508 995 1579 impleat
1037 1507 1181 1562 :etsi
1222 1505 1543 1575 supplicium
1565 1511 1622 1558 ct
1646 1517 1791 1554 tuor-

190 1612 297 1656 tem
323 1603 397 1656 sit
439 1602 730 1667 subiturus,
762 1598 1012 1654 morbum
1049 1598 1214 1652 animi
1241 1606 1390 1651 curat
1419 1595 1627 1659 solum;
1657 1602 1794 1648 utet

190 1693 496 1762 impudicus
538 1702 592 1748 et
647 1705 857 1746 avarus.
901 1689 954 1746 Si
1013 1705 1143 1745 vero
1183 1698 1324 1745 tanta
1364 1688 1434 1744 sit
1478 1686 1790 1741 morborum

187 1786 352 1840 animi
385 1785 646 1857 tyrannis,
681 1782 850 1838 multo
876 1781 1050 1853 major
1080 1782 1291 1836 virtutis
1321 1780 1401 1834 vis
1443 1794 1564 1834 esse
1607 1778 1785 1833 debet.

188 1875 244 1933 Si
295 1886 520 1947 prOpter
575 1876 662 1930 iiia
705 1883 932 1929 mortem
987 1873 1354 1945 despicimus,
1399 1880 1615 1942 prOpter
1655 1870 1791 1924 hanc

189 1969 357 2024 multo
389 1967 558 2038 magis
591 1967 969 2036 deSpiciamus.
1000 1965 1056 2020 Si
1095 1980 1245 2019 suam
1277 1964 1350 2017 illi
1378 1963 1609 2016 animam
1637 1975 1790 2031 sper-

187 2073 343 2130 nunt,
370 2062 542 2116 multo
575 2061 744 2130 magis
775 2059 927 2114 nobis
955 2073 1051 2130 pro
1077 2058 1249 2113 salute
1280 2056 1459 2113 omnia
1485 2053 1787 2126 spernenda

184 2162 334 2207 sunt.
367 2152 500 2220 Qua:
527 2151 669 2205 enim
702 2150 854 2205 nuiis
881 2151 985 2205 erit
1010 2149 1304 2214 excusatio,
1351 2149 1395 2203 si
1432 2161 1553 2202 cutn
1601 2146 1671 2201 illi
1699 2146 1788 2216 qui

185 2253 438 2312 pereunt,
469 2252 666 2296 tantam
703 2242 953 2312 perniciei
983 2255 1096 2296 sua!
1121 2239 1251 2295 dant
1276 2253 1520 2310 operam,
1548 2253 1652 2293 non
1692 2252 1786 2307 pa-

184 2351 298 2391 rem
347 2348 449 2390 nos
490 2350 586 2406 pro
628 2334 800 2389 salute
835 2343 1016 2388 nostra
1041 2332 1414 2397 exbibeamos,
1447 2330 1540 2386 sed
1572 2345 1788 2401 semper

184 2429 387 2485 invidia
443 2427 819 2483 tabescantns?
861 2426 1003 2481 Nihil
1061 2425 1207 2481 enim
1250 2425 1445 2480 invidia
1497 2423 1684 2495 pejus;
1731 2431 1788 2478 ut

181 2521 349 2574 alium
383 2519 571 2590 perdat
597 2518 827 2586 invidus,
859 2520 974 2589 ipse
1015 2519 1171 2588 perit.
1198 2517 1366 2573 invidi
1388 2519 1573 2572 oculus
1599 2516 1789 2572 dolore

182 2613 430 2678 tabescit,
466 2612 518 2667 in
547 2622 717 2668 morte
749 2613 876 2668 vivit
920 2623 1180 2682 perpetua
1202 2655 1215 2676 ,
1257 2627 1448 2668 omnes
1491 2612 1786 2667 arbitratur

179 2703 280 2758 sibi
314 2703 584 2768 inimicos,
611 2703 703 2774 qui
725 2703 885 2759 etiam
909 2703 1042 2758 nihil
1073 2719 1136 2759 se
1161 2705 1434 2762 ltnscruttt.
1468 2704 1617 2759 Dolet
1641 2701 1785 2774 quod

183 2796 324 2850 Deus
367 2795 684 2862 honoretur,
716 2796 914 2867 gaudet
942 2796 1010 2851 de
1039 2798 1232 2864 quibus
1276 2797 1486 2852 lattatur
1518 2797 1780 2853 diabolus.

181 2887 273 2944 Ille
297 2887 596 2947 honoratur
627 2888 697 2944 ab
726 2889 1069 2944 hominibus?
1100 2890 1205 2946 Sed
1239 2906 1343 2945 non
1367 2900 1450 2946 est
1467 2889 1560 2948 hic
1592 2889 1786 2955 honor,

179 2995 244 3037 ne
291 2980 556 3037 invideas.
593 2980 699 3038 Sed
734 2996 764 3037 a
803 2983 914 3038 Deo
952 2981 1287 3039 honoratur?
1331 2982 1545 3039 Imitare
1589 2982 1763 3036 illum.

1265 469 1330 526 IN
1364 464 1680 524 JOANNEM
1747 458 1977 518 liOMlL.
2013 457 2146 516 LVI.
2187 455 2257 515 al.
2303 453 2412 514 bV.

3407 459 3513 518 506

1907 573 2010 630 Sed
2044 588 2148 629 non
2181 573 2299 630 vis?
2329 571 2440 628 Cur
2466 587 2598 646 ergo
2627 574 2856 644 reipsutn
2909 575 3056 645 perdi
3102 575 3126 630 ?
3155 590 3252 630 cur
3296 576 3510 649 projieis

1909 666 1960 722 id
1985 665 2126 738 quod
2159 666 2362 722 habes?
2389 665 2504 722 Non
2535 675 2688 738 potes
2715 667 2792 722 illi
2834 683 2930 738 par
2957 682 3082 723 esse
3103 709 3118 734 ,
3150 683 3324 740 neque
3351 668 3511 724 virtun

1908 766 2012 812 tem
2040 756 2295 830 assequi?
2314 772 2412 812 cur
2429 757 2685 813 malitiam
2707 757 3094 828 amplecteris?
3119 757 3406 828 Oporteret
3434 761 3506 813 illi

1903 850 2181 922 gratulari,
2209 859 2264 904 ut
2293 850 2336 905 si
2365 864 2470 905 non
2493 851 2667 920 possis
2697 850 2938 905 laborum
2961 864 3191 906 consors
3220 865 3360 917 esse,
3400 851 3506 906 sai.

1906 953 2010 999 tem
2034 957 2098 999 ex
2126 941 2585 1014 eongratulatione
2624 944 2867 999 lucreris.
2917 943 3074 1014 Smpe
3119 959 3351 1014 namque
3383 960 3506 1015 pro-

1905 1035 2135 1106 positum
2177 1034 2376 1089 sufﬁcit
2408 1034 2473 1088 ad
2521 1050 2772 1105 magnum
2823 1036 3183 1105 pra-standum
3219 1051 3377 1105 opus.
3417 1037 3506 1092 Ait

1902 1127 2098 1197 quippe
2125 1124 2370 1180 Ezechiel
2407 1123 2575 1196 (Cap.
2602 1128 2690 1182 55.
2723 1127 2786 1184 l5
2818 1130 2855 1191 ),
2883 1127 3004 1182 ideo
3025 1127 3502 1198 Moabitaspuniri,

1900 1218 2045 1289 quod
2116 1215 2185 1272 de
2233 1216 2593 1272 israelitarum
2667 1219 2820 1272 malis
2885 1219 3208 1289 gauderent:
3265 1220 3507 1291 aliosque

1901 1310 2126 1364 salutem
2158 1308 2436 1380 consequi,
2462 1309 2601 1378 quod
2631 1308 2700 1365 de
2740 1310 2969 1364 aliorum
2999 1310 3152 1366 malis
3180 1312 3504 1383 ingemisce-

1901 1409 2038 1457 rent.
2069 1400 2220 1468 Quod
2248 1400 2291 1455 si
2313 1401 2521 1470 aliquid
2547 1400 2670 1456 boni
2698 1411 2754 1458 et
2779 1403 2956 1458 solatii
2986 1404 3056 1458 sit
3082 1404 3146 1458 iis
3167 1405 3256 1476 qui
3284 1415 3507 1476 gemunt

1897 1494 1972 1550 de
1991 1493 2217 1549 aliorum
2250 1494 2424 1562 malis,
2447 1495 2626 1550 multo
2645 1495 2815 1566 magis
2844 1494 2908 1550 iis
2931 1496 3019 1566 qui
3052 1495 3120 1551 de
3142 1496 3370 1552 aliorum
3403 1498 3500 1551 lto-

1900 1585 2123 1642 ttoribus-
2142 1585 2396 1657 gaudent.
2423 1585 2686 1642 Moabitas
2716 1587 2994 1643 incusabat
3021 1587 3174 1660 quod
3190 1588 3256 1667 de
3284 1587 3501 1645 Israeli-

1900 1689 2071 1746 tarum
2100 1679 2253 1734 malis
2279 1678 2579 1750 gauderent
2613 1699 2625 1734 :
2661 1682 2806 1752 atqui
2841 1681 2980 1736 Deus
3008 1682 3304 1755 castigabat
3347 1682 3502 1742 illos:

1897 1773 1990 1830 sed
2016 1788 2120 1829 non
2149 1774 2261 1828 vult
2285 1787 2383 1829 nos
2411 1774 2647 1847 gaudere
2684 1775 2751 1832 de
2781 1776 3058 1846 suppliciis
3087 1776 3155 1831 ab
3201 1792 3260 1832 se
3291 1777 3456 1833 illatis
3489 1797 3500 1830 :

1896 1884 2072 1940 neque
2095 1869 2238 1924 enim
2284 1869 2495 1924 iactatur
2537 1869 2664 1923 dum
2697 1869 2996 1924 ulciscitur.
3042 1853 3195 1938 Quod
3225 1869 3269 1925 si
3301 1869 3498 1925 condo-

1896 1959 2113 2015 lendum
2138 1968 2220 2014 est
2239 1960 2588 2030 patientibus,
2616 1960 2789 2015 multo
2818 1961 2989 2031 magis
3019 1970 3235 2031 oportet
3271 1961 3504 2017 honora-

1900 2053 1967 2108 tis
1990 2066 2096 2108 non
2127 2052 2390 2108 invidere.
2419 2051 2508 2108 Sic
2531 2054 2806 2124 perierunt
2846 2052 2986 2109 Core
3039 2060 3095 2108 et
3132 2052 3361 2119 Datban,
3411 2056 3500 2124 qui

1895 2159 2008 2210 eos,
2037 2143 2233 2217 quibus
2257 2144 2588 2213 invidebant,
2611 2143 3002 2216 splendidiores
3019 2144 3396 2212 reddiderunt,
3416 2160 3505 2202 se-

1895 2254 2060 2310 seque
2085 2239 2273 2295 ultioni
2306 2239 2663 2295 tradiderunt.
2711 2238 2845 2295 Fera
2877 2239 3075 2309 quippe
3114 2248 3199 2294 est
3230 2254 3501 2295 venenosa

1897 2335 2114 2404 invidia,
2146 2335 2256 2391 fera
2281 2335 2523 2405 impura;
2551 2333 2754 2389 malitia
2787 2333 3106 2398 voluntaria,
3138 2347 3260 2404 qua:
3285 2334 3501 2389 veniant

1897 2443 2004 2483 non
2032 2437 2322 2491 mereatur,
2355 2427 2591 2497 nequitia
2619 2441 2738 2497 qure
2765 2425 2981 2483 defendi
3030 2426 3236 2496 nequit,
3261 2426 3500 2481 omnium

1896 2517 2159 2573 malorum
2183 2531 2342 2572 causa
2370 2524 2428 2571 et
2452 2526 2642 2571 mater.
2676 2516 2802 2572 ideo
2842 2517 2994 2571 illam
3014 2516 3275 2572 radicitus
3300 2516 3501 2573 evella-

1893 2611 2087 2677 lamus,
2112 2618 2170 2665 ttt
2197 2618 2252 2665 et
2275 2626 2303 2663 a
2333 2610 2690 2679 priescntibus
2717 2609 2873 2665 malis
2895 2610 3208 2676 liberemur,
3239 2624 3291 2667 et
3321 2610 3499 2667 futura

1893 2716 2288 2772 consequamur
2309 2701 2473 2770 bona,
2506 2702 2676 2772 gratia
2705 2710 2759 2757 et
2794 2701 3124 2772 benignitate
3166 2704 3374 2759 Domini
3404 2720 3502 2759 no-

1895 2795 1992 2850 stri
2017 2794 2146 2851 Jcsu
2170 2793 2393 2872 Christi,
2427 2810 2523 2864 per
2547 2810 2709 2866 quem
2738 2803 2791 2851 et
2829 2810 2952 2852 cum
2981 2812 3090 2869 quo
3129 2797 3273 2852 Patri
3305 2797 3496 2869 gloria,

1895 2886 2162 2957 simulque
2187 2886 2410 2958 Spiritui
2433 2896 2646 2956 sancto,
2676 2903 2820 2944 nunc
2844 2898 2899 2945 ct
2940 2903 3177 2962 semper,
3210 2898 3265 2947 et
3291 2890 3345 2946 in
3397 2903 3500 2946 ste-

1896 2979 2015 3035 cula
2042 2977 2386 3034 sreculorum.
2419 2979 2612 3034 Amen.

1595 3184 1936 3249 HOMILIA
1969 3182 2132 3243 LVI.

179 3334 304 3392 Car.
357 3335 412 3392 9.
456 3351 511 3389 ν.
545 3337 592 3390 I.
626 3335 691 3390 Et
721 3335 1011 3406 pmteriens
1047 3333 1200 3390 Iesus
1229 3334 1351 3390 vidit
1385 3334 1640 3388 hominem
1682 3347 1781 3386 ca:-

247 3443 365 3480 cum
395 3443 428 3480 a
457 3427 717 3482 nativitate
745 3426 836 3480 :2.
866 3437 914 3481 et
939 3427 1375 3496 interrogaverunt
1403 3441 1516 3479 eam
1540 3422 1780 3494 discipuli

248 3521 361 3588 ejus
380 3560 395 3583 ,
425 3519 646 3573 dicentes
672 3534 690 3572 :
721 3517 880 3573 Rabbi
897 3560 911 3585 ,
934 3519 1047 3590 quis
1070 3519 1308 3588 peccauit,
1329 3517 1432 3584 hic,
1458 3532 1525 3570 an
1549 3524 1781 3586 parentes

248 3611 390 3678 ejus,
425 3619 479 3662 ut
505 3625 666 3665 aecus
694 3610 1024 3663 nasceretur?

256 3701 305 3757 l.
346 3699 414 3753 Et
441 3701 734 3770 prwteriens
757 3700 910 3756 Iesus
934 3702 1056 3756 vidit
1083 3701 1339 3756 hominem
1364 3717 1554 3756 crucum
1590 3717 1622 3754 a
1649 3698 1782 3754 nati-

180 3793 352 3846 sitate.
417 3792 694 3848 Numanus
741 3806 862 3848 cum
912 3794 1015 3858 sit,
1057 3804 1112 3848 et
1149 3802 1348 3849 nostra:
1389 3793 1576 3848 salutis
1625 3790 1780 3863 cupi-

178 3882 300 3948 das,
355 3893 417 3938 ut
464 3883 830 3953 improborum
883 3899 976 3938 ora
1026 3883 1352 3954 Obstrueret,
1401 3885 1532 3940 nihil
1584 3885 1782 3940 omittit

180 3991 370 4031 eorum
399 3991 516 4046 quae
554 3975 812 4031 adhibere
843 3991 937 4046 par
961 3986 1099 4047 erat,
1142 3979 1243 4035 etsi
1273 3994 1433 4034 nemo
1457 3979 1506 4035 ei
1533 3977 1778 4034 attemleo

181 4075 282 4122 ret.
316 4065 432 4121 lloc
469 4066 657 4121 videns
690 4067 947 4137 propheta
993 4068 1204 4124 dicebat
1245 4088 1258 4126 :
1311 4069 1376 4126 Ut
1400 4071 1702 4142 jttsliliccris
1728 4069 1780 4122 in

180 4158 497 4213 srmonibtts
526 4159 645 4224 tuis,
680 4170 733 4213 et-
755 4161 925 4217 vincas
952 4178 1066 4215 cum
1089 4161 1346 4233 jndicaris
1377 4162 1549 4234 (Psat.
1583 4163 1670 4220 50.
1698 4164 1778 4238 ti).

184 4249 307 4304 Ideo
329 4264 479 4305 nunc
499 4291 514 4318 ,
547 4251 685 4320 quia-
708 4251 1004 4307 verborum
1043 4252 1425 4309 sublimitatem
1457 4272 1571 4311 non
1602 4260 1783 4327 capie-

182 4341 646 4409 lxtnt,.,sed“etiam
676 4338 1070 4400 dmtuoniacnm
1114 4345 1261 4400 illum
1295 4347 1576 4416 vocabant,
1621 4357 1783 4420 atque

183 4434 314 4491 inter
330 4436 490 4491 licere
517 4434 824 4504 tentabant,
853 4453 884 4493 e
925 4438 1125 4508 templo
1150 4453 1421 4510 egressus,
1457 4456 1659 4497 crocum
1691 4457 1781 4498 sa-

184 4539 295 4595 nat,
331 4535 392 4583 ut
429 4537 484 4584 ct
523 4528 766 4585 absentia
795 4544 890 4585 sua
927 4529 1144 4586 illorum
1171 4531 1409 4590 furorem
1438 4534 1687 4601 sedaret,
1729 4545 1784 4591 et

184 4621 336 4692 signo
363 4619 509 4675 iacto
532 4620 784 4676 duritiem
812 4621 1021 4677 illorum
1053 4623 1546 4696 immanitatemque
1573 4629 1781 4682 emolli-

185 4722 266 4768 ret
285 4754 301 4776 ,
331 4727 396 4766 ac
424 4711 583 4768 iidem
615 4713 769 4770 dictis
797 4716 1144 4782 conciliaret;
1185 4718 1503 4789 signumque
1539 4720 1648 4776 edit
1676 4737 1780 4776 non

184 4803 437 4874 vulgare,
467 4805 561 4859 sed
588 4805 889 4875 quod"tune
923 4807 1152 4877 primum
1187 4811 1360 4878 visum
1394 4809 1584 4866 iuerat.
1616 4815 1655 4866 A
1687 4829 1781 4867 σαι·

184 4895 324 4962 culo,
348 4895 539 4966 ittquit,
561 4913 663 4952 non
683 4905 755 4952 est
771 4898 1022 4966 auditam,
1047 4899 1184 4969 quod
1205 4903 1458 4972 aperuerit
1479 4905 1590 4968 quis
1607 4908 1782 4959 oculos

182 4989 302 5043 arci
331 4989 438 5043 nati
466 4988 655 5060 (Joan.
689 4991 741 5047 9.
769 4990 896 5063 52).
943 4992 1080 5047 Caeci
1113 4992 1253 5048 enim
1283 4993 1466 5048 oculos
1493 4995 1630 5051 forte
1660 5001 1779 5067 quis

181 5083 488 5150 spernet-it;
520 5082 648 5138 c:eci
679 5082 786 5137 nati
820 5125 835 5151 ,
875 5098 979 5138 nou
1018 5084 1165 5139 item.
1194 5085 1271 5140 Ac
1301 5086 1442 5156 quod
1473 5102 1722 5157 egressus
1751 5105 1783 5144 e

183 5174 384 5243 tetnpio
424 5173 489 5229 ad
522 5174 625 5231 hoc
655 5175 778 5231 data
807 5191 971 5245 Opera
1005 5179 1207 5232 venerit
1236 5227 1248 5245 ,
1288 5179 1408 5234 inde
1441 5181 1615 5250 palam
1656 5191 1737 5237 est
1765 5236 1775 5249 ,

180 5266 322 5334 quod
355 5268 466 5336 ipse
498 5282 700 5323 czrcutn
732 5268 956 5334 viderit,
986 5285 1164 5327 cmcus
1196 5287 1324 5326 vero
1351 5273 1416 5327 ad
1451 5274 1624 5343 ipsum
1671 5291 1777 5329 non

182 5358 410 5411 venerit.
458 5359 521 5413 Et
563 5370 669 5413 tam
716 5359 999 5432 diligenter
1048 5362 1195 5416 illum
1239 5363 1460 5418 intuitus
1488 5375 1610 5430 est,
1640 5375 1698 5422 ttt
1727 5368 1782 5422 id

180 5448 426 5519 discipuli
474 5451 855 5519 adverterent,
899 5464 953 5508 et
992 5455 1057 5508 ad
1089 5456 1523 5528 interregandum
1554 5461 1776 5517 induce-—

181 5549 386 5593 rentur.
418 5539 674 5598 Vitlentcs
701 5545 843 5599 enim
873 5560 996 5600 eum
1031 5545 1270 5602 studiose
1310 5551 1733 5619 conspicientem
1759 5595 1773 5619 ,

179 5629 650 5702 interrogaverunt
681 5651 803 5690 eum
835 5655 849 5693 :
882 5637 1010 5703 Quis
1033 5639 1274 5707 peccavit,
1299 5641 1401 5706 hic,
1433 5651 1522 5694 aut
1543 5654 1778 5710 parentes

179 5720 336 5793 ejus?
363 5723 517 5781 Falso
548 5727 668 5782 nixa
698 5728 1066 5800 interrogatio.
1093 5731 1372 5800 Quomodo
1392 5736 1533 5789 euim
1559 5750 1778 5805 peccas-

178 5825 259 5868 set
285 5826 568 5886 antequam
600 5825 1232 5893 nasceretur'rquomodo
1257 5825 1327 5880 ob
1351 5837 1628 5897 parentum
1656 5844 1776 5899 pec~

180 5919 354 5966 cetum
400 5913 483 5968 hic
529 5915 740 5985 punitus
787 5920 966 5973 esset?
1017 5919 1297 5987 Quomodo
1347 5936 1473 5994 ergo
1521 5922 1586 5978 ad
1639 5921 1776 5981 h'attc

1892 3333 2158 3383 venerunt
2182 3325 2698 3398 interrogationem?
2726 3326 2968 3382 Antehac
2993 3342 3114 3384 cum
3144 3330 3496 3403 paralytieunt

1885 3421 2132 3490 sanavit,
2181 3421 2316 3476 dixit
2363 3439 2376 3475 :
2422 3421 2550 3477 Ecce
2587 3439 2744 3477 sanus
2791 3423 2956 3491 [actus
2999 3439 3084 3488 es,-
3130 3424 3239 3478 noli
3276 3427 3498 3496 amplius

1887 3529 2097 3584 peccare
2128 3511 2325 3584 (Joan.
2359 3513 2413 3568 5.
2451 3514 2519 3568 ll
2542 3512 2582 3583 ).
2619 3514 2874 3585 Discipuli
2918 3530 3049 3586 ergo
3089 3515 3496 3574 considerantes

1889 3605 2034 3659 illum
2059 3612 2280 3675 propter
2307 3612 2584 3674 peccatum
2604 3605 2658 3659 iu
2684 3607 2951 3678 paralysin
2977 3607 3247 3671 incidisse.
3271 3607 3454 3666 dicunt
3483 3654 3494 3665 .

1889 3700 2040 3768 Esto,
2085 3698 2176 3755 ille
2204 3709 2422 3770 propter
2451 3709 2668 3769 peccata
2701 3701 2750 3754 iu
2794 3702 3066 3773 paralysin
3111 3701 3398 3769 inciderit;
3430 3703 3497 3760 de

1888 3796 1991 3852 hoc
2031 3796 2160 3868 quid
2199 3795 2434 3852 dixeris?
2465 3810 2591 3850 num
2625 3795 2723 3851 hie
2757 3797 3040 3866 peccavit?
3082 3797 3276 3853 Verum
3307 3798 3358 3853 id
3389 3799 3497 3854 diei

1888 3890 2074 3960 nequit
2109 3905 2123 3942 :
2164 3903 2286 3943 nam
2318 3903 2348 3942 a
2393 3887 2671 3943 nativitale
2716 3901 2894 3942 caecus
2932 3898 3035 3944 est.
3067 3886 3205 3943 Num
3236 3889 3373 3944 forte
3401 3905 3496 3961 pa-

1888 3990 2068 4037 rentes
2102 3979 2257 4049 ejus?
2284 3978 2468 4049 Neque
2497 3978 2598 4034 hoc
2636 3978 2740 4034 dici
2784 3988 2956 4049 potest
2997 3997 3010 4034 :
3051 3978 3191 4035 illius
3221 3981 3364 4035 enim
3399 3996 3497 4051 pro

1889 4083 2038 4144 patre
2072 4087 2178 4127 non
2207 4070 2299 4125 dat
2327 4086 2536 4142 pmnas.
2574 4069 2643 4126 Ut
2689 4086 2818 4140 ergo
2854 4086 3077 4140 puerum
3120 4072 3310 4127 morbo
3342 4072 3485 4129 Iabo«

2746 4163 2882 4233 Quid
2914 4164 2980 4220 de
3023 4164 3125 4220 hoc
3160 4165 3450 4222 dicendum
3478 4208 3490 4235 ,

1886 4254 2012 4324 quid
2065 4253 2189 4309 iecit
2236 4254 2321 4309 hic
2370 4254 2540 4324 puer?
2584 4269 2689 4308 non
2735 4254 2996 4325 rogando,
3029 4255 3124 4312 sed
3155 4256 3491 4318 dubitando:

1886 4345 1965 4400 sic
1995 4345 2247 4415 discipuli
2279 4360 2384 4400 non
2417 4354 2523 4400 tam
2557 4345 2942 4417 interrogando
2956 4361 3122 4418 quam
3154 4347 3451 4404 dubitando
3475 4391 3491 4417 ,

1889 4436 1940 4493 id
1962 4437 2240 4494 dicebant.
2272 4437 2571 4507 Quidvcrgo
2594 4437 2844 4493 Christus
2865 4437 2888 4464 ⁴⁹
2912 4440 2965 4493 3.
2998 4437 3180 4510 Neque
3209 4440 3291 4494 Itic
3315 4458 3495 4514 pecca-

1886 4529 1980 4594 rit,
2010 4545 2167 4598 neque
2197 4538 2427 4600 parentes
2456 4529 2589 4600 ejus.
2611 4527 2766 4597 Quod
2795 4543 2902 4584 non
2930 4528 3061 4585 dicit
3080 4572 3097 4595 ,
3129 4540 3188 4585 ut
3214 4547 3310 4587 eos
3341 4547 3485 4602 pror-

1887 4635 1980 4675 sus
2021 4621 2257 4691 peccatis
2285 4621 2487 4676 liberos
2525 4620 2722 4677 indicet
2754 4621 2972 4693 (neque
3001 4625 3145 4679 enim
3177 4623 3495 4694 simpliciter

1885 4711 2056 4776 dixit,
2104 4711 2283 4783 Neque
2323 4713 2404 4766 hic
2441 4714 2701 4784 peccavit,
2753 4731 2912 4782 neque
2943 4727 3175 4784 parentes
3206 4719 3354 4789 ejus;
3397 4720 3491 4774 sed

1887 4803 2092 4858 addidit
2115 4822 2148 4858 -:
2184 4804 2252 4860 Ut
2281 4819 2456 4860 czncus
2483 4806 2834 4877 nasceretur)
2867 4805 2980 4879 (η),
3012 4809 3107 4864 sed
3140 4817 3196 4863 ut
3220 4811 3493 4881 gloriﬁce-

1889 4904 1975 4948 tur
2002 4895 2169 4950 Filius
2201 4895 2318 4950 Dei.
2345 4895 2593 4952 Peccavit
2616 4913 2845 4969 namque
2876 4898 2962 4955 hic
2988 4908 3042 4956 et
3069 4912 3321 4970 parentes
3342 4904 3489 4974 t-jus:

1886 4985 1979 5041 sed
2013 5001 2117 5041 non
2152 4986 2276 5042 inde
2306 4987 2521 5044 czecitas
2550 4990 2716 5043 venit.

1959 5077 2126 5132 Nemo
2165 5079 2229 5134 de
2262 5080 2480 5150 peccatis
2509 5081 2748 5149 aliorum,
2788 5095 2850 5137 tre
2889 5083 2963 5137 de
2997 5096 3262 5160 parentant
3290 5089 3490 5157 quidem

1886 5171 1972 5222 (lat
2001 5187 2177 5240 pensa.
2207 5202 2277 5213 --
2308 5173 2431 5228 llmc
2461 5189 2622 5245 porro
2646 5174 2796 5242 dicit,
2835 5193 2940 5233 non
2971 5189 3029 5234 ut
3061 5179 3344 5247 indicaret,
3383 5199 3491 5239 non

1887 5257 2028 5314 hunc
2056 5262 2304 5330 quidem,
2337 5263 2431 5318 sed
2462 5266 2601 5320 alios
2645 5265 2729 5321 his
2755 5267 2823 5322 de
2865 5269 3044 5324 causis
3077 5286 3252 5327 caecos
3285 5273 3483 5352 fuisse,

1885 5364 2080 5421 nempe
2108 5353 2178 5407 ob
2209 5363 2487 5423 parentum
2521 5356 2852 5426 iniquitatem
2884 5379 2903 5413 :
2930 5374 3103 5431 nequo
3130 5363 3274 5417 enim
3319 5365 3477 5434 licet,

1883 5444 1990 5497 alio
2017 5457 2272 5513 peccante
2297 5489 2308 5512 ,
2339 5449 2502 5503 alium
2530 5450 2814 5520 castigare.
2844 5452 2977 5508 Nam
3007 5457 3051 5510 si
3085 5457 3186 5511 hoe
3218 5458 3476 5513 conceda-

1883 5551 2022 5600 mus,
2069 5537 2196 5591 illud
2241 5538 2401 5593 etiam
2448 5539 2811 5597 concedamus
2840 5554 3073 5614 Oportet,
3121 5547 3292 5616 ipsum
3331 5558 3486 5603 ante-

1883 5642 2041 5696 quam
2071 5641 2386 5685 nasccretur
2414 5631 2742 5701 peccavisse.
2778 5632 2844 5690 Ut
2866 5650 2995 5706 ergo
3023 5651 3144 5691 cum
3171 5638 3297 5693 dicit
3326 5681 3339 5705 ,
3377 5639 3488 5694 Ne-

1881 5735 1977 5789 que
2018 5720 2100 5774 ltic
2149 5723 2394 5791 peccauit,
2445 5738 2552 5779 non
2600 5725 2849 5799 intelligit
2892 5727 2963 5783 ab
3009 5738 3128 5786 ortu
3178 5732 3485 5804 aucmpiam

1889 4174 2096 4219 rantem
2137 4163 2383 4219 videntes
2410 4163 2640 4219 dicimus
2685 4180 2698 4217 :

1945 5873 2180 5952 (indutui
2215 5877 2510 5952 hmcverba,
2555 5887 2603 5932 ut
2628 5895 2787 5936 cwcns
2830 5893 3101 5940 nascercttn
3169 5901 3405 5952 nusquam
3429 5893 3477 5942 in

1885 5939 2146 6000 Ει·ιι.ιειτ1ιυ
2170 5939 2505 6001 reperiuntur.
