4064 6492
585 464 681 516 5H7

586 587 805 641 twcearc
826 582 873 623 et
905 568 1075 638 puniti
1106 589 1118 622 :
1147 568 1225 621 sic
1249 580 1375 620 cum
1396 564 1545 626 dicit,
1574 562 1747 633 Neque
1773 570 2002 630 parentes
2025 574 2153 628 ejus,

585 680 685 717 non
713 660 947 714 declarat
976 656 1277 726 quetnpiam
1308 655 1374 709 de
1404 654 1635 725 peccatis
1668 662 1942 721 parcttltttn
1975 662 2160 718 uenas

580 754 723 803 dare.
776 747 905 802 Nam
960 746 1255 799 Ezechielis
1303 759 1396 799 ore
1441 744 1577 798 hanc
1627 741 1761 796 tollit
1809 740 2153 809 opinionem:

584 838 710 893 'l'ivo
738 856 829 910 ego
853 880 866 900 ,
896 838 1016 891 dicit
1046 837 1290 890 Dominus
1310 877 1324 903 ,
1352 837 1396 889 si
1418 836 1509 889 erit
1535 834 1641 886 lucc
1668 830 1910 903 parabola
1936 831 2107 883 dicens
2132 845 2151 883 :

586 930 761 985 Patres
805 931 1131 985 comederunt
1168 930 1314 983 uvam
1342 928 1573 981 acerbam
1594 966 1610 990 ,
1652 936 1699 979 et
1738 927 1907 979 dentes
1931 922 2155 991 ﬁliorum

579 1024 941 1092 obstupuerunt
969 1018 1272 1091 (liget/Lis.
1292 1019 1381 1075 5st
1400 1016 1475 1086 2).
1503 1016 1712 1086 Moyses
1740 1016 1865 1073 item
1895 1013 1967 1066 ait
1993 1028 2005 1063 :
2033 1011 2083 1064 Ν
2088 1028 2155 1065 on

581 1112 820 1164 tttorietur
852 1121 993 1177 mter
1018 1126 1108 1178 pro
1136 1109 1245 1176 [ilio
1272 1106 1448 1169 (Deut.
1475 1106 1566 1161 2L
1595 1106 1705 1173 l6).
1741 1105 1800 1159 Et
1828 1104 1896 1158 dc
1924 1101 2156 1172 quodam

582 1217 705 1271 rege
733 1200 875 1264 dicit,
909 1198 1047 1269 quod
1078 1205 1353 1268 propterea
1385 1196 1435 1251 id
1464 1211 1567 1249 non
1598 1195 1799 1259 fecerit,
1828 1206 2046 1248 servans
2074 1192 2153 1246 le-

581 1308 696 1361 gem
725 1291 915 1360 iloysis
939 1290 1012 1361 (-i.
1044 1289 1168 1359 Reg.
1206 1288 1289 1342 14.
1318 1288 1397 1357 ti).
1431 1286 1585 1354 Quod
1625 1286 1668 1340 si
1708 1286 1827 1355 quis
1851 1283 2100 1352 objecerit
2135 1299 2149 1336 :

580 1384 857 1451 Quomodo
891 1398 1018 1452 ergo
1058 1381 1287 1435 dicitur:
1320 1380 1419 1445 Qui
1446 1379 1612 1433 reddit
1652 1388 1851 1447 peccatu
1892 1385 2155 1445 parentum

578 1477 628 1527 in
677 1473 815 1540 ﬁlios
853 1489 1009 1542 usque
1051 1473 1119 1526 ad
1165 1472 1364 1525 tertiam
1407 1479 1454 1524 et
1506 1478 1742 1540 quartam
1783 1466 2158 1537 generationem

580 1564 751 1629 (Deut.
786 1566 837 1620 5.
868 1564 963 1627 9)?
995 1577 1311 1632 reponemus
1335 1604 1349 1626 ,
1393 1560 1711 1615 sententiam
1756 1572 1859 1611 non
1888 1570 2005 1609 esse
2035 1554 2152 1607 uni-

580 1657 871 1719 ter-salem;
922 1656 1014 1709 sed
1064 1654 1131 1708 de
1181 1653 1494 1724 quibusdam
1540 1651 1665 1716 diei,
1709 1649 1890 1719 quies
1921 1645 2153 1715 Aﬂgvpto

578 1747 849 1811 exierant;
899 1745 996 1799 hoc
1027 1753 1127 1810 est,
1169 1744 1301 1811 Quia
1345 1742 1377 1796 ii
1420 1742 1505 1812 qui
1534 1757 1597 1795 ex
1626 1739 1852 1811 Aigypto
1880 1738 2149 1799 CXit'l'illtl,

577 1846 697 1907 post
726 1845 801 1891 tot
828 1838 972 1905 signa
995 1846 1046 1890 et
1071 1834 1304 1905 prodigia
1325 1832 1630 1904 parentibus
1660 1832 1769 1886 suis
1792 1830 1998 1900 pejores
2024 1843 2167 1883 erat

577 1938 780 1990 serunt,
812 1929 899 1997 qui
947 1938 1123 1982 tamen
1171 1936 1423 1996 parentes
1462 1924 1598 1978 tri-hil
1638 1923 1825 1977 borum
1874 1920 2148 1983 viderant,

577 2018 761 2071 eadem
795 2018 879 2072 illa
916 2019 1201 2087 patientur,
1229 2000 1416 2084 inquit,
1446 2029 1563 2084 qua:
1591 2015 1661 2076 illi
1694 2012 1832 2083 passi
1862 2021 2005 2074 sunt,
2029 2010 2150 2079 quia

576 2109 761 2162 eadem
791 2110 991 2163 scelera
1040 2116 1427 2177 pet-petrarum.
1464 2105 1525 2159 Et
1563 2103 1822 2173 quod‘res
1848 2102 1923 2155 sic
1955 2101 2150 2156 intelli-

576 2201 745 2269 genda
773 2201 841 2253 sit
869 2242 889 2266 ,
918 2198 1081 2269 probe
1113 2198 1307 2267 capiet,
1332 2197 1374 2252 si
1405 2196 1523 2267 quis
1550 2195 1724 2249 locum
1754 2194 2015 2261 exploret.
2042 2190 2151 2245 Cur

574 2310 701 2361 ergo
727 2307 903 2346 ra'cus
929 2302 1080 2345 natus
1110 2290 1232 2345 est?
1262 2288 1329 2346 Ut
1358 2288 1792 2358 tuanifestaretur,
1827 2284 2014 2352 inquit,
2041 2282 2147 2351 glo-

575 2386 651 2436 ria
683 2383 792 2436 Dei.
815 2383 945 2437 lliue
976 2397 1157 2437 rursus
1180 2380 1283 2435 alia
1312 2380 1547 2448 essurgit
1567 2376 1792 2447 qmestio
1821 2392 1832 2425 :
1858 2373 1991 2427 Nunt
2021 2374 2144 2427 abs-

579 2490 680 2545 que
711 2474 864 2544 lmjus
893 2474 1164 2543 mutatione
1198 2511 1213 2536 ,
1245 2485 1348 2525 non
1381 2460 1589 2539 poterat
1632 2466 1797 2537 gloria
1845 2464 1935 2517 ltei
1981 2476 2145 2531 appa-

577 2567 737 2620 rere?
762 2565 919 2620 Certe
945 2581 1051 2619 non
1078 2564 1275 2620 dicitur
1300 2578 1414 2617 non
1435 2558 1705 2630 potuisse;
1736 2566 1940 2627 poterat
1965 2556 2104 2610 enim
2128 2570 2146 2607 :

574 2656 672 2712 sed
693 2666 748 2712 ut
787 2658 837 2711 in
870 2657 969 2711 hoc
993 2656 1151 2711 etiam
1196 2662 1491 2724 appareret.
1528 2652 1736 2721 Ergone
1758 2691 1772 2714 ,
1802 2649 2040 2719 inquies,
2071 2649 2148 2701 iu-

569 2748 761 2819 juriam
801 2758 1014 2818 propter
1045 2748 1135 2803 Dei
1166 2746 1389 2817 gloriam
1430 2744 1673 2814 accepit?
1697 2744 1900 2810 Quam,
1929 2757 2109 2811 quatso
2129 2780 2144 2806 ,

572 2839 815 2908 injuriam
834 2840 860 2891 ?-
880 2839 989 2908 qui,
1017 2838 1061 2892 si
1089 2852 1354 2907 nunquam
1378 2836 1524 2890 illum
1550 2836 1691 2889 nasci
1718 2832 2013 2887 voluisset?
2035 2832 2147 2903 Ego

571 2946 697 2985 vero
741 2930 897 2984 etiam
943 2944 1009 2984 ex
1053 2928 1291 2983 excitate
1332 2923 1646 2983 beneficium
1678 2923 1947 2991 accepisse
1985 2921 2141 2987 dico;

570 3037 691 3077 nam
737 3020 1077 3075 interioribus
1115 3032 1327 3089 quoque
1380 3016 1509 3072 vidit
1546 3014 1736 3070 oculis.
1781 3014 1914 3081 Quid
1961 3012 2147 3083 juvant

569 3113 707 3167 oculi
752 3112 1000 3166 Judtcos?
1048 3110 1217 3179 Majas
1264 3109 1404 3164 enim
1450 3106 1765 3176 supplicium
1814 3105 2142 3169 habuerunt,

570 3201 709 3273 quod
739 3200 964 3256 videndo
991 3199 1116 3255 cmci
1144 3207 1341 3254 essent.
1375 3196 1511 3265 Quid
1542 3211 1667 3252 vero
1698 3194 1819 3250 huic
1845 3194 2023 3249 damni
2048 3194 2149 3249 fuit.

570 3309 632 3347 ex
676 3292 955 3346 eecitate?
985 3291 1208 3361 Propter
1238 3288 1379 3344 illam
1406 3288 1574 3342 visum
1617 3287 1837 3355 accepit.
1883 3284 2061 3354 itaque
2089 3292 2145 3339 ut

569 3385 701 3440 mala
734 3385 888 3455 lntjus
912 3385 1054 3450 vitae,
1085 3383 1223 3437 mala
1266 3396 1370 3437 non
1414 3389 1572 3442 sunt;
1612 3380 1691 3433 sic
1716 3380 1854 3432 bona
1885 3393 1989 3431 non
2019 3385 2144 3430 sunt

568 3478 703 3531 tanta
722 3492 741 3542 ;'
782 3475 874 3530 sed
908 3490 1068 3530 unum
1097 3482 1371 3544 peccatum
1407 3471 1603 3526 malum
1629 3480 1709 3525 est
1728 3510 1753 3535 ι
1773 3470 1984 3524 ςωείιιιε
2015 3484 2143 3524 vero

568 3584 670 3622 non
698 3568 854 3622 arata.
888 3566 991 3633 Qui
1012 3575 1188 3621 autem
1210 3580 1277 3620 ex
1310 3564 1476 3619 nihilo
1504 3561 1767 3633 producit,
1800 3561 1968 3631 potuit
1992 3560 2141 3615 illaut

564 3662 642 3715 sic
668 3660 987 3729 relinquere.
1015 3657 1239 3725 Quidam
1267 3671 1393 3712 vero
1435 3654 1618 3709 dicunt
1661 3653 1797 3707 hanc
1827 3652 2139 3721 particulam

569 3770 673 3808 nou
725 3768 842 3808 esse
884 3752 1178 3817 eausalem,
1207 3749 1300 3805 sed
1342 3764 1405 3804 ex
1448 3756 1640 3803 eventu
1671 3745 1771 3801 diei
1800 3761 1815 3812 ;
1849 3754 1904 3798 ut
1928 3744 2142 3815 quando

563 3847 689 3899 dicit
718 3864 734 3900 :
759 3843 823 3899 lu
846 3843 1097 3914 judicium
1128 3843 1235 3896 teni
1277 3841 1328 3894 in
1368 3840 1500 3892 hunc
1530 3836 1803 3900 mundum,
1838 3845 1891 3889 ut
1921 3852 2019 3888 non
2061 3836 2138 3889 t‘i-

562 3938 734 3989 dentes
774 3935 991 3998 rideant,
1022 3943 1067 3986 et
1092 3933 1177 4003 qui
1205 3931 1390 3994 rident,
1420 3929 1537 3982 στι-εἰ
1568 3928 1692 3995 [iant
1721 3926 1899 3997 (Joau.
1932 3927 1985 3981 9.
2019 3925 2135 3994 59).

563 4027 673 4083 Non
701 4027 841 4079 enim
867 4025 1009 4079 venit
1050 4032 1105 4078 ut
1148 4024 1386 4078 videntes
1430 4020 1562 4075 ereci
1590 4020 1795 4075 flerent.
1831 4019 1897 4073 Et
1927 4034 2137 4073 rursum

564 4118 756 4172 l’aulus
789 4134 805 4171 :
847 4117 981 4171 Nam
1011 4115 1145 4186 quod
1171 4125 1344 4169 notum
1370 4123 1444 4167 est
1479 4111 1601 4172 Dei.
1633 4114 1953 4181 nanm‘festum
1983 4120 2054 4163 est
2084 4110 2136 4162 in

562 4212 684 4275 iliis,
715 4222 768 4263 ut
798 4212 896 4264 sint
925 4210 1285 4265 inexcusabile:
1314 4208 1486 4276 (Itoni.
1523 4207 1571 4261 Ι.
1606 4204 1713 4273 19).
1744 4203 1856 4258 Etsi
1882 4219 1985 4259 non
2018 4203 2136 4257 ideo

561 4302 1012 4362 manifestaverit.
1066 4310 1120 4354 ιιι
1164 4284 1506 4353 excusatione
1552 4297 1907 4366 privarentur,
1954 4294 2047 4349 sed
2080 4304 2138 4348 ut

561 4396 701 4449 illaut
731 4394 1006 4448 ludit-rent.
1043 4391 1107 4443 Et
1140 4406 1345 4443 rursum
1374 4388 1532 4452 alibi,
1566 4385 1673 4440 Lex
1702 4394 1866 4438 autem
1895 4385 2139 4439 subintro-

558 4486 650 4551 vit,
693 4493 745 4537 ut
788 4482 1065 4536 abundaret
1109 4480 1338 4532 delictum
1372 4477 1389 4547 (
1416 4476 1562 4529 flant.
1595 4476 1647 4530 5.
1680 4474 1752 4529 ‘20
1775 4475 1813 4545 ).
1844 4473 2004 4545 Atqui
2032 4490 2135 4529 non

559 4578 679 4632 ideo
703 4574 1041 4639 subintravit,
1068 4571 1156 4626 sed
1191 4580 1244 4624 ut
1268 4569 1605 4624 cohiberetur
1637 4573 1931 4636 peccatum.

628 4667 683 4721 2.
732 4665 914 4719 \‘ideu’
945 4662 1139 4733 ubique
1182 4659 1489 4715 adverbium
1524 4673 1590 4713 ex
1619 4667 1809 4711 eventu
1858 4654 2021 4726 poni?
2069 4654 2133 4711 Ut

560 4760 698 4811 enim
743 4756 1065 4810 areh‘tectus
1112 4754 1343 4823 Optimus
1390 4760 1590 4821 partem
1645 4748 1836 4803 mdium
1886 4748 2128 4819 perfecit,

560 4857 761 4918 partem
805 4845 1163 4914 imperfectam
1193 4843 1437 4912 reliquit,
1467 4850 1522 4894 ιιι
1548 4856 1610 4895 ex
1641 4838 1854 4895 residuo
1882 4838 2019 4908 apud
2052 4838 2133 4891 in-

560 4938 806 4994 credulos
845 4938 911 4990 de
951 4946 1059 4989 toto
1102 4948 1221 4987 sese
1249 4932 1493 4986 defendat
1524 4949 1536 4984 :
1566 4932 1633 4985 ita
1675 4939 1727 4983 et
1768 4930 1908 4984 Deus
1936 4944 2131 4997 corpus

557 5038 794 5084 tmstrum
840 5026 1166 5096 ronglutiuat
1220 5032 1275 5077 et
1327 5022 1546 5092 perﬁcit,
1602 5032 1868 5092 tamquam
1912 5020 2128 5075 domum

555 5120 832 5189 quauulam
862 5118 1149 5180 labantem,
1176 5129 1295 5169 cum
1326 5129 1537 5167 manum
1558 5111 1760 5166 aridam
1783 5120 1956 5177 sanat,
1980 5126 2131 5179 para-

559 5212 699 5281 lytiei
720 5210 951 5263 tuernbra
976 5208 1169 5269 firmat,
1194 5204 1413 5261 claudos
1434 5204 1607 5275 erigit,
1628 5203 1866 5273 leprosos
1888 5200 2127 5265 mundat,

555 5317 727 5372 u'gros
752 5309 920 5364 sanat,
949 5313 1101 5354 crura
1128 5295 1320 5352 debilia
1348 5293 1647 5357 confirmat,
1684 5301 1924 5347 mortuos
1955 5292 2127 5346 susci-

557 5406 624 5447 tat
652 5435 664 5456 ,
697 5393 906 5446 clausos
931 5390 1112 5445 oculos
1140 5388 1336 5459 aperit,
1368 5401 1471 5440 non
1504 5384 1719 5439 habenti
1747 5383 1932 5438 oculos
1955 5383 2125 5437 visum

556 5488 662 5540 dat.
694 5486 823 5553 Qum
849 5481 1024 5537 omnia
1055 5481 1277 5535 infirma:
1320 5491 1521 5534 naturte
1553 5476 1673 5531 vitia
1712 5474 1838 5530 dum
1870 5474 2124 5543 corrigit,

559 5584 871 5645 lmtcstatetn
908 5572 1142 5629 ostendit
1169 5586 1338 5626 suam.
1366 5571 1497 5626 Cum
1525 5569 1655 5624 dicit
1681 5576 1857 5622 autem
1877 5608 1890 5631 ,
1923 5565 1989 5621 Ut
2014 5584 2124 5620 ma-

553 5671 812 5736 nifestatur
838 5667 998 5737 gloria
1040 5663 1173 5730 Dei,
1214 5662 1281 5718 de
1320 5677 1409 5729 se,
1443 5678 1547 5716 non
1576 5660 1643 5716 de
1672 5659 1830 5715 Patre
1871 5657 2121 5728 loquitur.

554 5758 697 5812 lllius
728 5758 917 5827 quippe
943 5757 1107 5827 gloria
1138 5754 1416 5825 manifesta
1445 5762 1579 5810 erat.
1608 5752 1740 5817 Quia
1767 5749 1908 5805 enitn
1936 5750 2121 5804 audie-

552 5861 690 5918 rant,
730 5849 929 5918 Deum,
963 5864 1081 5905 cum
1127 5847 1395 5905 hominem
1442 5844 1713 5913 formaret,
1756 5844 2028 5914 accepisse
2054 5844 2118 5900 li-

1319 455 1375 505 S.
1416 451 1691 507 JO.\NNlS
1728 445 2199 505 CIIIH'SUS'I'OMI
2233 446 2541 500 ARCIIiI-ﬁl’.
2583 444 3115 500 CONSTANTINUP.

3753 454 3850 508 5ιά

2267 574 2411 611 nutm
2439 558 2507 613 de
2536 570 2678 613 terra
2703 575 2719 616 :
2752 559 2873 614 ideo
2901 561 2978 612 sie
3006 560 3091 613 ille
3119 560 3289 613 lutum
3334 561 3598 616 formavit.
3624 564 3679 616 Si
3710 570 3849 619 eum

2262 648 2483 703 dixisset
2510 669 2522 704 :
2554 651 2663 720 ligo
2690 665 2806 704 sum
2844 652 2932 720 qui
2978 652 3157 720 accepi
3193 653 3460 720 pulverem
3486 652 3553 707 de
3595 664 3733 707 terra
3754 698 3769 721 ,
3799 668 3849 711 et

2264 737 2531 793 hominem
2570 742 2829 803 formavi,
2868 742 2917 796 id
2949 741 3282 797 auditoribus
3307 744 3585 799 offensioni
3628 745 3846 812 fuisset;

2262 830 2347 883 ubi
2378 847 2505 886 vero
2531 831 2580 886 id
2610 834 2726 903 ipso
2753 848 2916 903 opere
2937 833 3191 901 ostendit,
3218 850 3323 890 non
3352 852 3647 907 repugnare
3670 848 3844 908 [ιοιιιε-

2262 933 2407 976 runt.
2439 926 2671 994 Accepto
2697 926 2875 995 itaque
2899 928 3144 996 pulvere,
3175 942 3334 997 quem
3362 944 3483 983 cum
3512 938 3671 999 sputo
3696 947 3841 987 eom-

2261 1013 2494 1077 ntiscuit,
2522 1015 2597 1068 sic
2623 1016 2889 1069 occultam
2918 1016 3144 1085 gloriam
3171 1032 3321 1071 suam
3352 1019 3687 1075 manifestam
3722 1022 3839 1077 red-

2259 1102 2411 1158 didit.
2458 1104 2574 1159 Non
2618 1121 2777 1175 parva
2820 1108 2963 1161 enim
3010 1108 3177 1178 gloria
3220 1117 3355 1171 erat,
3396 1111 3537 1180 quod
3583 1122 3848 1167 creatura:

2258 1195 2434 1263 ομπος
2466 1205 2760 1265 putaretur.
2812 1199 2884 1252 Ex
2916 1197 3017 1253 ltoc
3042 1200 3183 1252 enim
3215 1208 3410 1255 cst-tera
3438 1202 3806 1270 sequebantur
3833 1221 3845 1256 :

2257 1297 2319 1336 ex
2368 1295 2520 1352 parte
2564 1296 2730 1340 totum
2762 1287 3099 1342 credebatur.
3133 1288 3348 1358 Majoris
3374 1306 3602 1361 namque
3629 1290 3766 1347 fides
3797 1294 3847 1346 id

2257 1374 2395 1443 quod
2424 1376 2596 1429 minus
2621 1387 2735 1432 erat
2755 1377 3126 1432 confirmabat.
3154 1380 3467 1435 Creatarutn
3494 1384 3635 1436 enim
3666 1400 3844 1437 rerum

2257 1463 2492 1518 omnium
2535 1468 3004 1532 praestantissimus
3038 1478 3119 1523 est
3150 1468 3345 1536 homo,
3387 1480 3442 1526 ct
3483 1473 3846 1527 mcmln'orum

2261 1554 2701 1621 pretiosissimum
2743 1567 2828 1615 est
2862 1558 3050 1614 oculus
3083 1577 3095 1613 :
3126 1558 3326 1614 idcirco
3355 1570 3465 1614 ttott
3493 1562 3843 1632 simpliciter.

2257 1648 2348 1701 sed
2396 1648 2486 1701 illo
2516 1647 2676 1705 modo
2707 1648 2791 1703 hic
2823 1652 3006 1706 oculos
3032 1653 3250 1707 ereavit.
3299 1653 3407 1707 Etsi
3438 1656 3577 1708 enim
3620 1670 3846 1723 part-mu

2256 1739 2327 1791 sit
2368 1739 2687 1804 membrum,
2731 1752 3012 1799 esttamen
3060 1744 3288 1798 maxime
3333 1745 3690 1799 necesmrium
3719 1761 3845 1800 cor-

2258 1832 2368 1899 pori
2407 1846 2421 1884 :
2451 1831 2553 1886 hoc
2581 1832 2777 1887 Paulus
2803 1834 3035 1887 declarat
3066 1852 3078 1887 :
3110 1831 3175 1885 Et
3218 1835 3263 1887 si
3303 1834 3485 1887 dixerit
3523 1837 3659 1889 auris
3680 1877 3694 1899 ,
3726 1834 3847 1889 Non

2254 1938 2365 1974 sunt
2386 1924 2561 1975 oculus
2580 1965 2594 1989 ,
2626 1940 2725 1976 non
2753 1941 2863 1977 sunt
2892 1926 2954 1977 tle
2982 1941 3192 1993 corpore
3220 1942 3238 1979 :
3270 1942 3389 1979 num
3416 1926 3528 1981 itlt'o
3554 1944 3654 1981 non
3680 1940 3754 1980 est
3784 1932 3848 1983 de

2255 2030 2461 2082 corpore
2486 2015 2559 2085 (ι.
2594 2013 2713 2070 Cor.
2745 2014 2829 2069 li.
2860 2016 2981 2083 lli)?
3007 2015 3196 2070 Omnia
3228 2016 3424 2087 quippe
3451 2033 3521 2086 qu
3542 2036 3570 2070 ιι
3604 2018 3655 2072 itt
3688 2020 3845 2073 nobis

2255 2114 2399 2170 sunt,
2430 2104 2665 2159 divinam
2701 2107 2985 2176 potentiam
3017 2107 3418 2170 demonstrant;
3465 2108 3631 2161 nmlto
3674 2112 3845 2179 magis

2253 2198 2475 2263 oculus,
2522 2200 2609 2267 qui
2645 2208 2809 2253 totum
2837 2214 3029 2268 corpus
3058 2199 3338 2268 gubernat,
3370 2201 3457 2270 qui
3505 2202 3598 2255 loti
3630 2206 3843 2273 corpori

2254 2288 2698 2357 pulchritudinem
2730 2289 2857 2342 indit
2881 2330 2896 2355 ,
2934 2290 3024 2360 qui
3056 2291 3243 2345 faciem
3271 2301 3462 2355 ornat,
3503 2294 3590 2362 qui
3624 2293 3843 2347 lucerna

2250 2388 2329 2432 est
2359 2380 2596 2433 otuuinm
2629 2381 3014 2435 membrorum.
3051 2380 3181 2434 Nam
3216 2382 3356 2450 quod
3388 2383 3465 2435 sol
3495 2393 3573 2436 est
3598 2382 3712 2435 orbi
3741 2427 3754 2446 ,
3790 2386 3840 2437 id

2251 2469 2434 2523 oculus
2459 2480 2537 2523 est
2567 2471 2799 2539 corpori.
2828 2470 2882 2525 St
2918 2486 2957 2525 si
2982 2472 3084 2525 lem
3116 2472 3441 2541 exsunguas,
3464 2473 3641 2527 onmia
3666 2477 3845 2544 perdi-

2252 2560 2395 2625 disti,
2436 2563 2612 2615 omnia
2664 2562 2885 2615 turbas“
2928 2562 3015 2615 :si
3060 2563 3368 2632 exstinguas
3411 2563 3628 2622 oculos,
3678 2565 3841 2633 potius

2251 2659 2374 2703 sunt
2402 2651 2635 2713 imttilcs,
2668 2665 2877 2710 manus.
2906 2652 3029 2705 item
3056 2652 3164 2720 ipsa
3197 2652 3393 2704 anima.
3423 2650 3666 2725 Cognitio
3695 2657 3838 2707 enim

2251 2740 2332 2793 his
2381 2741 2709 2796 labefactatis
2753 2744 2862 2798 abit
2904 2762 2915 2796 :
2960 2744 3041 2796 his
3089 2758 3315 2812 namque
3368 2744 3530 2797 Deum
3571 2748 3837 2799 novimus.

2250 2832 2531 2885 Invisibilia
2562 2834 2691 2886 enim
2731 2835 2918 2901 ipsius,
2961 2849 2991 2885 a
3021 2844 3253 2887 creatura
3290 2835 3494 2901 mundi,
3528 2851 3616 2904 per
3640 2853 3698 2889 ea
3727 2854 3841 2901 qua:

2250 2926 2382 2993 facta
2406 2934 2544 2991 sunt,
2574 2926 2844 2992 intellecta,
2878 2926 3256 2995 conspiciuntur
3290 2928 3461 2995 (llam.
3494 2929 3544 2982 l.
3574 2927 3687 2996 ΞΟ).
3723 2928 3837 2982 Non

2249 3030 2376 3087 ergo
2406 3018 2617 3085 corpori
2664 3017 2837 3073 solum
2885 3017 3095 3071 lucerna
3147 3027 3229 3072 est
3274 3018 3481 3083 oculus,
3525 3019 3617 3074 sed
3644 3020 3838 3074 anima:

2251 3107 2367 3175 plus
2392 3123 2550 3177 quam
2579 3110 2809 3177 corpori.
2842 3108 3180 3178 Quapropter
3214 3125 3310 3163 ceu
3343 3110 3394 3163 in
3427 3112 3573 3180 regio
3604 3112 3834 3181 quodam

2251 3200 2368 3251 loco
2397 3212 2634 3267 superne
2663 3199 2886 3262 locatur,
2917 3201 3232 3269 ert-terisque
3260 3202 3637 3271 superponitur
3664 3206 3836 3257 sct:.~i~

2248 3286 2367 3345 bus.
2394 3288 2542 3342 llunc
2569 3290 2744 3359 itaque
2772 3289 2987 3343 format.
3025 3289 3223 3345 Deinde
3250 3306 3315 3344 ne
3340 3304 3492 3359 putes
3515 3294 3685 3361 ipsum
3719 3310 3835 3347 ma-

2249 3381 2378 3435 teria
2421 3395 2556 3450 opus
2594 3381 2844 3437 habuisse
2886 3382 2950 3435 ad
2980 3382 3264 3452 agendum,
3298 3392 3352 3437 et
3381 3382 3556 3439 dtscas
3589 3400 3693 3437 non
3725 3389 3837 3440 luto

2245 3487 2378 3543 opus
2407 3472 2652 3528 habuisse
2684 3473 2833 3527 initio
2860 3474 3002 3544 (nam
3030 3475 3116 3544 qui
3146 3474 3473 3531 substantias
3504 3478 3733 3545 majores
3762 3498 3829 3535 ex

2246 3565 2413 3619 nihilo
2454 3563 2719 3634 produxit,
2765 3566 2931 3619 multo
2973 3570 3139 3637 magis
3166 3567 3304 3623 hanc
3344 3570 3461 3624 sine
3489 3572 3680 3637 praevia
3714 3588 3831 3626 ma-

2247 3658 2381 3710 teria
2423 3655 2703 3725 fecisset):
2757 3665 2812 3709 ιιι
2854 3672 2982 3726 ergo
3022 3657 3196 3713 discas
3240 3658 3325 3735 illa
3358 3675 3463 3713 non
3507 3656 3833 3731 indiguisse,

2243 3748 2442 3803 docens
2491 3763 2551 3804 sc
2596 3749 2904 3805 Creatorem
2961 3751 3011 3805 in
3059 3752 3317 3822 principio
3360 3753 3548 3822 fuisse,
3589 3758 3838 3825 apposito

2245 3841 2354 3895 luto
2396 3840 2523 3895 dicit
2579 3840 2658 3909 (υ.
2690 3841 2762 3912 7)
2794 3860 2806 3896 :
2842 3840 3009 3908 l'ade,
3056 3844 3245 3908 lavare,
3279 3853 3332 3898 ut
3365 3844 3625 3915 intelligas
3654 3847 3835 3901 mead

2245 3933 2550 3988 formandos
2578 3935 2762 3988 oculos
2795 3934 2903 3987 luto
2931 3948 3064 4000 opus
3096 3949 3201 3988 non
3242 3934 3439 3989 habere
3462 3976 3478 4000 ,
3506 3935 3597 3989 sed
3633 3948 3689 3989 ιιι
3716 3953 3835 3990 lna-

2243 4026 2522 4081 uifeswtur
2560 4027 2610 4079 in
2653 4027 2768 4095 ipso
2812 4027 2978 4096 gloria
3022 4041 3159 4081 mea.
3190 4026 3339 4094 Quod
3372 4027 3513 4081 enim
3556 4027 3625 4082 de
3648 4029 3835 4098 scipso

2243 4120 2487 4191 loquatur
2512 4134 2635 4173 cum
2667 4118 2815 4184 dicit,
2845 4117 2912 4173 Ut
2939 4119 3284 4187 manifestetur
3311 4120 3476 4189 gloria
3515 4119 3641 4186 Dei,
3688 4122 3837 4175 intu-

2242 4212 2330 4274 lit,
2365 4213 2417 4267 4.
2453 4209 2539 4264 Me
2566 4218 2760 4279 oportet
2800 4214 2966 4281 facere
3011 4225 3166 4277 Opera
3196 4211 3307 4279 ejus
3349 4210 3437 4278 qui
3472 4210 3607 4262 misit
3636 4228 3747 4273 me;
3779 4212 3835 4266 id

2241 4313 2357 4369 est,
2388 4301 2610 4370 Oportet
2640 4317 2726 4355 me
2757 4300 3097 4354 manifestare
3126 4301 3386 4370 meipsum
3412 4315 3428 4365 ;
3461 4310 3515 4353 et
3536 4316 3595 4355 ea
3626 4300 3833 4370 lact-ro,

2242 4410 2358 4462 quae
2400 4392 2773 4448 detnoustrare
2801 4392 3005 4461 possint
3035 4406 3120 4445 me
3148 4391 3332 4445 eadem
3374 4390 3549 4447 facere
3579 4409 3697 4463 qtne
3729 4396 3835 4447 l'a-

2245 4497 2323 4538 tor
2352 4484 2507 4550 facit;
2540 4499 2644 4537 non
2678 4482 2897 4545 similia,
2936 4482 3029 4536 sed
3056 4483 3265 4547 eadem,
3293 4482 3433 4553 quod
3466 4486 3723 4549 majorem
3752 4488 3796 4539 si
3816 4518 3834 4528 -

2240 4578 2456 4645 gnificat
2500 4576 2880 4647 requalilatem,
2926 4574 3224 4644 diciturque
3270 4575 3338 4629 de
3390 4577 3483 4641 iis,
3526 4580 3612 4647 qui
3648 4595 3715 4631 ne
3747 4583 3831 4634 κει

2240 4669 2501 4723 tantillum
2530 4667 2820 4737 inatqualcs
2851 4675 2993 4721 sunt.
3036 4666 3165 4735 Quis
3194 4681 3320 4736 ergo
3342 4666 3452 4736 jam
3484 4672 3834 4725 contradixe-

2238 4763 2341 4823 rit,
2373 4758 2558 4813 videns
2587 4773 2709 4812 eum
2738 4756 2925 4813 eadem
2952 4770 3111 4826 posse
3140 4772 3260 4826 qua:
3291 4757 3449 4813 Pater
3475 4763 3681 4829 potest?
3710 4760 3829 4815 Non

2240 4849 2399 4904 modo
2428 4848 2567 4903 enim
2596 4847 2784 4902 oculos
2815 4846 3091 4909 formavit,
3124 4861 3223 4901 nec
3269 4848 3441 4903 solum
3469 4850 3697 4919 aperuit,
3728 4850 3827 4907 sed

2238 4952 2291 4995 et
2320 4941 2487 4994 visum
2519 4939 2739 5009 largitus
2782 4946 2883 5003 est,
2930 4936 3072 5006 quod
3098 4948 3469 5007 argumentum
3512 4938 3668 4993 etiam
3700 4950 3786 4994 est
3806 4982 3826 5006 ,

2238 5033 2409 5102 ipsum
2438 5030 2671 5085 animam
2695 5043 2905 5100 quoque
2931 5028 3240 5097 inspirasse.
3274 5028 3364 5083 llla
3396 5031 3537 5084 enim
3560 5045 3671 5085 non
3696 5046 3830 5100 0pc-

2237 5132 2410 5190 rante,
2462 5121 2651 5176 oculus
2689 5121 2790 5176 etsi
2824 5135 2985 5174 sanus
3013 5130 3065 5174 et
3095 5120 3301 5190 integer
3329 5120 3507 5183 hterit,
3542 5122 3667 5176 nihil
3701 5140 3827 5177 tun-

2235 5228 2393 5285 quam
2426 5212 2638 5268 viderit.
2674 5211 2856 5281 Itaque
2882 5211 3074 5265 animze
3102 5211 3261 5265 etiam
3290 5214 3652 5282 operationem
3692 5216 3705 5245 '
3737 5214 3826 5268 itu-

2234 5305 2385 5369 didit,
2409 5312 2463 5358 et
2488 5302 2788 5357 membrum
2812 5300 2957 5357 dedit
2978 5301 3225 5356 omnibus
3246 5302 3558 5358 instructum
3586 5306 3816 5370 arteriis,

2235 5396 2435 5459 nervis,
2467 5396 2636 5459 venis,
2671 5392 2950 5463 sanguine,
2979 5393 3294 5462 caeterisque
3322 5394 3587 5460 omuiluts,
3618 5410 3681 5449 ex
3707 5399 3824 5466 qui-

2234 5488 2333 5541 bus
2374 5501 2568 5555 corpus
2596 5496 2837 5540 nostrum
2868 5484 3226 5539 constituitur.
3250 5485 3334 5539 Me
3368 5498 3563 5555 oportet
3589 5492 3793 5558 operari
3813 5522 3832 5548 .

2232 5581 2353 5633 dum
2380 5579 2485 5633 dies
2514 5588 2604 5632 est.
2631 5576 2768 5643 Quid
2799 5575 2912 5629 btec
2955 5575 3053 5629 sibi
3093 5576 3321 5629 volunt?
3349 5586 3403 5630 et
3431 5592 3588 5647 quam
3621 5578 3824 5635 habent

2232 5670 2708 5743 consequentiam?
2739 5667 2977 5722 Multam.
3012 5666 3123 5722 lloc
3159 5668 3300 5721 enim
3340 5669 3451 5723 vult
3476 5671 3821 5740 significare:

2300 5853 2315 5883 '
2356 5849 2513 5900 Morel.
2542 5849 2682 5912 legit,
2705 5848 3012 5909 nobilitatem,
3036 5860 3142 5909 pro,
3168 5846 3504 5911 operationem.
