4064 6466
208 477 315 534 509

214 597 394 649 Donec
441 589 559 645 dies
604 594 710 654 est,
750 585 918 640 donec
951 588 1176 651 possunt
1200 577 1446 631 homines
1481 575 1532 629 in
1563 588 1650 627 me
1678 583 1797 624 cre-

212 684 363 748 dere,
392 681 523 737 dum
546 679 689 744 vivo,
719 674 1050 747 cperandum
1080 670 1208 726 mihi
1233 678 1335 726 est.
1375 667 1521 722 Venit
1549 679 1673 729 nos,
1698 661 1801 716 hoc

212 784 293 829 est
324 773 562 828 futurum
593 781 820 840 tempus,
848 768 1050 832 quando
1075 780 1219 819 nemo
1249 771 1408 834 potest
1435 774 1654 830 operari.
1686 756 1800 811 Non

211 865 366 929 dixit,
391 862 621 930 Quando
641 876 741 932 ego
767 858 975 930 operari
1006 873 1110 910 non
1135 869 1388 926 possum;
1418 851 1514 907 sed
1541 891 1556 916 ,
1583 848 1801 916 Quando

213 971 356 1008 nemo
395 963 559 1024 potest
592 950 825 1023 operari;
853 949 902 1002 id
929 957 1032 1014 est,
1063 944 1287 1015 Quando
1316 957 1423 998 non
1453 951 1537 996 est
1572 937 1802 1008 amplius

211 1045 362 1108 fides,
397 1059 505 1099 non
534 1043 765 1105 labores,
798 1055 902 1094 nou
932 1036 1263 1109 ptcniteutia.
1291 1032 1441 1102 Quod
1469 1032 1612 1087 enim
1643 1030 1798 1084 fidem

209 1149 345 1204 Opus
369 1135 636 1206 appellat,
665 1133 846 1189 dicunt
875 1132 922 1187 ei
943 1172 958 1196 ,
993 1130 1130 1198 Quid
1154 1129 1427 1200 facienms,
1461 1135 1516 1179 ut
1536 1139 1803 1195 operemur

209 1241 365 1294 opera
404 1224 548 1282 Dei.’
571 1221 873 1293 ReSpondct
892 1263 909 1288 ,
955 1219 1066 1275 Hoc
1095 1228 1169 1274 est
1196 1234 1324 1289 opus
1355 1216 1469 1281 Dei,
1501 1226 1555 1270 ut
1586 1214 1801 1274 credatis

209 1318 261 1371 in
300 1334 416 1371 eum
443 1333 592 1389 quem
621 1314 709 1372 ille
737 1313 892 1373 misit.
932 1311 1110 1381 Quare
1151 1324 1282 1379 ergo
1321 1307 1423 1362 hoc
1464 1320 1604 1376 opus
1643 1319 1802 1358 nemo

209 1417 387 1481 potest
412 1416 541 1468 tunc
559 1403 814 1476 operari?
837 1402 970 1480 Quia
1000 1412 1125 1457 tunc
1152 1400 1283 1456 ﬁdes
1312 1414 1418 1464 non
1444 1398 1564 1463 erit,
1595 1395 1686 1450 sed
1713 1411 1801 1451 ve-

209 1501 328 1565 lint,
377 1499 576 1565 nolint,
615 1509 805 1553 omnes
848 1492 1088 1549 audient.
1114 1491 1193 1548 Ne
1229 1491 1351 1562 quis
1381 1491 1522 1546 enim
1556 1488 1796 1553 diceret,

209 1588 356 1648 illum
376 1588 671 1648 ambitione
697 1594 898 1648 motum
923 1583 1026 1647 hoc
1045 1583 1241 1648 facere,
1268 1581 1501 1638 ostendit
1527 1595 1586 1636 se
1610 1593 1797 1633 eorum

205 1681 374 1750 gratia
419 1679 600 1734 omnia
643 1676 842 1741 facere,
890 1675 1088 1746 quippe
1125 1675 1213 1745 qui
1243 1671 1328 1728 hic
1356 1671 1527 1730 solum
1568 1669 1799 1724 habeant

207 1772 467 1829 credendi
492 1771 823 1837 facultatem,
852 1783 953 1826 nec
980 1767 1251 1839 quidpiam
1276 1765 1349 1820 ibi
1381 1763 1512 1819 lucri
1539 1761 1796 1831 consequi

207 1864 435 1943 possint.
483 1863 610 1924 Ideo
647 1877 746 1919 nec
775 1860 1119 1924 accedentem
1163 1873 1367 1917 aecum
1393 1857 1617 1913 curavit.
1642 1854 1795 1924 Quod

207 1960 349 2015 enim
371 1958 576 2029 dignus
587 1965 733 2012 esset
751 1957 840 2027 qui
866 1965 1143 2010 curaretur
1169 1971 1183 2008 :
1209 1951 1460 2023 quodque
1483 1950 1528 2006 si
1556 1950 1793 2015 vidisset,

206 2053 530 2108 credidisset
561 2050 1018 2119 aceessissetque;
1059 2055 1116 2105 et
1153 2047 1198 2102 si
1236 2045 1304 2101 ab
1337 2044 1518 2116 aliquo
1561 2043 1800 2098 audisset

208 2151 552 2212 limsentem.
580 2156 686 2196 non
713 2139 1057 2215 neglexisset,
1086 2152 1151 2192 ex
1183 2136 1247 2192 iis
1275 2150 1395 2207 quae
1423 2142 1652 2205 sequuta
1675 2141 1800 2189 sunt

209 2233 380 2302 palam
411 2248 515 2297 est,
539 2247 605 2290 ex
636 2230 944 2286 fortitudine
968 2242 1160 2297 nempe
1179 2236 1233 2282 et
1253 2241 1320 2290 ex
1352 2225 1456 2280 ﬁde
1484 2224 1618 2296 ejus.
1644 2224 1800 2284 Pote-

207 2335 288 2380 rat
315 2326 463 2380 enim
494 2340 676 2380 secum
721 2323 960 2400 cogitare
1000 2336 1064 2376 ac
1100 2321 1279 2376 dicere
1309 2337 1322 2375 :
1355 2319 1492 2390 Quid
1523 2318 1624 2374 hoc
1665 2317 1797 2374 est?

207 2417 372 2471 lutum
415 2416 562 2484 fecit,
605 2423 660 2472 et
701 2414 885 2471 lenivit
915 2415 1100 2470 oculos
1136 2426 1326 2480 meos;
1368 2421 1424 2468 et
1463 2411 1597 2468 dixit
1626 2410 1755 2465 mihi
1780 2450 1795 2474 ,

215 2505 375 2572 Vade,
417 2509 612 2563 lat-are.
654 2507 844 2562 Annon
876 2513 1084 2575 poterat
1111 2519 1302 2563 curare
1342 2517 1464 2569 me,
1509 2510 1563 2558 et
1591 2509 1716 2556 tunc
1745 2502 1797 2555 in

206 2601 406 2657 Siloam
437 2600 696 2657 mittere?
716 2599 870 2669 Smpe
896 2599 967 2654 ibi
997 2613 1084 2652 me
1111 2597 1211 2652 lavi
1239 2610 1361 2653 cum
1390 2595 1528 2661 aliis,
1563 2593 1799 2665 nihilque

207 2692 334 2750 mihi
363 2691 583 2768 profuit.
631 2690 688 2746 Si
728 2705 887 2762 quam
919 2698 1237 2760 potestatem
1271 2687 1530 2754 haberet,
1561 2699 1799 2757 prmsens

205 2800 290 2838 me
332 2783 656 2842 sanavisset.
687 2780 841 2848 Quod
876 2781 1036 2836 etiam
1061 2779 1270 2838 diccbat
1299 2777 1535 2838 Naainan
1579 2776 1794 2832 Elismo.

202 2875 392 2935 Iussus
422 2876 568 2930 enim
597 2873 773 2930 lavare
798 2888 858 2932 se
886 2873 936 2926 in
964 2869 1218 2935 Jordane,
1244 2885 1347 2925 non
1370 2869 1647 2932 credebat,
1672 2881 1796 2921 cum

205 2976 382 3021 tamen
435 2974 578 3020 tanta
623 2971 768 3020 esset
810 2963 988 3020 Elismi
1030 2960 1166 3017 fama
1198 2961 1274 3033 (i.
1308 2961 1434 3038 Reg.
1478 2960 1527 3014 5.
1585 2959 1698 3029 ll).
1731 2957 1800 3012 At

203 3072 376 3114 ancus
403 3071 513 3111 non
557 3053 656 3112 fuit
697 3053 1030 3116 incredulus,
1061 3065 1161 3109 nec
1189 3051 1510 3107 centradixit
1533 3091 1551 3114 ,
1583 3065 1680 3105 Lee
1708 3063 1796 3103 se-

205 3165 322 3206 cum
364 3147 679 3218 reputavit:
716 3147 855 3219 Quid
886 3145 987 3204 hoe
1029 3146 1156 3202 est?
1198 3160 1265 3198 an
1305 3145 1476 3200 ltitqu
1523 3145 1798 3212 imponere

204 3241 436 3315 oportuit
456 3239 480 3294 l
506 3239 606 3296 hoc
628 3240 806 3309 potius
827 3253 1028 3294 arcum
1052 3236 1344 3292 reddiderit
1371 3254 1383 3290 :
1407 3235 1525 3307 quis
1547 3247 1798 3304 umquam

205 3333 281 3392 sic
318 3332 496 3388 visum
537 3331 782 3402 recepit?
820 3331 922 3387 Sed
967 3329 1097 3384 nihil
1127 3329 1314 3384 horum
1343 3327 1614 3398 cogitavit.
1650 3324 1797 3387 Vidi-

203 3424 324 3479 sliu'
358 3423 520 3480 fidem
550 3433 607 3479 et
639 3421 874 3477 animum
915 3419 1169 3477 firmum!
1204 3419 1348 3474 Venit
1383 3436 1502 3474 nox.
1547 3417 1681 3472 llinc
1705 3431 1797 3472 os-

206 3517 392 3582 tendit,
438 3517 602 3578 etiam
637 3525 757 3587 post
787 3493 1001 3571 crucem
1029 3528 1090 3569 se
1116 3511 1401 3583 impiorum
1432 3524 1612 3565 curam
1642 3507 1798 3563 babi-

205 3620 380 3664 turum
409 3605 552 3674 θείη,
586 3607 889 3678 multosque
916 3614 1290 3660 attracturum.
1321 3604 1506 3658 Ad/mc
1548 3601 1655 3655 dies
1699 3609 1794 3660 est.

207 3702 439 3760 Posthac
484 3715 611 3758 vero
660 3700 785 3756 illus
831 3699 1043 3771 penitus
1085 3696 1396 3762 abscindet,
1426 3693 1568 3774 quod
1599 3694 1668 3747 ita
1697 3691 1796 3749 de-

205 3796 370 3858 clarat
399 3813 422 3852 a
457 3795 511 3851 5.
547 3792 803 3861 Quamdiu
841 3793 896 3846 in
935 3792 1125 3844 mundo
1151 3805 1286 3852 sunt,
1327 3789 1418 3844 fita:
1457 3803 1570 3842 sum
1597 3784 1793 3839 mundi.

204 3884 359 3954 Quod
396 3885 559 3942 etiam
605 3882 724 3939 aliis
766 3881 940 3939 dixit:
968 3880 1190 3947 Credite,
1231 3881 1390 3936 donec
1423 3879 1516 3934 tua:
1542 3875 1796 3933 vobiscum

205 3987 277 4034 est
297 3976 480 4048 (Joan.
512 3975 596 4032 12.
628 3975 744 4046 36).

276 4075 330 4136 ὅ.
371 4072 485 4128 Cur
511 4084 640 4144 ergo
669 4069 867 4126 Paulus
895 4073 1215 4140 prasente!!!
1246 4065 1412 4123 vitam
1439 4071 1654 4123 noctem
1700 4076 1800 4119 vo-

206 4165 364 4233 cavit,
399 4165 544 4219 illam
570 4172 749 4219 autem
771 4161 931 4218 vitam
948 4159 1132 4217 diem?
1159 4157 1276 4215 Non
1302 4162 1570 4219 contraria
1598 4157 1796 4214 Christi

215 4257 404 4321 verbis,
451 4255 546 4312 sed
593 4253 780 4310 eadem
829 4252 944 4324 ipsa
987 4251 1172 4310 dicens
1219 4258 1421 4318 mente,
1473 4264 1579 4304 non
1618 4248 1795 4313 litera,

208 4363 398 4420 nempe
427 4389 443 4413 ,
495 4345 618 4401 Nox
663 4345 935 4416 pracessit,
1001 4343 1112 4398 dies
1157 4353 1324 4397 autem
1376 4342 1799 4412 appropinquavit

208 4439 380 4511 (fiam.
411 4441 499 4496 13.
531 4437 642 4512 ιε).
678 4437 900 4494 Noctem
940 4435 1082 4492 enim
1113 4449 1352 4506 praesens
1379 4444 1590 4504 tempus
1618 4444 1795 4500 vocat,

210 4542 426 4603 propter
453 4547 550 4587 eos
573 4529 660 4601 qui
690 4529 743 4584 in
789 4527 1025 4584 tenebris
1067 4526 1276 4592 sedent,
1322 4527 1406 4583 vel
1435 4526 1799 4596 comparando

208 4641 322 4678 eam
349 4639 472 4680 cum
501 4623 587 4679 illa
616 4620 703 4677 die
729 4639 744 4677 :
771 4621 1018 4676 Christus
1045 4633 1172 4674 vero
1199 4627 1412 4674 noctem
1443 4619 1678 4690 appellat
1715 4617 1796 4671 fu-

209 4727 384 4772 turum
414 4726 647 4786 tempus,
674 4712 816 4784 quod
844 4721 968 4768 tunc
994 4726 1023 4766 a
1055 4710 1327 4783 peccando
1365 4723 1625 4767 cessetur.
1657 4709 1797 4764 Pau-

209 4812 289 4867 lus
318 4826 449 4867 vero
496 4816 812 4879 praesentem
857 4807 1019 4861 vitam
1065 4815 1274 4860 noctem
1319 4804 1571 4874 appellat,
1614 4802 1734 4872 quia
1763 4802 1796 4855 ii

207 4906 374 4974 quiin
423 4901 658 4974 nequitia
702 4910 757 4956 et
801 4898 1174 4956 incredulitate
1212 4898 1413 4958 vivunt,
1462 4895 1514 4949 in
1566 4891 1798 4949 tenebris

207 5006 350 5054 sunt.
379 4996 594 5054 Fideles
623 4994 780 5063 igitur
805 4993 1081 5063 alloquens
1106 4992 1202 5055 ait,
1241 4989 1364 5044 Nox
1391 4990 1666 5060 prwcessit,
1693 4988 1800 5040 dies

207 5097 370 5144 autem
416 5085 860 5159 appropinquavit,
916 5093 1100 5153 utpote
1146 5083 1234 5152 qui
1287 5081 1406 5140 lucc
1455 5079 1542 5134 illa
1589 5077 1796 5133 fruituri

206 5183 310 5239 sint
333 5200 353 5236 ε
383 5189 602 5237 noctem
646 5193 777 5238 vero
818 5190 1054 5234 veterem
1100 5174 1260 5230 vitam
1288 5173 1542 5244 appellat.
1573 5171 1797 5240 Abjicfa-

209 5291 337 5340 nius,
388 5272 582 5343 inquit,
633 5286 789 5341 opera
836 5269 1151 5324 tenebrarum
1190 5263 1409 5343 (Ibid).
1438 5263 1627 5317 Viden’
1647 5261 1798 5316 illum

209 5378 422 5424 noctem
453 5364 584 5436 ipsis
626 5378 746 5424 esse
775 5363 994 5418 dicere?
1018 5363 1193 5436 Quare
1222 5359 1370 5413 addit
1401 5376 1414 5411 :
1462 5355 1608 5411 Sicut
1637 5355 1689 5407 in
1717 5353 1802 5406 die

209 5460 410 5514 honeste
436 5454 772 5518 ambulemus,
804 5462 863 5508 ut
907 5455 992 5506 illa
1022 5451 1262 5506 fruamur
1305 5449 1441 5504 luce.
1475 5447 1604 5502 Nam
1635 5447 1678 5500 si
1709 5445 1797 5498 lux

209 5548 322 5604 lucc
347 5561 458 5604 tam
487 5544 708 5622 pulchra
736 5553 837 5610 est,
865 5543 1036 5614 cogita
1065 5541 1234 5613 qualis
1261 5541 1361 5596 erit
1388 5540 1496 5594 illa.
1531 5539 1797 5605 Quantum

207 5641 345 5695 enim
371 5638 564 5697 solaris
592 5636 774 5692 radius
816 5645 899 5690 est
947 5636 1178 5690 lucerna
1221 5632 1420 5687 lumine
1449 5629 1796 5700 splendidior,

211 5742 372 5799 tanto,
419 5732 526 5788 imo
554 5730 710 5800 longe
751 5729 918 5799 magis
946 5729 1046 5784 erit
1071 5728 1155 5781 lux
1201 5726 1288 5779 illa
1318 5728 1416 5779 hac
1439 5721 1795 5794 praestantior.

215 5824 277 5879 Et
299 5825 399 5880 hoc
440 5820 774 5896 signiﬁcabat
819 5819 898 5875 his
931 5819 1124 5886 verbis,
1162 5818 1255 5873 Sol
1288 5815 1717 5878 obtruebrnlitur;
1749 5811 1797 5865 id

1237 459 1302 516 IN
1339 454 1650 516 ΙΟΑΝΝΕΜ
1725 448 1955 506 1101111..
1999 446 2130 503 LVl.
2172 445 2245 500 al.
2287 444 2399 501 LV.

3397 455 3498 514 MO

1910 573 2013 631 est,
2050 565 2122 621 ob
2152 568 2271 622 vim
2300 567 2599 639 splendoris
2631 569 2774 624 illius
2820 583 2924 624 non
2952 569 3248 641 apparebit.
3278 571 3430 638 Quod
3454 574 3500 629 si

1908 675 2050 716 nunc
2089 670 2146 717 ut
2191 661 2501 731 splendidas
2528 670 2582 717 et
2622 661 2763 716 bono
2806 677 2932 718 acre
2959 662 3196 719 fruentes
3233 664 3379 720 ades
3409 665 3502 721 ha-

1907 751 2150 817 beamus,
2199 753 2434 808 inﬁnitas
2481 767 2614 824 opes
2641 754 2995 823 expendimus
3041 755 3237 812 misere
3264 757 3515 812 exauditi-

1906 844 2121 900 cando:
2153 845 2324 914 cogita
2371 852 2501 914 quot
2546 845 2652 900 sint
2683 845 2945 900 subeundi
2976 847 3221 916 corporei
3267 847 3516 906 labores.

1908 943 1966 990 ut
1994 935 2303 1005 splendidas
2323 936 2467 990 ardes
2495 935 2649 992 nobis
2667 935 2718 990 in
2738 935 2887 991 cxx-lis
2908 945 3270 1004 exstruamus,
3300 938 3388 993 ubi
3415 938 3505 996 lux

1907 1025 1994 1080 illa
2019 1026 2320 1081 ineffabilis.
2353 1026 2449 1081 llic
2475 1026 2617 1083 enim
2647 1037 2702 1083 et
2732 1043 2920 1099 pugnte
2959 1037 3014 1083 et
3041 1029 3412 1086 contentiones
3439 1032 3472 1086 d
3493 1049 3520 1083 ι·

1908 1119 2149 1174 terminis
2196 1129 2250 1176 et
2299 1119 2629 1189 parietibus:
2665 1121 2732 1175 ibi
2780 1136 2908 1176 vero
2951 1121 3086 1176 nihil
3128 1122 3324 1187 simile,
3357 1125 3509 1180 nulla

1909 1211 2103 1267 invidia
2150 1213 2230 1266 vel
2273 1211 2443 1277 livor;
2491 1226 2651 1267 nemo
2679 1212 2747 1267 de
2779 1213 3021 1268 terminis
3052 1213 3330 1270 nobiscum
3369 1231 3501 1270 cou-

1907 1305 2107 1368 tendet,
2168 1305 2292 1360 llzcc
2340 1320 2502 1376 porro
2549 1307 2854 1361 necessario
2913 1307 3262 1378 relinquenda
3313 1310 3505 1365 domus

1903 1405 2022 1462 est;
2054 1399 2139 1453 illa
2170 1407 2429 1468 perpetuo
2457 1409 2637 1453 manet
2665 1416 2678 1452 :
2703 1399 2818 1455 lure
2839 1410 3079 1467 tempore
3107 1402 3314 1467 teritur,
3343 1402 3495 1458 innu-

1904 1488 2175 1560 ntetzisquc
2215 1488 2444 1545 obnoxia
2473 1499 2553 1544 est
2584 1489 2949 1557 detrimentis;
2985 1491 3068 1546 illa
3113 1506 3330 1562 semper
3357 1502 3486 1547 stat:

1905 1590 2041 1635 nunc
2087 1595 2290 1650 pauper
2330 1580 2569 1636 excitare
2617 1580 2832 1650 nequit;
2868 1580 2955 1634 illa
2983 1580 3064 1636 vel
3093 1581 3300 1638 duobus
3327 1582 3501 1638 obolis

1901 1671 2248 1738 construitur,
2300 1680 2358 1725 ut
2387 1670 2540 1726 vidua
2572 1672 2658 1725 illa
2705 1673 3022 1732 construxit.
3056 1671 3180 1731 Ideo
3215 1671 3500 1740 pra-focor,

1902 1764 2043 1836 quod
2067 1774 2144 1819 tot
2172 1763 2327 1827 nubis
2354 1764 2644 1834 propositis
2666 1763 2842 1822 bonis.
2875 1765 2946 1819 ita
2969 1780 3163 1834 segnes
3182 1765 3504 1836 desidvsque

1901 1857 2090 1922 simus,
2123 1854 2363 1924 nihilque
2391 1869 2496 1909 non
2526 1868 2769 1923 agamus,
2800 1866 2855 1909 ut
2897 1853 2984 1916 hic
3010 1856 3313 1924 conspicuis
3356 1855 3503 1913 frua-

1903 1966 2023 2016 mur
2052 1949 2275 2015 aedibus,
2327 1947 2454 2003 dum
2488 1948 2618 2010 nihil
2645 1962 2899 2005 curamus
2924 1958 2981 2002 ut
3012 1949 3063 2002 in
3097 1949 3244 2006 cadis
3287 1949 3371 2004 vel
3402 1951 3500 2005 mi-

1904 2048 2106 2112 nimum
2135 2061 2384 2117 paremus
2412 2046 2566 2102 nobis
2589 2045 2967 2102 diversorium.
3016 2045 3131 2114 Dic,
3174 2059 3379 2115 quaso,
3413 2044 3504 2100 ubi

1904 2142 1990 2200 hic
2029 2142 2248 2198 domum
2295 2142 2494 2197 habere
2539 2141 2739 2197 velles?
2769 2140 2821 2196 in
2849 2139 3085 2208 deserto,
3114 2148 3203 2193 aut
3241 2140 3292 2194 in
3320 2138 3505 2210 aliquo

1903 2249 2068 2304 parvo
2094 2233 2388 2304 Oppidulo?
2413 2233 2529 2288 Non
2560 2241 2688 2303 puto
2715 2249 2729 2286 :
2758 2232 2853 2287 sed
2902 2231 2954 2286 in
2986 2230 3192 2302 magnis
3234 2231 3502 2302 regiisque

1905 2327 2145 2392 urbibus,
2177 2325 2265 2380 tibi
2289 2325 2462 2395 majus
2491 2324 2898 2390 commercium,
2929 2322 3017 2379 ubi
3047 2322 3303 2394 splendor
3329 2323 3504 2393 major

1903 2429 2005 2474 est.
2036 2417 2150 2488 Ego
2179 2418 2230 2472 in
2269 2417 2428 2472 talem
2476 2426 2528 2471 te
2569 2416 2710 2472 duco
2737 2415 3033 2482 civitatem,
3061 2431 3213 2485 cujus
3239 2415 3415 2483 opifex
3448 2425 3503 2470 et

1901 2520 2092 2567 auctor
2119 2520 2203 2568 est
2234 2511 2394 2567 Deus.
2422 2510 2540 2576 Hie,
2571 2525 2777 2582 qumso,
2805 2520 3204 2575 construamus,
3241 2508 3325 2562 hic
3351 2524 3489 2563 exa»

1902 2604 2183 2660 dilicemus
2211 2604 2418 2659 minore
2460 2611 2673 2673 sumptu
2701 2611 2756 2658 et
2799 2601 3032 2658 labore'.
3063 2601 3170 2659 llas
3199 2600 3342 2656 ardes
3367 2615 3498 2656 con-

1903 2704 2117 2751 struunt
2144 2709 2334 2749 manus
2349 2709 2660 2765 pauperum,
2691 2693 2792 2749 hoc
2813 2694 3073 2763 optimum
3097 2693 3498 2757 estaediﬁcium;

1902 2801 2020 2858 qua:
2050 2794 2224 2842 autem
2259 2786 2343 2840 hic
2366 2786 2750 2852 construimus,
2779 2793 3035 2840 extrema:
3063 2792 3196 2840 sunt
3216 2784 3502 2840 dementis»

1901 2888 2296 2948 argumentum.
2327 2877 2460 2932 Nam
2492 2879 2536 2931 si
2567 2878 2685 2948 quis
2717 2885 2767 2932 te
2797 2877 2852 2932 in
2882 2876 3155 2932 Persidem
3186 2886 3387 2946 ageret,
3418 2876 3494 2930 vi.

1900 2985 2086 3026 surum
2118 2969 2261 3023 illam
2298 2968 2569 3039 regionem
2598 2979 2650 3025 et
2681 2982 2803 3023 mox
2852 2982 3229 3031 reversurum;
3260 2975 3420 3037 atque
3448 2975 3518 3020 to.

1903 3061 2012 3117 illic
2055 3061 2269 3131 jubetet
2321 3060 2466 3116 mdes
2503 3070 2781 3116 exstruere
2821 3077 2835 3113 :
2891 3073 3068 3113 annon
3126 3056 3501 3113 stultissimum

1902 3153 2053 3208 illum
2094 3151 2321 3218 diceres,
2369 3152 2459 3221 qui
2493 3151 2587 3208 tibi
2632 3153 2846 3206 inanem
2896 3159 3165 3219 sumptum
3211 3147 3501 3204 suaderet?

1902 3259 1998 3302 Cur
2022 3258 2152 3313 ergo
2179 3242 2230 3297 iu
2264 3251 2403 3298 terra
2431 3241 2662 3312 idipsum
2697 3241 2845 3306 .‘acis,
2877 3240 3021 3296 unde
3051 3239 3196 3295 brevi
3243 3241 3500 3310 migratu-

1905 3349 1998 3389 rus
2023 3334 2127 3389 es?
2152 3335 2240 3397 At,
2276 3333 2504 3404 inquies,
2541 3331 2662 3386 ﬁliis
2693 3330 3014 3402 relinquam.
3045 3330 3240 3385 Verum
3265 3331 3336 3384 dli
3368 3345 3502 3401 quo-

1901 3442 2007 3497 que
2034 3435 2086 3481 te
2109 3425 2266 3496 paulo
2295 3433 2416 3494 post
2460 3422 2739 3498 sequuturi
2785 3429 2942 3488 sunt;
2975 3421 3086 3476 imo
3110 3435 3254 3490 sa'pe
3283 3428 3334 3476 te
3359 3435 3500 3491 prm-

1901 3517 2115 3583 ccdent,
2171 3516 2494 3587 illorumque
2545 3513 2794 3570 similiter
2844 3513 3080 3582 posteri;
3134 3512 3363 3584 hincque
3407 3512 3502 3568 tibi

1903 3611 2150 3668 mmroris
2165 3624 2346 3676 causa,
2367 3624 2490 3665 cum
2508 3608 2735 3663 heredes
2753 3623 2857 3661 non
2877 3606 2972 3661 tibi
2991 3620 3274 3675 superesse
3295 3605 3498 3662 videas.

1903 3705 1976 3760 lbi
2010 3719 2138 3760 vero
2170 3703 2302 3757 nihil
2331 3699 2633 3772 hujusmodi
2668 3698 2984 3764 timendum,
3016 3697 3114 3754 sed
3143 3698 3358 3752 immota
3385 3713 3500 3750 ma.

1904 3807 1995 3853 net
2019 3796 2284 3851 hereditas
2317 3794 2430 3860 tibi,
2463 3793 2607 3860 ﬁliis,
2635 3792 2940 3863 nepotibus,
2983 3791 3028 3847 si
3055 3789 3298 3846 eamdem
3330 3790 3497 3844 virtu.

1905 3900 2010 3948 tem
2040 3889 2401 3946 imitabuntur.
2436 3888 2585 3946 [llam
2613 3884 2856 3944 Christus
2886 3883 3146 3939 aediﬁcat:
3178 3897 3284 3954 quo
3311 3882 3504 3954 opiﬁce

1903 3985 2075 4044 nullis.
2115 3983 2476 4046 curatoribus,
2525 3980 2665 4035 nulla
2716 3978 3076 4035 sollicitudine
3106 3988 3184 4034 est
3213 3993 3369 4048 opus.
3402 3977 3502 4032 Ubi

1903 4076 2047 4136 enim
2107 4075 2259 4129 Deus.
2300 4073 2352 4127 in
2399 4086 2459 4126 se
2511 4070 2734 4141 suspicit
2788 4083 2959 4142 opus,
3011 4068 3138 4140 quid
3196 4069 3333 4122 ultra
3399 4082 3499 4124 cu-

1903 4165 2168 4223 randum?
2233 4164 2325 4225 Ille
2371 4164 2550 4218 omnia
2602 4159 2853 4233 colligit,
2905 4167 2961 4215 et
3005 4159 3224 4215 domum
3279 4157 3498 4212 excitat.

1904 4261 2086 4332 Neque
2140 4258 2191 4318 id
2239 4257 2412 4312 solum
2467 4254 2713 4310 mirabile
2755 4261 2870 4319 est;
2915 4250 3009 4306 sed
3050 4249 3194 4321 quod
3237 4249 3306 4304 ita
3357 4249 3506 4304 illam

1903 4361 2145 4408 exstruat
2177 4359 2250 4404 aut
2301 4358 2506 4421 optare,
2565 4348 2675 4402 uno
2722 4345 2914 4401 melius
2958 4359 3117 4414 quam
3159 4351 3346 4414 optare
3377 4356 3504 4412 pos-

1903 4447 1999 4502 sis.
2059 4443 2154 4499 Est
2191 4442 2334 4498 enim
2378 4439 2571 4495 artifex
2614 4438 2873 4508 optimus,
2930 4436 3018 4506 qui
3077 4435 3170 4490 tibi
3223 4434 3503 4489 utilissima

1903 4547 2074 4595 curat.
2101 4536 2156 4591 Si
2185 4548 2388 4607 pauper
2413 4533 2508 4598 sis,
2537 4540 2594 4588 et
2615 4530 2754 4586 banc
2773 4536 3088 4585 construere
3107 4526 3324 4581 domum
3349 4526 3503 4591 velis,

1905 4630 2104 4685 nullam
2153 4627 2429 4689 invidiam,
2475 4623 2679 4678 nullum
2731 4618 2822 4676 tibi
2852 4617 3022 4690 pariet
3061 4610 3306 4671 livorem.
3335 4615 3506 4669 Nemo

1904 4723 2046 4778 enim
2075 4720 2286 4776 invidus
2317 4718 2459 4772 illam
2488 4714 2690 4780 videt’,
2734 4711 2827 4768 sed
2856 4709 3029 4778 angeli
3059 4718 3284 4774 tantum,
3316 4707 3405 4778 qui
3437 4711 3506 4762 de

1909 4815 2062 4870 bonis
2086 4814 2190 4869 tuis
2219 4811 2452 4883 gaudent
2481 4828 2494 4864 :
2530 4822 2689 4864 nemo
2716 4806 2858 4860 illius
2889 4805 3023 4859 ﬁnes
3067 4800 3321 4857 invadere
3349 4809 3503 4869 pote-

1906 4909 1994 4970 rit,
2017 4908 2146 4978 quia
2174 4905 2276 4959 hoc
2307 4903 2496 4958 morbo
2537 4898 2891 4956 laborantium
2941 4895 3118 4950 nullus
3148 4893 3353 4947 vicinus
3379 4891 3500 4946 erit.

1908 5001 2123 5057 Vicinos
2149 4999 2256 5053 illic
2282 4996 2502 5052 habebis
2542 5002 2775 5058 sanctos,
2826 4990 3067 5053 Paulum,
3102 4987 3341 5050 Petrum,
3378 5001 3502 5054 pro-

1909 5096 2096 5165 phetas
2116 5106 2326 5156 omnes,
2351 5096 2630 5159 martyres,
2655 5085 2965 5154 angeldt'um
2989 5091 3043 5135 et
3060 5076 3505 5146 archangelorum

1907 5198 2100 5244 castus.
2133 5185 2227 5240 llis
2251 5197 2380 5237 vero
2401 5179 2469 5236 de
2494 5179 2669 5234 causis
2691 5175 2970 5230 facultates
2992 5169 3312 5242 pauperibus
3337 5167 3508 5222 effun-

1907 5279 2118 5344 damus,
2169 5285 2227 5329 ut
2275 5273 2362 5328 illa
2406 5269 2742 5326 tabernacula
2787 5277 3199 5334 consequamur,
3249 5274 3370 5329 qum
3408 5271 3506 5312 nos

1909 5384 2094 5430 omnes
2114 5365 2335 5436 adipisci
2354 5361 2649 5431 contingat,
2667 5358 2836 5428 gratia
2858 5367 2914 5412 et
2940 5353 3266 5424 benignitate
3295 5349 3506 5405 Domini

1909 5462 2076 5517 nostri
2096 5456 2456 5522 JesuChristi,
2489 5471 2581 5525 per
2596 5468 2755 5524 quem
2785 5461 2838 5506 et
2867 5465 2987 5505 cum
3018 5463 3124 5517 quo
3141 5445 3283 5500 Patri
3311 5442 3502 5514 gloria,

1908 5555 2172 5625 simulque
2193 5550 2409 5620 Spiritui
2428 5556 2634 5613 sancto,
2668 5545 2719 5600 in
2739 5543 2930 5599 smcula
2945 5540 3283 5598 srcculorum.
3313 5539 3500 5591 Amen.

1974 5694 1988 5723 ¹
2026 5689 2162 5742 llzee.
2189 5693 2234 5736 et
2259 5685 2435 5741 labore,
2463 5681 2645 5731 desunt
2669 5680 2716 5731 in
2741 5676 3162 5742 quibuslaznstss.
3246 5732 3256 5740 ‘

1972 5756 1992 5784 ¹
2028 5724 2902 5811 uiat'tioisiusin'umis
2925 5724 3204 5794 savilianis,
3243 5732 3288 5780 in
3311 5729 3393 5783 illa
3425 5724 3504 5774 ha-

1913 5816 2046 5873 bitat,
2075 5807 2196 5870 loco,
2222 5809 2355 5859 illum
2383 5807 2524 5856 t't'tlt't.
