4088 6490
627 439 719 495 511
1445 439 1717 497 ΙΟΛΝΧΙΞ
1754 436 2179 493 ΕΙΙΙΗἙΟδἸὈ]

2290 434 2588 493 ΗίΟΗΙΕΡ.
2624 439 3155 499 COXSTANTINUI'.
3812 455 3864 506 5|
3881 456 3909 505 2’

753 576 1370 593 *Μή-ᾠ-

3146 584 3156 591 .
3178 584 3628 598 ——_—.-..—
3648 591 3886 605 -——.—-—

1969 662 2303 727 HOMILIA
2350 666 2532 729 LVII.

616 847 743 900 Car.
790 843 843 900 9.
902 858 960 897 v.
992 841 1044 899 6.
1093 840 1219 897 Iltrc
1264 857 1376 894 cum
1428 839 1633 893 dixisset
1678 836 1851 901 lusus,
1903 831 2100 900 exspuit
2148 829 2200 881 in

690 938 898 1000 terram,
926 943 972 987 et
998 932 1116 1003 fecit
1142 932 1305 986 lutum
1328 948 1388 984 ex
1412 940 1579 999 sputo,
1606 940 1652 981 et
1670 927 1829 981 linivit
1856 926 2017 977 lutum
2049 936 2199 987 super

686 1025 859 1080 oculos
902 1025 1043 1093 claci,
1091 1030 1139 1077 et
1182 1022 1359 1077 dixit:
1399 1022 1451 1076 7.
1505 1019 1660 1085 Vnde,
1693 1019 1861 1073 luvare
1900 1016 1951 1068 in
2005 1013 2199 1085 piscina

689 1118 853 1173 Siloe.
1144 1120 1149 1123 ’

688 1210 740 1264 1.
773 1208 1055 1277 Scriptum
1086 1223 1185 1261 non
1212 1205 1548 1276 perfunctorie
1578 1201 1817 1273 legentur.
1847 1199 1945 1254 Cur
1968 1198 2197 1252 Christus

613 1316 798 1355 clerum
841 1307 1108 1353 sanaturus
1151 1300 1204 1351 in
1245 1307 1427 1351 terram
1455 1294 1726 1365 respuerit.
1757 1290 1890 1348 Circi
1940 1290 2044 1344 nati
2068 1289 2196 1357 fides

612 1399 820 1454 quanta.
846 1418 917 1430 —
943 1388 1041 1456 Qui
1072 1388 1300 1458 aliquam
1332 1402 1395 1441 ex
1433 1385 1745 1439 lectionibus
1774 1383 2052 1437 utilitatem
2079 1394 2196 1434 ear-

612 1496 735 1549 perc
763 1481 962 1545 volunt,
989 1494 1055 1534 ne
1077 1480 1352 1534 minimum
1381 1478 1590 1548 quidam
1614 1484 2040 1547 prtetercurrant.
2071 1472 2195 1528 ideo

613 1585 839 1640 namque
865 1569 1167 1639 Scripturas
1193 1570 1414 1624 scrutari
1437 1568 1705 1637 jubemur,
1734 1566 1853 1636 quia
1882 1565 2043 1618 multa
2072 1579 2190 1633 qum

613 1664 791 1716 statim
848 1660 1019 1716 facilia
1070 1660 1345 1725 videntur,
1399 1675 1641 1728 magnam
1699 1658 1893 1711 habent
1940 1657 2189 1710 latentem

609 1751 887 1806 sententia:
931 1750 1364 1821 profunditatem.
1399 1749 1529 1803 Vide
1559 1762 1784 1818 namque
1811 1747 1933 1817 quid
1977 1746 2025 1799 in
2055 1763 2190 1816 prm-

606 1846 741 1900 δι’ιηί
793 1854 1137 1915 proponatur.
1171 1843 1298 1898 Hau:
1343 1860 1455 1897 cunt
1506 1844 1731 1903 dixisset,
1781 1842 1969 1912 inquit,
1997 1840 2190 1909 exspuit

606 1938 655 1986 in
683 1946 866 1990 terram
897 1936 965 2009 (υ.
995 1936 1030 1991 5
1074 1945 1118 1990 et
1144 1936 1222 2007 4).
1264 1934 1371 1990 Cttr
1399 1936 1529 1989 hoc?
1561 1933 1626 1990 Ut
1665 1934 2032 1987 manifestetur
2070 1931 2188 2002 glu-

606 2026 682 2081 tia
712 2026 827 2095 Dei,
877 2037 929 2084 et
973 2027 1112 2099 quod
1158 2038 1401 2099 oporteat
1446 2044 1531 2083 mc
1562 2026 1735 2099 facere
1765 2042 1925 2097 opera
1955 2026 2068 2097 ejus
2099 2028 2203 2097 qui

606 2118 750 2172 misit
797 2134 900 2173 me.
951 2118 1131 2189 Neque
1180 2120 1320 2175 enim
1370 2120 1482 2175 siste
1535 2134 1692 2174 causa
1735 2120 1846 2173 lucc
1876 2120 2188 2173 memoravit

605 2210 949 2279 evangelista,
978 2211 1283 2282 addiditque
1330 2212 1498 2281 ipsum
1543 2211 1853 2279 exsimisse;
1882 2211 1974 2265 sed
2006 2220 2061 2266 ut
2089 2212 2184 2265 de-

603 2301 830 2356 clarat'et
872 2301 1055 2359 Jesunt
1103 2305 1352 2373 operibus
1391 2320 1694 2361 sermonem
1742 2307 2079 2362 conﬁrmare.
2121 2306 2186 2362 Et

603 2410 697 2447 cur
727 2409 830 2449 non
856 2410 989 2466 aqua
1016 2411 1143 2452 usus
1170 2407 1272 2462 est,
1299 2397 1391 2452 sed
1412 2408 1569 2468 sputo
1594 2398 1657 2453 ad
1680 2400 1842 2453 lntmn
1863 2399 2184 2454 faciendum?

604 2484 857 2540 Missurus
895 2487 1039 2541 illum
1078 2498 1190 2543 erat
1223 2488 1274 2543 in
1317 2488 1480 2545 Sitne.
1512 2489 1588 2545 Ne
1616 2489 1741 2560 quid
1773 2505 1901 2561 ergo
1928 2490 2058 2545 fonti
2084 2492 2185 2545 ad-

602 2576 939 2643 scriberetur,
959 2578 1050 2633 sed
1066 2578 1317 2644 disceres,
1345 2595 1407 2634 ex
1441 2596 1535 2635 ore
1556 2581 1670 2651 ejus
1697 2582 1891 2638 exiisse
1912 2583 2202 2649 virtutem”

603 2690 719 2741 qua:
748 2674 1046 2729 elTormavit
1086 2683 1141 2730 et
1172 2678 1378 2744 aperuit
1406 2676 1611 2741 oculos,
1636 2678 1847 2745 OSSpull
1881 2677 1931 2730 in
1965 2686 2181 2731 terram.

605 2764 715 2818 Hoc
744 2764 1048 2834 significans
1074 2766 1396 2835 evangelista
1427 2752 1655 2831 dicebat,
1695 2766 1755 2820 Et
1788 2767 1947 2821 lutum
1976 2768 2092 2839 fecit
2117 2784 2180 2821 ea:

601 2866 765 2923 sputo.
800 2855 997 2910 Deinde
1028 2871 1093 2911 ne
1119 2866 1393 2927 putaretur
1418 2872 1551 2927 opus
1573 2872 1649 2912 ex.
1672 2867 1809 2911 terra
1831 2857 2174 2927 processisse,

603 2945 776 2999 lavare
814 2945 993 3015 jussit.
1043 2944 1151 3000 Cur
1194 2962 1320 3017 ergo
1351 2962 1454 3003 non
1483 2947 1659 3002 statim
1693 2946 1793 3002 hoc
1821 2946 1963 3015 fecit,
2004 2947 2096 3002 sed
2126 2948 2179 3002 in

600 3034 795 3089 Siloam
825 3035 1004 3090 misit?
1031 3033 1103 3091 Ut
1126 3036 1251 3090 creci
1280 3036 1436 3090 tidem
1461 3036 1654 3101 discas,
1689 3048 1849 3107 utque
1873 3037 2178 3093 Judteorum

605 3127 947 3194 pervicacitas
989 3129 1389 3198 reprimeretur.
1420 3129 1687 3185 Credibile
1716 3131 1857 3185 enim
1887 3140 1967 3187 est
1995 3146 2181 3187 omnes

604 3221 797 3276 vidisse
840 3221 984 3275 illum
1019 3222 1325 3287 abeuntem,
1373 3222 1673 3293 illitumque
1720 3223 1887 3277 lutum
1936 3224 1986 3278 in
2014 3224 2181 3279 oculis

602 3311 904 3367 habentem.
941 3312 1048 3368 Res
1073 3315 1215 3369 enim
1245 3314 1605 3384 inexspectata
1635 3318 1871 3369 onmium
1903 3317 2084 3371 oculos
2112 3317 2179 3371 ad

601 3404 769 3467 ipsum
797 3402 1062 3457 convertit
1088 3418 1102 3458 :
1134 3411 1240 3458 tum
1268 3404 1355 3474 qui
1405 3403 1667 3471 viderunt,
1716 3413 1824 3459 tum
1852 3406 1938 3476 qui
1972 3407 2181 3477 ignora-

601 3493 740 3551 bant.
771 3492 835 3546 ad
859 3493 932 3547 rei
958 3493 1160 3547 exitum
1188 3494 1371 3548 intenti
1400 3504 1568 3550 erant.
1592 3494 1722 3564 Quia
1743 3496 1884 3552 enim
1904 3512 2008 3551 non
2024 3497 2179 3554 facile

597 3584 799 3639 crcditu
830 3595 946 3640 erat
987 3600 1186 3641 caecum
1235 3586 1403 3640 visum
1432 3602 1797 3657 recuperasse,
1844 3604 1937 3659 per
1969 3592 2176 3660 longam

599 3679 734 3729 viam
766 3679 959 3732 multos
985 3686 1135 3747 parat
1161 3687 1342 3741 testes,
1371 3688 1423 3733 et
1454 3689 1559 3733 tam
1607 3680 1831 3735 insolita:
1860 3682 1932 3735 rei
1971 3691 2179 3750 speeta-

600 3777 772 3833 tores;
823 3776 878 3821 ut
918 3768 1230 3823 attentiorcs
1272 3768 1416 3831 facti,
1455 3770 1564 3837 jam
1596 3786 1698 3823 non
1731 3781 1947 3841 possent
1978 3772 2173 3838 dicere,

597 3859 693 3913 llic
717 3868 820 3924 est,
854 3873 956 3913 non
988 3867 1070 3915 est
1117 3859 1221 3914 hic.
1275 3860 1353 3915 Ad
1383 3859 1500 3916 lucc
1530 3878 1657 3917 vero
1703 3863 1809 3917 vult
1838 3864 1967 3917 illud
1999 3874 2197 3921 osten-

596 3950 742 4015 dere,
793 3964 853 4005 se
899 3951 1065 4005 veteri
1122 3951 1222 4021 legi
1280 3953 1603 4007 contrarium
1650 3970 1753 4010 non
1795 3969 1933 4018 esse.
1966 3956 2090 4011 dum
2124 3957 2176 4012 in

594 4040 736 4094 Siloe
777 4040 957 4095 mittit.
1009 4039 1191 4112 Neque
1221 4043 1362 4097 enim
1404 4045 1749 4099 metuendum
1796 4056 1932 4112 erat,
1964 4063 2029 4101 ne
2054 4047 2174 4102 facti

594 4129 758 4198 gloria
779 4129 920 4185 Siloe
950 4130 1260 4187 referretur.
1290 4133 1695 4207 Multi‘namque
1727 4137 1843 4193 istic
1884 4139 2067 4194 oculos
2095 4140 2175 4193 la-

596 4228 800 4285 verunt,
831 4222 918 4291 qui
942 4220 1071 4276 nihil
1103 4223 1225 4279 inde
1254 4223 1373 4279 boni
1397 4234 1521 4280 sunt
1548 4230 1859 4299 consequuti
1910 4229 2007 4287 llic
2032 4231 2174 4286 enim

594 4310 759 4364 virtus
787 4309 982 4367 Christi
1025 4316 1201 4369 nuituis
1245 4328 1497 4385 operatur
1530 4336 1543 4372 :
1588 4319 1813 4389 ideoque
1854 4321 2174 4391 interpretao

594 4402 791 4456 tionem
823 4401 907 4457 hic
936 4402 1116 4472 adjicit
1138 4408 1480 4474 evangelista.
1511 4407 1642 4462 Cum
1671 4409 1891 4464 dixisset
1918 4411 2083 4478 enim,
2109 4413 2175 4465 In

595 4495 753 4557 Sitne,
783 4493 983 4563 adjicit,
1002 4494 1111 4549 Hoc
1124 4507 1223 4563 est,
1233 4496 1439 4567 Missus,
1461 4509 1517 4554 ut
1535 4501 1794 4571 intelligas
1806 4502 1910 4556 illic
1924 4518 1951 4555 a
1965 4502 2175 4559 Christo

592 4594 830 4640 curatum
851 4601 991 4653 esse,
1012 4597 1066 4642 ut
1090 4588 1281 4643 Paulus
1293 4590 1365 4644 ait
1386 4608 1397 4642 :
1419 4590 1835 4656 Bibebuntautent
1851 4596 2175 4665 despiritunli

591 4688 915 4746 consequente
940 4680 1054 4733 illos
1080 4690 1220 4747 petra
1239 4692 1411 4749 :petra
1435 4694 1599 4737 autem
1616 4696 1720 4739 erat
1733 4685 2017 4759 Christus(l
2034 4687 2169 4743 .Cor.

594 4767 677 4822 10.
694 4767 769 4838 4).
794 4768 862 4824 Ut
888 4785 1016 4839 ergo
1030 4771 1267 4825 Christus
1289 4783 1401 4827 erat
1424 4775 1673 4843 spiritalis
1687 4787 1856 4848 petra,
1871 4778 1938 4833 ita
1953 4781 2173 4851 etspiri-

595 4861 712 4913 talis
742 4861 904 4917 Siloe.
948 4863 1169 4919 Videtur
1194 4874 1370 4919 autem
1404 4868 1533 4922 mihi
1564 4872 1839 4937 repentina
1888 4874 1975 4929 illa
2020 4890 2172 4946 aqua:

596 4953 873 5017 pratscntia
941 4968 1194 5007 arcanum
1260 4954 1413 5011 nobis
1463 4958 1761 5029 signiﬁcare
1836 4968 2168 5036 mysterium.

593 5041 866 5107 Quodnam
899 5044 1071 5099 illud?
1100 5046 1523 5117 lnexspectatnm
1554 5063 1749 5122 printer
1774 5070 1923 5125 Spem
1955 5074 2170 5117 onmem

596 5132 900 5190 adventum.
935 5136 1039 5192 Sed
1086 5138 1207 5194 vide
1244 5141 1373 5196 mihi
1403 5143 1531 5197 (ιωοί
1576 5148 1808 5202 animum
1842 5149 1895 5204 in
1925 5153 2171 5209 omnilnts

594 5226 990 5295 obsequentem.
1016 5227 1197 5299 Neque
1225 5230 1367 5285 enim
1389 5231 1547 5298 dixit,
1568 5235 1622 5289 Si
1655 5237 1820 5292 lutum
1848 5250 1937 5295 ant
1957 5250 2168 5309 sputum

593 5315 720 5370 mihi
756 5318 1033 5372 oculorum
1064 5334 1214 5375 usum
1247 5322 1551 5389 restituunt,
1584 5325 1706 5395 quid
1738 5343 1869 5397 Opus
1892 5340 1971 5385 est
1994 5332 2171 5388 Sitne?

591 5408 630 5458 si
663 5422 791 5461 vero
820 5407 984 5473 Siloe,
1024 5410 1147 5480 quid
1195 5428 1327 5482 opus
1367 5425 1447 5471 est
1492 5419 1687 5487 sputo?
1716 5434 1811 5473 cur
1840 5422 2029 5491 liuivit,
2077 5442 2171 5481 cur

594 5497 769 5551 lavare
791 5499 986 5568 jussit?
1006 5501 1147 5556 Nihil
1181 5503 1366 5561 horum
1396 5508 1478 5563 vel
1507 5511 1783 5579 cogitavit;
1813 5513 1905 5567 sed
1931 5530 2086 5571 unum
2119 5518 2167 5571 in

594 5589 863 5657 proposito
909 5590 1159 5660 habebat,
1210 5604 1266 5649 nt
1309 5596 1511 5665 iubenti
1562 5600 1990 5671 obtemperaret:
2040 5607 2167 5663 nihil

596 5680 763 5746 ipsum
798 5683 1035 5751 retinuit,
1062 5686 1192 5740 nihil
1220 5687 1457 5743 offendit.
1488 5690 1540 5745 Si
1571 5694 1689 5763 quis
1715 5710 1841 5748 vero
1867 5695 2027 5761 dicat,
2054 5698 2168 5766 Quo

594 5781 744 5837 pacto
777 5772 884 5827 luto
912 5774 1155 5843 deposito
1182 5779 1350 5833 visum
1391 5784 1630 5852 recepit?
1658 5785 1788 5841 nihil
1818 5804 1846 5840 a
1894 5789 2046 5843 nobis
2072 5806 2165 5845 au-

594 5860 697 5914 diet
724 5862 883 5931 aliud,
917 5880 1069 5935 quam
1104 5883 1201 5924 nos
1233 5871 1443 5926 modum
1471 5876 1694 5933 nescire.
1732 5876 1797 5931 Et
1826 5881 1949 5949 quid
1979 5882 2166 5939 mirum

2307 832 2350 887 si
2373 836 2696 905 nesciamus,
2724 842 2937 911 quando
2969 858 3036 899 ne
3077 845 3401 915 evangelista
3430 847 3646 916 quidem
3672 847 3901 912 sciebat,

2304 940 2482 997 neque
2522 928 2682 983 etiam
2726 931 2840 1001 ipse
2865 934 2953 1002 qui
2983 944 3200 988 sanatus
3229 934 3363 990 fuit?
3391 935 3495 991 Sed
3524 937 3649 1007 quid
3700 938 3898 994 factum

2306 1014 2497 1073 fuisset
2520 1030 2760 1087 noverat,
2794 1022 3008 1078 modum
3040 1039 3168 1080 vero
3196 1026 3602 1095 deprehendere
3623 1044 3730 1083 non
3749 1040 3890 1099 pote

2305 1116 2406 1162 rat.
2438 1108 2573 1165 Illud
2606 1126 2734 1166 vero
2761 1113 3117 1184 interrogatus
3148 1115 3357 1172 dicebat
3384 1135 3397 1172 :
3430 1117 3616 1173 Lutum
3652 1120 3897 1188 imposuit

2302 1199 2461 1257 oculis
2481 1203 2623 1269 meis,
2651 1214 2697 1258 et
2718 1204 2837 1270 lari,
2867 1216 2913 1259 et
2943 1206 3105 1263 rideo.
3131 1207 3182 1262 td
3202 1218 3378 1265 autem
3406 1212 3672 1286 quomodo
3698 1213 3893 1267 factum

2301 1291 2391 1358 sit,
2446 1292 2626 1350 dicere
2680 1296 2890 1366 nequit,
2932 1298 3140 1353 etiamsi
3192 1298 3386 1355 millies
3441 1302 3795 1374 interrogent.
3841 1305 3940 1359 8.-

2300 1381 2485 1454 Itaque
2529 1388 2699 1455 ricini,
2752 1389 2940 1460 inquit,
2980 1402 3025 1446 et
3052 1394 3141 1463 qui
3179 1394 3407 1449 viderunt
3445 1414 3557 1449 eum
3583 1398 3746 1466 prius,
3775 1400 3899 1468 quia

2299 1474 2556 1529 mendicus
2594 1487 2701 1531 erat
2722 1481 2758 1544 ',
2782 1482 3059 1537 dicebant:
3085 1482 3273 1539 Nonne
3312 1486 3395 1539 Itic
3443 1498 3516 1540 cst
3553 1491 3639 1554 qui
3666 1489 3894 1557 sedebat,

2298 1574 2346 1616 et
2383 1566 2733 1623 meudicabat.’
2759 1569 2811 1626 9.
2852 1572 2956 1625 Alii
2974 1573 3228 1641 dicebant,
3271 1573 3369 1629 llic
3396 1586 3489 1630 est.
3521 1577 3615 1633 ltei
3648 1579 3895 1634 insolen-

2300 1654 2368 1708 tia
2415 1655 2481 1710 ad
2526 1656 2951 1717 inerudelitatem
2982 1662 3208 1720 ducebat
3248 1680 3365 1731 eos,
3412 1666 3533 1723 licet
3566 1677 3673 1724 tam
3724 1670 3892 1725 multa

2298 1745 2506 1813 provisa
2538 1758 2740 1816 essent,
2771 1767 2889 1820 qua:
2921 1753 3065 1822 ipsos
3103 1754 3168 1809 ad
3194 1756 3516 1811 credendum
3550 1758 3887 1815 inducercnt.

2295 1838 2399 1893 Alii
2437 1850 2613 1896 autent
2644 1842 2894 1900 dicebant
2925 1862 2937 1900 :
2973 1844 3160 1903 Nonne
3201 1848 3283 1902 hic
3324 1861 3397 1905 est
3442 1852 3529 1919 qui
3577 1852 3804 1919 sedebat,
3845 1863 3893 1907 et

2295 1930 2609 1985 ntendicabat
2624 1934 2650 1987 Ρ
3188 1976 3189 1997 ξ

2364 2020 2462 2075 Dei
2488 2023 2766 2095 benignitas
2815 2044 2933 2100 ergo
2982 2046 3155 2086 omnes
3202 2033 3422 2103 cujusvis
3465 2038 3791 2092 conditionis.
3821 2070 3893 2081 -—

2294 2113 2450 2184 Papm
2473 2158 2487 2181 ,
2516 2128 2712 2188 quanta
2762 2120 2852 2177 Dei
2905 2124 3242 2182 humanitas!
3275 2127 3565 2200 Quousque
3608 2132 3889 2188 descendit

2292 2204 2416 2260 dum
2450 2223 2570 2263 eum
2605 2219 2747 2267 tanta
2776 2213 3143 2272 benevolentia
3176 2220 3451 2276 mendicos
3477 2232 3651 2289 curat,
3684 2236 3740 2279 et
3767 2225 3890 2279 hinc

2290 2296 2490 2355 Judazis
2519 2301 2787 2358 silentium
2818 2305 3079 2376 imponit,
3106 2311 3228 2379 quia
3274 2326 3380 2368 non
3411 2312 3622 2380 claros,
3650 2316 3888 2372 illustres

2290 2404 2351 2443 ae.
2375 2391 2640 2461 principes
2667 2394 2827 2461 viros,
2850 2398 2942 2453 sed
2964 2399 3219 2457 obscuros
3240 2407 3400 2459 etiam
3429 2421 3524 2461 sua
3551 2410 3885 2478 providentia

2289 2479 2605 2551 dignabatur
2640 2505 2654 2541 :
2686 2503 2804 2542 nam
2834 2489 2897 2543 ad
2928 2493 3167 2547 omnium
3198 2495 3424 2551 salutem
3459 2510 3701 2555 venerat.
3733 2502 3886 2568 Quod

2290 2585 2469 2629 autem
2498 2577 2693 2632 accidit
2723 2580 2773 2634 in
2806 2582 3097 2655 paralytico
3118 2627 3135 2652 ,
3171 2585 3257 2643 hic
3284 2604 3500 2660 quoque
3528 2593 3730 2647 evenit.
3777 2594 3888 2651 Ne-

2289 2679 2394 2733 que
2422 2667 2565 2721 enim
2597 2669 2831 2740 illeqnis
2858 2686 2917 2727 se
2954 2685 3192 2730 curasset
3216 2688 3391 2746 norat,
3425 2695 3601 2751 neque
3627 2683 3735 2738 hic.
3774 2684 3887 2740 lloc

2290 2758 2763 2812 antetnacciditob
2788 2760 2982 2817 Christi
3014 2763 3309 2822 discessum
3337 2770 3458 2838 :qui
3490 2784 3610 2825 eunt
3639 2773 3883 2841 curabat,

2290 2859 2502 2915 semper
2527 2850 2781 2906 secedere
2812 2852 3051 2918 Solebat,
3086 2864 3142 2909 ut
3194 2858 3333 2912 circa
3368 2859 3521 2929 signa
3564 2864 3742 2919 omnis
3787 2879 3882 2919 su-

2290 2939 2457 3005 Spicio
2488 2940 2782 2996 tolleretur.
2813 2944 2912 3011 Qui
2940 2947 3082 3001 enim
3112 2964 3216 3003 non
3245 2942 3503 3007 novt-mut
3551 2957 3671 3025 quis
3701 2970 3882 3026 esset,

2287 3032 2556 3099 qnmnodo
2588 3034 2638 3087 in
2669 3036 2784 3104 ejus
2804 3039 3025 3108 gratiam
3050 3041 3188 3096 circa
3220 3058 3305 3099 res
3330 3054 3509 3114 gestas
3537 3049 3738 3119 aliquid
3786 3052 3886 3106 lin-

2288 3120 2532 3176 xissent?
2561 3124 2745 3196 Neque
2769 3129 2910 3183 enim
2943 3129 3029 3186 hic
3062 3148 3236 3188 caecus
3261 3150 3384 3191 erro
3419 3138 3683 3207 quispiam
3724 3154 3845 3196 erat
3866 3185 3881 3207 ,

2289 3213 2379 3269 sed
2406 3215 2471 3269 ad
2506 3218 2686 3288 templi
2707 3220 2899 3289 jauuas
2926 3224 3166 3279 sedebat.
3202 3226 3574 3285 Dubitantbus
3606 3248 3736 3302 ergo
3761 3248 3851 3287 om

2289 3306 2611 3363 uibuscirea
2644 3311 2788 3366 illum
2813 3355 2828 3377 ,
2858 3314 2984 3384 qttid
3014 3315 3188 3371 dicit?
3218 3316 3334 3389 Ego
3359 3338 3492 3376 smn.
3534 3321 3649 3376 Non
3696 3326 3889 3394 puduit

2290 3397 2527 3465 ju'istina:
2553 3400 2843 3469 catenatis,
2876 3419 2980 3460 non
3023 3406 3329 3464 formidavit
3377 3414 3557 3482 populi
3604 3413 3883 3483 furorem,

2288 3504 2460 3559 neque
2490 3492 2689 3548 veritus
2719 3505 2797 3550 est
2822 3511 2941 3553 sese
2970 3502 3288 3568 ostendere,
3322 3514 3381 3557 ut
3408 3506 3877 3581 beneﬂcnmpras-

2288 3579 2513 3637 dicaret.
2546 3582 2634 3637 10.
2665 3584 2856 3641 Dicunt
2878 3589 2942 3651 ei,
2978 3590 3247 3657 Quomodo
3267 3597 3431 3665 aperti
3449 3609 3565 3652 sunt
3594 3601 3680 3654 tibi
3708 3579 3889 3658 oculi?

2293 3673 2377 3726 ll.
2414 3674 2696 3743 Respondit
2724 3678 2794 3732 eis
2830 3694 2850 3733 :
2894 3679 3059 3736 llotno
3080 3685 3168 3755 qui
3190 3684 3379 3741 dicitur
3412 3686 3582 3744 Iesus.
3621 3691 3759 3760 Quid
3798 3676 3888 3749 ili-

2287 3766 2366 3818 eis
2387 3766 2409 3818 ?
2434 3782 2500 3821 an
2534 3768 2693 3825 homo
2720 3770 2834 3827 lucc
2862 3776 3159 3843 operatur?
3188 3778 3293 3834 Sed
3322 3780 3453 3836 nihil
3484 3782 3661 3840 adhuc
3704 3786 3775 3840 de
3818 3804 3889 3843 eo

2286 3873 2533 3928 magnum
2566 3860 2901 3930 epinabatur.
2941 3864 3107 3921 Ilonto
3150 3871 3236 3940 qui
3283 3870 3469 3926 dicitur
3504 3873 3654 3930 Iesus
3675 3878 3720 3943 ’,
3766 3881 3889 3948 fecit

2287 3949 2447 4001 lutunt
2470 3961 2514 4002 et
2539 3953 2701 4007 unxit.

2355 4039 2410 4095 ‘2.
2444 4040 2573 4095 Caeci
2600 4060 2629 4095 a
2654 4044 2849 4099 Clu-isto
2878 4049 3041 4103 sanati
3072 4052 3331 4107 ceracitas.
3368 4053 3432 4108 In
3477 4057 3536 4109 iis
3581 4074 3696 4128 qua:
3727 4059 3889 4113 rideri

2284 4144 2551 4201 nequeunt,
2576 4135 2679 4202 [ide
2703 4147 2776 4191 est
2796 4154 2942 4209 opus.
2974 4139 3105 4197 Vide
3128 4159 3286 4214 quam
3318 4162 3476 4201 verax
3510 4150 3599 4203 sit.
3645 4150 3763 4205 Non
3792 4152 3885 4206 di-

2285 4222 2361 4275 xit
2392 4223 2531 4279 unde
2558 4225 2740 4281 fecerit
2770 4243 2783 4279 :
2813 4230 2951 4299 quod
2980 4232 3121 4287 enim
3145 4249 3250 4288 non
3281 4236 3517 4305 viderat,
3576 4256 3680 4296 non
3726 4242 3884 4300 dicit.

2284 4312 2465 4381 Neque
2488 4317 2631 4370 enim
2664 4319 2869 4373 viderat
2900 4322 3048 4377 illum
3080 4326 3357 4395 exspuisse
3397 4328 3448 4382 in
3494 4338 3688 4385 terram
3716 4374 3733 4400 ,
3780 4338 3884 4391 sed

2284 4404 2422 4472 quod
2460 4409 2702 4464 tinxisset
2723 4452 2738 4476 ,
2765 4428 2927 4467 sensu
2956 4424 3006 4469 et
3036 4430 3102 4470 ex
3130 4426 3273 4473 tactu
3304 4433 3632 4492 perceperat.
3661 4425 3727 4479 Et
3748 4428 3886 4485 dixit

2284 4498 2407 4551 milii
2430 4540 2444 4563 ,
2486 4499 2661 4569 Vade,
2690 4504 2861 4560 forare
2886 4507 2934 4561 in
2960 4512 3210 4564 natatoriu
3241 4512 3403 4568 Siloe.
3436 4514 3545 4570 lloc
3580 4533 3644 4572 ex
3690 4522 3884 4577 auditi:

2284 4592 2685 4649 tesulieahatur.
2722 4596 2786 4651 Et
2827 4600 2966 4656 unde
3012 4601 3207 4657 Christi
3256 4621 3439 4659 vorem
3488 4614 3755 4667 noverat?
3802 4616 3881 4670 lix

2282 4682 2399 4750 ejus
2428 4699 2547 4739 cum
2579 4685 2854 4757 discipulis
2905 4693 3193 4761 colloquio.
3246 4696 3371 4751 lla‘c
3419 4701 3596 4755 omnia
3646 4718 3880 4773 narrat,

2280 4774 2441 4827 allato
2462 4791 2526 4829 ex
2558 4778 2810 4846 operibus
2840 4782 3141 4838 testimonio
3170 4803 3183 4837 :
3213 4788 3426 4842 IttUtlllltl
3456 4790 3637 4848 dicere
3666 4799 3877 4866 nequit.

2280 4867 2430 4933 Quod
2461 4867 2506 4921 si
2540 4868 2589 4922 in
2622 4870 2688 4925 iis
2718 4887 2837 4942 qua:
2862 4888 3023 4928 sensu
3055 4885 3109 4930 et
3134 4885 3273 4933 tactu
3322 4882 3721 4952 percipiuntur,
3767 4890 3880 4945 fide

2280 4967 2367 5012 est
2389 4973 2560 5029 opus;
2590 4962 2761 5016 multo
2790 4964 2958 5035 magis
2988 4966 3039 5020 in
3076 4967 3141 5022 iis
3189 4984 3307 5039 qua:
3354 4972 3521 5027 videri
3570 4992 3867 5048 nequeunt.

2280 5049 2367 5103 l2.
2392 5049 2578 5104 Dicunt
2600 5053 2664 5118 ei,
2696 5051 2796 5108 Ubi
2820 5064 2893 5109 est
2914 5056 3037 5111 ille?
3068 5056 3365 5128 Respondit,
3392 5062 3598 5119 Nescio.
3627 5066 3680 5122 id
3710 5085 3877 5137 porro

2278 5140 2526 5196 dicebant
2551 5184 2565 5206 ,
2609 5142 2706 5198 Ubi
2727 5155 2801 5200 est
2827 5146 2955 5203 ille?
2983 5148 3261 5205 occidendi
3288 5157 3491 5213 animo.
3530 5157 3658 5215 Vide
3687 5174 3875 5217 autem

2281 5232 2364 5287 hic
2392 5250 2546 5303 quam
2573 5236 2641 5289 sit
2660 5235 2905 5293 Christus
2932 5255 2961 5293 a
2991 5241 3127 5295 fastu
3156 5244 3361 5301 alienus
3380 5290 3395 5313 ,
3442 5254 3714 5320 quomodo
3761 5274 3874 5311 tum

2276 5324 2457 5379 aderat
2481 5338 2599 5395 post
2624 5332 2923 5385 restitutam
2957 5334 3238 5391 sanitatem
3261 5380 3276 5405 ,
3321 5355 3425 5393 non
3454 5343 3683 5412 gloriam
3712 5386 3726 5411 ,
3760 5365 3871 5401 non

2277 5417 2452 5485 populi
2503 5420 2743 5486 plausum
2775 5424 3073 5492 qua-rebat.
3111 5426 3241 5482 Vide
3268 5440 3443 5484 autem
3470 5449 3630 5502 quant
3662 5442 3877 5495 veraci-

2278 5517 2361 5562 ter
2405 5511 2471 5565 ad
2518 5515 2693 5570 omnia
2751 5532 2925 5573 cmcus
2978 5521 3322 5591 respondeat.
3374 5525 3696 5591 Quwrebant
3737 5548 3870 5605 ergo

2275 5600 2576 5674 Christum,
2608 5617 2664 5663 ut
2707 5608 2772 5663 ad
2818 5612 3126 5669 sacerdotes
3172 5612 3463 5683 ducerent;
3510 5633 3631 5674 cum
3685 5636 3868 5682 auem

2339 5711 2598 5789 fiitjulgata
2622 5720 2800 5789 latina.
2825 5719 2938 5781 quia
2984 5720 3237 5789 mendicus
3272 5733 3396 5776 erat.
3422 5725 3477 5776 In
3500 5727 3658 5781 Editis
3678 5733 3866 5789 Grates

2274 5771 2523 5847 Evangelii
2552 5776 2731 5839 legitur
2756 5771 2815 5829 5..
2834 5771 2977 5847 ξτηῃς
3002 5771 3061 5843 ἦέ,
3084 5771 3517 5847 gramineae:

2274 5901 2311 5942 Μ
2339 5838 2358 5865 ³
2396 5836 2537 5900 Ιιίίιε,
2584 5836 2729 5891 ηὀιηο
2761 5841 2843 5903 qui
2876 5836 3059 5894 dicitur
3078 5836 3248 5909 .iesus,
3289 5836 3545 5905 tle-suntin
3571 5856 3869 5919 quibusdam

2312 5909 2378 5942 ss.

2312 5909 2378 5945 SS.
