4088 6508
221 427 330 486 3εὸ

229 555 336 593 non
384 535 730 600 invenirent,
775 547 978 589 caecum
1011 530 1214 586 ducunt
1250 529 1317 583 ad
1365 528 1702 592 I‘harismos,
1743 523 1834 594 qui

233 628 482 698 asperius
505 627 926 697 interrogarent.
959 622 1082 677 Ideo
1110 634 1341 689 namque
1368 616 1698 687 evangelista
1727 615 1834 670 sab-

234 721 418 775 batum
452 718 619 774 fuisse
650 717 812 783 dicit,
845 724 903 769 ut
924 729 1145 786 pravum
1173 726 1360 767 eorum
1383 709 1620 764 animum
1657 713 1841 760 osten-

232 811 429 878 deret,
457 822 511 866 et
541 825 704 881 quam
733 805 1092 864 calumniandi
1125 803 1440 858 miraculum
1483 814 1671 854 ansam
1720 812 1840 868 cap-

235 912 448 969 tarent,
477 901 620 973 quod
666 899 872 954 scilicet
922 898 1094 966 legem
1138 904 1504 962 transgressus
1545 888 1839 944 videretur.

237 996 481 1065 llineqne
503 993 678 1064 palam
706 999 818 1057 est,
847 989 987 1060 quod
1016 988 1101 1041 ubi
1136 987 1365 1056 primum
1401 983 1551 1038 illum
1570 980 1839 1042 viderunt,

236 1087 369 1142 nihil
414 1084 556 1140 aliud
605 1081 882 1145 dixerint,
931 1093 1130 1149 quam,
1190 1077 1280 1131 i5.
1328 1073 1596 1141 Quomodo
1643 1069 1840 1141 aperuit

236 1178 418 1233 oculos
445 1175 604 1228 tuos?
634 1173 702 1227 Et
727 1170 1098 1226 animadverte
1129 1183 1235 1220 non
1264 1166 1466 1220 dixisse
1491 1163 1614 1217 illos
1637 1201 1652 1226 ,
1698 1160 1842 1227 Quo-

234 1270 403 1327 modo
433 1270 604 1323 visum
639 1264 887 1335 recepisti
914 1280 930 1330 ;
959 1261 1054 1318 sed
1079 1301 1096 1328 ,
1131 1257 1398 1326 Quomodo
1420 1255 1620 1326 aperuit
1668 1252 1841 1307 oculos

233 1372 352 1416 tuos
375 1361 400 1415 ?
426 1358 763 1416 occasionem
797 1355 897 1424 ipsi
922 1351 1215 1409 oﬂerentes
1257 1345 1622 1404 calumniandi
1663 1345 1837 1416 ipsum

233 1455 305 1507 ob
335 1465 472 1521 opus
505 1449 730 1505 editum.
761 1447 854 1502 llle
879 1459 1008 1501 vero
1030 1442 1180 1515 quasi
1221 1455 1327 1496 non
1372 1439 1570 1511 ignaris
1622 1435 1841 1492 brevius

234 1544 476 1616 loquitur
508 1562 523 1598 :
559 1558 663 1597 non
697 1555 890 1594 nomen
927 1535 1180 1607 protulit,
1218 1550 1321 1589 non
1349 1534 1459 1598 ait,
1497 1531 1637 1586 Dixit
1665 1529 1795 1585 mihi
1820 1569 1837 1595 ,

248 1637 388 1690 Vuae
410 1678 424 1701 ,
458 1636 670 1700 lavare;
703 1631 797 1688 sed
829 1634 1010 1686 statim
1042 1629 1150 1694 ait,
1185 1627 1372 1680 Lutum
1410 1623 1647 1694 imposuit
1689 1636 1842 1692 super

234 1730 611 1790 oculosmeos,
641 1735 685 1779 et
713 1723 850 1790 lavi,
897 1734 941 1777 et
989 1721 1155 1776 video.
1199 1718 1394 1788 Utpote
1432 1732 1562 1773 eum
1607 1715 1714 1785 iam
1764 1713 1838 1768 illi

216 1822 467 1877 multum
492 1817 798 1875 calumniati
827 1824 1010 1872 essent
1032 1813 1401 1882 disissentque
1425 1851 1441 1876 ,
1472 1807 1610 1863 Vide
1639 1815 1836 1877 quanta

233 1893 391 1971 )esus
419 1921 673 1982 operetur
703 1910 756 1965 in
783 1909 1047 1973 sabbato;
1076 1906 1241 1960 lutum
1274 1901 1450 1959 illinit.
1481 1900 1559 1956 'l‘u
1575 1915 1702 1956 vero
1721 1914 1840 1969 per»

237 2004 412 2076 pende
442 2001 716 2074 quomodo
745 1985 850 2056 neu
882 1998 1130 2055 turbetur
1158 2010 1356 2052 caecus.
1409 1992 1545 2049 Nam
1589 1989 1678 2046 ubi
1733 1989 1840 2059 pri-

235 2116 382 2156 mum
410 2100 770 2168 interrogatus
801 2096 919 2150 sine
952 2092 1191 2164 periculo
1221 2086 1542 2160 respondit,
1572 2100 1683 2141 non
1731 2093 1838 2139 tam

233 2208 432 2265 magna
456 2206 550 2246 res
575 2198 694 2246 erat
723 2188 1004 2244 veritatem
1034 2184 1275 2256 proﬁteri
1307 2201 1321 2237 :
1358 2181 1460 2238 hoc
1490 2194 1617 2235 vero
1642 2178 1837 2234 mirum

232 2297 354 2354 est,
387 2285 439 2339 in
462 2281 649 2354 majori
678 2280 1024 2336 constitutum
1063 2285 1208 2332 metu
1233 2317 1250 2344 ,
1297 2289 1406 2330 non
1459 2286 1658 2342 negare
1682 2311 1698 2335 ,
1730 2285 1836 2325 non

231 2375 504 2433 contraria
532 2372 802 2445 prioribus
831 2370 1032 2426 dicere.
1058 2367 1196 2437 Quid
1217 2381 1349 2437 ergo
1379 2360 1685 2420 Pharismi?
1730 2361 1841 2416 imo

233 2471 399 2524 etiam
448 2466 578 2521 alii?
624 2464 979 2520 Adduxerunt
1021 2475 1144 2516 eum
1181 2468 1448 2529 tanquam
1492 2463 1833 2526 negaturum.

233 2560 433 2616 Contra
461 2573 592 2614 vero
612 2556 788 2612 evenit
818 2569 977 2625 quam
1007 2551 1266 2622 optabant
1288 2548 1426 2619 ipsi,
1455 2555 1509 2601 et
1535 2544 1838 2603 accuratius

234 2669 348 2707 rem
376 2651 682 2706 didicerunt
715 2667 727 2702 :
760 2648 808 2701 id
838 2645 980 2717 quod
1009 2644 1113 2700 illis
1139 2643 1336 2712 ubique
1361 2641 1501 2695 circa
1547 2638 1696 2708 signa
1740 2652 1834 2691 ac-

232 2744 402 2809 cidit;
435 2743 487 2797 in
517 2739 867 2810 sequentibus
907 2721 1084 2792 autem
1128 2734 1179 2790 id
1221 2733 1419 2788 clarius
1464 2729 1833 2784 ostendemus.

231 2834 373 2904 Quid
398 2849 528 2905 ergo
553 2831 842 2888 Pharisa-i?
875 2828 1126 2884 Dixerunt
1163 2826 1372 2898 quidam
1412 2823 1560 2896 (non
1602 2836 1792 2878 omnes
1817 2862 1832 2886 ,

232 2927 327 2990 sed
360 2921 783 2995 petulantiores)
817 2937 830 2973 :
876 2918 963 2976 i6.
1004 2917 1103 2973 Hic
1149 2917 1300 2972 hoino
1341 2932 1440 2969 non
1488 2923 1561 2968 est
1605 2929 1638 2965 a
1684 2911 1792 2966 Deo
1817 2953 1833 2977 ,

231 3018 351 3088 quia
371 3014 636 3070 sabbatum
663 3029 762 3067 non
802 3009 1040 3066 custodit.
1090 3009 1197 3062 Alii
1241 3007 1515 3072 dicebant,
1570 3003 1836 3071 Quomodo

233 3116 398 3178 potest
427 3107 579 3161 homo
606 3112 839 3176 peccator
865 3102 972 3157 lucc
999 3102 1146 3173 signa
1174 3099 1381 3172 facere?
1412 3096 1599 3152 Viden’
1641 3096 1763 3150 illos
1804 3109 1834 3148 a

232 3202 402 3274 signis
429 3199 696 3256 allectos?
722 3195 854 3252 Nam
901 3195 990 3267 qui
1027 3195 1326 3261 miserant,
1373 3201 1430 3247 ut
1477 3191 1837 3246 adduceretur

234 3293 358 3346 audi
389 3291 517 3362 quid
545 3304 686 3344 nunc
717 3288 935 3354 dicant,
968 3286 1070 3342 etsi
1099 3300 1205 3340 non
1246 3298 1463 3338 omnes.
1508 3281 1642 3337 Cum
1688 3281 1833 3336 enim

241 3385 512 3453 principes
539 3389 762 3445 essent,
792 3395 855 3434 es
882 3379 1066 3451 gloria:
1091 3377 1382 3448 cupiditate
1406 3376 1456 3430 in
1489 3373 1836 3431 incredulita-

235 3486 342 3531 tem
370 3473 704 3530 deciderunt.
740 3474 987 3527 Attamen
1017 3485 1080 3526 ex
1115 3468 1444 3541 principibus
1473 3466 1626 3522 multi
1657 3464 1836 3520 credi-

234 3569 430 3623 tit'l‘tltll
460 3568 512 3620 in
539 3581 659 3620 eum
684 3606 700 3632 ,
729 3579 904 3635 neque
930 3573 1108 3617 tamen
1138 3560 1553 3617 confitebantur.
1600 3556 1836 3627 Populus

233 3661 508 3731 despectui
537 3669 650 3715 erat
672 3701 686 3725 ,
720 3667 777 3713 ιιι
802 3658 894 3730 qui
926 3657 1054 3712 nihil
1080 3655 1258 3728 magni
1282 3655 1554 3710 conferret
1585 3653 1638 3708 in
1667 3666 1834 3724 syna-

233 3770 450 3826 gogam.
480 3753 756 3820 Principes
783 3761 960 3804 autem
988 3749 1259 3805 difficilius
1288 3763 1348 3803 se
1390 3745 1615 3803 credere
1665 3745 1831 3816 proli-

237 3847 524 3910 t‘ebantnr,
557 3843 644 3896 alii
677 3842 1006 3912 principatus
1031 3855 1251 3906 amore,
1281 3839 1372 3893 alii
1412 3849 1558 3894 metu
1601 3846 1830 3893 cancro-

233 3951 351 3991 rum
383 3934 608 3991 detenti.
637 3933 816 4003 Quare
844 3931 1058 3987 diccbat
1098 3948 1112 3984 :
1149 3929 1416 3997 Quomodo
1471 3929 1678 4000 potestis
1726 3945 1836 3983 cre-

231 4031 391 4092 dere,
422 4029 509 4094 qui
542 4027 758 4098 gloriam
795 4026 858 4078 ab
907 4023 1193 4079 hominibus
1242 4023 1472 4095 accipitis
1521 4023 1725 4095 (Joan.
1778 4023 1833 4078 5.

233 4120 301 4174 ιι
324 4116 388 4191 )i
421 4117 482 4172 Et
511 4116 610 4186 ipsi
651 4115 867 4186 quidem
896 4115 986 4185 qui
1013 4115 1208 4184 injuste
1231 4113 1537 4169 interficere
1564 4112 1836 4170 conaban-

235 4222 321 4265 tur
345 4250 367 4277 ,
398 4224 458 4265 se
492 4208 588 4264 Dei
613 4222 734 4263 esse
762 4206 1051 4270 dicebant;
1104 4205 1252 4260 illum
1307 4220 1433 4260 vero
1457 4245 1473 4270 ,
1522 4203 1612 4275 qui
1661 4218 1836 4261 caecos

231 4301 496 4368 curabat;
544 4315 650 4356 non
687 4315 854 4370 posse
907 4315 972 4355 ex
1023 4298 1133 4352 Deo
1175 4311 1337 4361 esse,
1375 4297 1503 4368 quia
1551 4296 1833 4352 sabbatum

234 4409 339 4449 non
363 4393 632 4448 servabat.
664 4391 758 4445 llis
785 4389 1128 4461 opponebam
1158 4387 1282 4456 isti,
1316 4403 1420 4443 non
1455 4403 1614 4459 posse
1644 4403 1837 4458 pecca-

233 4499 406 4551 torem
453 4487 579 4540 talia
623 4483 802 4540 facere
843 4485 1015 4554 signa.
1060 4483 1140 4553 illi
1178 4492 1394 4538 versute
1436 4482 1600 4537 tacito
1636 4482 1790 4552 signo
1819 4523 1833 4549 ,

231 4594 392 4650 quam
427 4577 908 4647 transgressionem
945 4573 1206 4628 vocabant
1229 4614 1244 4638 ,
1292 4573 1342 4626 iu
1376 4571 1610 4626 medium
1637 4571 1834 4626 affere-

233 4673 384 4726 bant.
415 4668 533 4724 Non
576 4668 720 4723 enim
752 4665 1043 4732 dicebant,
1080 4665 1134 4719 In
1187 4664 1410 4720 sabbato
1449 4673 1640 4727 curat;
1691 4664 1785 4719 sed
1818 4707 1832 4728 ,

236 4762 523 4818 Sabbatum
547 4777 650 4815 non
677 4759 919 4813 custodit.
941 4756 1002 4812 lii
1026 4772 1240 4812 rursum
1271 4755 1461 4826 ignave
1488 4765 1670 4825 agunt.
1702 4753 1833 4810 Cum

232 4856 379 4910 enim
413 4852 741 4923 oportuisset
782 4849 1073 4906 ostendere
1120 4863 1225 4902 non
1276 4847 1460 4901 violari
1509 4846 1790 4902 sabbatum
1817 4887 1832 4911 ,

231 4963 297 5002 ex
349 4946 520 5017 signis
569 4951 776 4998 ctutum
821 4950 1089 5013 arguunt;
1134 4949 1186 4995 et
1227 4939 1349 5010 jure
1377 4938 1614 5010 quidem.
1649 4939 1837 4994 Adhuc

218 5040 376 5096 enim
411 5038 562 5094 illum
591 5050 712 5091 esse
744 5035 1014 5089 hominem
1057 5033 1339 5103 putabant.
1382 5032 1631 5100 Alioquin
1683 5042 1836 5101 pote-

236 5139 356 5187 rant
380 5128 529 5183 illum
563 5126 670 5181 alio
695 5123 857 5179 modo
887 5122 1175 5178 defendere
1199 5164 1216 5189 ,
1249 5120 1392 5193 quod
1416 5136 1609 5191 nempe
1629 5121 1834 5176 sabbati

239 5219 498 5278 Dominus
514 5225 679 5282 esset,
712 5215 802 5286 qui
834 5213 965 5269 illud
993 5213 1273 5270 statuisset
1301 5230 1316 5267 :
1349 5211 1444 5268 sed
1474 5211 1712 5268 nondum
1735 5211 1838 5268 hac

233 5321 387 5371 erant
417 5310 686 5367 sententia
706 5311 748 5360 ί.
773 5307 944 5362 Nemo
979 5317 1126 5362 certe
1151 5320 1339 5360 eorum
1370 5303 1599 5360 audebat
1628 5321 1690 5362 ea
1716 5321 1836 5376 qua:

235 5406 498 5462 sentiebat
523 5410 708 5473 aperte
737 5399 972 5472 profiteri
993 5440 1008 5466 ,
1038 5398 1132 5454 sed
1163 5397 1456 5454 dubitando
1479 5399 1833 5468 proponebat,

233 5498 321 5552 alii
375 5507 521 5552 metu
577 5493 810 5564 repressi
861 5499 1054 5557 erant,
1106 5490 1195 5543 alii
1246 5489 1575 5558 principatus
1628 5504 1832 5544 amore.

235 5593 470 5647 Scliisnta
491 5589 647 5662 igitur
669 5594 775 5640 erat
802 5586 932 5638 inter
956 5585 1091 5637 illos.
1125 5581 1277 5650 Quod
1323 5582 1468 5651 prius
1499 5580 1597 5635 fuit
1640 5583 1692 5635 in
1739 5597 1836 5651 po-

236 5685 356 5757 pulo
376 5729 389 5752 ,
423 5681 625 5740 deinde
653 5680 705 5733 ιιι
733 5677 1080 5749 principibus.
1107 5675 1209 5728 Alii
1235 5674 1467 5728 dicebant
1488 5717 1503 5742 ,
1531 5673 1702 5729 Bonus
1725 5685 1796 5729 est
1818 5693 1835 5740 ;

290 5851 303 5876 ¹
341 5843 626 5906 suspicatur
650 5842 731 5906 Sat
744 5831 854 5882 ilius
875 5831 1162 5905 legendum,
1186 5830 1399 5906 nondum
1428 5828 1566 5901 .lumc
1604 5829 1838 5882 habebant

225 5897 556 5973 agnitionem.
585 5902 680 5951 sed
708 5899 863 5958 locus,
886 5904 939 5946 ιιι
956 5905 1037 5948 est
1064 5899 1110 5943 in
1135 5902 1293 5954 textu,
1322 5897 1438 5944 I'et‘ri
1466 5901 1643 5956 latest.

1309 416 1371 472 IN
1412 412 1726 470 JO..N.\’1'-‘Jl
1770 410 2002 466 liOlllL.
2047 412 2200 468 Lth.
2236 414 2314 470 ai.
2360 414 2488 470 LVI.

3448 419 3550 478 3U

1950 527 2064 595 alii,
2096 527 2235 596 Non,
2265 529 2356 585 sed
2376 531 2570 586 seducit
2596 531 2800 586 turbam
2848 531 3042 604 (J-oan.
3092 530 3145 584 7.
3195 529 3318 600 l2).
3369 532 3565 600 Viden,

1950 619 2106 690 plebe
2135 621 2588 692 imprudentiores
2616 624 2886 695 principes
2914 624 3174 680 discissos
3194 624 3219 676 'l
3247 624 3356 679 Sed
3404 640 3552 695 poss-

1949 727 2109 783 quam
2143 713 2214 768 ita
2244 715 2398 771 scissi
2439 725 2606 784 sunt,
2651 716 2785 772 nihil
2838 732 3161 786 generosum
3217 717 3551 781 exhibuere.

1949 821 2073 861 cum
2102 805 2304 862 instare
2331 806 2639 864 Pharis-.eos
2671 807 2933 864 viderent.
2979 807 3079 876 Qui
3108 807 3154 862 si
3187 809 3400 878 penitus
3445 809 3555 864 dis-

1949 897 2074 953 cissi
2111 896 2372 964 fuissent,
2402 899 2584 953 statim
2615 898 2898 954 veritatem
2929 899 3192 969 cognituri
3212 907 3398 954 erant.
3443 899 3554 955 Pu-

1944 997 2052 1043 test
2084 989 2227 1043 cnim
2249 989 2516 1044 dissensio
2540 1000 2683 1046 recta
2713 1006 2858 1047 esse.
2887 990 3013 1046 Ideo
3044 991 3134 1047 ille
3165 991 3398 1058 dicebat,
3432 991 3555 1048 Non

1950 1080 2063 1132 veni
2088 1094 2264 1149 pacem
2295 1080 2491 1134 mittere
2511 1081 2561 1134 in
2584 1090 2794 1148 terram,
2823 1081 2912 1134 sed
2933 1081 3164 1150 gladium
3196 1081 3420 1153 (Matth.
3463 1084 3550 1139 10.

1948 1170 2018 1227 5-5
2043 1169 2087 1243 ).
2119 1171 2210 1226 Est
2244 1171 2387 1225 enim
2419 1171 2583 1227 etiam
2617 1173 2755 1228 mala
2803 1173 3131 1240 Concordia,
3182 1183 3236 1229 et
3283 1174 3554 1229 discordia

1950 1263 2112 1320 bena.
2140 1264 2274 1320 Nam
2298 1268 2386 1336 qui
2421 1266 2610 1321 turrim
2639 1266 2972 1323 :cdilicabzmt
2991 1309 3005 1331 ,
3037 1267 3090 1322 iu
3113 1266 3368 1322 damtium
3393 1284 3554 1322 suum

1947 1356 2247 1412 concordes
2299 1367 2486 1418 erant;
2535 1366 2696 1426 atque
2742 1358 2901 1413 iidem
2939 1359 3077 1428 ipsi,
3122 1358 3246 1413 licrt
3271 1359 3458 1426 inviti,
3503 1359 3555 1414 in

1949 1449 2295 1503 conuuodum
2328 1464 2483 1503 suum
2512 1449 2669 1504 divisi
2698 1459 2842 1505 sunt.
2874 1449 3014 1506 Core
3035 1460 3215 1507 autem
3241 1469 3364 1507 cum
3394 1454 3556 1508 sor-iis

1949 1539 2090 1594 male
2121 1551 2509 1595 consenserant
2535 1557 2552 1607 ;
2588 1541 2708 1597 ideo
2735 1541 2871 1597 bene
2893 1541 3051 1598 divisi
3069 1551 3211 1598 sunt.
3231 1542 3397 1599 Judas
3417 1559 3550 1613 quo-

1946 1646 2052 1700 que
2095 1647 2216 1687 cum
2262 1631 2464 1687 Iudaeis
2508 1633 2649 1688 male
2693 1634 2990 1689 consensit.
3030 1634 3214 1691 Potest
3243 1651 3374 1704 ergo
3416 1636 3553 1691 bona

1947 1725 2244 1792 dis-cordia,
2278 1733 2332 1781 et
2361 1725 2503 1782 maia
2532 1726 2824 1783 concordia
2854 1742 2996 1782 esse.
3023 1727 3152 1783 ideo
3179 1728 3274 1792 ait,
3299 1727 3360 1784 Si
3378 1728 3556 1782 oculus

1948 1827 2066 1870 tuus
2087 1816 2404 1870 scandalizat
2433 1825 2481 1871 te
2505 1858 2521 1884 ,
2553 1833 2673 1873 erue
2693 1834 2806 1873 cum
2829 1833 2849 1882 ,°
2877 1827 2926 1874 et
2947 1818 2992 1873 si
3019 1835 3109 1888 pes
3133 1810 3251 1873 titus
3273 1859 3289 1885 ,
3318 1819 3557 1874 abscinde

1952 1907 2179 1979 (Matth.
2213 1909 2266 1964 5.
2299 1907 2394 1965 29.
2425 1918 2472 1964 et
2502 1910 2589 1965 l8.
2633 1909 2727 1981 8).
2774 1911 2830 1967 Si
2881 1911 3182 1967 membrum
3231 1901 3373 1967 male
3421 1926 3555 1967 eou-

1944 2003 2189 2069 jnuctum
2217 2002 2641 2060 abscindendum
2670 2045 2684 2070 ,
2719 2020 2900 2060 nonne
2929 2004 3104 2061 multo
3136 2005 3309 2075 magis
3337 2005 3405 2060 ab
3428 2007 3556 2061 anti-

1945 2100 2023 2151 cis
2050 2095 2192 2150 male
2228 2095 2542 2167 conjunctis
2588 2095 2834 2153 abscindi
2884 2097 3140 2167 oportet?
3188 2096 3373 2169 Itaque
3419 2112 3554 2154 eon-

1945 2185 2130 2253 eordia
2159 2203 2264 2243 non
2294 2203 2512 2259 semper
2537 2187 2676 2244 bona
2706 2195 2825 2259 est,
2856 2197 2914 2246 ut
2947 2203 3049 2245 nec
3081 2202 3299 2260 semper
3345 2189 3557 2246 discor-

1944 2281 2028 2335 dia
2057 2280 2219 2336 mala.

2017 2375 2071 2428 5.
2102 2373 2228 2428 llaec
2249 2373 2371 2430 dico
2396 2385 2453 2429 ut
2484 2375 2656 2430 malos
2696 2373 2996 2446 fugiamus,
3038 2389 3332 2444 sequamur
3360 2377 3554 2434 bonos.

1945 2460 2075 2520 Nam
2104 2467 2147 2520 si
2177 2466 2414 2522 ineinbra
2444 2467 2653 2537 putrida
2685 2467 3002 2522 ineuvahiia
3033 2467 3407 2523 exscindimus
3432 2511 3446 2533 ,
3480 2483 3548 2522 ue

1945 2559 2207 2627 reliquum
2236 2574 2433 2629 corpus
2461 2559 2686 2630 perdant
2711 2576 2726 2624 ;
2762 2558 2924 2629 idque
2957 2558 3185 2615 facimus
3210 2599 3224 2623 ,
3255 2575 3362 2614 non
3405 2559 3550 2630 quod

1947 2652 2247 2707 membrum
2288 2651 2687 2722 despiciamns,
2736 2651 2830 2706 sed
2882 2659 2941 2707 ut
2990 2661 3187 2707 caetera
3233 2667 3551 2708 servemus:

1944 2757 2147 2816 quanto
2177 2749 2348 2816 magis
2374 2747 2476 2803 hoc
2504 2747 2774 2817 agendum
2803 2748 2945 2804 circa
2971 2761 3068 2802 eos
3094 2748 3183 2818 qui
3217 2747 3356 2802 male
3401 2748 3556 2803 nobis

1939 2838 2113 2908 juncti
2153 2838 2326 2893 sunt?
2363 2839 2518 2908 Quod
2551 2840 2595 2894 si
2628 2839 2897 2911 possimus
2936 2839 3041 2895 illis
3066 2840 3390 2907 emendatis,
3423 2839 3552 2895 nihil

1946 2930 2124 2984 damni
2157 2931 2440 3002 accipere;
2475 2931 2526 2987 id
2552 2933 2698 2986 omni
2728 2941 2924 2990 conatu
2961 2930 3276 2987 tentandum
3312 2949 3327 2986 :
3360 2932 3443 2985 sin
3479 2932 3552 2985 illi

1942 3022 2138 3093 corrigi
2171 3032 2470 3093 nequeant,
2520 3013 2784 3094 nobisque
2827 3032 3095 3086 noceant.
3133 3020 3456 3078 exsciiidcre
3495 3031 3556 3076 et

1944 3115 2182 3184 alijicere
2207 3124 2442 3184 oportet.
2476 3115 2608 3169 llinr
2627 3115 2770 3170 enim
2796 3113 2870 3168 illi
2893 3128 3039 3184 saepe
3067 3114 3238 3184 magis
3269 3112 3556 3166 Incrabun-

1946 3214 2049 3260 tur.
2089 3206 2240 3262 Unde
2264 3207 2462 3261 Paulus
2486 3207 2564 3260 sic
2595 3206 2842 3261 hortatur
2871 3223 2885 3260 :
2913 3205 3330 3275 Anfertemolum
3351 3205 3414 3258 de
3444 3222 3554 3258 me-

1943 3297 2028 3351 dio
2061 3306 2278 3351 vestrum
2301 3297 2329 3368 ο(
2359 3296 2376 3349 I
2412 3295 2531 3348 Cor.
2559 3294 2781 3365 8.13),
2805 3303 2897 3359 et,
2932 3293 3003 3350 Ut
3030 3296 3242 3348 todatar
3283 3295 3348 3349 de
3383 3296 3552 3349 medie

1941 3401 2161 3442 oestrum
2185 3391 2271 3458 qui
2297 3387 2391 3441 hoc
2420 3403 2550 3456 opus
2582 3386 2700 3455 fecit
2738 3384 2914 3457 (.Ibid.
2946 3402 2995 3440 υ.
3041 3386 3142 3460 2).
3187 3386 3552 3443 Peruiciosunt

1944 3481 2088 3535 enim
2115 3521 2132 3546 ,
2175 3478 2536 3549 perniciosum
2561 3477 2747 3547 utique
2773 3485 2855 3532 est
2887 3491 3173 3547 pravorum
3197 3479 3551 3532 consortium.

1943 3572 2060 3628 Non
2079 3580 2192 3626 tam
2227 3573 2334 3628 cite
2359 3570 2522 3641 pestis
2548 3577 2825 3641 grassatur
2847 3610 2862 3637 ,
2909 3579 2969 3625 ct
3009 3569 3219 3625 scabies
3251 3571 3555 3639 corrumpit

1946 3668 2031 3723 illa
2060 3665 2302 3730 ali‘ectos,
2326 3674 2383 3720 ut
2411 3679 2701 3735 pravorum
2732 3662 2970 3732 nequitia
3011 3678 3025 3716 :
3051 3677 3178 3718 nam
3207 3660 3555 3731 Corrumpunt

1945 3761 2101 3815 bonos
2131 3775 2294 3814 mores
2312 3758 2570 3830 colloquia
2595 3773 2754 3826 prava
2796 3757 2894 3825 (1.
2944 3753 3064 3811 Cor.
3111 3755 3202 3810 15.
3244 3754 3374 3826 35).
3420 3753 3556 3810 Pro-

1947 3853 2104 3922 pheta
2136 3866 2369 3922 quoque,
2405 3850 2723 3922 Egndimini
2753 3848 2817 3903 de
2845 3848 3014 3902 medio
3040 3864 3258 3911 eorum,
3292 3856 3338 3902 et
3378 3863 3552 3916 segre-

1943 3943 2137 4016 gamini
2161 3943 2178 4013 (
2205 3942 2316 3997 λεν.
2355 3942 2445 3997 5|.
2484 3941 2617 4013 45).
2654 3940 2827 3996 Nemo
2858 3940 3036 4010 itaque
3085 3937 3334 4010 improbo
3376 3946 3555 3993 utatur

1943 4036 2141 4093 amico.
2175 4034 2307 4091 Nam
2339 4035 2384 4091 si
2409 4050 2608 4106 pravos
2636 4034 2775 4089 filios
2803 4033 3198 4089 exheredamus
3222 4074 3237 4100 ,
3262 4047 3435 4103 neque
3457 4047 3556 4085 na-

1943 4139 2118 4185 turam
2140 4142 2481 4192 reveremur,
2509 4125 2593 4181 vel
2624 4126 2771 4196 leges
2797 4125 2917 4196 ejus
2943 4165 2958 4189 ,
2995 4139 3168 4194 neque
3200 4122 3554 4178 necessitudi-

1945 4235 2067 4277 nem
2094 4219 2343 4290 quamvis
2371 4236 2383 4270 :
2416 4218 2584 4272 multo
2605 4218 2775 4287 inagis
2800 4227 2959 4271 notos
2973 4225 3029 4270 et
3054 4215 3346 4269 familiares
3371 4213 3555 4285 fugere

1944 4321 2181 4384 oportet,
2210 4312 2254 4366 si
2273 4311 2395 4366 mali
2425 4311 2553 4365 sint.
2578 4309 2838 4376 Quamvis
2865 4309 3010 4364 enim
3033 4307 3330 4382 nullobine
3354 4308 3554 4364 danmo

1944 4407 2245 4462 afﬁciamur
2269 4446 2283 4470 ,
2316 4405 2510 4459 malam
2542 4413 2719 4458 tamen
2745 4403 2942 4457 famam
2971 4402 3144 4458 vitare
3192 4417 3300 4457 non
3355 4402 3556 4473 peteri-

1941 4518 2085 4556 mus.
2117 4498 2370 4554 Estranei
2401 4512 2637 4568 namque
2668 4513 2775 4551 non
2804 4497 2966 4550 vitam
2999 4494 3318 4566 explorant,
3347 4493 3441 4549 sed
3487 4509 3555 4550 ex

1947 4594 2111 4647 sociis
2134 4590 2400 4660 judicant.
2435 4589 2561 4643 lla'c
2591 4589 2703 4658 ipsa
2725 4597 2779 4644 et
2805 4599 2996 4658 nuptas
3023 4597 3079 4642 et
3120 4587 3356 4656 virgines
3399 4601 3551 4656 rogo.

1947 4682 2297 4748 Providentes,
2323 4681 2527 4750 inquit,
2557 4685 2687 4733 bona
2709 4719 2726 4744 ,
2759 4696 2860 4733 non
2913 4679 3081 4733 solum
3119 4695 3292 4732 coram
3332 4675 3556 4731 Domino

1944 4776 2033 4830 sed
2059 4775 2211 4829 etiam
2236 4789 2408 4827 coram
2438 4771 2726 4826 hominibus
2763 4771 2949 4841 (llam.
2978 4771 3062 4825 i2.
3100 4771 3163 4825 17
3188 4770 3228 4841 ).
3262 4769 3402 4826 Nihil
3425 4786 3556 4840 ergo

1947 4882 2051 4922 non
2093 4879 2348 4935 agamus,
2404 4881 2470 4918 ne
2521 4863 2767 4932 proximo
2817 4862 3143 4918 ofl'etidiculo
3195 4862 3386 4915 simus.
3438 4861 3553 4915 Vita

1944 4960 2087 5015 enim
2115 5001 2128 5023 ,
2158 4960 2258 5014 etsi
2295 4957 2592 5012 rectissima
2622 4999 2635 5021 ,
2667 4956 2712 5011 si
2743 4955 3072 5012 offendicqu
3098 4955 3220 5009 aliis
3248 4956 3350 5017 sit.
3381 4964 3554 5010 totqu

1944 5051 2201 5122 perdidit.
2257 5050 2322 5105 Et
2367 5048 2641 5119 quomodo
2687 5056 2867 5116 poteSI
2914 5058 3058 5101 recta
3113 5047 3220 5100 vita
3270 5045 3556 5102 offensioni

1941 5147 2107 5202 esse?
2137 5146 2268 5201 Cum
2299 5144 2561 5198 malorum
2590 5142 2926 5197 consortium
2958 5140 3154 5195 malam
3173 5139 3309 5210 parit
3331 5140 3552 5194 fatuam.

1943 5241 2078 5298 Cum
2103 5239 2245 5296 enim
2263 5237 2496 5292 fidenter
2522 5251 2645 5290 cum
2675 5233 2938 5304 improbis
2964 5247 3270 5296 versamur,
3296 5233 3396 5288 etsi
3423 5233 3550 5288 nihil

1945 5331 2102 5386 nobis
2131 5329 2313 5386 damni
2347 5325 2552 5382 accidat
2581 5368 2594 5392 ,
2638 5325 2760 5380 aliis
2804 5323 3132 5380 oﬂ'endicnlo
3179 5337 3385 5377 sumus.
3432 5322 3558 5378 lla~c

1946 5425 2113 5488 viris,
2170 5420 2522 5484 mulieribus,
2583 5418 2881 5489 virginibus
2947 5417 3110 5483 dico,
3170 5431 3358 5472 eorum
3423 5431 3548 5469 con-

1945 5515 2186 5571 seicntim
2208 5509 2598 5581 explorandum
2632 5511 2974 5579 relinquens,
3006 5517 3203 5578 quanta
3233 5507 3356 5562 hinc
3373 5506 3549 5561 oriauc

1945 5619 2040 5664 tur
2087 5607 2246 5662 mala.
2298 5605 2411 5675 Ego
2461 5604 2681 5674 quidem
2735 5603 2868 5657 nihil
2910 5601 3034 5655 mali
3068 5602 3345 5670 suspicor.
3381 5615 3551 5669 neque

1945 5704 2081 5758 alius
2109 5700 2337 5756 fortasse
2364 5696 2748 5768 perfectiorum
2779 5712 2794 5762 ;
2825 5695 2920 5751 sed
2953 5695 3252 5764 simplicior
3281 5695 3446 5749 frater
3491 5697 3545 5749 in

1947 5808 2032 5850 tua
2062 5793 2352 5849 offenditur
2379 5789 2732 5860 perfeCtionc.
2757 5788 2980 5859 Oportet
3010 5797 3190 5842 autem
3237 5787 3380 5842 illius
3417 5802 3555 5848 con-

1947 5883 2527 5944 sulercimbeciliitati.
2561 5881 2785 5937 Etiamsi
2831 5879 2954 5935 hinc
3008 5879 3096 5934 ille
3139 5893 3246 5934 non
3284 5878 3511 5934 laedatur
3535 5919 3553 5946 ,
