4088 6512
594 509 684 561 st-d
713 507 923 578 gentilis
957 505 1268 559 olli-inletur.
1299 501 1454 556 Juhct
1493 509 1668 552 autem
1712 499 1903 552 l‘aulus
1945 498 2060 550 sine
2084 496 2167 550 of:

596 602 835 654 fensionc
873 613 988 650 esse
1015 595 1249 658 Iuda-is,
1296 604 1348 645 ct
1394 591 1622 653 Cra‘ris,
1675 599 1726 642 rt
1771 588 2025 640 Ecclesia:
2079 586 2166 638 Dei
2219 611 2224 618 -

597 701 610 757 (
644 693 688 744 Ι.
725 693 836 741 (ζον.
870 687 951 740 l0.
981 686 1013 738 3
1039 687 1077 753 ).
1115 686 1221 752 ligo
1246 683 1373 736 nihil
1405 682 1526 734 mali
1551 681 1616 732 de
1649 680 1845 746 virgine
1883 678 2164 744 suSpiCor;

594 781 941 850 virginitatem
975 778 1171 846 quippe
1197 791 1349 837 amo;
1385 773 1581 828 Caritas
1617 780 1792 824 autem
1840 786 1938 820 non
1981 770 2167 837 cogitat

592 873 819 938 malum(
853 873 871 924 l
933 870 1053 923 Cor.
1097 869 1175 920 t3.
1203 870 1219 932 )
1253 866 1362 919 lloc
1395 867 1690 917 institutum
1727 863 1846 913 vita:
1878 861 2166 913 admodum

589 964 752 1032 diligo
777 1004 790 1027 ,
825 973 994 1027 neque
1021 958 1308 1012 absurdum
1341 957 1464 1023 quid
1499 955 1734 1023 cogitare
1771 969 2006 1021 possunt.
2032 953 2167 1017 Quiu-

589 1054 746 1107 modo
775 1053 824 1106 id
853 1051 1087 1105 externis
1119 1047 1596 1118 persu:ulebinms?
1633 1045 1855 1114 Oportet
1879 1046 2017 1098 enim
2045 1045 2164 1099 illo-

589 1162 702 1199 rum
727 1145 881 1200 etiam
913 1142 1168 1196 rationem
1198 1140 1410 1192 habere.
1441 1137 1530 1191 Sic
1554 1139 1729 1206 itaque
1768 1145 1947 1190 nostra
1982 1135 2166 1204 dispo-

587 1249 812 1301 namus,
859 1248 924 1286 ne
953 1232 1070 1300 quis
1093 1230 1384 1284 inﬁdelium
1413 1237 1597 1283 contra
1643 1243 1739 1282 nos
1785 1244 1966 1281 ansam
2014 1242 2168 1296 repe-

1234 1344 1372 1351 ——.——.

1573 1343 1788 1350 .————..

1131 1345 1223 1352 ’.-

991 1347 1126 1354 ...ις-,-

592 1348 940 1359 —__—_.‘———

1947 1339 2274 1349 ____—_——.

1325 393 1378 442 3.
1423 386 1696 444 ΙΟᾹΝΝΙΒ
1734 385 1864 438 tillll
1879 384 2159 439 YSOSTO}

2268 385 2557 441 illiillll'LP.
2600 385 2803 437 (ZUNS'l
2825 382 3137 434 ANHNUI'.
3769 393 3872 444 Slt}

2280 514 2387 552 rtre
2416 503 2600 569 possit.
2631 499 2779 554 Sicut
2805 518 2946 553 enim
2976 501 3006 553 ii
3032 502 3120 569 qui
3148 501 3307 554 vitam
3335 512 3532 555 ret-tam
3563 506 3823 562 exhibent
3851 549 3867 570 ,

2283 593 2389 644 lim
2415 595 2633 660 gloriam
2665 593 2899 646 referunt
2935 611 2944 646 :
2979 593 3047 646 ita
3077 594 3164 662 qui
3193 609 3348 646 secus
3380 607 3577 666 agunt,
3615 599 3665 652 in
3707 615 3871 655 causa

2279 695 2521 738 suntcur
2553 685 2967 752 lilaspln'metttr.
3011 685 3206 739 Verum
3258 686 3394 739 absit
3442 699 3495 742 ut
3542 691 3678 744 tales
3729 697 3872 761 apud

2281 789 2378 826 nos
2408 776 2509 828 sint
2542 792 2554 837 ;
2585 776 2677 827 sed
2705 777 2772 827 ita
2801 777 3008 827 lin-eant
3037 791 3200 844 opera
3231 785 3410 830 nostra
3447 789 3498 830 ut
3539 780 3876 847 glei-ilieetnr

2281 865 2439 920 l’atcr
2468 876 2649 920 noster
2673 867 2761 935 qui
2791 867 2840 920 in
2867 868 3013 921 ca-lis
3042 876 3154 928 est,
3187 877 3239 922 ct
3270 885 3367 922 nos
3393 869 3506 936 ejus
3525 872 3692 939 gloria
3724 873 3873 926 frita-

2279 971 2397 1009 nmr
2427 974 2439 1008 :
2471 974 2628 1024 quam
2654 958 2853 1010 utinam
2888 973 2983 1011 nos
3017 974 3206 1012 omnes
3235 975 3660 1028 Consequamur,
3701 967 3872 1033 gratia

2279 1056 2332 1100 et
2363 1047 2686 1117 benignitate
2721 1049 2926 1102 Ι)οιιιίιιὶ
2961 1050 3125 1102 nostri
3158 1049 3283 1103 Jesu
3313 1047 3511 1105 Christi
3539 1095 3552 1116 ,
3591 1069 3686 1120 per
3712 1073 3873 1123 quem

2279 1145 2476 1191 etcum
2507 1153 2613 1207 quo
2644 1138 2782 1191 [‘atri
2811 1139 2976 1206 gloria
3003 1180 3018 1204 ,
3051 1155 3262 1209 unaque
3303 1151 3489 1196 sancto
3522 1143 3777 1214 Spirituiz
3823 1149 3873 1200 in

2279 1229 2472 1280 sa‘rula
2505 1229 2841 1281 surculorum.
2879 1232 3067 1281 Amen.

2283 1341 2564 1350 ...υ-.-

2709 1343 3232 1360 ....-________

3442 1357 3787 1371 ——____.___

1967 1416 2309 1476 HOMILIA
2373 1420 2588 1480 LVIII.

581 1570 705 1620 tiae.
756 1565 808 1618 9.
849 1580 896 1615 v.
937 1564 1017 1619 l7.
1048 1562 1231 1614 Dicunt
1263 1577 1391 1614 (ατο
1419 1561 1599 1612 iterum
1641 1575 1658 1612 :
1708 1558 1779 1611 Tu
1807 1558 1926 1627 quid
1952 1557 2078 1610 dicis
2104 1558 2168 1608 de

650 1658 759 1723 illo,
791 1657 875 1724 qui
905 1654 1098 1722 aperuit
1129 1653 1299 1705 oculos
1329 1652 1480 1704 tuos?
1509 1649 1608 1702 Ille
1635 1659 1798 1702 autem
1829 1650 1954 1702 dixit
1975 1691 1990 1711 ,
2033 1649 2164 1716 Quia

651 1749 889 1816 prcit/tetu
915 1757 1001 1798 cst.
1041 1744 1118 1798 l8.
1159 1742 1274 1795 Non
1301 1742 1616 1794 crediderunt
1645 1757 1761 1820 (rgo
1791 1739 1982 1792 Juda'i.

650 1867 699 1916 l.
743 1862 1026 1929 Scriptura:
1071 1875 1172 1913 nou
1213 1859 1523 1928 simpliciter
1555 1873 1724 1926 neque
1767 1855 2160 1926 perfunctorie,

578 1955 668 2008 sed
699 1969 853 2024 quam
886 1951 1284 2020 diligentissime
1317 1950 1550 2018 legenda:
1577 1960 1718 2011 sunt,
1749 1964 1812 2001 ne
1844 1948 1967 2016 quid
1995 1947 2161 2002 obicis

578 2046 795 2098 tu'iatur.
830 2043 1034 2096 Etenim
1060 2042 1166 2108 jam
1196 2043 1314 2110 quis
1343 2043 1532 2094 merito
1560 2041 1906 2108 quzrstionem
1931 2049 2160 2103 moveat,

577 2134 885 2199 Quomodo,
922 2143 1194 2200 postquam
1239 2132 1519 2193 dixerunt,
1575 2130 1670 2182 llic
1713 2148 1811 2182 nou
1854 2141 1924 2181 cst
1961 2147 1992 2180 (ι
2035 2131 2156 2190 Deo,

577 2226 692 2289 quia
719 2224 977 2275 sabbatum
1007 2237 1103 2274 nou
1135 2233 1292 2274 scrrut
1319 2265 1327 2282 ,
1356 2223 1462 2286 jam
1504 2221 1682 2274 dicunt
1714 2221 1758 2273 ei
1783 2262 1795 2282 ,
1835 2218 1910 2270 Tu
1938 2221 2058 2285 quid
2083 2220 2156 2271 di.

575 2317 645 2368 cis
672 2315 732 2368 de
759 2315 866 2378 illo,
900 2314 986 2381 qui
1012 2314 1206 2381 aperuit
1238 2313 1406 2365 oculos
1436 2313 1586 2364 tuos?
1613 2310 1724 2362 Non
1756 2311 2040 2372 dixerunt,
2083 2310 2159 2362 'l'u

577 2405 700 2473 quid
731 2404 862 2456 dicis
892 2403 958 2456 dc
989 2403 1097 2466 illo,
1140 2401 1225 2469 qui
1259 2400 1533 2454 SillibalUlll
1568 2401 1760 2453 solvit?
1802 2399 1892 2451 sed
1938 2414 2159 2450 excusa-

577 2499 772 2548 tionem
816 2509 951 2547 nunc
997 2509 1090 2560 pro
1131 2494 1467 2546 accusatione
1500 2503 1718 2559 ponunt.
1752 2492 1885 2556 Quid
1929 2507 2053 2560 ergo
2080 2491 2160 2543 di-

574 2585 836 2637 cendum?
863 2584 972 2637 Non
1005 2584 1158 2636 iidem
1190 2584 1418 2650 suntqui
1447 2583 1712 2645 dieebaut,
1753 2581 1844 2634 llic
1877 2599 1974 2634 non
2004 2591 2073 2633 est
2101 2598 2161 2634 ex

579 2677 715 2737 Deo;
747 2675 837 2728 sed
871 2676 902 2726 ii
932 2676 1018 2742 qui
1050 2675 1114 2728 ab
1146 2674 1272 2743 ipsis
1301 2675 1559 2727 sententia
1591 2673 1839 2740 disjuncti
1869 2672 2115 2726 dicebant
2148 2692 2158 2725 :

580 2767 743 2819 llomo
771 2776 997 2835 peccator
1023 2781 1120 2817 nou
1151 2774 1308 2834 potest
1336 2764 1439 2816 lucc
1468 2767 1611 2832 signa
1641 2768 1825 2833 facere.
1857 2761 1985 2816 Cum
2018 2765 2158 2816 enim

579 2858 768 2910 vellent
804 2857 834 2908 ii
870 2872 928 2907 os
954 2855 1332 2923 eotuprimcre,
1365 2871 1428 2908 ne
1450 2855 1715 2907 Christum
1749 2854 1844 2922 ipsi
1875 2852 2159 2907 defendere

574 2949 895 3011 viderentur,
931 2947 1075 2998 illum
1107 2947 1192 3014 qui
1227 2946 1433 2999 virtutis
1462 2947 1577 3012 ejus
1608 2944 2032 3013 experimentum
2065 2961 2154 2999 cc-

574 3049 716 3108 pcrat
741 3077 756 3100 ,
791 3039 839 3090 in
866 3037 1092 3090 medium
1121 3035 1388 3089 adducunt
1413 3045 1462 3090 ct
1494 3036 1842 3104 interrogant.
1876 3034 2004 3088 Vide
2029 3049 2158 3105 ergo

574 3129 819 3197 pauperis
851 3129 1194 3197 sapientiam,
1229 3128 1313 3196 qui
1349 3128 1656 3197 prudentius
1683 3143 1843 3198 quam
1872 3128 1944 3182 illi
1969 3143 2158 3183 omnes

574 3222 819 3288 loquutus
861 3229 958 3274 est.
1006 3221 1069 3274 Et
1112 3219 1282 3288 primo
1323 3219 1535 3288 quidem
1580 3221 1651 3273 ait
1689 3235 1705 3272 :
1744 3220 1998 3287 Prop/tcta
2037 3229 2156 3273 est:

575 3328 744 3382 neque
775 3312 1071 3366 hu'midavit
1103 3327 1404 3381 perversum
1438 3311 1738 3366 Judmorutu
1765 3313 2046 3378 judicium,
2077 3327 2159 3366 rc-

575 3406 916 3474 pugnautiutn
948 3405 1344 3474 dicentiumquc
1371 3423 1382 3456 :
1417 3405 1680 3471 Quomodo
1707 3416 1866 3474 potest
1894 3407 1974 3456 lu'c
1995 3422 2025 3456 a
2047 3402 2156 3456 Deo

571 3513 700 3560 ηδε,
733 3496 818 3564 qui
851 3495 1110 3549 sabbatum
1145 3512 1244 3548 nou
1273 3495 1529 3548 custodit?
1557 3497 1651 3549 sed
1685 3496 1818 3550 dixit
1839 3535 1853 3557 ,
1898 3493 2156 3564 Proiilteta

571 3600 659 3642 est.
698 3589 759 3642 Et
789 3606 886 3642 nou
917 3589 1233 3642 crediderunt
1260 3586 1433 3641 Iudici
1463 3588 1594 3656 quod
1622 3604 1782 3641 αιτιοι
1815 3588 1989 3655 [uisset
2015 3597 2060 3640 et
2092 3589 2158 3638 vi-

571 3681 755 3742 disset,
808 3680 963 3732 douec
1003 3688 1299 3732 vocaverunt
1343 3689 1569 3746 parentes
1606 3679 1734 3748 ejus.
1781 3676 2158 3731 Animadverte

570 3782 698 3838 quot
729 3772 897 3825 modis
927 3770 1240 3825 miraeulum
1271 3770 1518 3838 obtegere
1544 3778 1597 3823 et
1636 3769 1849 3822 abolere
1875 3778 2150 3822 conentur.

577 3862 765 3915 Verum
791 3863 899 3927 ipsa
923 3860 1160 3914 veritatis
1183 3844 1368 3913 natura
1394 3858 1577 3912 iisdem
1604 3858 1732 3927 ipsis
1755 3857 2010 3921 ﬁrmatur,
2040 3858 2157 3926 qui-

573 3957 669 4009 bus
692 3954 758 4007 ab
785 3953 1184 4008 insidiatoribus
1213 3953 1512 4023 impetitur;
1546 3951 1732 4005 iisdem
1761 3949 1944 4021 fulget,
1965 3951 2156 4020 quibus

571 4044 840 4098 obscurari
890 4053 1137 4098 tentatur.
1173 4043 1281 4098 Nisi
1312 4045 1452 4104 enim
1495 4042 1605 4096 luce
1638 4045 1771 4096 tacta
1811 4051 1987 4096 essent
2009 4083 2023 4105 ,
2055 4041 2155 4094 mi-

572 4133 804 4186 raculum
833 4131 969 4200 apud
997 4133 1192 4187 multos
1217 4141 1517 4200 suspectum
1547 4145 1666 4185 esse
1693 4130 1947 4199 potuisset
1973 4148 1984 4182 :
2019 4147 2156 4184 nunc

575 4241 700 4279 vero
728 4241 788 4278 ac
820 4225 861 4278 si
901 4224 1135 4278 studiose
1164 4225 1436 4278 veritatem
1477 4222 1784 4290 itnlagarcut
1808 4263 1823 4287 ,
1869 4222 1936 4275 ita
1977 4223 2154 4275 omnia

574 4318 798 4378 faciunt,
847 4331 1016 4386 nequc
1057 4317 1209 4371 aliter
1254 4315 1531 4379 fecissent,
1581 4316 1622 4369 si
1666 4331 1761 4384 pro
1803 4314 2017 4369 Christo
2045 4315 2157 4369 ha-c

571 4408 771 4476 operati
802 4417 998 4462 essent.
1029 4408 1118 4460 llis
1141 4393 1313 4462 tamen
1338 4409 1510 4478 ipsum
1534 4407 1832 4474 deprimere
1860 4405 2153 4469 tentabant,

571 4513 690 4551 cum
722 4499 990 4565 dicerent,
1027 4497 1288 4564 Quomodo
1328 4499 1523 4566 aperuit
1551 4497 1721 4549 oculos
1760 4496 1910 4548 tuos!
1946 4495 1994 4549 id
2040 4505 2155 4560 est,

573 4589 706 4643 Num
738 4589 1050 4657 quibusdam
1082 4589 1398 4659 prmstigiis?
1446 4587 1574 4641 Nam
1621 4586 1740 4640 alibi
1781 4601 1991 4656 quoque
2035 4600 2154 4639 cum

574 4681 702 4734 nihil
732 4681 1084 4750 objiciendum
1120 4681 1372 4734 haberent
1394 4721 1408 4743 ,
1457 4677 1669 4732 tumlqu
1703 4676 1922 4731 curandi
1956 4677 2157 4730 calum-

574 4775 702 4827 niari
733 4784 991 4827 conantur
1016 4773 1252 4827 dicentes
1293 4791 1305 4824 :
1353 4771 1468 4824 Non
1511 4771 1642 4835 eiicit
1683 4769 1932 4822 dannouiu
1975 4770 2071 4822 uisi
2105 4770 2156 4822 iu

575 4865 843 4918 Beelzebub
866 4868 878 4895 ‘
905 4864 1115 4935 (Matth.
1152 4865 1235 4918 l2.
1254 4860 1380 4933 2i)?
1399 4865 1459 4915 lit
1481 4862 1564 4915 hic.
1591 4862 1886 4915 etiamcum
1910 4860 2037 4914 nihil
2059 4876 2157 4928 op-

573 4957 872 5026 ponendum
903 4955 1160 5022 habeant,
1193 4956 1258 5009 ad
1291 4967 1497 5023 tempus
1523 4962 1576 5008 et
1601 4954 1804 5008 sabbati
1833 4953 2154 5008 solutionem

570 5047 906 5116 confugiunt,
941 5047 1257 5115 dicuntque,
1291 5046 1452 5099 Solvit
1482 5044 1777 5107 sabbatum;
1807 5053 1880 5108 et,
1915 5041 2158 5096 Pcccator

569 5149 658 5192 est.
695 5139 849 5208 Atqui
883 5138 968 5193 ille
1002 5153 1097 5191 vos
1125 5135 1350 5201 invidos,
1373 5136 1461 5205 qui
1483 5144 1627 5205 gesta
1654 5136 1768 5203 ejus
1795 5148 2015 5204 carpere
2045 5143 2156 5186 stu-

572 5229 799 5293 debatis,
834 5227 921 5282 ille
951 5237 1133 5298 aperte
1162 5226 1525 5296 interrogavit,
1559 5225 1682 5290 Quis
1720 5241 1782 5280 ea:
1817 5225 1951 5280 vobis
1979 5235 2158 5294 arguet

572 5338 650 5373 me
681 5322 743 5374 de
787 5331 986 5388 peccato
1034 5319 1224 5388 (Joan.
1270 5318 1324 5373 8.
1370 5315 1516 5385 46)ἳ
1543 5316 1607 5370 Et
1647 5331 1802 5371 nemo
1842 5316 2155 5386 respondit,

579 5426 751 5478 neque
799 5409 962 5473 dixit,
996 5408 1357 5478 Blaspbemas,
1384 5406 1508 5460 dum
1553 5416 1604 5459 te
1649 5405 2045 5474 impcecabilem
2077 5405 2159 5459 di-

578 5506 673 5555 eis.
709 5502 862 5571 Atqui
913 5503 954 5554 si
988 5503 1163 5554 dicere
1194 5501 1520 5569 potuissent,
1550 5499 1685 5551 haud
1729 5498 1886 5550 dubie
1933 5513 2034 5550 non
2075 5509 2156 5550 ta-

580 5596 831 5648 coissent.
868 5593 995 5646 Nam
1029 5591 1115 5661 qui
1147 5591 1427 5657 dicentetu,
1462 5606 1518 5644 se
1549 5601 1672 5644 ante
1702 5589 1966 5644 Abraham
2007 5605 2155 5655 esse,

583 5813 612 5858 α
668 5755 683 5783 ³
721 5761 797 5821 \ts.
838 5747 1094 5799 Orientalis
1133 5747 1268 5797 Savil.
1299 5756 1404 5811 post
1438 5747 1710 5805 t’cclwbub,
1747 5746 1900 5802 addit,
1942 5741 2066 5803 prim
2081 5739 2156 5805 ipe

615 5826 936 5858 mummium.

615 5826 808 5862 άήιίηηι
819 5827 936 5862 r'um.

2282 1560 2542 1630 lapidibus
2574 1566 2946 1635 impetieruut,
2977 1580 3031 1624 et
3059 1571 3228 1640 ipsum
3265 1589 3292 1625 a
3343 1575 3449 1630 Deo
3490 1592 3593 1632 non
3625 1593 3746 1635 esse
3768 1623 3783 1645 ,
3811 1597 3872 1636 se

2276 1669 2403 1708 vero
2428 1669 2546 1710 esse
2571 1673 2598 1709 a
2634 1657 2744 1714 Deo
2770 1661 2977 1729 gloriati
3006 1672 3162 1728 sunt,
3199 1665 3320 1718 licet
3347 1665 3625 1723 homicida:
3652 1683 3870 1734 eSsent;

2273 1754 2325 1799 et
2353 1762 2475 1801 cum
2507 1750 2595 1816 qui
2627 1750 2928 1820 hujusmodi
2961 1755 3106 1823 signa
3140 1758 3490 1822 operabatur,
3521 1776 3583 1815 ex
3626 1761 3735 1817 Deo
3763 1780 3872 1818 non

2271 1854 2390 1893 csse
2417 1839 2693 1907 dicebant,
2725 1845 2846 1912 quia
2879 1844 3154 1899 sabbatum
3198 1864 3301 1901 non
3341 1851 3631 1904 custodiret
3665 1871 3676 1905 :
3709 1855 3752 1906 si
3789 1857 3870 1907 vel

2270 1931 2552 1985 accusandi
2585 1935 2824 1988 umbram
2859 1936 3188 2004 habuissent,
3216 1955 3318 1992 non
3349 1942 3735 2009 prartcriissent
3767 1947 3872 1999 titi-

2269 2039 2390 2092 que.
2426 2025 2479 2078 Si
2512 2035 2690 2080 antcm
2723 2027 2841 2079 ideo
2871 2038 3202 2096 peccatorem
3239 2041 3462 2094 vocant,
3503 2035 3625 2102 quia
3670 2036 3870 2090 sabba-

2271 2125 2379 2169 tum
2411 2118 2622 2173 solvcrc
2654 2120 2950 2186 videbatur,
2983 2123 3126 2176 futile
3168 2133 3313 2178 Certe
3352 2126 3554 2179 crimen
3597 2138 3747 2189 erat,
3785 2130 3868 2183 vel

2268 2210 2531 2263 sociorum
2558 2211 2788 2280 judicio,
2828 2216 2914 2282 qui
2961 2225 3012 2267 ut
3063 2215 3308 2278 frigidum
3340 2216 3464 2270 illtul
3496 2226 3550 2272 et
3579 2236 3641 2272 ex
3675 2221 3867 2273 simul-

2270 2309 2374 2354 tate
2420 2302 2711 2369 prol’ectum
2759 2305 3098 2358 damnabant
3150 2305 3392 2374 [tulique
3439 2325 3566 2376 etgt)
3610 2310 3862 2371 cohibiti,

2267 2390 2409 2442 aliud
2433 2391 2699 2460 quidpiam
2730 2393 3090 2460 imptnlentius
3111 2412 3173 2448 ac.
3201 2397 3520 2464 petulantius
3545 2402 3869 2468 aggrediun-

2269 2489 2372 2534 tur.
2404 2481 2678 2547 Quodnam
2702 2485 2866 2537 illud?
2887 2484 3005 2539 .Vou
3026 2488 3361 2554 rrrdidrruut,
3393 2490 3581 2559 inquit,
3606 2495 3741 2558 quod
3763 2510 3865 2547 rct-

2266 2589 2352 2623 rus
2386 2575 2586 2641 fuisset,
2621 2587 2665 2628 rt
2708 2578 2933 2630 vidisset.

2343 2663 2661 2718 Mendacium
2691 2669 2868 2733 ubique
2897 2670 2946 2720 iu
2978 2671 3199 2738 scipsum
3228 2672 3564 2742 impiugit.—-
3584 2673 3694 2728 Cur
3735 2690 3866 2745 ergo

2266 2766 2584 2808 accusarunt
2614 2757 2754 2825 quod
2784 2759 3060 2812 sabbatum
3091 2774 3194 2812 non
3222 2762 3544 2826 custodiret,
3587 2766 3686 2818 nisi
3733 2766 3865 2818 illud

2265 2848 2650 2902 credidissent?
2671 2866 2766 2904 cur
2787 2866 2893 2904 non
2923 2851 3079 2905 tidem
3105 2850 3308 2907 habetis
3333 2863 3492 2908 tantm
3513 2857 3863 2920 multitudini,

2263 2950 2318 2996 et
2350 2943 2535 2997 vicinis
2579 2947 2666 3012 qui
2709 2947 2880 3012 ipsum
2923 2945 3290 3014 Cognoscunt?
3333 2945 3566 3014 Verum,
3614 2959 3670 3002 ut
3714 2950 3863 3012 disi,

2266 3032 2460 3102 ubique
2491 3034 2824 3088 mendacium
2860 3035 2910 3088 iii
2942 3036 3178 3104 seipsuin
3212 3037 3487 3106 impingit,
3521 3053 3616 3107 per
3641 3055 3704 3094 ea
3747 3040 3864 3109 ipsa

2263 3127 2415 3192 queis
2466 3125 2737 3180 veritatem
2769 3137 3073 3197 oppugnat;
3116 3128 3391 3198 ipsamque
3432 3131 3708 3185 veritatem
3747 3133 3862 3185 cla-

2267 3215 2460 3268 riorem
2490 3217 2652 3270 eltieit
2685 3235 2697 3270 :
2729 3218 2869 3285 quod
2897 3219 3055 3272 etiam
3085 3235 3225 3274 nunc
3255 3221 3450 3275 evenit.
3472 3221 3549 3276 Ne
3575 3222 3695 3292 quis
3716 3225 3860 3277 enim

2263 3304 2466 3360 diceret
2497 3308 2697 3362 vicinos
2725 3318 2778 3362 et
2803 3319 3131 3378 spectatores
3163 3311 3292 3366 nihil
3329 3323 3578 3369 accurate
3617 3315 3821 3371 dixisse
3844 3359 3860 3383 ,

2264 3398 2355 3451 scd
2385 3398 2451 3452 dc
2481 3399 2637 3453 simili
2673 3400 2919 3470 loquutus
2949 3418 3069 3456 esse.
3091 3445 3105 3468 ,
3143 3415 3392 3472 parentes
3421 3407 3473 3461 in
3500 3407 3734 3462 medium
3764 3408 3863 3463 ad-

2262 3491 2498 3554 ducunt,
2536 3501 2588 3544 et
2615 3493 2691 3545 sic
2724 3493 2870 3546 inviti
2904 3495 3182 3548 veritatem
3213 3496 3598 3566 lmicl'eeeruut.
3631 3498 3761 3553 Nam
3805 3499 3859 3553 hi

2266 3583 2500 3636 maxime
2527 3586 2762 3636 omnium
2788 3583 2951 3637 lilium
2970 3599 3124 3638 soutn
3147 3599 3426 3641 noverant.
3451 3589 3584 3653 Quia
3609 3590 3750 3642 enim
3777 3591 3861 3658 ip-

2265 3687 2380 3726 sum
2414 3673 2830 3742 perterrefacerc
2863 3689 2966 3730 non
3007 3687 3293 3745 poterant,
3337 3678 3429 3732 sed
3460 3679 3714 3734 audacter
3746 3680 3861 3748 ipse

2265 3763 2556 3818 bencticum
2585 3765 2926 3834 praedicabat.
2961 3781 3055 3835 per
3087 3776 3332 3835 parentes
3357 3783 3415 3822 se
3440 3769 3756 3823 miraculum
3781 3771 3862 3824 iu-

2266 3861 2477 3914 tirmare
2508 3874 2664 3929 posse
2692 3859 2998 3928 sperabant.
3034 3860 3098 3913 Et
3143 3860 3260 3914 vide
3302 3861 3732 3930 interrogationis
3762 3877 3861 3916 nco

2263 3953 2502 4022 quitiam.
2535 3952 2670 4019 Quid
2701 3953 2840 4006 enim
2867 3952 2981 4006 ait’?
3032 3951 3152 4006 Illos
3192 3951 3241 4004 iu
3286 3951 3518 4006 medium
3561 3952 3858 4013 adductos,

2265 4055 2320 4097 ut
2350 4055 2606 4099 terrorem
2637 4045 2956 4107 incuterent,
2990 4058 3110 4098 cum
3139 4043 3469 4098 vehementia
3501 4042 3743 4100 hirentcs
3773 4045 3859 4099 in-

2265 4147 2536 4208 terrogaut
2567 4157 2579 4193 :
2620 4137 2706 4193 19.
2740 4136 2837 4190 llic
2867 4147 2937 4192 est
2964 4139 3102 4204 [ilius
3132 4137 3329 4190 vester?
3358 4135 3466 4191 Nec
3505 4137 3723 4202 dicunt,
3753 4137 3858 4204 Qui

2267 4230 2468 4298 pridem
2500 4245 2672 4284 eis-cus
2701 4239 2815 4284 erat
2855 4247 2867 4281 :
2903 4228 2993 4282 sed
3023 4227 3335 4296 quomodo?
3377 4225 3537 4290 Quem
3575 4243 3660 4280 eos
3691 4228 3861 4280 dicitis

2261 4323 2379 4390 quia
2419 4337 2581 4374 ca'cus
2621 4331 2769 4373 natus
2798 4329 2907 4378 est;
2934 4333 2997 4372 ac
3025 4318 3069 4372 si
3103 4317 3176 4371 illi
3218 4328 3428 4372 versute
3463 4318 3719 4388 lingercnt
3741 4359 3754 4381 ,
3800 4327 3859 4372 ut

2265 4428 2423 4480 opera
2459 4410 2656 4465 Christi
2697 4410 3096 4465 conﬁrmarent.
3150 4409 3194 4463 Ο
3242 4410 3587 4475 exsecrandi,
3639 4419 3693 4464 ct
3741 4411 3860 4479 plus

2265 4518 2419 4571 quam
2447 4503 2756 4557 exsecraudi
2781 4504 2792 4554 l
2826 4502 3018 4571 Ecquis
3047 4511 3194 4571 pater
3225 4501 3336 4556 11ωο
3362 4501 3428 4555 de
3451 4501 3560 4555 tilio
3580 4503 3859 4556 conlinie-

2266 4597 2326 4648 rit
2347 4597 2367 4646 ?
2389 4599 2463 4648 Ac
2489 4597 2530 4648 si
2560 4595 2797 4649 dicerent
2825 4612 2836 4647 :
2861 4596 3029 4660 Quium
3061 4609 3154 4647 vos
3185 4609 3384 4646 mecum
3405 4592 3649 4657 dixistis;
3680 4609 3858 4663 neque

2267 4688 2313 4739 id
2359 4698 2592 4748 tantum;
2623 4687 2714 4740 sed
2765 4687 2865 4739 hoc
2895 4686 3090 4755 ubique
3119 4685 3410 4754 Sparsistis.
3444 4685 3711 4749 Quomodo
3736 4701 3859 4755 ergo

2265 4794 2398 4830 nunc
2421 4777 2592 4831 videt?
2619 4777 2663 4833 Ο
2688 4777 2963 4831 stultitiam
2988 4779 3000 4830 ε
3038 4776 3280 4831 Vestrum
3308 4788 3412 4843 est,
3444 4776 3716 4844 inquiunt,
3756 4777 3858 4830 hoc

2262 4881 2620 4923 eonnncutum
2645 4912 2660 4933 ,
2711 4869 2823 4924 lucc
2861 4868 3124 4930 simulatio
3153 4876 3346 4922 vestra.
3375 4868 3662 4937 Dupliciter
3695 4869 3760 4922 ad
3806 4870 3858 4922 id

2265 4963 2562 5031 negandum
2605 4962 2891 5028 inducunt,
2921 4972 2973 5016 et
3005 4961 3086 5015 his
3114 4961 3310 5024 verbis,
3345 4958 3505 5026 Quem
3535 4975 3622 5014 vos
3651 4961 3820 5015 dicitis
3841 5002 3859 5028 ,

2263 5064 2317 5111 ct
2347 5055 2466 5117 illis,
2496 5054 2760 5119 Quomodo
2794 5070 2910 5124 ergo
2936 5070 3068 5106 nunc
3093 5051 3269 5106 videt?

2332 5145 2385 5198 ἓ.
2416 5145 2545 5200 Cum
2580 5155 2687 5198 tres
2712 5154 2892 5198 essent
2923 5142 3384 5211 interrogationes,
3417 5142 3460 5197 si
3502 5142 3641 5196 titius
3667 5157 3861 5197 eorum

2265 5247 2434 5302 esset,
2467 5237 2511 5290 si
2540 5250 2714 5290 camus
2741 5234 2946 5301 fuisset,
2973 5242 3027 5289 et
3049 5232 3320 5303 quomodo
3344 5234 3514 5287 visum
3542 5234 3860 5303 recepisset,

2265 5330 2370 5384 duo
2401 5339 2601 5382 tantum
2633 5327 2970 5388 conﬁtentur,
3003 5327 3214 5380 tertium
3242 5339 3346 5378 non
3369 5324 3589 5378 addunt.
3616 5322 3863 5394 Illudque

2265 5421 2328 5475 ad
2376 5425 2650 5475 veritatem
2695 5418 3007 5472 ﬁrmandam
3050 5416 3338 5480 conduxit,
3385 5424 3442 5469 ut
3485 5431 3644 5471 nemo
3683 5418 3861 5473 alius.

2265 5531 2420 5584 quam
2453 5527 2626 5567 caecus
2656 5522 2893 5572 curatus,
2925 5511 3013 5579 qui
3045 5509 3146 5563 [ide
3172 5508 3362 5579 dignus
3387 5517 3502 5562 erat
3522 5548 3536 5571 ,
3570 5507 3684 5562 ha‘c
3723 5524 3862 5562 con-

2266 5607 2523 5658 titeretur.
2555 5605 2618 5656 lit
2645 5602 2912 5672 quomodo
2939 5600 3003 5655 ad
3033 5600 3255 5670 gratiam
3301 5599 3501 5667 loquuti
3540 5609 3720 5652 essent
3766 5617 3830 5669 pa
3852 5633 3867 5642 -

2268 5709 2477 5761 rentes,
2515 5696 2603 5766 qui
2633 5697 2790 5749 etiam
2824 5693 3066 5764 qua-dam
3108 5708 3173 5745 e.\
3207 5692 3288 5754 iis,
3323 5707 3440 5760 quae
3467 5690 3705 5745 sciebant
3735 5734 3750 5751 ,
3785 5703 3868 5744 ta-

2271 5802 2492 5845 cuerunt
2541 5799 2755 5860 propter
2797 5802 2990 5840 metum
3034 5785 3385 5841 inda-orum?
3424 5783 3566 5851 Quid
3607 5783 3752 5837 enim
3782 5785 3867 5838 di-
