4088 6492
200 605 367 665 ωηιῖ
391 603 484 659 26.
519 601 672 669 Quod
698 600 778 654 llic
799 607 876 653 est
901 597 1038 666 ﬁlius
1075 601 1261 658 noster,
1305 591 1491 646 scimus
1514 631 1529 656 ,
1567 583 1622 644 et
1652 588 1786 659 quod

197 713 364 754 cacus
402 704 554 750 natus
588 694 693 760 sit;
723 691 812 747 21.
844 687 1093 760 quomodo
1117 695 1284 740 autem
1311 700 1445 738 nunc
1482 681 1673 746 videat,
1703 689 1788 733 aut

196 789 308 858 quis
333 787 534 857 aperuit
557 786 670 857 ejus
693 781 884 848 oculos,
915 794 1007 832 nos
1036 777 1303 832 nescimus.
1330 773 1452 844 Ipse
1479 780 1672 828 letalem
1694 770 1788 821 Ita-

191 883 305 946 bet,
339 881 450 950 ipse
477 879 540 932 de
563 894 618 932 se
645 878 895 947 loquatur.
922 871 1054 926 Fide
1080 869 1297 938 dignum
1329 865 1477 920 illum
1512 867 1782 956 statuunt,

191 982 249 1028 et
294 972 375 1027 sic
403 987 465 1027 se
495 975 749 1026 excusant
780 983 793 1018 :
825 963 940 1019 Non
971 969 1053 1018 est
1095 975 1248 1031 puer,
1288 957 1530 1029 inquiunt
1550 995 1564 1017 ,
1609 966 1784 1023 neque

186 1062 411 1127 infans;
441 1067 617 1131 potest
639 1057 707 1112 de
732 1070 791 1111 se
830 1052 1189 1110 testimonium
1223 1049 1381 1105 ferre.
1409 1047 1498 1100 22.
1536 1043 1661 1099 Haec
1684 1060 1782 1098 au-

185 1165 293 1209 tem
322 1153 563 1207 dixerunt
591 1156 792 1219 propter
813 1154 997 1199 metum
1021 1137 1495 1198 Judcorum.vVide
1514 1133 1780 1207 quomodo

189 1243 520 1314 evangelista
550 1240 760 1294 illorum
798 1236 1114 1292 sententiam
1144 1231 1580 1304 pr0positumque
1607 1241 1780 1283 enun-

182 1335 307 1390 tiet.
341 1332 470 1387 lianc
498 1330 618 1385 dico
643 1329 714 1383 ob
734 1327 956 1383 verbum
995 1324 1121 1381 illud
1154 1332 1277 1379 ante
1303 1323 1502 1378 dictum
1522 1361 1538 1387 ,
1569 1319 1778 1390 aEqua-

178 1427 282 1480 lem
305 1439 363 1478 se
387 1423 514 1492 facit
537 1419 664 1474 Deo.
693 1419 824 1485 Quia
845 1419 890 1472 si
919 1417 1008 1472 illa
1035 1415 1222 1470 fuisset
1245 1412 1460 1492 Judaica
1487 1410 1772 1476 sententia,

179 1530 290 1571 non
315 1523 503 1568 autem
522 1509 718 1565 Christi
738 1507 996 1578 judicium
1015 1547 1031 1571 ,
1053 1505 1110 1561 id
1136 1514 1281 1560 certe
1302 1502 1591 1557 addidisset
1613 1515 1776 1556 evan-

175 1605 392 1675 gelista,
418 1601 749 1668 dixissetque
772 1612 888 1653 eam
904 1595 1074 1651 fuisse
1101 1593 1404 1650 Iudaeorum
1434 1591 1772 1646 sententiam.

176 1696 314 1751 Cum
347 1694 512 1765 igitur
532 1699 778 1763 parentes
804 1689 924 1743 illos
946 1687 1014 1742 ad
1039 1700 1240 1741 caecum
1263 1692 1507 1741 sanatum
1538 1682 1776 1737 remisis-

175 1796 332 1848 sent,
368 1784 564 1839 iterum
590 1785 913 1834 vocaverunt
945 1792 1087 1833 eum.
1133 1775 1246 1830 Nec
1284 1783 1459 1830 tamen
1501 1773 1674 1844 palam
1719 1781 1774 1827 et

172 1873 520 1946 impudenter
542 1871 764 1937 dicunt,
793 1869 939 1940 Nega
975 1867 1249 1923 Christum
1288 1874 1342 1920 te
1379 1879 1634 1931 sanasse,
1675 1864 1771 1920 sed

175 1966 276 2022 sub
301 1965 519 2036 pietatis
543 1963 721 2033 specie
749 1961 801 2017 id
827 1962 1013 2017 volunt
1036 1958 1272 2030 assequi.
1313 1957 1404 2012 24.
1437 1956 1520 2011 Da
1556 1956 1771 2026 gloriam

174 2055 282 2111 Deo
302 2098 318 2124 ,
348 2055 618 2125 inquiunt.
656 2052 787 2107 Nam
815 2053 860 2106 si
891 2050 1202 2121 parentibus
1238 2048 1496 2104 dixissent
1517 2088 1532 2114 ,
1571 2045 1771 2116 Negate

169 2147 338 2202 ﬁlium
368 2154 610 2201 vestrum
633 2158 752 2200 esse
777 2185 792 2210 ,
821 2153 876 2198 et
898 2157 1098 2199 caecum
1126 2149 1340 2205 natum,
1372 2154 1458 2195 res
1481 2139 1768 2194 admodum

171 2241 395 2296 ridicula
421 2239 536 2293 visa
567 2246 730 2302 esset,
759 2237 1095 2307 idipsumque
1124 2234 1232 2288 ﬁlio
1259 2233 1456 2296 dicere,
1488 2231 1766 2287 manifesta

167 2332 360 2388 inisset
381 2329 732 2400 impudentia.
758 2328 881 2383 ideo
903 2343 1008 2382 non
1026 2328 1103 2382 sic
1124 2325 1340 2390 dicunt;
1365 2324 1457 2379 sed
1478 2324 1583 2378 alio
1607 2323 1767 2378 modo

172 2423 391 2477 insidias
420 2431 640 2492 parant,
675 2421 914 2476 dicentes
944 2436 957 2471 :
988 2417 1068 2470 Da
1105 2416 1318 2488 gloriam
1357 2413 1503 2479 Deo;
1547 2413 1598 2467 id
1641 2423 1762 2478 est,

170 2511 444 2568 Conﬁtere
484 2513 657 2582 ipsum
702 2510 830 2565 nihil
880 2508 1087 2564 iecisse.
1134 2504 1248 2561 Nos
1293 2507 1480 2560 scimus
1523 2503 1642 2573 quia
1684 2503 1766 2557 hic

169 2608 318 2659 homo
349 2614 588 2675 peccator
617 2612 707 2657 est.
741 2601 848 2668 Cur
872 2615 1001 2672 ergo
1044 2613 1146 2654 non
1186 2594 1606 2668 reprehendistis
1641 2609 1763 2650 eum

165 2712 290 2751 cum
315 2697 544 2760 diceret,
578 2695 701 2761 Quis
727 2711 788 2748 ea:
810 2694 947 2748 vobis
972 2702 1153 2762 arguet
1171 2706 1249 2744 me
1271 2691 1334 2743 de
1358 2697 1560 2758 peccato
1575 2686 1759 2759 (Joau.

173 2792 220 2844 8.
252 2789 321 2844 46
341 2790 406 2859 )ἳ
447 2788 590 2843 unde
616 2787 762 2841 scitis
789 2786 937 2841 illum
965 2800 1085 2840 esse
1113 2793 1447 2853 peccatorem
1469 2782 1492 2835 ?
1516 2781 1649 2836 Cum
1677 2781 1763 2836 di-

167 2889 353 2936 cerent
396 2889 578 2934 autem
620 2879 724 2943 illi,
768 2877 849 2930 Da
886 2877 1101 2946 gloriam
1128 2874 1256 2939 Dco,
1287 2883 1342 2930 et
1369 2875 1483 2944 ipse
1511 2874 1643 2928 nihil
1671 2889 1761 2929 re-

173 2972 500 3042 spondisset,
529 2986 814 3026 occurrens
838 2969 1082 3025 Christus
1108 2968 1341 3022 laudavit
1366 2983 1509 3032 eum,
1541 2982 1639 3022 nec
1671 2982 1759 3021 re-

173 3063 458 3134 prehendit
486 3061 626 3133 quod
655 3062 876 3132 gloriam
910 3061 1018 3116 Deo
1048 3077 1155 3116 non
1181 3060 1448 3125 dedisset;
1477 3061 1570 3115 sed
1595 3059 1760 3142 quid?

169 3155 344 3210 Credis
370 3158 422 3209 in
453 3153 648 3208 Filium
679 3153 775 3208 Dei
793 3153 846 3208 ‘i
876 3153 947 3209 Ut
969 3153 1142 3208 discas
1170 3152 1298 3208 illud
1326 3167 1464 3219 esse,
1493 3153 1621 3208 dare
1647 3156 1759 3223 ειυ-

170 3247 300 3300 riam
334 3247 467 3302 Deo.

242 3337 411 3392 Filius
433 3337 649 3407 aqualis
682 3335 846 3390 Patri.
893 3336 1024 3391 (Ieci
1069 3337 1404 3403 testimonium
1453 3336 1753 3405 explicatur.

173 3427 396 3495 —Quod
423 3429 468 3482 si
501 3429 616 3496 ipse
643 3442 746 3481 non
796 3436 939 3481 esset
979 3427 1198 3495 aqualis
1228 3425 1367 3480 Patri
1399 3465 1414 3491 ,
1450 3418 1564 3479 hinc
1590 3426 1756 3494 gloria

174 3533 278 3573 non
305 3528 472 3574 esset.
509 3517 615 3573 Sed
645 3518 899 3588 quoniam
929 3517 1017 3588 qui
1050 3517 1239 3571 Filium
1266 3516 1516 3581 honorat,
1541 3516 1753 3570 Patrem

174 3625 384 3680 quoque
426 3609 691 3674 honorat,
719 3608 840 3679 jure
888 3622 992 3662 non
1040 3609 1342 3676 increpatur
1377 3622 1572 3661 caecus.
1621 3606 1754 3662 Cum

173 3716 299 3770 ergo
314 3699 702 3770 exspectabant
725 3710 781 3754 ut
813 3709 1061 3770 parentes
1089 3707 1384 3753 annuerent
1405 3708 1749 3768 ctnegarent,

177 3793 305 3846 nihil
328 3793 681 3848 dicebantisti
702 3808 850 3848 :cum
874 3808 1002 3847 vero
1023 3808 1080 3846 se
1106 3791 1237 3846 nihil
1255 3793 1375 3845 hinc
1390 3802 1756 3860 consequutos

177 3883 440 3949 viderunt,
464 3884 578 3953 jam
605 3882 726 3938 huic
753 3882 936 3937 dicunt
970 3925 985 3948 ,
1027 3881 1125 3934 Hic
1156 3891 1387 3950 peccator
1408 3890 1502 3936 est.
1532 3880 1620 3936 25.
1655 3881 1758 3935 Re-

172 3977 368 4046 spondit
395 3978 483 4031 ille
510 3986 557 4029 et
578 3976 727 4041 dixit,
758 3975 819 4030 Si
843 3985 1074 4043 peccator
1095 3984 1186 4038 est,
1211 3975 1377 4028 nescio
1399 3991 1418 4028 :
1447 3991 1600 4027 unum
1629 3975 1752 4039 scio,

176 4070 304 4136 quod
343 4085 461 4122 cum
484 4083 646 4122 ececus
672 4083 864 4132 essem,
909 4083 1042 4121 nunc
1079 4068 1240 4120 uideo.
1288 4066 1553 4135 Numquid
1585 4065 1757 4120 timuit

175 4173 344 4214 crocus
371 4161 396 4214 τ
427 4159 665 4214 Minime.
714 4159 780 4213 Et
808 4173 902 4213 cur
932 4159 1018 4229 qui
1050 4159 1257 4213 dixerat
1284 4199 1299 4222 ,
1348 4158 1606 4227 Propheta
1635 4168 1707 4212 est
1737 4198 1753 4224 ,

176 4265 312 4306 nunc
335 4249 468 4306 dicit
499 4292 514 4318 ,
564 4250 624 4306 Si
660 4261 891 4320 peccator
917 4260 988 4304 est
1012 4292 1026 4316 ,
1062 4249 1269 4304 nescio?
1293 4250 1407 4304 Non
1431 4238 1504 4304 ita
1531 4249 1754 4306 affectus

177 4353 282 4395 erat
321 4358 495 4412 neque
537 4342 590 4396 id
623 4341 838 4411 putabat
866 4359 881 4406 ;
911 4342 1005 4396 sed
1030 4341 1170 4411 quod
1200 4341 1361 4396 vellet
1389 4343 1465 4397 rei
1488 4342 1653 4410 ipsius
1679 4350 1759 4397 te-

175 4434 421 4488 stimonio
449 4474 465 4500 ,
499 4448 606 4488 non
639 4447 769 4489 voce
798 4447 894 4488 sua
924 4435 968 4497 ',
993 4433 1141 4486 illum
1168 4449 1198 4487 a
1225 4432 1448 4488 crimine
1479 4433 1708 4488 liberare
1738 4473 1754 4498 ,

177 4532 225 4576 et
250 4523 350 4578 ﬁde
366 4524 585 4594 dignam
607 4521 797 4578 eﬁ‘erre
814 4523 1178 4579 delensionem
1201 4564 1216 4588 ,
1248 4538 1313 4578 ex
1342 4523 1585 4579 beneﬁcii
1613 4524 1757 4592 ipsos

177 4612 472 4669 damnantis
495 4613 824 4669 testimonio.
847 4612 978 4668 Nam
990 4612 1035 4668 si
1055 4622 1175 4683 post
1201 4614 1361 4668 multa
1373 4614 1534 4669 verba
1547 4614 1759 4669 dicente

178 4704 282 4769 illo,
319 4692 437 4760 Nisi
456 4715 587 4761 esset
609 4704 704 4759 Dei
733 4707 896 4760 cultor
917 4747 932 4772 ,
963 4721 1065 4760 non
1090 4707 1332 4776 potuisset
1357 4707 1481 4760 talia
1509 4708 1654 4776 signa
1677 4709 1758 4779 fa-

178 4811 304 4864 cere,
334 4797 406 4852 ita
433 4797 693 4867 indignati
720 4806 846 4852 sunt
873 4807 930 4852 ut
957 4797 1237 4866 dicerent,
1260 4798 1328 4852 In
1357 4801 1578 4869 peccatis
1606 4809 1757 4854 natus

176 4902 228 4940 ss
255 4895 384 4942 totus
412 4929 428 4954 ,
459 4898 507 4942 et
536 4896 590 4941 tu
619 4887 770 4942 doces
809 4905 901 4943 nos
921 4889 948 4941 1’
976 4889 1020 4942 si
1047 4888 1116 4944 ab
1155 4888 1307 4943 initio
1334 4887 1449 4944 haec
1483 4889 1707 4945 dixisset
1738 4931 1753 4955 ,

177 4977 301 5045 quid
328 4995 434 5034 non
465 4979 770 5034 fecissent?
813 4979 940 5050 quid
965 4995 1073 5036 non
1099 4979 1361 5036 dixissent
1388 4981 1411 5035 τ
1438 4979 1500 5035 Si
1527 4991 1760 5052 peccator

179 5080 268 5138 est,
298 5073 508 5139 nescio;
539 5071 591 5126 id
618 5080 720 5136 est;
752 5071 893 5127 Nihil
919 5088 983 5127 ea
1022 5073 1090 5129 de
1129 5088 1188 5127 re
1218 5088 1362 5129 nunc
1386 5075 1508 5129 dico
1541 5117 1554 5140 ,
1583 5090 1758 5144 neque

177 5167 493 5217 scrutantium
540 5160 689 5218 fero:
736 5162 864 5217 illud
903 5163 1069 5234 probe
1103 5163 1216 5218 scio
1258 5172 1312 5218 et
1343 5166 1630 5233 pronuntio
1663 5206 1678 5232 ,
1712 5165 1760 5220 si

181 5246 423 5317 peccator
453 5261 604 5309 esset
630 5293 645 5318 ,
678 5267 783 5308 non
816 5253 936 5308 talia
967 5253 1196 5308 fecisset.
1229 5254 1432 5322 Quibus
1477 5255 1660 5310 verbis
1701 5270 1759 5311 se

179 5350 233 5393 et
257 5346 622 5399 testimonium
669 5357 822 5399 suum
862 5346 1007 5421 omni
1043 5345 1345 5413 suspicione
1371 5345 1653 5413 liberavit,
1700 5356 1757 5400 ut

184 5433 269 5500 qui
299 5449 404 5492 non
434 5437 502 5492 ad
546 5436 769 5506 gratiam
797 5451 911 5493 rem
934 5446 1137 5508 gestam
1165 5448 1428 5493 narraret.
1472 5438 1602 5506 Quia
1631 5455 1759 5510 ergo

185 5535 286 5576 non
325 5535 576 5592 poterant
603 5525 746 5580 illam
773 5537 1015 5583 evertere
1054 5529 1136 5583 vel
1166 5528 1382 5584 abolere
1417 5570 1430 5593 ,
1483 5545 1666 5585 rursus
1694 5532 1759 5586 ad

189 5612 396 5669 modum
447 5615 743 5671 curationis
784 5618 1170 5688 explorandum
1215 5621 1477 5688 redeunt,
1521 5622 1664 5677 velut
1715 5624 1759 5678 si

249 5814 265 5878 ξ
299 5817 460 5878 Morel.
476 5817 617 5878 tegit,
637 5815 688 5867 in
712 5815 865 5866 lilium
885 5817 1106 5868 ltnmsuis.

248 5876 266 5902 ‘
301 5877 460 5926 Morel.
486 5876 628 5939 legit,
652 5885 697 5928 et
720 5890 831 5930 voce
851 5889 959 5929 sua.

516 5965 784 6025 Pnnon.
827 5969 941 6025 Cn.
994 5971 1156 6033 LIX.

1191 476 1262 533 IN
1297 472 1607 533 JOANNEM
1642 469 1878 528 HOMI’L.
1915 470 2097 530 LVIII.
2137 476 2209 532 ai.
2252 475 2404 537 LYIL
2465 513 2468 516 ~

3386 491 3491 547 318

1897 586 2132 656 quipiam
2159 587 2331 645 ieram
2352 591 2584 662 undique
2617 598 3037 666 pervestiganics
3070 601 3114 666 ί,
3144 600 3306 658 modo
3332 601 3434 660 huc
3467 647 3486 675 ,

1896 677 2054 732 modo
2079 679 2205 735 illuc
2232 694 2536 738 accurrant.
2570 685 2650 739 Ad
2681 687 2887 756 priores
2914 704 3042 759 ergo
3082 706 3365 750 sermones
3393 711 3483 752 re-

1894 766 2058 823 deunt
2090 810 2104 833 ,
2133 769 2185 825 id
2209 782 2468 839 curantes
2491 784 2547 830 ut
2571 775 2692 831 illos
2721 792 2818 847 per
2854 779 3076 836 crebras
3103 780 3484 854 interrogatio-

1893 870 1989 911 nes
2019 857 2290 916 inlirment
2317 901 2334 928 ,
2379 863 2667 935 dicuntque
2698 885 2711 921 :
2741 867 2831 921 26.
2875 868 3012 934 Quid
3035 868 3151 941 fecit
3181 873 3270 927 tibi
3289 875 3316 928 .’
3358 893 3485 945 quo-

1891 947 2041 1000 modo
2103 953 2301 1019 aperuit
2373 954 2463 1008 tibi
2533 958 2706 1010 oculos
2735 957 2762 1010 ?
2803 958 2941 1026 Quid
3000 975 3131 1030 ergo
3172 963 3322 1031 ille?
3370 966 3484 1021 Illis

1889 1035 2114 1125 devictis
2155 1051 2212 1097 et
2239 1047 2520 1113 prostratis
2553 1089 2568 1115 ,
2615 1064 2721 1104 non
2769 1052 2905 1105 ultra
2950 1054 3176 1109 remisse
3223 1055 3477 1125 loquitur.

1889 1124 2073 1183 Donec
2087 1129 2229 1185 enim
2254 1147 2342 1188 res
2367 1138 2614 1192 examine
2635 1148 2686 1193 et
2708 1141 3092 1209 perquisitione
3111 1157 3245 1213 Opus
3271 1124 3477 1214 habuit,

1886 1216 2164 1276 moderate
2194 1237 2307 1278 rem
2333 1224 2626 1282 declaravit
2656 1246 2672 1282 :
2705 1238 2985 1300 postquam
3023 1240 3204 1288 autem
3237 1219 3359 1290 illas
3384 1251 3477 1291 ce~

1886 1309 1986 1378 pit,
2013 1312 2456 1388 splendidamque
2483 1319 2762 1376 victoriam
2792 1309 2977 1378 retulit
3007 1364 3024 1389 ,
3075 1325 3332 1383 audacter
3357 1328 3478 1383 illos

1884 1403 2211 1471 aggreditur,
2238 1407 2418 1478 aitque
2445 1426 2459 1462 :
2488 1409 2578 1464 27.
2606 1409 2732 1466 Ι)ἱεὶ
2759 1413 2895 1466 vobis
2915 1409 3109 1480 semel,
3140 1427 3187 1471 et
3211 1435 3310 1473 non
3326 1419 3480 1473 audi-

1883 1492 1974 1545 stis
1997 1510 2020 1558 ;
2044 1495 2167 1563 quid
2196 1508 2378 1552 uerum
2413 1503 2564 1556 vultis
2585 1505 2767 1558 audire
2790 1506 2814 1559 7
2843 1504 3089 1562 Vidistin'
3110 1511 3346 1572 mendici
3371 1512 3468 1567 ad-

1882 1597 2068 1640 versus
2107 1588 2315 1644 scribas
2335 1599 2403 1646 et
2428 1593 2733 1673 Pharisaeos
2758 1597 3137 1654 conﬁdentiam
3164 1601 3191 1656 τ
3219 1602 3349 1658 Tam
3379 1605 3472 1660 fir-

1880 1689 1966 1729 ma
2002 1691 2090 1732 res
2112 1687 2198 1732 est
2226 1681 2422 1737 veritas
2444 1723 2459 1748 ,
2489 1695 2596 1738 tam
2643 1684 2913 1742 inﬁrmum
2963 1691 3325 1748 mendacium.
3371 1695 3464 1751 Illa

1879 1770 2021 1823 enim
2049 1769 2194 1827 viros
2222 1787 2286 1827 ex
2317 1773 2528 1830 inﬁrma
2555 1777 2712 1847 plebe
2736 1779 2912 1835 claros
2955 1780 3122 1838 efﬁcit
3147 1801 3163 1848 ;
3197 1784 3300 1841 hoc
3341 1803 3472 1844 vero

1878 1859 2044 1916 fortes
2068 1861 2338 1931 deprimit.
2367 1865 2424 1920 ld
2456 1881 2617 1936 porro
2646 1871 2760 1925 vult
2788 1885 2963 1928 camus
2992 1874 3297 1944 signiﬁcare
3327 1895 3340 1930 :
3376 1879 3469 1933 Di-

1877 1953 1978 2007 ctis
2027 1967 2134 2008 non
2179 1955 2489 2024 attenditis;
2533 1958 2655 2015 ideo
2699 1976 2805 2016 non
2849 1963 2986 2020 ultra
3015 1965 3245 2036 loquar,
3295 1984 3471 2039 neque

1872 2044 2081 2101 crebris
2121 2055 2179 2102 et
2207 2049 2357 2103 vanis
2396 2050 2906 2122 interrogationibus
2936 2059 3275 2125 respondebo
3301 2101 3316 2126 ,
3345 2076 3468 2114 cum

1876 2151 1981 2191 non
2007 2137 2245 2193 discendi
2276 2154 2436 2196 causa
2458 2143 2710 2210 audiatis,
2740 2144 2834 2200 scd
2860 2155 2918 2200 ut
2944 2147 3085 2202 dicta
3108 2148 3466 2205 insectemini.

1876 2227 2144 2300 Numquid
2168 2243 2214 2286 et
2234 2249 2322 2287 uos
2345 2235 2496 2288 uultis
2531 2237 2770 2306 discipuli
2796 2239 2908 2307 ejus
2935 2241 3048 2307 ﬁeri
3068 2240 3095 2293 ἒ
3123 2239 3240 2295 Jam
3265 2258 3325 2298 se
3354 2243 3470 2298 disc

1874 2319 2066 2390 cipulis
2092 2333 2432 2378 annumerat.
2467 2325 2604 2380 illud
2637 2328 2806 2391 enim,
2837 2327 3110 2398 Numquid
3137 2341 3183 2384 et
3211 2348 3296 2385 vos
3330 2374 3343 2397 ,
3372 2334 3464 2397 si-

1872 2409 2088 2479 gniﬁcat
2110 2413 2286 2482 ipsum
2319 2429 2441 2470 esse
2467 2415 2808 2488 discipulum.
2835 2418 3040 2475 Deinde
3070 2436 3200 2478 vero
3230 2422 3349 2478 illos
3373 2438 3467 2479 sa-

1872 2503 1939 2557 tis
1969 2503 2194 2560 traducit
2218 2516 2273 2561 et
2299 2507 2536 2563 incessit.
2875 2493 2881 2498 ’

1940 2594 1993 2648 3.
2029 2595 2160 2651 Cum
2180 2599 2322 2653 enim
2346 2599 2510 2655 sciret
2540 2599 2643 2656 hoc
2669 2601 2792 2656 illos
2811 2604 3043 2660 maxime
3073 2621 3309 2677 pungere
3337 2648 3352 2674 ,
3383 2610 3461 2665 la-

1869 2687 2116 2742 cessendi
2176 2705 2336 2745 causa
2384 2691 2570 2758 dixit;
2616 2693 2759 2764 quod
2815 2705 2932 2750 erat
2987 2697 3153 2753 animi
3200 2699 3417 2758 ﬁdentis
3445 2744 3462 2768 ,

1869 2777 2132 2845 sublimis,
2163 2781 2483 2853 illorumque
2507 2783 2744 2840 furorem
2774 2785 3119 2856 despicientis
3144 2831 3160 2857 ,
3206 2801 3366 2862 atque
3395 2792 3462 2847 il-

1868 2870 1992 2937 lius,
2023 2873 2076 2926 in
2102 2889 2207 2943 quo
2229 2874 2446 2942 ﬁdebat,
2477 2877 2789 2947 dignitatem
2815 2881 3162 2948 celebrantis,
3193 2891 3251 2938 ut
3277 2893 3460 2940 osten-

1866 2963 2022 3020 deret
2063 2967 2207 3036 ipsos
2235 2968 2412 3023 virum
2451 2970 3181 3031 admirabilem-contumelia
3209 2977 3458 3044 afﬁcere;

1867 3055 2041 3126 ipsum
2069 3069 2245 3114 autem
2273 3076 2378 3116 non
2410 3076 2536 3117 vere
2563 3062 2705 3118 afﬁci
2737 3067 3063 3121 contumelia
3091 3109 3106 3133 ,
3135 3067 3231 3122 sed
3262 3077 3457 3124 contu-

1865 3152 2081 3207 meliam
2111 3153 2310 3208 illatam
2333 3154 2384 3209 ln
2413 3154 2676 3210 honorem
2697 3157 2796 3212 sibi
2825 3173 3032 3226 rapere.
3053 3158 3144 3213 28.
3174 3157 3255 3214 Tu
3276 3177 3327 3215 es
3353 3163 3461 3214 dis-

1864 3243 2065 3312 cipulus
2081 3245 2490 3316 ejus,inquiunt;
2514 3265 2606 3302 nos
2626 3259 2793 3303 autem
2810 3250 3050 3321 discipuli
3061 3252 3456 3324 sumusllogsis.

1866 3333 2062 3388 Verum
2082 3335 2131 3389 id
2151 3352 2256 3390 non
2274 3339 2482 3393 ratione
2500 3341 2681 3394 nixum
2703 3351 2806 3396 est.
2829 3341 2934 3396 Vos
2960 3343 3102 3398 enim
3121 3359 3293 3414 neque
3313 3346 3461 3418 Moy-

1865 3423 1962 3488 sis,
1996 3441 2172 3495 neque
2196 3426 2353 3496 hujus
2373 3428 2622 3498 discipuli
2646 3432 2796 3486 estis.
2822 3433 2877 3488 Si
2907 3433 3104 3504 Moysis
3138 3439 3329 3492 essetis
3355 3479 3371 3505 ,
3404 3451 3460 3494 et

1863 3512 2060 3569 Christi
2114 3518 2325 3571 essetis.
2381 3517 2506 3574 ldeo
2551 3519 2800 3576 Christus
2844 3538 3006 3591 supra
3058 3525 3271 3580 dicebat
3302 3527 3454 3584 illis:

1865 3603 1926 3659 Si
1952 3606 2220 3660 crederetis
2264 3608 2434 3679 Moysi
2465 3651 2480 3674 ,
2507 3613 2772 3666 crederetis
2798 3615 2968 3683 utique
3011 3625 3058 3669 et
3095 3618 3221 3670 nti/ti
3249 3633 3266 3670 :
3295 3620 3358 3672 de
3378 3637 3458 3673 me

1863 3697 1995 3750 enim
2016 3698 2101 3751 ille
2129 3701 2329 3768 scripsit
2348 3700 2525 3770 (Joan.
2558 3705 2612 3760 5.
2647 3704 2737 3776 46)
2762 3725 2773 3759 :
2805 3707 3060 3776 quoniam
3091 3708 3157 3762 ad
3187 3709 3284 3764 hos
3313 3727 3458 3766 sem-

1863 3804 1961 3858 per
2009 3805 2288 3846 sermones
2330 3794 2728 3864 confugiebant.
2781 3797 2873 3852 29.
2922 3798 3035 3852 Nos
3081 3801 3266 3855 scimus
3314 3805 3452 3873 quod

1866 3877 2036 3948 Moysi
2057 3881 2290 3950 loquutus
2315 3893 2386 3937 est
2411 3884 2571 3938 Deus.
2604 3886 2721 3951 Quo
2753 3889 3042 3943 narrante?
3069 3907 3175 3959 quo
3201 3893 3454 3947 nuntian-

1864 3978 1914 4024 te
1942 3969 1963 4022 ?
1988 3970 2296 4040 Majoribus,
2322 3975 2491 4040 aiunt,
2517 3977 2736 4030 nostris.
2767 3979 2960 4032 Annon
2983 3978 3091 4033 illis
3118 3979 3222 4035 ﬁde
3244 3981 3456 4050 dignior

1861 4071 1964 4129 est,
1993 4064 2082 4133 qui
2111 4064 2212 4119 hoc
2242 4081 2338 4135 per
2365 4055 2516 4136 signa
2546 4069 2866 4136 conﬁrmat,
2890 4085 3012 4124 cum
3038 4070 3169 4127 dicit
3198 4087 3258 4128 se
3285 4089 3316 4128 a
3345 4075 3457 4130 Deo

1861 4157 2044 4212 venire
2071 4166 2126 4212 et
2144 4158 2375 4214 cmlestia
2403 4159 2549 4231 loqui
2574 4160 2598 4214 ‘l
2627 4160 2811 4231 Neque
2831 4161 3103 4230 dixerunt,
3134 4164 3457 4224 Audivimus

1861 4248 2004 4317 quod
2035 4247 2204 4320 Moysi
2227 4250 2479 4320 loquutus
2506 4252 2577 4306 sit
2611 4251 2790 4317 Deus;
2822 4253 2938 4319 sed,
2969 4253 3196 4310 Scimus.
3225 4255 3358 4324 Quae
3387 4273 3454 4312 ex

1858 4331 2050 4388 auditu
2080 4335 2257 4401 scitis,
2289 4351 2323 4390 ο
2343 4335 2538 4404 Judaei,
2569 4338 2886 4408 afﬁrmatis;
2913 4351 2966 4397 et
2989 4343 3262 4412 quaevisu
3289 4349 3464 4415 perci-

1857 4423 2008 4494 pitis,
2044 4429 2258 4483 minora
2289 4430 2496 4499 putatis
2517 4431 2676 4488 esse?
2697 4433 2861 4503 Atqui
2887 4434 2979 4488 illa
3000 4434 3222 4505 quidem
3247 4452 3358 4493 non
3382 4441 3468 4495 vi-

1857 4512 2040 4583 distis,
2076 4517 2172 4574 sed
2202 4521 2459 4586 audistis,
2495 4521 2620 4578 btec‘
2655 4538 2788 4579 vero
2819 4541 2927 4579 non
2968 4525 3224 4593 audistis,
3257 4528 3350 4584 sed
3381 4530 3466 4586 vi~

1863 4610 2035 4666 distis.
2061 4611 2195 4679 Quid
2223 4627 2349 4682 ergo
2374 4628 2549 4669 caicus
2577 4614 2598 4668 ἲ
2624 4614 2715 4669 50.
2745 4613 2812 4668 In
2841 4618 2936 4669 hoc
2960 4615 3094 4670 enim
3114 4627 3186 4671 est
3205 4620 3457 4684 mirabile,

1862 4702 2000 4772 quod
2032 4716 2118 4756 vos
2147 4703 2349 4757 nescitis
2376 4705 2512 4758 unde
2543 4708 2648 4773 sit,
2696 4715 2752 4762 et
2781 4707 2903 4761 talia
2932 4708 3084 4777 signa
3115 4708 3240 4763 facit
3272 4727 3284 4763 :
3315 4713 3459 4780 quod

1864 4793 1945 4847 vir
1964 4808 2070 4847 non
2099 4795 2323 4865 insignis
2351 4795 2492 4866 apud
2524 4811 2620 4851 vos
2645 4837 2661 4861 ,
2693 4812 2869 4867 neque
2895 4798 3075 4854 clarus
3105 4798 3188 4854 vel
3214 4799 3458 4868 illustris,

1866 4883 1992 4938 talia
2015 4886 2217 4954 possit:
2247 4895 2303 4940 ut
2323 4887 2542 4941 omnino
2567 4887 2911 4944 manifestum
2951 4891 3022 4946 sit
3043 4932 3060 4956 ,
3088 4905 3213 4947 esse
3241 4892 3409 4948 Deum
3439 4934 3455 4957 ,

1865 4975 1956 5045 qui
1995 4991 2062 5030 ne
2096 4976 2319 5031 minimo
2359 4978 2574 5048 quidem
2617 4980 2853 5036 humano
2893 4991 3050 5052 egeat
3097 4967 3318 5038 auxilio.
3366 4984 3458 5039 3|.

1867 5066 2071 5123 Scimus
2091 5081 2257 5124 autem
2283 5071 2422 5140 quod
2450 5069 2590 5126 Deus
2620 5081 2907 5142 peccatores
2935 5090 3037 5128 non
3062 5075 3291 5128 exaudit.
3321 5073 3458 5131 Cum

1866 5160 2009 5216 enim
2036 5171 2189 5215 antea
2223 5161 2518 5217 dixissent:
2553 5162 2823 5228 Quomodo
2852 5173 3015 5233 potest
3049 5163 3201 5219 homo
3227 5174 3460 5234 peccator

1868 5253 1992 5307 talia
2014 5254 2162 5324 signa
2186 5255 2354 5325 facere
2377 5255 2404 5307 .’
2423 5268 2609 5309 eorum
2642 5255 2832 5310 nititur
2855 5255 3083 5325 judicio,
3101 5265 3158 5312 et
3186 5256 3305 5314 haec
3332 5257 3462 5328 ipsis

1868 5346 1923 5402 in
1952 5356 2182 5402 mentem
2205 5358 2440 5403 revocat.
2477 5347 2603 5404 llaec
2630 5349 2922 5417 sententia,
2951 5349 3145 5420 inquit,
3168 5359 3225 5407 et
3254 5351 3383 5406 mihi
3406 5362 3463 5408 et

1867 5435 2021 5492 vobis
2056 5439 2358 5495 communis
2382 5447 2465 5496 est
2495 5457 2507 5491 :
2542 5440 2594 5494 in
2628 5442 2728 5495 hac
2767 5440 3062 5510 pcrsistite.
3091 5441 3160 5496 Et
3184 5442 3304 5499 vide
3333 5442 3462 5497 mihi

1868 5526 2228 5596 prudentiam.
2259 5529 2481 5599 Signum
2516 5544 2731 5602 semper
2774 5532 2827 5587 in
2860 5546 2953 5587 ore
2998 5543 3213 5598 versat,
3244 5533 3365 5604 quia
3393 5533 3463 5587 il-

1869 5618 1960 5675 lud
1993 5621 2177 5676 tollere
2199 5636 2304 5677 non
2334 5633 2601 5690 poterant,
2629 5635 2684 5680 et
2705 5625 2828 5680 inde
2871 5625 3239 5681 ratiocinatur.
3274 5624 3464 5682 Vlden'

1867 5727 1989 5767 eum
2017 5755 2032 5778 ,
2059 5727 2182 5768 cum
2224 5714 2376 5769 initio
2400 5716 2641 5775 diceret.
2673 5715 2731 5770 Si
2762 5728 2996 5786 peccator
3021 5727 3095 5772 est
3121 5760 3135 5785 ,
3168 5717 3334 5771 nescio
3361 5758 3375 5782 ,
3405 5718 3464 5775 id

1934 5825 1950 5855 ί
1990 5823 2077 5874 Alii
2111 5824 2303 5897 legunt.
2322 5825 2446 5876 velut
2468 5828 2511 5879 si
2526 5841 2668 5878 canes
2685 5829 2837 5880 feram
2860 5827 2909 5877 in
2935 5835 3033 5878 tuto
3057 5828 3282 5878 latentem
3318 5824 3476 5879 indi.-

1873 5899 1964 5949 que
1987 5893 2368 5949 mitigantes.

3029 5983 3111 6041 ‘20
