4088 6506
615 488 715 544 ΜΘ

619 615 724 653 non
751 596 1041 653 dubitando
1067 593 1295 648 dixisse!
1324 591 1502 659 absit,
1537 600 1693 646 norat
1733 589 1876 646 enim
1915 602 2020 643 non
2064 601 2182 641 esse

621 699 970 759 peccatorem.
1001 685 1150 741 Nunc
1177 670 1272 739 ubi
1289 691 1644 755 opportunum
1665 691 1750 738 est
1775 692 1986 752 tempus
2017 722 2032 745 ,
2061 677 2182 732 vide

617 778 881 848 quomodo
907 775 1238 845 respondeat.
1269 775 1471 832 Scimus
1495 786 1661 829 autem
1685 775 1821 844 quod
1841 773 1980 828 Deus
2002 787 2181 843 pecco.

621 883 750 924 tores
779 885 877 923 non
902 867 1077 921 audiat
1094 881 1114 930 ;
1137 867 1224 921 sed
1247 867 1291 921 si
1313 867 1424 936 quis
1454 866 1548 920 Dei
1573 866 1738 918 cultor
1759 874 1833 918 est
1859 906 1874 930 ,
1917 873 1964 917 et
1993 863 2175 917 volun-

620 968 766 1012 tatem
789 959 901 1028 ejus
922 957 1062 1026 facit.
1088 956 1182 1010 llic
1205 970 1309 1010 non
1333 954 1491 1009 modo
1511 970 1538 1006 a
1567 954 1796 1022 peccatis
1811 953 2058 1017 absolvit,
2090 947 2183 1005 sed

617 1059 671 1102 et
716 1047 827 1101 Deo
863 1055 1136 1116 acceptum
1168 1086 1184 1110 ,
1218 1054 1272 1100 et
1310 1045 1400 1098 Dei
1443 1059 1602 1112 opera
1647 1044 1925 1098 facientem
1975 1043 2182 1114 prohat.

617 1138 750 1204 Quia
772 1137 913 1191 enim
937 1137 1008 1190 illi
1041 1151 1098 1190 se
1121 1136 1208 1189 Dei
1243 1135 1474 1189 cultores
1495 1135 1782 1200 dicebant,
1811 1134 1930 1189 ideo
1959 1133 2181 1199 addidit,

620 1225 686 1281 Et
715 1232 1015 1282 voluntatem
1040 1226 1149 1294 ejus
1167 1228 1310 1296 facit.
1339 1225 1452 1278 Non
1475 1226 1604 1278 satis
1626 1233 1710 1279 est
1735 1267 1751 1291 ,
1779 1226 1946 1294 inquit
1974 1265 1990 1292 ,
2018 1225 2182 1279 Deum

615 1333 954 1388 cognoscere,
985 1315 1077 1372 sed
1103 1315 1217 1384 ejus
1234 1325 1315 1370 est
1334 1315 1569 1370 facienda
1588 1316 1850 1370 vofuntas.
1870 1314 1997 1371 Inde
2018 1315 2182 1369 mira-

617 1411 790 1461 culum
821 1407 1046 1460 extollit.
1079 1405 1163 1461 32.
1192 1405 1233 1458 Α
1259 1405 1442 1460 sa'culo
1459 1423 1556 1460 non
1575 1416 1644 1460 est
1666 1408 1893 1460 auditum
1915 1408 2050 1475 quod
2064 1422 2186 1474 ape-

612 1501 769 1552 ruerit
805 1499 917 1566 quis
950 1499 1120 1550 oculos
1176 1498 1295 1550 circi
1343 1498 1468 1550 nati.
1513 1497 1568 1552 Si
1613 1513 1740 1568 ergo
1790 1497 2111 1553 confitemini
2141 1498 2181 1562 ί,

620 1593 780 1645 ficum
812 1605 914 1644 non
946 1571 1198 1645 exaudire
1231 1601 1569 1659 peccatores;
1599 1591 1684 1644 hic
1723 1605 1848 1645 vero
1876 1589 2182 1644 miraculum

619 1683 841 1749 patmvit
867 1723 881 1745 ,
928 1693 981 1736 et
1013 1683 1113 1735 tale
1143 1681 1484 1747 miraculum,
1517 1682 1676 1752 quale
1715 1697 1872 1736 nemo
1899 1681 2059 1735 fecit:
2094 1695 2184 1750 pa-

618 1777 716 1825 lant
741 1783 820 1826 est
847 1773 990 1826 illum
1019 1772 1210 1826 virtute
1237 1774 1411 1826 omnia
1433 1787 1714 1841 superasse
1734 1812 1748 1836 ,
1783 1773 2002 1841 ejusque
2031 1781 2183 1838 pote-

614 1873 800 1916 Statelli
829 1864 942 1931 plus
969 1876 1122 1930 qnam
1156 1861 1437 1916 humanam
1464 1877 1601 1917 esse.
1628 1862 1761 1930 Quid
1790 1877 1918 1931 ergo
1951 1862 2068 1916 illi?
2094 1862 2182 1915 54.

619 1953 679 2003 ιη
710 1953 924 2020 peccatis
950 1963 1096 2004 natus
1123 1968 1172 2005 cs
1191 1960 1341 2015 totus,
1367 1963 1414 2006 et
1440 1961 1492 2005 tu
1514 1953 1660 2006 doces
1678 1969 1767 2006 nos
1785 1954 1812 2005 ?.
1836 1953 2017 2006 Donec
2044 1956 2184 2006 enim

613 2054 923 2111 negaturum
953 2059 1073 2097 eum
1102 2044 1404 2111 Sperabaut,
1431 2043 1534 2098 fide
1559 2043 1772 2114 dignum
1803 2053 2067 2113 putantes,
2097 2057 2184 2097 se-

618 2137 719 2188 mel
772 2145 823 2188 et
874 2136 1061 2188 iterum
1103 2145 1379 2189 vocarunt.
1424 2135 1574 2202 Quod
1611 2138 1654 2190 si
1695 2136 1794 2190 fide
1831 2137 2047 2205 dignum
2081 2151 2188 2189 non

619 2229 777 2292 putati
820 2229 884 2279 tis
914 2229 953 2286 ’,
988 2227 1218 2294 illlllillll,
1258 2242 1354 2280 cur
1389 2227 1618 2280 vocastis
1659 2239 1712 2280 et
1758 2226 1993 2281 secundo
2019 2227 2186 2279 inter-

616 2321 835 2387 ngastis
867 2319 888 2370 ?
917 2320 1044 2372 Cum
1087 2333 1242 2387 porro
1273 2319 1399 2372 nihil
1434 2321 1652 2384 veritus,
1679 2334 1800 2373 vera
1831 2319 2137 2389 loqueretur
2168 2359 2183 2385 ,

613 2427 824 2480 quando
863 2412 1093 2466 maxime
1139 2411 1318 2464 mirari
1351 2410 1498 2464 illum
1527 2410 1837 2478 Oportebat,
1881 2419 2005 2465 tunc
2034 2411 2183 2464 illum

615 2506 880 2564 damnant.
915 2502 1048 2568 Quid
1079 2515 1235 2569 porro
1262 2501 1360 2554 sibi
1391 2501 1502 2554 vult
1526 2499 1675 2566 illud,
1711 2499 1773 2553 In
1799 2503 2015 2571 peccatis
2036 2510 2188 2554 natus

608 2612 665 2648 es
687 2595 849 2646 tofus?
872 2594 963 2647 ilic
994 2594 1064 2646 illi
1094 2591 1743 2661 cmcitatemexprohraut,
1775 2606 1837 2646 ac
1857 2592 1898 2645 si
1922 2590 2186 2646 dic-rent:

616 2688 655 2736 Α
692 2685 856 2753 prima
887 2694 1044 2737 :etate
1073 2683 1123 2735 in
1153 2683 1385 2752 peccatis
1406 2695 1498 2746 es;
1528 2696 1590 2736 ac
1635 2681 1680 2734 si
1720 2680 1840 2736 ideo
1862 2695 2037 2734 ezecus
2059 2679 2190 2734 fuis-

618 2784 715 2835 set,
747 2773 884 2843 quod
918 2781 1110 2840 prmter
1131 2772 1388 2827 rationem
1417 2782 1518 2826 est.
1551 2771 1658 2826 Hac
1688 2771 1738 2825 in
1768 2786 1826 2826 re
1854 2772 2024 2841 ipsum
2055 2786 2188 2825 con-

617 2869 796 2919 solans
824 2865 1063 2920 Christus
1078 2863 1287 2918 dicebat
1318 2879 1332 2916 :
1363 2861 1428 2916 In
1446 2863 1694 2933 judicium
1722 2879 1810 2934 ego
1843 2863 1950 2915 veni
1966 2867 2015 2914 in
2048 2878 2191 2914 utun-

615 2958 754 3020 dum,
790 2965 842 3007 ut
891 2971 988 3008 non
1015 2954 1234 3007 videntes
1266 2954 1482 3018 videant,
1511 2962 1556 3005 et
1577 2954 1662 3022 qui
1691 2953 1875 3017 vident,
1899 2952 2015 3005 τωςὶ
2041 2953 2185 3018 ﬁant.

618 3047 681 3100 In
703 3047 913 3116 ικτεαιὸι
942 3055 1086 3097 natus
1109 3061 1158 3097 es
1180 3053 1330 3108 totus,
1355 3053 1401 3096 et
1424 3054 1475 3096 tu
1494 3045 1641 3098 doces
1660 3059 1748 3096 nos
1771 3041 1947 3112 (Joan.
1974 3043 2025 3097 9.
2059 3040 2188 3112 59)?

625 3141 759 3207 Quid
793 3140 1000 3192 dixeiat
1035 3137 1120 3190 ille
1143 3138 1165 3188 ’ἒ
1199 3151 1322 3188 num
1351 3150 1500 3189 suam
1533 3135 1850 3189 sententiam
1885 3133 2134 3187 attulerat
2165 3131 2189 3182 ?

616 3245 793 3284 annon
821 3230 991 3298 potius
1017 3242 1352 3282 communem
1381 3267 1394 3290 ,
1421 3243 1544 3281 eum
1575 3226 1797 3290 diceret,
1830 3224 2031 3281 Scimus
2052 3224 2190 3296 quod

618 3321 755 3374 Deus
777 3328 1058 3388 peccatores
1086 3334 1183 3370 non
1210 3317 1456 3370 exaudit?
1492 3331 1666 3370 nonne
1696 3330 1759 3370 ea
1789 3331 1906 3385 qua:
1928 3330 2020 3368 vos
2042 3315 2192 3368 dixe-

617 3413 746 3466 ratis
769 3413 818 3463 in
848 3409 1080 3463 medium
1106 3407 1313 3461 attulit?
1343 3406 1407 3459 Et
1435 3408 1683 3476 cjccerunt
1711 3423 1824 3460 eum
1855 3409 2013 3477 foras.
2050 3405 2192 3459 Vidi-

618 3505 740 3557 stin‘
768 3503 1006 3556 veritatis
1030 3515 1325 3570 praeconem
1350 3539 1365 3565 ,
1393 3507 1446 3552 et
1466 3498 1733 3568 quomodo
1755 3507 2043 3568 paupertas
2070 3497 2190 3567 phi-

620 3593 911 3661 iosOphEam
945 3607 1047 3644 non
1079 3589 1462 3644 inici-turbarit.
1502 3587 1683 3642 Viden'
1708 3597 1839 3657 quot
1858 3596 1912 3641 et
1939 3598 2132 3657 quanta
2161 3602 2190 3640 a

615 3685 875 3754 principio
912 3684 1138 3737 audierit
1175 3692 1227 3736 et
1259 3696 1447 3752 passus
1482 3680 1600 3734 sit?
1628 3688 1682 3734 et
1709 3677 1978 3750 quomodo
2012 3679 2191 3732 verbis

620 3789 673 3830 et
700 3776 954 3845 operibus
986 3773 1295 3828 testificatus
1319 3774 1386 3826 sit
1414 3773 1436 3824 2

689 3869 742 3922 4.
776 3867 898 3920 Hinc
928 3879 1085 3934 porro
1111 3864 1304 3932 scripta
1333 3871 1494 3924 sunt,
1541 3870 1595 3915 ut
1637 3877 1734 3916 nas
1771 3861 1859 3914 illa
1892 3861 2185 3916 imitemur.

620 3962 746 4016 Nam
771 3961 814 4015 si
851 3958 1145 4022 mendicus,
1179 3971 1371 4020 emotis,
1403 3956 1489 4025 qni
1518 3954 1787 4010 Christum
1820 3969 1921 4007 non
1953 3954 2190 4018 viderat,

621 4062 823 4108 tantum
876 4051 1081 4105 fiducia:
1123 4048 1300 4102 statim
1340 4047 1575 4102 ostendit
1621 4058 1742 4100 ante
1777 4045 1970 4101 Christi
2017 4048 2192 4099 horta-

621 4156 823 4209 menta,
848 4151 995 4196 stans
1029 4149 1214 4195 contra
1245 4139 1495 4209 papulum
1535 4147 1725 4204 totum,
1755 4138 1954 4192 emdem
1979 4139 2190 4208 spiran-

621 4245 725 4288 tem
755 4273 771 4298 ,
807 4247 846 4284 .a
908 4230 1152 4284 dmmone
1195 4238 1368 4283 actum
1400 4270 1414 4294 ,
1447 4227 1707 4282 furentem
1735 4269 1748 4292 ,
1787 4242 1852 4282 ex
1899 4228 2014 4296 ejus
2064 4242 2194 4282 voce

619 4325 888 4380 Christum
915 4321 1168 4376 damnare
1184 4321 1485 4390 cupientem
1517 4336 1530 4372 :
1563 4333 1734 4388 neque
1756 4318 1921 4372 cessit
1945 4317 2032 4372 ille
2059 4358 2072 4379 ,
2103 4333 2194 4372 nc-

619 4432 721 4484 qne
745 4414 981 4479 recessit,
1007 4413 1101 4468 sed
1131 4412 1357 4466 fidenter
1388 4412 1509 4464 illos
1536 4409 1828 4464 confutavit
1855 4451 1870 4474 ,
1905 4410 2196 4477 maluitque

621 4507 761 4560 foras
788 4505 906 4573 ejici
932 4544 947 4568 ,
979 4517 1136 4571 quam
1175 4501 1454 4554 veritatem
1487 4498 1713 4567 prodere
1749 4515 1762 4549 ε
1797 4507 1995 4566 quanto
2023 4499 2192 4568 magis

623 4612 740 4660 nos,
764 4597 849 4664 qui
879 4592 1072 4647 tamdiu
1096 4594 1146 4645 in
1171 4591 1273 4646 fide
1298 4591 1540 4652 viximus,
1566 4591 1652 4660 qui
1678 4605 1769 4658 per
1791 4589 1948 4644 fidem
1976 4603 2198 4643 Sexcen-

623 4699 672 4742 ta
697 4686 946 4742 miracula
977 4685 1206 4738 vidimus
1239 4725 1254 4749 ,
1293 4683 1380 4752 qui
1409 4683 1611 4752 majora
1639 4697 1797 4752 quam
1826 4683 1911 4737 ille
1939 4682 2194 4737 beneficia

622 4778 924 4846 accepimus
949 4816 964 4841 ,
1010 4775 1100 4844 qui
1137 4773 1480 4827 interioribus
1509 4773 1678 4826 oculis
1709 4788 1898 4826 arcana
1943 4773 2194 4843 mysteria

624 4869 872 4931 vidimus,
901 4877 954 4920 et
981 4866 1047 4919 ad
1077 4874 1282 4919 tantum
1323 4864 1578 4919 honorem
1628 4864 1798 4918 vocati
1839 4879 2023 4918 sumus
2045 4906 2058 4927 ,
2083 4881 2198 4919 om-

627 4976 744 5014 nem
802 4959 1046 5012 fiduciam
1091 4955 1343 5010 exhibere
1391 4965 1603 5026 oportet
1652 4955 1908 5010 adversus
1958 4971 2052 5010 eos
2107 4957 2196 5024 qui

625 5051 954 5104 Christianos
986 5058 1232 5104 accusant
1261 5090 1275 5112 ,
1308 5048 1529 5118 illosque
1554 5047 1834 5104 confutare
1867 5089 1881 5116 ,
1913 5063 2087 5119 neque
2119 5051 2199 5104 eis

635 5156 836 5200 temere
862 5157 1083 5212 parcere
1103 5142 1126 5196 ‘?

699 5241 1078 5311 Scriptttrarnm
1106 5239 1306 5293 lectioni
1323 5239 1398 5291 vel
1420 5238 1662 5292 attditioni
1681 5239 1881 5291 assidue
1897 5238 2196 5291 vacandum.

625 5335 812 5390 Contra
837 5333 1236 5401 spectaculorum
1264 5332 1619 5401 frequentiam.
1637 5361 1709 5372 —
1738 5331 1848 5386 Hoc
1870 5348 2000 5386 vero
2023 5331 2201 5387 facere

625 5425 941 5495 poterimus,
971 5425 1017 5479 si
1059 5423 1302 5479 fiduciam
1334 5437 1667 5478 assumamus
1707 5433 1762 5476 ct
1795 5423 2086 5492 Scripturis
2114 5434 2198 5478 at-

628 5519 944 5579 tendamus,
980 5532 1150 5585 neque
1176 5517 1530 5586 perfunctorie
1559 5516 1676 5570 illas
1718 5515 2015 5569 audiamus.
2070 5514 2200 5571 Nam

692 5613 708 5643 ί
744 5609 886 5676 liuet;
910 5607 1067 5676 locum
1092 5608 1164 5656 sic
1211 5606 1362 5676 e_ll'ert_
1389 5614 1472 5657 Its.
1496 5606 1637 5676 savii.
1684 5606 1998 5676 Orientalis...
2034 5625 2057 5652 ι
2088 5621 2202 5676 ape.

627 5671 776 5722 ruerit
801 5673 906 5730 quis
943 5669 1104 5720 oculos
1125 5667 1242 5719 caeci
1264 5668 1362 5718 nati
1382 5686 1430 5718 ν.
1461 5668 1641 5718 Deinde
1685 5668 2001 5730 ratiocimttur
2023 5681 2040 5716 :
2061 5667 2104 5718 si
2122 5669 2203 5721 ille

631 5745 720 5800 nan
755 5727 874 5782 esset
897 5744 927 5780 α
956 5739 1052 5782 Deo
1072 5729 1190 5782 nihil
1213 5736 1362 5794 posset
1387 5732 1478 5780 tale
1499 5732 1677 5792 ﬂuere.
1701 5727 1833 5789 quod
1857 5729 1898 5779 si
1921 5728 1968 5779 in
1993 5731 2203 5791 con/csso

638 5805 714 5886 μί’
742 5808 870 5903 itii-sm
897 5863 971 5906 its.
999 5855 1165 5917 habet,
1192 5852 1433 5918 putabant,
1460 5862 1509 5904 et
1534 5866 1663 5915 mox,
1687 5852 2056 5920 uttcrrogartou.

1349 480 1404 536 S.
1443 475 1717 535 JOANNIS
1734 467 2203 531 GIIRYSOSTOMI
2242 465 2555 526 Αηςιηει».
2595 470 3122 531 CONSIANTINOP.

3762 479 3864 535 3‘20

2294 581 2337 636 si
2369 583 2489 652 quis
2513 583 2725 639 assidue
2750 585 2930 641 veniat
2956 629 2970 653 ,
3009 587 3216 642 etiamsi
3243 586 3385 643 domi
3414 603 3519 643 non
3552 590 3695 660 legat
3723 633 3741 658 ,
3773 596 3867 649 sed

2294 671 2381 727 hic
2407 672 2562 728 dictis
2591 675 2829 731 attendat
2855 694 2869 730 :
2897 678 3022 732 anni
3063 679 3220 734 unius
3247 679 3421 748 spatio
3463 683 3662 751 poterit
3706 684 3869 738 inuita

2291 763 2514 822 discere.
2546 766 2726 837 Neque
2750 770 2892 823 enim
2921 770 3079 826 hodie
3108 771 3202 826 has
3223 813 3236 835 .
3257 787 3376 828 cras
3401 773 3535 828 alias
3563 771 3872 843 Scriptum

2293 857 2537 927 legimus,
2570 859 2661 914 sed
2691 876 2904 930 semper
2923 862 3158 917 easdem.
3189 865 3436 919 Attamen
3482 866 3632 920 multi
3665 867 3735 920 ita
3767 870 3870 921 mi-

2293 961 2416 1002 sere
2442 948 2617 1004 allecti
2637 960 2780 1017 sunt,
2811 961 2867 1006 ut
2888 961 3005 1021 post
3028 961 3223 1008 tantam
3247 955 3533 1010 lectionem
3555 973 3624 1012 ne
3650 958 3872 1013 nomina

2293 1038 2507 1106 quidem
2537 1040 2787 1096 librorum
2829 1045 3036 1110 sciant;
3080 1060 3181 1100 nec
3218 1057 3470 1102 verentur
3501 1089 3516 1112 ,
3549 1064 3727 1119 neque
3758 1049 3872 1105 for-

2294 1129 2496 1183 midant
2515 1141 2616 1184 tam
2640 1133 2968 1202 negligenter
2987 1136 3049 1191 ad
3067 1135 3299 1191 divinam
3316 1140 3516 1207 ingredi
3531 1142 3872 1195 concinnem.

2294 1220 2399 1275 Sed
2425 1222 2470 1275 si
2496 1222 2847 1290 citbarmdus,
2871 1227 2916 1280 si
2947 1227 3168 1284 saltator
3193 1231 3274 1284 vel
3304 1233 3439 1286 alius
3467 1233 3640 1300 quivis
3665 1233 3733 1286 ad
3764 1249 3874 1287 sce-

2295 1326 2414 1365 nam
2443 1315 2645 1369 voearit
2670 1316 2936 1370 civitatem
2973 1358 2989 1382 ,
3027 1318 3306 1389 diligenter
3323 1337 3512 1376 omnes
3537 1333 3826 1377 acrurrunt
3857 1365 3873 1387 ,

2294 1412 2342 1454 ct
2367 1403 2566 1470 gratias
2592 1403 2788 1459 habent
2811 1406 3020 1460 vocanti
3045 1449 3059 1472 ,
3088 1417 3247 1477 atque
3271 1411 3321 1463 in
3354 1414 3659 1479 spectaculo
3690 1412 3879 1481 hujus-

2295 1493 2435 1546 modi
2479 1493 2756 1549 dimidium
2797 1496 2902 1552 diei
2946 1499 3217 1553 insumunt
3249 1518 3261 1553 :
3308 1501 3415 1555 Deo
3437 1511 3617 1556 autem
3650 1519 3752 1558 nos
3781 1521 3878 1574 per

2297 1583 2581 1652 prophetas
2627 1595 2682 1638 et
2722 1587 2996 1655 apostolos
3031 1590 3335 1660 alloquente
3361 1634 3377 1659 ,
3407 1595 3695 1650 Oscitamus
3726 1638 3741 1661 ,
3778 1613 3878 1652 nos

2294 1676 2599 1743 scalpimus,
2635 1677 2950 1734 fastidimus.
2982 1681 3036 1735 ln
3067 1693 3251 1738 (estate
3267 1685 3479 1754 quidem
3503 1695 3555 1742 et
3607 1699 3725 1742 testu
3758 1705 3877 1743 ma—

2293 1769 2434 1835 gno‘
2469 1769 2640 1823 forum
2669 1771 2933 1839 petimus;
2966 1775 3015 1828 in
3049 1774 3221 1830 hieme
3248 1793 3376 1833 vero
3410 1794 3441 1833 a
3471 1782 3641 1849 plus...
3681 1793 3734 1835 vt
3765 1783 3878 1836 lutu

2296 1857 2435 1911 domi
2460 1861 2816 1916 continemur.
2843 1864 2905 1917 At
2942 1865 2990 1918 in
3021 1865 3386 1936 hippodromis
3409 1912 3423 1935 ,
3448 1872 3538 1926 ubi
3563 1873 3767 1927 nullum
3797 1885 3880 1928 est

2297 1957 2494 2003 tectum
2526 1951 2665 2020 quod
2694 1967 2722 2005 a
2757 1953 2929 2022 pluvia
2958 1955 3230 2022 defendat,
3255 1959 3438 2024 multi,
3477 1962 3649 2018 imbre
3683 1981 3879 2020 urcea-

2298 2041 2388 2092 tim
2418 2041 2648 2107 labente,
2684 2055 2840 2098 vento
2863 2061 3052 2115 aquam
3077 2048 3129 2102 in
3153 2050 3354 2105 vultum
3386 2051 3590 2109 ferente
3617 2097 3632 2118 ,
3666 2055 3878 2110 insania

2295 2129 2437 2184 ducti
2471 2141 2632 2197 stant,
2662 2133 2881 2206 frigore,
2913 2138 3111 2206 pluvia,
3136 2141 3266 2206 luto,
3291 2143 3389 2198 via:
3419 2145 3755 2215 longitudine
3775 2149 3877 2203 de-

2295 2225 2524 2290 spet-zis;
2558 2225 2688 2279 nihil
2711 2243 2803 2281 eos
2821 2227 2964 2282 domi
2998 2233 3211 2296 retinet,
3246 2235 3373 2289 nihil
3399 2252 3425 2289 a
3457 2240 3767 2306 spectaciilo
3787 2257 3881 2292 ω-

2298 2310 2481 2365 Ιιίἰιολε
2539 2324 2757 2380 potest:
2793 2315 2894 2371 huc
2949 2333 3126 2374 antem
3183 2323 3269 2376 ubi
3323 2334 3517 2379 tectum
3551 2367 3564 2387 ,
3603 2327 3692 2383 ubi
3744 2332 3882 2385 mire

2299 2409 2624 2470 temperatus
2650 2403 2798 2459 calor
2822 2447 2836 2468 ,
2885 2409 3066 2463 venire
3095 2409 3400 2480 refugiunt,
3435 2429 3556 2469 cum
3588 2416 3654 2470 de
3686 2421 3882 2473 animm

2297 2491 2467 2545 saiutc
2509 2503 2713 2562 agatur.
2765 2495 3010 2552 llzcccine
3035 2539 3050 2564 ,
3079 2516 3260 2570 qumso
3284 2545 3298 2568 ,
3329 2503 3640 2559 toleranda?
3665 2506 3792 2562 ideo
3826 2511 3883 2562 in

2299 2581 2403 2636 illis
2429 2584 2668 2652 apprime
2697 2587 2893 2650 edoc1i,
2917 2588 2967 2642 in
2993 2593 3309 2647 necessariis
3335 2593 3692 2664 imperitiores
3717 2615 3880 2667 quam

2299 2672 2505 2740 pueruli
2534 2689 2735 2728 sumus.
2763 2676 2912 2743 Quod
2938 2679 2980 2732 si
3000 2681 3118 2748 quis
3143 2691 3192 2735 te
3209 2684 3442 2754 aurigam
3467 2686 3547 2740 vel
3567 2687 3882 2744 saltatorem

2298 2762 2531 2830 appellet
2563 2805 2578 2827 ,
2625 2764 2676 2818 id
2700 2768 3074 2822 contumeliam
3107 2770 3239 2825 dicis
3269 2814 3282 2835 ,
3318 2774 3435 2828 licet
3462 2776 3591 2830 nihil
3617 2793 3721 2832 non
3753 2795 3885 2846 agas

2299 2861 2355 2905 ut
2385 2853 2478 2906 tibi
2520 2854 2620 2908 hoc
2647 2857 2964 2924 vituperium
2993 2862 3230 2918 attrahas
3258 2881 3271 2927 ;
3295 2866 3338 2919 si
3386 2883 3514 2922 vero
3540 2869 3606 2923 ad
3639 2872 3717 2924 rei
3759 2889 3885 2943 spe-

2295 2944 2560 2999 ctaculum
2589 2958 2795 3015 evocet,
2822 2965 2923 3005 non
2953 2953 3163 3020 resilis;
3190 2965 3486 3026 artemque,
3507 2960 3661 3030 cujus
3683 2977 3882 3018 nomen

2298 3033 2497 3104 refugis
2529 3079 2544 3104 ,
2599 3047 2764 3093 totam
2791 3040 2901 3096 fere
2933 3047 3291 3114 prosequeris.
3326 3047 3424 3104 l'bi
3451 3065 3578 3105 vero
3604 3063 3658 3106 et
3679 3069 3795 3108 rem
3824 3065 3879 3109 et

2299 3139 2492 3180 nomen
2525 3136 2706 3183 tenere
2730 3129 2894 3185 debes
2921 3134 2938 3163 ³
2956 3173 2970 3198 ,
2999 3143 3158 3204 atque
3183 3151 3304 3192 esse
3329 3148 3383 3193 et
3409 3143 3584 3196 vocari
3615 3143 3882 3199 Christia-

2301 3230 2421 3281 nus,
2445 3220 2724 3288 nequidem
2751 3223 2875 3291 quid
2902 3223 2952 3278 id
2974 3225 3042 3279 sit
3066 3227 3339 3298 intelligis.
3364 3229 3498 3298 Quid
3519 3231 3617 3290 hac
3640 3238 3881 3291 amentia

2302 3309 2450 3376 pejus
2478 3309 2500 3362 2
2531 3310 2654 3366 llaec
2685 3311 2993 3383 frequenter
3011 3318 3159 3373 vobis
3182 3319 3361 3377 dicere
3383 3323 3570 3388 velim;
3597 3326 3690 3380 sed
3715 3328 3884 3382 timeo

2301 3413 2365 3452 ne
2393 3398 2585 3456 frustra
2617 3413 2670 3458 et
2692 3405 2807 3460 sine
2837 3406 2944 3462 ullo
2971 3408 3149 3464 fructu
3177 3412 3327 3468 vobis
3368 3415 3468 3469 sim
3496 3415 3737 3472 odiosus.
3790 3421 3880 3473 νὶ-

2300 3486 2402 3544 deo
2443 3507 2672 3564 namque
2715 3495 3038 3554 insanientes
3069 3541 3083 3563 ,
3114 3517 3221 3557 non
3273 3503 3434 3560 modo
3475 3506 3706 3576 juvenes
3738 3552 3751 3574 ,
3785 3511 3879 3565 sed

2300 3583 2459 3636 etiam
2487 3598 2645 3639 senes
2673 3602 2688 3640 :
2729 3603 2951 3656 quorum
2981 3593 3210 3646 maxime
3232 3609 3390 3649 causa
3417 3598 3678 3652 erubesco
3709 3641 3722 3660 ,
3751 3617 3879 3655 cum

2301 3674 2470 3728 virum
2493 3690 2655 3731 cerno
2675 3679 2867 3734 canitie
2896 3683 3278 3750 venerandum,
3303 3701 3467 3741 canos
3496 3688 3879 3756 dehonestare.

2301 3776 2348 3818 et
2380 3764 2545 3819 filium
2577 3781 2758 3822 secum
2787 3768 3018 3825 trahere.
3043 3773 3179 3840 Quid
3213 3777 3380 3845 magis
3402 3775 3682 3833 ridiculum
3709 3781 3882 3851 ?quid

2302 3855 2506 3922 turpius
2532 3859 2554 3908 ?
2583 3857 2723 3912 filius
2760 3874 2788 3913 a
2837 3870 2986 3930 patre
3011 3864 3234 3932 turpiter
3263 3880 3423 3935 agere
3444 3865 3694 3923 docetur.

2371 3949 2423 4002 5.
2451 3949 2864 4018 Spectaculorum
2885 3964 3132 4008 amatores
3176 3958 3583 4028 redargnuntur:
3621 3963 3883 4030 quodnam

2301 4039 2362 4090 sit
2409 4041 2806 4106 spectaculorum
2853 4046 3461 4103 damnum—Mordent
3508 4051 3623 4106 lucc
3669 4054 3885 4108 verba?

2302 4127 2414 4184 Hoc
2438 4145 2536 4199 ego
2564 4133 2686 4186 νυιο
2709 4173 2723 4197 ,
2757 4143 2814 4188 ιιι
2852 4150 3135 4192 mmrorem
3165 4138 3323 4194 verba
3356 4141 3591 4209 pariant,
3621 4155 3679 4197 ut
3706 4146 3882 4213 reipsa

2301 4235 2328 4271 a
2363 4229 2502 4274 tanta
2559 4225 2881 4292 turpitudine
2912 4227 3231 4284 liberemini.
3282 4230 3420 4285 Sunt
3445 4233 3588 4286 enim
3639 4237 3883 4290 nonnulli

2303 4308 2385 4363 bis
2415 4311 2570 4381 longe
2617 4312 2936 4382 frigidiores,
2970 4331 3106 4384 quos
3137 4318 3436 4386 hujusmodi
3465 4322 3749 4378 verborum
3777 4341 3885 4380 non

2305 4401 2482 4468 pudet,
2509 4401 2602 4455 sed
2635 4402 2844 4472 longam
2878 4412 3062 4461 texunt
3087 4407 3184 4463 hac
3211 4407 3278 4462 de
3307 4425 3363 4464 re
3394 4413 3714 4468 orationem.
3739 4416 3888 4482 Qnus

2305 4492 2348 4542 si
2382 4492 2792 4562 interrogaveris
2820 4496 2938 4564 quis
2967 4496 3036 4550 sit
3079 4499 3244 4553 Amos
3267 4541 3282 4565 ,
3311 4502 3429 4571 quis
3473 4502 3673 4558 Abdias
3693 4547 3706 4566 ,
3756 4520 3890 4576 quot

2307 4581 2598 4650 prapbeta-,
2630 4582 2757 4653 quot
2786 4587 3034 4655 apostoli,
3058 4604 3125 4644 ne
3155 4590 3361 4646 hiscere
3386 4593 3599 4662 quidem
3633 4611 3887 4666 possunt;

2303 4673 2396 4728 sed
2428 4674 2568 4730 circa
2608 4691 2776 4746 equos
2803 4688 2857 4733 et
2883 4682 3130 4751 aurigas,
3164 4685 3461 4752 graviorem
3493 4703 3654 4758 quan.
3698 4690 3888 4760 sophi-

2303 4775 2398 4818 stre
2429 4775 2482 4819 et
2512 4769 2755 4824 rhetores
2805 4771 3032 4827 afferunt
3073 4773 3443 4831 defensionem
3475 4795 3490 4832 :
3521 4790 3576 4834 et
3607 4791 3727 4852 post
3772 4783 3889 4840 hac

2303 4858 2478 4910 omnia
2505 4857 2687 4913 dicunt
2712 4877 2724 4912 :
2758 4861 2961 4932 Ecquid
2990 4865 3112 4920 hinc
3139 4866 3444 4925 detrimenti
3466 4871 3490 4924 2
3516 4872 3644 4942 quid
3671 4873 3892 4931 damni?

2305 4946 2428 5003 Ideo
2472 4950 2794 5019 ingemisco,
2826 4956 2966 5024 quod
3016 4961 3228 5012 noxiam
3273 4974 3393 5016 esse
3434 4978 3548 5018 rem
3589 4968 3843 5021 nesciatis
3875 5012 3890 5033 ,

2309 5056 2479 5110 neque
2513 5042 2561 5095 in
2611 5057 2827 5098 sensum
2859 5047 3120 5102 malorum
3165 5052 3438 5106 veneritis.
3493 5053 3627 5108 Vita:
3676 5066 3893 5128 tempus

2306 5132 2448 5186 dedit
2477 5133 2567 5187 tibi
2598 5134 2769 5201 Deus,
2799 5146 2854 5191 ut
2884 5137 3054 5208 ipsum
3093 5140 3238 5195 colas
3279 5159 3293 5197 :
3343 5152 3398 5198 tu
3432 5159 3562 5200 vero
3602 5144 3799 5201 frustra
3833 5162 3890 5204 et

2306 5223 2566 5278 inutiliter
2615 5241 2938 5284 consumens
2983 5230 3112 5285 illud
3137 5274 3152 5297 ,
3179 5234 3376 5302 quzeris
3406 5235 3582 5290 adhuc
3603 5277 3618 5300 ,
3647 5239 3790 5306 quod
3821 5243 3894 5293 sit

2306 5313 2593 5369 damnum?
2639 5316 2693 5372 Si
2725 5321 2988 5375 tantillum
3037 5322 3232 5376 frustra
3264 5325 3499 5380 insnmas
3529 5331 3805 5398 pecunia),
3841 5333 3890 5387 id

2306 5407 2558 5461 damnum
2586 5423 2744 5463 vocas
2771 5426 2784 5473 ;
2822 5409 2949 5463 dum
2979 5426 3108 5466 vero
3147 5412 3264 5468 dies
3294 5414 3530 5486 integros
3558 5418 3609 5472 in
3637 5422 3894 5478 satauieis

2309 5500 2514 5569 pompis
2542 5500 2766 5555 insumis
2790 5543 2806 5567 ,
2839 5502 2971 5558 nihil
3001 5503 3231 5560 absurde
3260 5515 3311 5560 te
3333 5508 3506 5564 facere
3530 5510 3726 5579 putas?
3754 5510 3891 5569 Cum

2305 5603 2576 5662 oporteret
2619 5595 2862 5665 precibus
2891 5595 2911 5627 ³
2941 5605 2995 5651 et
3041 5598 3504 5656 obsecrationibus
3534 5611 3698 5659 totam
3727 5605 3892 5665 vitam

2369 5732 2387 5798 ξ
2423 5728 2512 5798 alii
2533 5727 2702 5798 legunt
2726 5738 2941 5798 tantum:
2960 5739 3010 5798 (η
3033 5737 3153 5783 testu
3174 5744 3344 5798 magno

2369 5791 2392 5856 ξ
2424 5793 2713 5856 umectent.
2739 5791 2877 5856 savii.
2907 5791 3386 5856 habet,cnpis.'pro,
3407 5795 3572 5848 debes.

2378 5853 2397 5884 ³
2435 5851 2559 5902 Editi
2583 5851 2782 5915 habent,
2807 5852 3132 5919 eleemosynis,
3155 5851 3259 5919 pro,
3280 5851 3520 5920 precibus.
