4088 6492
192 415 302 476 ﬁt

192 532 508 602 impendere
532 572 548 598 ,
580 540 636 588 t‘u
662 531 714 588 in
744 529 1100 597 clamoribus,
1132 530 1184 584 in
1218 531 1442 585 tumultu
1464 570 1480 596 ,
1508 530 1783 587 obscaenis

191 621 365 676 verbis
385 663 400 687 ,
433 622 626 692 pugnis
647 660 666 685 .
715 620 1105 691 intempestivis
1135 620 1492 692 voluptatibus
1517 663 1532 688 ,
1566 623 1779 692 praesti-

184 713 317 784 giis,
349 722 520 769 totam
549 714 707 768 vitam
739 712 1052 778 consumis;
1091 712 1249 782 idque
1270 710 1466 766 frustra
1496 723 1550 768 et
1573 713 1623 766 in
1656 727 1777 782 per-

187 803 386 858 niciem
428 813 597 860 tuam.
645 804 711 859 Et
738 801 1001 874 posthaec
1046 803 1226 856 omnia
1255 802 1588 874 interrogas,
1636 801 1778 873 quod

178 893 256 948 sit
283 892 544 949 damnum
574 911 588 947 :
616 907 790 962 neque
811 891 1087 963 intelligis,
1108 890 1240 946 nihil
1267 893 1480 962 parcius
1507 893 1782 948 insumen-

181 979 314 1038 dum
344 997 470 1040 esse
498 999 659 1054 quam
687 991 898 1052 tempus
920 983 961 1036 ί.
993 983 1198 1037 Aurum
1225 983 1270 1037 si
1298 983 1658 1052 impenderis.
1689 995 1782 1039 re-

180 1087 448 1144 cuperare
469 1074 702 1144 poteris;
724 1073 984 1129 amissum
1003 1082 1213 1144 tempus
1232 1071 1451 1130 difficile
1466 1089 1766 1147 recuperes

181 1163 356 1222 Breve
380 1180 615 1235 namque
641 1166 758 1236 ejus
797 1165 1026 1236 spatium
1051 1167 1104 1220 in
1130 1165 1231 1223 hac
1255 1167 1363 1222 vita
1407 1168 1562 1225 nobis
1585 1183 1778 1225 conce-

181 1257 367 1324 ditur;
398 1273 509 1328 quo
538 1259 642 1314 nisi
679 1267 734 1314 ut
766 1273 862 1329 par
886 1267 970 1315 est
1009 1268 1254 1327 utamur,
1298 1258 1427 1331 quid
1472 1260 1565 1316 illo
1609 1261 1776 1319 adve-

181 1347 398 1404 nientes
436 1347 734 1404 dicemus?
780 1348 916 1416 Dic,
965 1363 1191 1419 quaeso,
1241 1350 1285 1404 si
1335 1365 1495 1420 quem
1547 1349 1776 1406 ﬁliorum

181 1447 396 1493 tuorum
421 1436 645 1508 juberes
671 1445 842 1494 artem
888 1441 1195 1510 quampiam
1225 1439 1499 1509 ediscere,
1531 1442 1618 1500 ille
1645 1458 1777 1499 vero

180 1527 266 1582 vel
310 1526 462 1583 domi
503 1529 589 1584 vel
614 1529 743 1585 alibi
785 1537 998 1600 tempus
1039 1539 1269 1598 tereret,
1301 1547 1480 1588 annon
1525 1534 1778 1604 magister

177 1614 328 1672 illum
377 1617 658 1673 deferret?
687 1633 865 1674 annon
905 1619 1108 1676 diceret
1135 1622 1227 1676 tibi
1260 1640 1274 1677 :
1305 1621 1523 1678 Pactum
1565 1637 1773 1680 mecum

179 1708 381 1777 scripto
411 1707 620 1774 fecisti,
653 1717 971 1781 tempusque
1001 1710 1284 1766 detinivisti
1330 1732 1343 1767 :
1382 1713 1428 1769 si
1457 1730 1583 1770 vero
1636 1715 1778 1771 filius

180 1810 303 1856 tuus
328 1816 440 1856 non
472 1801 603 1857 velit
645 1812 855 1873 tempus
893 1802 1034 1873 apud
1065 1819 1165 1859 nos
1192 1805 1499 1872 insumere,
1527 1806 1622 1863 sed
1647 1809 1774 1864 alibi

179 1900 354 1947 terere
378 1931 394 1958 ,
424 1891 696 1963 quomodo
721 1893 1017 1963 poterimus
1058 1895 1154 1950 tibi
1181 1894 1502 1964 discipulum
1539 1899 1775 1956 sistere?

179 1980 308 2037 Haec
342 1997 447 2038 nos
478 1997 693 2054 quoque
735 1983 917 2041 dicere
959 1985 1225 2056 cogimur.
1254 1985 1388 2042 Nam
1433 1987 1581 2045 dicet
1619 1990 1776 2047 nobis

181 2070 320 2127 Deus
356 2089 371 2126 :
413 2072 652 2143 Tempus
680 2074 946 2144 assignavi
976 2076 1130 2132 vobis
1155 2118 1169 2142 ,
1198 2091 1305 2148 quo
1349 2077 1566 2148 pietatis
1604 2088 1775 2138 artem

177 2162 525 2230 edisceretis;
573 2180 670 2222 cur
711 2164 913 2222 frustra
943 2176 1000 2223 et
1049 2167 1320 2223 incassum
1377 2177 1593 2241 tempus
1643 2173 1774 2230 illud

177 2255 545 2325 insumpsistis
561 2256 584 2311 ?
599 2271 698 2311 cur
717 2272 823 2312 non
846 2258 1158 2328 magistrum
1185 2260 1399 2317 assidue
1421 2261 1664 2319 adiistis?
1679 2280 1774 2320 cur

177 2341 334 2397 dictis
363 2358 476 2400 non
504 2345 848 2402 attendistis?
873 2346 1026 2415 Quod
1055 2349 1196 2404 enim
1219 2349 1389 2419 pietas
1418 2352 1488 2408 sit
1513 2368 1602 2409 ars
1623 2370 1772 2426 quaa-

179 2431 332 2498 dam,
375 2434 503 2490 audi
537 2435 854 2506 prophetam
886 2438 1156 2494 dicentem
1188 2458 1200 2494 :
1259 2440 1435 2498 Venite
1457 2483 1473 2510 ,
1501 2445 1600 2513 ﬁlii
1620 2487 1637 2513 ,
1673 2463 1771 2501 au-

180 2520 282 2577 dite
307 2539 420 2591 me,
445 2524 677 2580 timorem
702 2525 919 2582 Domini
951 2529 1137 2585 docebo
1166 2545 1251 2586 vos
1281 2530 1302 2604 (
1319 2530 1469 2588 Psal.
1509 2535 1599 2592 53.
1643 2535 1771 2610 12);

182 2622 241 2666 et
277 2613 480 2669 iterum
499 2655 513 2680 ,
546 2613 735 2672 Beatus
758 2618 834 2673 vir
868 2637 1016 2690 quem
1042 2631 1097 2675 tu
1139 2622 1418 2690 erudieris,
1448 2623 1698 2694 Domine,
1727 2637 1774 2683 et

181 2705 242 2760 de
271 2704 381 2777 lege
422 2715 514 2760 tua
555 2708 790 2765 docueris
831 2728 947 2767 cum
989 2712 1159 2785 (Psal.
1195 2714 1283 2770 95.
1323 2714 1432 2789 l2).
1463 2717 1597 2775 Cum
1643 2736 1772 2794 ergo

587 2840 668 2916 hic
683 2843 754 2892 sic
775 2843 985 2916 habetur
1008 2843 1160 2902 locus,
1183 2858 1335 2916 neque
1358 2848 1584 2912 auendis,
1598 2858 1644 2902 te
1666 2866 1774 2906 ma-

179 2896 307 2949 aime
327 2902 563 2964 lautioris
583 2915 699 2955 usus
721 2903 959 2955 rationem
979 2919 1083 2957 esse
1105 2896 1434 2958 redditurum.

1231 413 1296 470 ΙΝ
1331 415 1640 472 JOANNEM
1680 417 1908 473 llOMlL.
1954 412 2090 475 CIX.
2131 419 2201 476 al.
2244 419 2425 479 EVM.

3379 441 3484 498 33.9.
3525 459 3528 464 ‘

1892 537 2103 601 tempus
2134 532 2395 590 inutiliter
2418 543 3045 614 consumpseri5;-quam
3076 555 3480 612 excusationem

1888 620 2155 678 habebis?
2185 623 2252 679 Et
2278 639 2395 693 cur,
2419 628 2632 696 inquies
2655 672 2671 698 ,
2704 632 2861 689 nobis
2886 636 3052 694 breve
3081 647 3294 711 tempus
3335 659 3476 714 pne-

1885 712 2101 783 Scripsit
2119 715 2144 767 ἲ
2179 714 2225 771 0
2254 715 2649 787 insipientiam!
2677 735 2712 777 o
2741 722 3008 795 ingratum
3037 731 3317 790 animum?
3337 712 3478 802 Quia

1887 803 1980 858 tibi
2013 804 2226 862 labores
2255 809 2587 882 sudoresque
2613 813 2805 870 minuit
2829 858 2844 884 ,
2878 833 2942 875 ac
2971 824 3212 894 requiem
3241 826 3334 882 tibi
3361 828 3503 883 diu---

1887 902 2096 950 turnam
2124 905 2178 952 et
2204 897 2560 956 immortalem
2593 905 2842 974 paravit,
2873 907 2997 967 ideo
3027 913 3242 972 incusas
3265 926 3321 974 et
3365 933 3483 973 mo-

1883 981 2016 1038 leste
2038 985 2185 1041 fers?
2203 987 2313 1044 Sed
2334 991 2519 1047 nescio
2545 995 2814 1064 quomodo
2842 1013 3149 1060 sermonem
3175 1005 3281 1063 huc
3305 1019 3482 1065 trans-

1885 1075 2125 1145 tulimus,
2151 1087 2206 1135 et
2227 1081 2430 1138 tamdiu
2457 1098 2792 1153 peroramus.
2824 1089 3165 1166 Quapropter
3180 1097 3292 1168 jam
3319 1100 3481 1160 linem

1883 1163 2066 1224 facere
2112 1183 2250 1240 opus
2282 1181 2385 1228 est.
2437 1172 2570 1230 Nam
2617 1174 2719 1233 hoc
2764 1193 2978 1250 quoque
3019 1163 3252 1245 miseriae
3281 1203 3483 1251 nostra:

1883 1256 2265 1328 tribuendum,
2314 1263 2453 1334 quod
2498 1266 2544 1320 si
2593 1265 2683 1323 hic
2739 1268 2899 1342 longa
2945 1274 3017 1330 sit
3071 1280 3284 1350 oratio,
3331 1284 3481 1342 illam

1881 1364 2070 1407 omnes
2116 1352 2474 1424 fastidiamus;
2509 1357 2622 1414 illic
2671 1376 2801 1418 vero
2829 1377 2861 1419 a
2905 1367 3132 1426 meridie
3161 1375 3313 1444 orsi,
3355 1393 3479 1434 cum

1881 1440 2117 1498 lucernis
2161 1444 2436 1503 recedant.
2490 1447 2690 1506 Verum
2741 1468 2811 1510 ne
2856 1469 3073 1528 semper
3124 1440 3433 1530 incusemus
3463 1512 3478 1535 ,

1881 1548 2133 1604 rogamus
2159 1551 2254 1592 vos
2281 1547 2339 1593 et
2372 1540 2718 1601 obsecramus
2750 1563 2765 1602 :
2812 1545 2952 1604 hanc
2978 1560 3033 1607 et
3061 1552 3217 1610 nobis
3244 1566 3302 1613 et
3327 1561 3479 1617 vobis

1881 1626 2107 1695 gratiam
2133 1629 2413 1686 concedite
2432 1672 2447 1698 ,
2478 1642 2536 1687 ut
2559 1633 2679 1690 aliis
2707 1638 2926 1695 omissis
2951 1643 3204 1701 omnibus
3229 1687 3242 1713 ,
3274 1648 3358 1706 his
3388 1652 3472 1707 in-

1881 1716 2221 1773 cumbamus.
2279 1718 2554 1791 Siquidem
2615 1725 2730 1781 hinc
2779 1743 2848 1784 ex
2907 1732 3061 1789 vobis
3107 1735 3478 1812 lucrabimur‘,

1880 1805 2131 1876 gaudium
2155 1848 2172 1875 ,
2201 1808 2440 1866 lietitiam
2465 1853 2480 1877 ,
2512 1813 2725 1870 laudem
2751 1858 2766 1882 ,
2796 1818 3020 1889 gloriam
3047 1834 3105 1880 et
3144 1805 3478 1889 mercedem.

1881 1895 2077 1953 Totum
2102 1907 2282 1954 autem
2323 1903 2599 1971 praemium
2630 1920 2727 1962 vos
2749 1907 3086 1969 lucrabimini
3107 1957 3122 1983 ,
3154 1919 3299 1988 quod
3325 1932 3480 1979 ante-

1884 1985 1984 2043 hac
2030 1987 2098 2043 ad
2143 1988 2380 2046 furorem
2430 2007 2601 2064 usque
2630 1995 2928 2056 orchestra:
2971 1985 3208 2074 addicti;
3263 2009 3335 2064 ob
3384 2011 3480 2069 Dei

1883 2075 2134 2134 timorem
2162 2087 2216 2135 et
2232 2079 2661 2140 cohortationem
2684 2098 2945 2158 nostram,
2969 2108 3066 2150 vos
3083 2095 3152 2152 ab
3173 2097 3479 2168 huiusmodi

1879 2167 2071 2224 morbo
2095 2171 2344 2226 erueritis
2362 2213 2378 2238 ,
2398 2182 2453 2228 et
2483 2174 2712 2233 vinculis
2737 2179 2927 2236 solutis
2946 2222 2961 2248 ,
2985 2183 3052 2239 ad
3092 2167 3266 2244 Deum
3290 2174 3482 2249 accur-

1879 2257 2080 2314 reritis.
2111 2258 2297 2332 Neque
2319 2262 2394 2320 ibi
2422 2264 2600 2323 solum
2627 2269 2932 2327 mercedem
2959 2276 3228 2347 recipietis
3252 2299 3267 2348 ;
3291 2297 3477 2342 verum

1879 2347 2124 2404 etiamin
2156 2349 2259 2408 hac
2298 2353 2402 2409 vita
2434 2369 2616 2412 veram
2668 2365 3074 2434 consequemini
3126 2371 3476 2444 voluptatem.

1881 2437 2027 2496 Talis
2054 2442 2255 2513 quippe
2281 2445 2451 2502 virtus
2481 2457 2566 2504 est
2616 2468 2631 2507 :
2684 2464 2884 2523 praeter
2911 2471 3142 2518 coronas
3191 2437 3348 2535 illas,
3393 2467 3482 2525 hic

1880 2545 2096 2604 quoque
2121 2549 2346 2593 suavem
2373 2540 2528 2597 nobis
2545 2542 2706 2598 vitam
2734 2559 2905 2616 parat.
2934 2549 3097 2608 Dictis
3115 2567 3245 2627 ergo
3270 2557 3479 2617 obtem-

1882 2636 2170 2694 peremus,
2200 2635 2257 2683 ut
2286 2627 2403 2685 hinc
2442 2640 2498 2688 et
2527 2632 2615 2688 illa
2656 2650 3054 2709 consequamur
3095 2643 3272 2715 bona,
3304 2652 3479 2720 gratia

1879 2722 1935 2767 et
1980 2715 2352 2800 misericordia
2382 2720 2597 2778 Domini
2627 2728 2798 2782 nostri
2827 2728 2957 2786 Jesu
2983 2730 3184 2792 Christi
3209 2777 3226 2805 ,
3259 2715 3478 2812 qdicum

1880 2802 2024 2860 Patri
2065 2807 2270 2877 gloria,
2318 2812 2589 2885 simulque
2629 2816 2851 2888 Spiritui
2903 2832 3129 2895 sancto,
3182 2802 3236 2884 in
3275 2802 3480 2890 smcula

1880 2895 2224 2953 saeculorum.
2259 2903 2454 2959 Amen.

1501 3081 1848 3150 HOMILIA
1892 3090 2056 3154 LIX.

180 3208 309 3267 ϐυ.
339 3213 393 3268 9.
420 3229 479 3268 v.
509 3213 598 3271 55.
622 3214 688 3269 Et
717 3217 967 3287 ejecerttnt
996 3233 1112 3272 eum
1139 3222 1378 3290 forasret
1408 3225 1599 3281 audivit
1629 3228 1781 3286 .Iesus

251 3321 372 3374 quia
389 3306 647 3376 ejecerunt
667 3323 778 3362 eum
800 3311 939 3375 foras
963 3323 982 3362 :
1001 3318 1180 3364 etcum
1200 3311 1468 3369 invenisset
1487 3333 1621 3384 eum,
1646 3320 1779 3376 dixit

247 3395 294 3447 ei
316 3410 333 3448 :
353 3392 435 3450 Tu
472 3397 634 3452 credis
663 3399 717 3452 in
747 3396 940 3454 Filium
969 3399 1065 3455 Dei
1076 3401 1102 3455 .9
1129 3401 1218 3456 36.
1250 3402 1533 3475 Respondit
1578 3411 1623 3464 ei
1646 3453 1664 3481 ,
1710 3413 1779 3470 Et

251 3488 364 3556 quis
389 3497 486 3554 est,
517 3488 756 3555 Domine,
782 3501 837 3546 ut
861 3481 1063 3547 credam
1085 3493 1138 3548 in
1166 3511 1277 3550 eum
1293 3497 1319 3550 .9
1351 3505 1458 3554 etc.

253 3577 306 3632 Ι.
339 3577 684 3636 Contumelias
718 3581 906 3637 Christi
943 3600 1100 3638 causa
1137 3587 1382 3656 patientes
1419 3595 1672 3660 quomodo
1697 3613 1784 3653 re-

185 3680 522 3726 munerentur.
562 3671 737 3728 Cacus
766 3683 921 3728 natus
959 3677 1013 3729 in
1057 3677 1421 3744 discipulorum
1449 3683 1660 3740 chorum
1683 3688 1778 3742 ad-

182 3762 351 3817 scitus.
370 3792 442 3803 —
461 3763 563 3832 Qui
591 3774 812 3836 propter
843 3767 1122 3822 veritatem
1165 3776 1219 3824 et
1245 3769 1446 3828 Christi
1476 3775 1774 3833 confessio-

183 3865 323 3919 nem,
368 3852 515 3908 malo
559 3855 641 3909 vel
688 3858 1015 3912 contumelia
1053 3859 1283 3928 Quadam
1328 3862 1666 3935 aﬂiciuntur,
1722 3869 1773 3926 lii

184 3944 410 3998 maxime
429 3958 462 3999 a
487 3945 598 4001 Deo
623 3945 976 4002 honorantur.
1004 3949 1068 4005 Ut
1093 3951 1235 4005 enim
1258 3953 1347 4023 qui
1370 3965 1590 4026 propter
1607 3958 1773 4014 Deum

183 4034 432 4100 pecunias
463 4033 731 4106 perdidit,
774 4036 860 4095 hic
904 4040 1138 4096 maxime
1179 4042 1297 4097 illas
1340 4044 1573 4114 invenit;
1604 4057 1657 4103 et
1683 4053 1772 4120 qui

184 4122 294 4178 odit
320 4124 556 4182 animam
586 4142 737 4183 suam
761 4168 776 4195 ,
819 4129 908 4186 hic
932 4132 1269 4202 potissimum
1293 4134 1466 4208 diligit
1487 4138 1632 4194 illam
1658 4158 1671 4195 :
1696 4143 1775 4200 sic

182 4215 267 4285 qni
292 4218 620 4274 contumelia
652 4218 884 4276 aliicitur
903 4263 917 4288 ,
970 4223 1057 4278 hic
1083 4225 1416 4294 potissimum
1444 4228 1648 4289 honore
1675 4248 1772 4290 cu-

184 4308 441 4376 mulatur;
472 4311 526 4367 id
556 4311 700 4382 quod
726 4327 872 4369 caeco
889 4315 1101 4370 accidit.
1124 4316 1279 4373 Illum
1307 4319 1465 4390 igitur
1488 4337 1552 4377 ex
1575 4326 1774 4395 templo

181 4395 350 4456 Mai
375 4401 678 4471 eiecerunt,
710 4413 766 4460 et
794 4405 998 4461 invenit
1023 4407 1169 4466 illum
1199 4411 1382 4481 templi
1415 4411 1692 4472 Dominus.
1725 4417 1772 4471 Α

182 4488 433 4556 pestifero
457 4506 718 4550 consessu
751 4494 1043 4565 liberatus,
1088 4498 1418 4556 salutiferum
1467 4502 1663 4560 fontem
1691 4515 1775 4562 est

183 4591 543 4653 consequutus
576 4601 591 4639 :
625 4583 1012 4642 dehonestatus
1053 4596 1140 4644 est
1174 4590 1243 4645 ab
1282 4590 1344 4647 iis
1381 4593 1469 4662 qui
1501 4592 1771 4654 Christum

183 4669 603 4730 dehonestarunt
626 4716 644 4743 ,
687 4684 744 4732 et
788 4678 1081 4736 honoratus
1122 4689 1203 4736 est
1230 4681 1300 4738 ab
1326 4685 1634 4756 angelorum
1662 4689 1771 4744 Do-

182 4763 344 4818 mino.
380 4763 509 4822 llaec
549 4774 680 4822 sunt
718 4769 961 4826 veritatis
1001 4772 1241 4840 praemia.
1269 4773 1357 4830 Sic
1383 4784 1436 4831 et
1464 4792 1564 4834 nos
1601 4779 1644 4834 si
1686 4779 1772 4836 hic

182 4854 432 4922 pecunias
453 4857 796 4926 amittamus,
827 4860 938 4917 illic
967 4861 1213 4918 fiduciam
1241 4866 1578 4936 reperimus;
1608 4869 1653 4925 si
1682 4869 1771 4928 hic

181 4946 496 5004 arumnosis
523 4947 831 5020 largiamur,
862 4953 1258 5023 requiescemus
1283 4958 1337 5013 in
1364 4960 1541 5027 caelis;
1575 4963 1616 5017 si
1642 4978 1769 5034 pro-

183 5039 298 5103 pter
325 5035 492 5094 Deum
519 5041 861 5098 contumeliis
886 5043 1214 5114 aftleiamur,
1257 5061 1313 5105 et
1341 5049 1428 5106 hic
1455 5061 1510 5108 et
1534 5053 1639 5109 illic
1665 5054 1767 5113 ho-

183 5136 364 5208 norem
387 5131 789 5202 consequimur.
816 5133 1061 5209 Ejectum
1083 5153 1114 5194 e
1134 5142 1336 5211 templo
1363 5142 1564 5200 invenit
1588 5145 1769 5206 Jesus.

181 5214 448 5288 Signiﬁcat
475 5222 807 5294 evangelista
845 5225 968 5283 ideo
997 5230 1226 5299 venisse,
1251 5242 1305 5288 ut
1335 5233 1411 5290 illi
1440 5249 1764 5297 occurreret.

183 5305 246 5362 Et
269 5310 552 5368 considera
577 5315 719 5385 quod
749 5316 850 5388 ipsi
881 5322 1157 5389 praemium
1182 5324 1459 5384 conferat:
1481 5342 1640 5402 caput
1665 5333 1766 5390 bo-

182 5413 386 5458 norum.
416 5402 488 5460 Se
516 5419 750 5477 namque
772 5409 824 5464 ei
849 5418 1038 5468 notum
1066 5413 1189 5471 facit
1219 5416 1368 5486 prius
1393 5420 1684 5493 ignoranti,
1712 5435 1768 5482 et

182 5500 299 5544 cum
338 5492 391 5547 in
419 5493 815 5566 discipulorum
835 5501 1062 5558 chorum
1099 5504 1344 5563 adscivit.
1374 5508 1456 5566 Tu
1485 5528 1611 5569 vero
1636 5492 1767 5572 con-

416 5586 578 5678 velim
607 5591 881 5658 quomodo
913 5593 1030 5664 ejus
1070 5595 1396 5668 diligentiam
1440 5608 1764 5678 evangelista

183 5669 444 5731 exhibeat.
475 5677 574 5736 tuo
603 5681 747 5737 enim
773 5683 1008 5753 dicente,
1038 5685 1116 5742 Tu
1140 5692 1302 5748 credis
1325 5695 1379 5750 in
1408 5669 1605 5755 Filium
1622 5701 1766 5762 Dei?

187 5765 502 5866 mpoudei,
541 5769 798 5842 Domine,
841 5777 954 5846 quis
979 5779 1103 5835 est?
1140 5780 1386 5842 Nondum
1416 5791 1558 5848 enim
1587 5794 1759 5866 ipsum

189 5863 350 5927 norat,
376 5857 479 5918 etsi
505 5875 724 5924 sanatus
743 5906 768 5936 ,-
804 5869 926 5940 Quia
952 5887 1127 5931 cerrus
1151 5873 1324 5934 fuerat
1349 5857 1652 5957 priusquam
1693 5892 1758 5949 ad

1887 3236 2187 3296 beneﬁcum
2217 3245 2519 3316 accederet,
2549 3259 2604 3305 et
2627 3262 2748 3322 post
2777 3265 3054 3328 receptum
3079 3265 3252 3322 visum
3283 3284 3314 3324 a
3334 3273 3484 3329 cani-

1885 3327 1985 3384 bus
2014 3330 2120 3386 illis
2151 3335 2483 3394 trahebatur.
2513 3340 2671 3397 Jesus
2701 3359 2829 3415 ergo
2859 3327 2957 3404 ceu
2991 3356 3312 3422 agonotbeta
3336 3327 3484 3430 quis-

1885 3423 2028 3490 piam
2055 3424 2310 3482 athletam
2332 3441 2455 3500 post
2476 3433 2678 3490 multos
2699 3437 2913 3495 labores
2931 3455 3246 3505 coronatum
3263 3423 3481 3526 excipit.

1884 3511 1952 3568 Ει
1987 3516 2113 3586 quid
2139 3518 2306 3574 dicit?
2335 3520 2514 3580 Credis
2537 3526 2590 3580 in
2619 3524 2813 3584 Filium
2845 3530 2987 3589 Dei!
3019 3536 3158 3607 Quid
3190 3541 3331 3602 hoc?
3357 3511 3487 3608 i4...

1883 3612 2085 3662 tantam
2110 3622 2242 3665 cum
2256 3609 2457 3669 Judaais
2479 3615 2924 3688 disceptationem
2949 3667 2964 3697 ,
3011 3641 3136 3698 post
3167 3640 3244 3689 tot
3286 3639 3445 3696 verba
3468 3685 3482 3707 ,

1882 3693 2179 3800 interrogat
2206 3717 2332 3758 num
2362 3705 2590 3762 credat?
2617 3708 2734 3766 Non
2766 3713 2907 3784 quod
2938 3693 3148 3787 ignoret
3169 3764 3187 3792 ,
3219 3693 3484 3800 sed

1881 3785 2010 3842 velit
2036 3803 2095 3845 se
2125 3800 2310 3848 notum
2348 3795 2565 3866 facere,
2612 3809 2667 3855 et
2704 3801 2886 3874 quanti
2926 3785 3087 3867 faciat
3125 3785 3243 3885 eius
3283 3785 3479 3891 iidem,

1881 3882 2191 3939 ostendere.
2238 3885 2324 3942 Me
2364 3893 2726 3960 contumelia,
2775 3896 2981 3969 inquit,
3036 3882 3213 3962 tantus
3255 3882 3486 3983 populus

1879 3969 2079 4041 affecit,
2106 3975 2202 4030 sed
2223 3977 2356 4033 nihil
2386 3995 2547 4048 curo;
2593 4000 2757 4040 unum
2786 4000 2939 4060 opto,
2965 4002 3021 4048 ut
3051 3969 3272 4055 credas:
3295 3969 3486 4062 biclior

2103 4075 2186 4166 est
2213 4083 2352 4132 unus
2383 4073 2474 4142 qui
2519 4073 2646 4131 facit
2669 4079 3004 4139 voluntatem
3033 4086 3283 4160 Domini,
3321 4112 3485 4166 quam

1878 4153 2026 4244 mille
2054 4155 2221 4228 iniqui
2254 4159 2444 4231 (Eccli.
2480 4164 2566 4220 te.
2599 4166 2678 4236 δ).
2710 4167 2791 4224 Tu
2818 4175 2985 4230 credis
3023 4177 3077 4232 in
3117 4153 3315 4240 nu...
3339 4153 3486 4244 ’1)άὲ

1879 4241 1949 4299 Ut
1975 4258 2215 4313 praesens
2243 4259 2296 4304 et
2320 4248 2461 4308 dicta
2490 4256 2782 4327 excipiens,
2809 4261 2888 4319 sic
2908 4265 3230 4342 interrogat;
3259 4285 3312 4330 et
3334 4241 3483 4348 prius

1878 4333 1932 4389 in
1967 4335 2059 4391 illo
2082 4338 2164 4392 sui
2188 4337 2515 4400 desiderium
2542 4348 2757 4405 excitat.
2787 4351 2906 4409 Non
2937 4355 3074 4415 dixit
3096 4333 3262 4430 enim,
3286 4333 3479 4426 statim

1877 4429 2063 4531 crede,
2094 4433 2190 4488 sed
2220 4435 2588 4510 interrogavit.
2621 4442 2759 4512 Quid
2792 4446 2956 4517 igitur
2981 4450 3112 4508 ille?
3143 4455 3211 4510 Et
3233 4462 3347 4524 quis
3371 4475 3478 4531 est,

1877 4518 2124 4591 Domine,
2157 4534 2214 4580 ut
2238 4529 2444 4585 credam
2484 4533 2538 4586 in
2567 4550 2681 4588 eum
2701 4536 2728 4589 .’
2767 4537 3017 4610 Optantis
3040 4559 3104 4602 ac
3132 4518 3480 4613 vehementer

1877 4610 2236 4672 desiderantis
2256 4620 2500 4676 verbum.
2523 4623 2627 4679 Pro
2648 4642 2754 4698 quo
2774 4639 2918 4686 tanta
2941 4631 3193 4706 loquutus
3213 4653 3316 4710 est,
3337 4610 3480 4704 hunc

1877 4701 2103 4773 ignorat,
2123 4715 2182 4762 ut
2199 4707 2378 4766 discas
2398 4728 2557 4785 quam
2580 4720 2818 4776 veritatis
2837 4701 3028 4781 amans
3043 4741 3208 4786 esset.
3232 4701 3479 4796 Nondum

1875 4795 2018 4850 enim
2050 4797 2227 4868 ipsum
2266 4802 2492 4860 viderat.
2521 4806 2608 4862 37.
2639 4808 2779 4866 Dicit
2819 4815 2865 4868 ei
2894 4831 2916 4870 :
2946 4815 3011 4871 Et
3048 4820 3220 4877 vidisti
3259 4842 3394 4896 eum,

1874 4887 2208 4960 qui'toquitur
2236 4901 2398 4948 tecum
2423 4937 2438 4962 ,
2468 4896 2556 4952 ille
2579 4907 2672 4954 est.
2702 4900 2817 4958 Non
2846 4904 3016 4972 dixit,
3047 4909 3160 4982 Ego
3185 4927 3302 4969 sum
3329 4959 3344 4984 ,
3378 4887 3477 4976 sed

1874 4978 2152 5035 remissius
2181 4982 2358 5040 adhuc
2379 5027 2394 5051 ,
2444 4985 2514 5040 Et
2543 4989 2712 5045 vidisti
2741 5010 2874 5050 um.
2915 4995 3050 5054 Illud
3080 4978 3257 5060 adhuc
3283 4978 3481 5065 obscu-

1875 5083 1992 5122 rum
2019 5081 2166 5138 erat;
2197 5073 2321 5130 ideo
2342 5078 2541 5134 clarius
2569 5081 2870 5150 addit,'Qui
2891 5086 3117 5159 loquitur
3145 5103 3308 5150 tecum
3332 5139 3348 5167 ,
3389 5100 3480 5156 ille

1873 5171 1969 5218 est.
2005 5162 2303 5234 Respondit
2335 5168 2432 5224 ille
2457 5187 2472 5224 :
2497 5170 2586 5227 38.
2631 5169 2831 5242 Credo,
2881 5171 3095 5237 Domine
3129 5195 3219 5240 :et
3245 5162 3478 5247 adoravit

1871 5267 1986 5305 eum
2010 5256 2202 5309 statim.
2231 5255 2416 5330 Neque
2444 5259 2610 5325 dixit,
2657 5261 2773 5335 Ego
2798 5281 2916 5322 sum
2948 5271 3036 5340 qui
3064 5277 3248 5333 sanavi
3281 5288 3353 5345 te,
3383 5285 3474 5352 qui

1871 5341 1980 5398 dixi
2011 5345 2137 5413 tibi,
2166 5347 2332 5416 Vade,
2361 5350 2539 5406 lavare
2565 5353 2617 5408 in
2647 5353 2798 5413 Siloe
2823 5377 2836 5413 :
2862 5361 2956 5417 sed
2990 5363 3072 5419 his
3096 5367 3311 5426 silentio
3337 5341 3475 5429 mis-

1871 5431 1946 5487 sis
1969 5472 1985 5500 ,
2034 5434 2109 5490 ait
2133 5453 2146 5489 :
2170 5435 2348 5494 Credis
2375 5440 2429 5494 in
2459 5439 2654 5497 Filium
2691 5443 2831 5502 Dei?
2859 5449 3065 5511 Deinde
3096 5456 3212 5526 ille,
3246 5461 3473 5518 multum

1871 5526 2132 5584 exhibens
2157 5528 2405 5587 affectum
2433 5573 2452 5599 ,
2491 5537 2671 5592 statim
2701 5539 2945 5600 adoravit
2968 5561 3090 5604 eum
3115 5543 3472 5626 :quod'pauci

1868 5630 1936 5672 ex
1967 5617 2034 5672 iis
2059 5619 2149 5689 qui
2179 5623 2350 5678 curati
2388 5633 2514 5680 sunt
2533 5666 2549 5692 ,
2585 5627 2865 5702 fecerunt,
2896 5647 2956 5693 ut
2978 5617 3179 5711 leprosi
3207 5644 3282 5699 illi
3303 5617 3402 5714 ,-et
3425 5651 3471 5705 si

1867 5708 1958 5780 qui
1996 5709 2085 5766 alii
2111 5727 2126 5766 :
2151 5712 2277 5770 hinc
2319 5717 2556 5774 ostendit
2591 5719 2829 5780 divinam
2877 5708 3050 5786 suam-
3079 5708 3356 5795 virtutem.
3393 5739 3475 5798 Ne

1866 5803 1986 5871 quis
2012 5805 2160 5861 enim
2183 5815 2392 5877 putaret
2412 5808 2529 5868 haec
2549 5813 2714 5870 verba
2742 5825 2947 5876 tantum
2973 5838 3115 5894 esse,
3139 5827 3316 5899 ipsum
3337 5849 3474 5904 opus

1869 5896 2092 5953 addidit.
2147 5898 2242 5956 Illo
2284 5911 2462 5958 autem
2512 5904 2810 5980 adorante,
2856 5911 2934 5970 ait
2968 5896 3213 5976 Christus
3241 5939 3255 5978 :
3285 5896 3475 5982 δυἰιι
