4088 6542
605 451 711 508 313

601 559 847 633 judicium
875 572 965 626 ego
991 551 1101 606 τωσί
1124 547 1172 601 iu
1202 545 1437 599 mundum
1455 584 1467 605 ,
1497 552 1670 596 utnon
1693 538 1908 594 videntes
1939 533 2165 633 rideant,

605 619 655 707 et
686 652 772 721 qui
798 619 959 702 vident
979 684 994 708 ,
1034 641 1151 696 carri
1179 640 1322 708 ﬁant.
1369 634 1597 704 ldipsum
1628 630 1821 686 Paulus
1846 626 1973 721 dicit
1995 641 2016 721 τ’
2035 619 2170 721 Quid

606 714 726 809 ergo
768 733 1018 791 dicimus?
1053 729 1201 796 Quod
1245 736 1428 799 gentes.
1456 740 1557 777 non
1601 729 1854 790 sequentes
1887 714 2196 809 justitiamr

607 799 900 896 aceeperunt
937 821 1217 894 justitiam,
1256 815 1508 887 justitiam
1550 818 1854 876 autemth
1880 814 2038 896 est
2072 799 2172 869 [ide

608 892 735 971 Jestt
763 931 782 968 :
806 892 967 968 Israel
1006 921 1168 964 autem
1216 919 1421 974 sequens
1461 903 1618 970 legem
1651 896 1899 970 jnstitice,
1938 895 1990 947 in
2018 892 2174 962 legem

604 1005 816 1074 iustitia:
842 1019 939 1056 non
968 1001 1093 1055 venit
1121 998 1295 1067 (Rom.
1341 993 1393 1048 9.
1431 992 1544 1058 30).
1573 986 1704 1042 Cum
1749 984 1882 1039 dixit
1909 981 2175 1038 Christus,

610 1097 676 1151 In
695 1096 945 1167 justitiam
966 1093 1074 1146 veni
1098 1091 1150 1143 in
1171 1090 1303 1142 [tunc
1329 1083 1605 1146 mundum;
1630 1087 1682 1135 et
1708 1079 1854 1133 illum
1883 1074 2003 1129 ﬁdei
2028 1081 2177 1167 tena-

613 1161 812 1242 ciorem
838 1183 1008 1239 etTecit
1029 1222 1045 1246 ,
1091 1189 1145 1236 et
1182 1183 1464 1246 sequentes
1489 1187 1547 1227 se
1573 1167 1822 1225 excitavit
1847 1185 1858 1222 :
1886 1180 2005 1220 nam
2034 1161 2174 1218 Pha-

611 1277 749 1331 riswi
781 1273 1132 1343 sequebantur
1160 1270 1339 1334 illum,
1383 1266 1448 1318 In
1481 1261 1733 1334 judicium
1777 1270 1934 1328 porro
1961 1262 2076 1321 est,
2122 1254 2175 1306 in

613 1367 784 1435 majus
814 1363 1163 1433 supplicium;
1208 1356 1493 1412 ostendens
1518 1369 1610 1408 eos
1635 1351 1725 1421 qui
1753 1365 1810 1404 se
1832 1349 2173 1409 damnarent,

611 1472 728 1510 esse
757 1455 1061 1519 damnatos,
1091 1461 1144 1507 et
1169 1451 1258 1520 qui
1284 1464 1340 1503 se
1367 1454 1697 1517 peceatorem
1737 1439 2175 1511 pronuntiarent,

613 1549 757 1615 ipsos
787 1560 906 1600 esse
933 1551 1147 1614 peccato
1176 1538 1453 1594 obnoxios.
1479 1535 1573 1589 llic
1597 1546 1723 1587 vero
1748 1531 2011 1598 duplicem
2035 1527 2178 1615 visus

613 1614 998 1689 restitutionem
1027 1642 1078 1686 ct
1097 1629 1358 1698 duplicem
1385 1626 1676 1680 ctecitatem
1705 1627 1978 1680 memorat,
2010 1614 2178 1669 sensi-

613 1725 772 1779 biletn
801 1737 991 1791 nempe
1015 1763 1029 1788 ,
1068 1729 1120 1774 et
1147 1716 1491 1788 spiritualem.
1519 1713 1650 1767 Tum
1679 1711 1860 1764 dicunt
1890 1706 1937 1762 ei
1965 1704 2177 1791 quidam

610 1826 669 1864 ex
723 1789 1079 1876 sequentibus
1111 1820 1125 1856 :
1158 1801 1246 1856 40.
1280 1795 1550 1866 Numquid
1590 1803 1637 1848 et
1669 1811 1761 1848 nos
1805 1794 1929 1848 cteci
1962 1789 2182 1846 sumus?

612 1899 674 1951 Et
699 1907 757 1952 ut
786 1897 911 1950 alibi
939 1895 1212 1957 dicebant,
1244 1888 1456 1944 Nemini
1483 1886 1786 1942 seruiuimus
1812 1899 2076 1954 unquam;
2107 1888 2182 1947 et,

613 1989 734 2044 Non
767 2004 831 2043 ea:
871 1988 1218 2056 fornicatione
1251 1984 1363 2038 nati
1399 1996 1578 2036 sumus
1621 1975 1800 2031 lJoan.
1832 1977 1884 2030 8.
1922 1976 2010 2029 53.
2048 1970 2132 2042 ιι)
2167 1985 2182 2021 :

618 2080 689 2132 ita
717 2089 768 2133 et
800 2094 937 2133 nunc
965 2077 1302 2132 sensibilibus
1329 2081 1529 2127 tantum
1557 2067 1780 2132 inhiant,
1806 2077 1860 2122 et
1890 2065 2042 2134 hujus
2065 2064 2184 2118 illos

621 2171 848 2240 pudebat
887 2168 1157 2223 C(L‘Cllalis.
1209 2165 1406 2220 Deinde
1452 2162 1738 2217 ostendens
1788 2159 1978 2212 melius
2027 2170 2180 2221 esse,

619 2265 760 2333 ipsos
789 2275 906 2314 esse
930 2273 1099 2313 etccos
1116 2271 1272 2326 quam
1297 2253 1494 2317 videre,
1515 2253 1586 2305 ait
1610 2269 1622 2304 :
1643 2251 1730 2305 ιι.
1761 2250 1820 2304 Si
1851 2248 1968 2301 caeci
1992 2247 2178 2309 essetis,

620 2372 730 2409 non
744 2353 984 2406 haberetis
1015 2360 1288 2422 peccatum.
1311 2348 1442 2402 Cum
1468 2346 1819 2400 calamitatem
1847 2343 2010 2404 illam,
2040 2341 2187 2410 igno-

623 2445 838 2498 miniata
868 2457 984 2496 esse
1016 2450 1255 2510 putarent
1282 2481 1294 2503 ,
1326 2437 1376 2492 id
1408 2439 1459 2491 in
1487 2439 1716 2508 ipsorum
1741 2446 1897 2506 caput
1926 2433 2188 2488 convertit

626 2537 841 2597 dicens,
893 2532 1002 2587 Hoc
1033 2531 1182 2585 vobis
1230 2529 1552 2584 tolerabilius
1581 2527 1825 2582 redderet
1852 2523 2185 2595 supplicium.

627 2627 700 2680 lta
732 2638 939 2692 semper
964 2621 1222 2675 humanos
1261 2632 1449 2673 sensus
1495 2626 1732 2681 resecat,
1775 2625 1827 2670 et
1853 2615 1918 2669 ad
1946 2627 2190 2682 magnam

624 2713 1022 2781 tnirabilentque
1057 2710 1427 2780 cogitationem
1467 2708 1639 2775 erigit.
1689 2706 1842 2760 Nunc
1892 2714 2056 2758 autent
2107 2719 2192 2757 vos

624 2807 789 2860 videre
826 2805 1005 2857 dicitis.
1038 2802 1184 2857 Sicut
1215 2801 1283 2855 ibi
1323 2799 1479 2866 dicit,
1524 2798 1680 2864 Quem
1704 2815 1790 2852 vos
1811 2798 2046 2852 dicebatis
2072 2797 2192 2866 quia

625 2900 761 2955 Deus
791 2909 942 2953 vester
971 2908 1042 2952 est
1069 2913 1085 2950 :
1108 2897 1182 2951 sic
1207 2905 1258 2950 et
1279 2895 1379 2949 hoc
1405 2895 1538 2959 loco,
1567 2892 1716 2945 Nunc
1735 2902 1899 2944 autem
1924 2907 2008 2945 vos
2030 2891 2194 2944 videre

626 2991 785 3044 dicitis
817 3005 837 3044 :
867 3003 1036 3058 neque
1083 2987 1222 3042 enim
1273 2984 1478 3038 videtis.
1524 2983 1617 3036 llic
1653 2983 1792 3052 quod
1827 2981 1926 3036 sibi
1964 2981 2193 3035 maxime

628 3080 765 3134 laudi
792 3094 910 3134 esse
943 3075 1366 3140 arbitrabantur,
1410 3073 1462 3128 id
1503 3073 1760 3142 supplicio
1799 3071 1912 3126 fore
1938 3069 2190 3125 ostendit.

631 3172 693 3224 lit
711 3185 908 3224 etecum
938 3177 1113 3221 natura
1140 3167 1206 3220 de
1229 3166 1402 3235 priore
1430 3162 1666 3217 etecitatc
1689 3161 2021 3216 consolatur:
2051 3167 2197 3228 post-

629 3277 688 3315 ea
709 3261 774 3316 de
793 3261 1003 3314 illorum
1029 3259 1263 3313 ctecilate
1285 3256 1531 3326 loquitur.
1553 3253 1626 3309 Ne
1640 3253 1875 3308 dicerent
1893 3251 2061 3305 enim:
2083 3248 2195 3303 Non

632 3369 696 3406 ex
723 3353 959 3406 caecitate
987 3354 1250 3419 provenit,
1275 3347 1413 3418 quod
1443 3346 1508 3399 ad
1535 3355 1585 3400 te
1609 3361 1712 3399 non
1740 3344 2071 3407 accedamus,
2103 3341 2196 3396 sed

631 3456 679 3496 te
706 3451 759 3495 ut
785 3442 1120 3510 deceptorem
1147 3451 1490 3500 aversantur;
1519 3451 1576 3489 ea
1607 3436 1776 3488 solum
1798 3435 1863 3488 de
1886 3448 1944 3486 re
1963 3431 2192 3486 disserit.

699 3531 752 3583 ἓ.
801 3529 908 3584 Nec
941 3531 1053 3582 sine
1081 3542 1235 3583 causa
1267 3526 1588 3594 evangelista
1619 3523 1870 3586 narravit,
1903 3522 2198 3577 Pharisaros

631 3621 907 3693 quosdam,
928 3621 1014 3687 qui
1037 3634 1154 3673 cum
1177 3618 1265 3671 illo
1283 3629 1454 3681 erant,
1479 3615 1591 3670 haec
1611 3613 1874 3668 audivisse
1895 3627 1956 3666 ac
1975 3611 2193 3679 dixisse,

636 3710 896 3779 Numquid
918 3719 962 3761 ct
993 3724 1081 3761 nos
1106 3709 1223 3760 casei
1251 3705 1465 3759 smnus?
1493 3704 1584 3758 sed
1615 3712 1669 3757 ut
1693 3703 1782 3756 tibi
1809 3704 1860 3756 in
1889 3701 2196 3755 memoriam

632 3808 909 3854 revocaret
934 3813 1024 3853 eos
1057 3798 1198 3867 ipsos
1220 3811 1360 3861 esse,
1384 3796 1472 3866 qui
1496 3804 1616 3848 ante
1642 3794 1708 3847 ab
1734 3793 1822 3847 illo
1847 3801 2196 3855 recesserant,

630 3893 882 3959 illumque
917 3889 1242 3958 lapidabant.
1269 3887 1429 3950 Erant
1457 3885 1597 3939 enim
1628 3883 1836 3953 quidam
1865 3883 1951 3952 qui
1985 3882 2200 3951 perfun-

630 3983 796 4034 ctorie
825 3981 1195 4048 sequebantur,
1232 3986 1283 4030 ct
1313 3976 1464 4030 facile
1494 3975 1544 4027 in
1581 3973 1900 4026 contrarium
1927 3971 2201 4026 verteban-

634 4082 736 4124 tur.
772 4069 1041 4124 Uudenant
1075 4083 1201 4136 ergo
1225 4083 1284 4122 se
1316 4065 1521 4136 probat,
1555 4079 1657 4118 non
1687 4062 2024 4130 deceptorum
2048 4102 2063 4127 ,
2105 4060 2200 4116 sed

635 4171 898 4231 pastorem
941 4160 1101 4215 esse?
1142 4159 1330 4212 Allatis
1372 4157 1615 4226 utrinque
1662 4154 1868 4209 indiciis
1893 4163 1945 4208 et
1973 4153 2200 4222 pastoris

631 4264 686 4308 et
710 4253 1024 4319 deccptoris,
1048 4260 1101 4306 et
1123 4251 1243 4304 hinc
1271 4251 1372 4303 illis
1394 4247 1728 4318 exploranda:
1757 4245 1990 4300 veritatis
2015 4259 2198 4299 ansam

635 4345 854 4414 praebet.
903 4344 968 4396 Et
1011 4343 1181 4410 primo
1209 4341 1328 4409 quis
1360 4340 1428 4392 sit
1469 4339 1720 4406 deceptor
1751 4345 1804 4389 et
1832 4335 1913 4387 l’ur
1939 4334 2199 4399 ostendit,

636 4451 701 4488 cx
728 4435 1013 4502 Scripturis
1055 4433 1132 4485 sic
1162 4443 1355 4484 vocans
1391 4429 1538 4482 illum
1581 4427 1662 4479 his
1689 4426 1862 4479 verbis
1889 4424 2036 4495 (Cap.
2077 4423 2198 4494 10):

637 4527 688 4578 1.
724 4524 896 4587 Amen,
927 4539 1069 4574 auten
1100 4522 1210 4573 dico
1240 4521 1392 4582 vobis,
1419 4519 1502 4587 qui
1529 4533 1626 4569 non
1654 4517 1804 4568 intrat
1836 4531 1922 4584 per
1949 4516 2124 4567 ostium
2152 4515 2204 4567 in

635 4616 761 4668 orile
790 4613 971 4676 ovium,
1001 4612 1088 4665 sed
1113 4611 1334 4663 ascendit
1374 4608 1607 4672 aliunde,
1640 4607 1724 4660 ille
1752 4606 1836 4674 [ur
1876 4616 1949 4659 est
1973 4615 2020 4658 et
2051 4604 2198 4658 latro.

641 4704 767 4759 Vide
790 4704 1007 4758 latronis
1030 4705 1205 4770 signa;
1240 4699 1427 4767 primo,
1459 4713 1562 4751 non
1597 4697 1764 4766 palam
1789 4697 1981 4758 intrat;
2010 4709 2200 4750 secun-

638 4795 726 4858 do,
758 4807 860 4847 non
891 4806 982 4859 per
1006 4791 1389 4858 Scripturarum
1421 4787 1773 4842 testimonium
1797 4805 1807 4839 :
1836 4787 1933 4840 hoc
1958 4786 2097 4839 enim
2122 4795 2204 4840 est

641 4901 743 4938 non
774 4884 972 4938 intrare
999 4894 1092 4949 per
1119 4879 1333 4933 ostium.
1368 4877 1464 4931 Hic
1489 4891 1648 4946 porro
1673 4889 1725 4930 et
1756 4877 1843 4946 qui
1872 4875 2118 4940 luerunt',
2151 4883 2205 4928 et

638 4977 726 5046 qui
757 4975 912 5028 futuri
937 4982 1089 5028 erant
1110 4971 1325 5035 indicat,
1345 4969 1746 5035 Antichristum,
1768 4969 1926 5021 falsos
1942 4966 2202 5031 Christus,

637 5068 823 5122 .Iudam
852 5074 905 5119 et
928 5063 1222 5124 Theudam,
1253 5068 1307 5114 et
1330 5059 1461 5112 alios
1501 5058 1828 5126 huiusmodi;
1871 5058 1990 5126 jure
2029 5067 2204 5110 autem

642 5159 836 5214 Ostium
877 5157 1176 5224 Scripturas
1207 5160 1376 5205 vocat.
1419 5150 1510 5203 Hae
1550 5165 1774 5219 namque
1801 5165 1896 5205 nos
1929 5149 1995 5203 ad
2039 5149 2205 5201 Deum

640 5252 856 5315 ducunt,
886 5257 938 5302 et
962 5247 1050 5300 Dei
1072 5244 1422 5315 cognitionem
1443 5243 1717 5311 aperiunt:
1738 5241 1817 5296 tice
1838 5257 1964 5295 oves
1989 5240 2205 5305 faciunt,

641 5344 723 5400 lae
751 5339 1092 5404 custodiunt,
1142 5353 1238 5391 nec
1264 5337 1415 5406 lupos
1443 5335 1644 5406 ingredi
1676 5335 1871 5388 sinunt.
1917 5333 2207 5399 Tamquam

642 5436 782 5488 enim
825 5443 993 5485 tutum
1030 5431 1221 5484 ostium
1245 5471 1259 5496 ,
1306 5429 1584 5485 lucreticos
1610 5428 1678 5481 ab
1705 5427 1945 5497 ingressu
1991 5435 2205 5490 arcent,

643 5542 841 5597 nosque
885 5527 934 5580 in
980 5524 1259 5578 securitate
1286 5539 1384 5596 qua
1414 5524 1656 5577 volumus
1700 5521 2064 5583 constituunt,
2115 5534 2211 5572 nec

644 5621 819 5674 sinunt
856 5630 1056 5670 errare.
1087 5615 1152 5669 Et
1176 5614 1219 5668 si
1248 5614 1345 5668 hoc
1373 5613 1568 5668 ostium
1601 5627 1705 5666 non
1747 5611 2038 5681 pandemus
2062 5651 2074 5671 ,
2107 5624 2208 5661 non

649 5711 844 5765 erimus
891 5708 1118 5765 inimicis
1163 5717 1317 5777 captu
1369 5707 1564 5760 faciles.
1617 5705 1748 5762 lline
1794 5718 1906 5768 eos,
1958 5702 2041 5771 qui
2089 5715 2211 5754 vere

652 5789 905 5877 pistores,
927 5812 979 5858 et
1001 5801 1086 5874 qui
1109 5815 1211 5854 non
1237 5808 1471 5869 pastores
1493 5808 1633 5862 sunt,
1653 5810 2048 5868 cognoscemus.
2075 5791 2207 5860 Quid

1333 431 1386 487 S.
1427 426 1701 486 JOANNIS
1738 415 2202 483 CIIBYSOSTOMI
2236 412 2549 473 ARCIllEP.
2588 407 2792 466 CONS'I
2809 409 3114 466 ANTINOP.

3741 405 3856 462 ὅτι

2271 523 2374 582 sibi
2399 525 2508 581 vult
2530 534 2705 580 autem
2726 567 2741 591 ,
2777 523 2840 578 In
2867 527 3035 581 ovile?
3061 527 3116 582 id
3154 537 3264 592 est,
3300 528 3378 584 Ad
3408 529 3670 588 curandas
3692 548 3855 590 oves.

2273 614 2371 682 Qui
2407 615 2549 670 enim
2591 630 2742 671 sacra
2788 631 2892 671 non
2935 619 3098 672 utitur
3142 617 3444 690 Scriptum,
3489 624 3584 677 sed
3631 626 3859 679 aliunde

2269 710 2544 777 ascendit;
2574 710 2626 764 id
2655 722 2755 776 est,
2786 710 2874 782 qui
2909 712 3008 766 sibi
3035 712 3191 766 aliam
3219 724 3272 768 et
3299 730 3400 768 non
3429 725 3681 770 statutam
3707 718 3857 772 viam

2277 802 2486 869 aperit:
2511 801 2595 856 ble
2622 802 2704 856 fur
2727 809 2827 858 est.
2863 801 3050 857 Viden‘
3079 803 3200 858 hinc
3224 821 3344 859 eum
3373 821 3492 860 cum
3530 807 3686 862 Patre
3714 823 3858 862 con-

2277 891 2512 957 sentire,
2551 892 2677 947 dum
2720 891 3021 962 Scripturas
3048 894 3099 948 in
3129 895 3358 949 medium
3385 896 3570 951 aﬂ‘ert?
3610 899 3735 953 Ideo
3758 898 3863 954 Ju-

2278 979 2410 1035 daeis
2435 980 2664 1046 dicebat,
2690 983 3003 1038 Scrutamini
3030 985 3322 1054 Scripturas
3349 987 3525 1057 (Joan.
3560 991 3614 1045 5.
3639 990 3768 1056 59);
3804 1001 3863 1044 ct

2280 1071 2495 1144 Moysen
2538 1073 2592 1127 in
2620 1075 2854 1128 medium
2888 1074 3112 1130 adduxit
3139 1077 3190 1130 in
3218 1085 3404 1133 testem
3426 1120 3442 1143 ,
3490 1094 3698 1134 necnon
3730 1097 3866 1149 pro-

2281 1161 2469 1233 phetas
2497 1178 2702 1219 omnes.
2731 1163 2932 1228 Omnes,
2967 1166 3154 1237 inquit,
3185 1168 3273 1238 qui
3297 1170 3509 1224 audiunt
3541 1172 3826 1240 prop/tetas
3845 1213 3864 1235 ,

2281 1255 2473 1308 uenient
2499 1255 2567 1308 ad
2604 1271 2723 1319 me;
2763 1265 2849 1322 et,
2899 1255 2961 1310 Si
2985 1257 3253 1312 crederetis
3280 1258 3486 1330 Moysi,
3516 1260 3784 1314 crederetis
3817 1270 3868 1313 et

2283 1346 2408 1399 milii
2432 1345 2590 1418 (Ibid.
2617 1362 2665 1400 υ.
2689 1347 2796 1414 46).
2828 1347 2925 1402 Hic
2951 1363 3109 1417 porro
3135 1349 3264 1404 illud
3295 1350 3461 1419 ipsum
3491 1351 3870 1419 metaphorice

2284 1438 2450 1506 ponit.
2474 1437 2607 1492 Cum
2658 1437 2791 1492 dixit
2838 1447 3035 1506 autem,
3093 1439 3328 1494 Ascendit
3375 1441 3602 1506 aliunde,
3651 1442 3870 1496 scribas

2285 1526 2671 1591 subindicavit,
2713 1528 2834 1598 quia
2865 1528 3124 1583 docebant
3158 1541 3440 1599 praecepta,
3465 1531 3738 1586 doctrinas
3761 1531 3870 1584 ho-

2285 1617 2484 1671 minum
2522 1615 2734 1688 (Matth.
2766 1618 2852 1673 15.
2882 1618 2960 1688 9),
3002 1628 3056 1673 et
3099 1621 3268 1690 legem
3307 1622 3867 1690 transgrediebantur,

2285 1707 2426 1776 quod
2462 1708 2585 1776 ipsis
2623 1707 2949 1776 exprobrans
2991 1709 3422 1768 diccbatzNemo
3467 1722 3682 1765 oestrum
3737 1713 3870 1781 facit

2287 1803 2440 1870 legent
2463 1802 2636 1876 (Joan.
2666 1806 2718 1858 7.
2741 1800 2850 1870 19).
2876 1804 2950 1859 Ac
2972 1805 3138 1874 probe
3158 1804 3307 1875 dixit,
3338 1805 3591 1868 Ascendit,
3619 1821 3747 1870 non,
3779 1803 3872 1858 ln-

2287 1893 2540 1962 greditur,
2563 1894 2702 1963 quod
2730 1904 2812 1948 est
2836 1893 2967 1949 luris
2997 1895 3250 1964 parietem
3280 1895 3587 1966 supergredi
3619 1895 3867 1958 nitentis,

2288 1991 2474 2037 etcum
2499 1984 2733 2051 periculo
2747 1984 2921 2037 omnia
2937 1979 3388 2038 facientis.Videu’
3407 1983 3673 2054 quomodo
3690 1983 3869 2038 furem

2288 2073 2729 2142 descripsit?.lam
2753 2076 2978 2143 pastoris
3007 2074 3257 2130 indicium
3283 2075 3662 2130 animadverte.
3677 2073 3871 2142 Quod-

2290 2177 2410 2216 nam
2445 2162 2568 2217 illud
2609 2164 2733 2218 eSt?
2773 2165 2827 2218 2.
2872 2165 2971 2228 Qui
3009 2165 3162 2218 intrat
3204 2181 3294 2234 per
3338 2167 3552 2231 ostium,
3596 2177 3766 2235 pastor
3791 2174 3874 2220 est

2289 2255 2473 2308 ovium.
2507 2255 2558 2309 3.
2593 2253 2722 2310 Huic
2746 2256 2980 2310 ostiarius
3006 2257 3186 2325 aperit,
3233 2266 3280 2310 et
3318 2273 3480 2312 vocem
3503 2260 3610 2327 ejus
3635 2274 3746 2311 oves
3773 2275 3876 2310 au-

2292 2348 2454 2413 diunt,
2484 2356 2528 2400 et
2554 2348 2784 2416 praprias
2810 2356 2949 2401 vocat
2975 2349 3306 2413 nominatim;
3333 2349 3386 2402 4.
3418 2357 3462 2402 et
3489 2364 3603 2401 cum
3627 2366 3711 2403 eas
3737 2349 3872 2403 emi-

2292 2440 2449 2503 serit,
2495 2448 2610 2491 ante
2637 2455 2720 2492 eas
2749 2439 2906 2492 cadit.
2937 2437 3131 2493 Indicia
3171 2441 3347 2508 posuit
3372 2448 3424 2494 et
3447 2440 3676 2508 pastoris
3706 2447 3760 2492 et
3793 2438 3876 2491 la-

2296 2528 2480 2582 tronis.
2528 2527 2813 2582 Videamus
2851 2543 2956 2598 quo
3001 2539 3154 2598 pacto
3184 2528 3286 2584 illis
3313 2529 3584 2598 sequentia
3616 2527 3874 2598 applicet.

2297 2617 2454 2682 Huic,
2487 2619 2672 2688 inquit,
2703 2620 2940 2673 ostiarius
2965 2621 3146 2689 aperit.
3181 2619 3235 2673 In
3275 2619 3582 2689 metaphora
3609 2620 3877 2690 persistit,

2297 2719 2356 2763 ut
2398 2711 2777 2779 signiﬁcantius
2821 2711 3084 2780 loquatur.
3137 2711 3288 2779 Quod
3329 2714 3372 2766 si
3405 2713 3670 2782 parabolae
3708 2712 3876 2766 verba

2296 2800 2498 2870 singula
2543 2801 2823 2870 explorare
2869 2802 3034 2865 velis,
3083 2801 3215 2857 nihil
3253 2802 3426 2857 obstat
3467 2803 3748 2871 quominus
3785 2803 3879 2857 hic

2296 2891 2570 2945 ostiarium
2617 2891 2972 2960 intelligamus
3001 2892 3237 2964 Moysen.
3269 2891 3342 2946 Illi
3375 2907 3602 2962 namque
3641 2893 3734 2946 Dei
3763 2893 3879 2946 elo-

2297 2984 2417 3050 quia
2447 2983 2645 3038 credita
2672 2993 2815 3050 sunt,
2840 2985 2992 3054 cujus
3019 3000 3200 3040 vocem
3229 3000 3356 3040 oves
3384 2985 3621 3047 audiunt,
3657 2983 3720 3038 Et
3751 3002 3878 3051 pro-

2300 3073 2438 3141 prias
2479 3082 2620 3126 coeat
2660 3075 2974 3127 nominatim.
3021 3072 3154 3128 Cum
3194 3076 3336 3130 enim
3375 3074 3523 3129 illum
3569 3075 3880 3144 frequenter

2300 3163 2635 3234 deceptorem
2664 3174 2934 3230 vocarent,
2966 3166 3122 3236 idque
3148 3180 3214 3221 ex
3242 3165 3607 3221 incredulitate
3629 3181 3720 3220 sua
3747 3181 3881 3220 cou-

2302 3255 2573 3309 lirmarent
2615 3255 2884 3320 dicentes,
2922 3257 3044 3322 Quis
3085 3258 3372 3326 principum
3414 3256 3624 3312 credidit
3669 3259 3720 3311 in
3759 3275 3880 3314 eum

2306 3343 2482 3414 (Joan.
2514 3346 2565 3399 '1.
2599 3345 2725 3415 48)?
2757 3361 2860 3401 non
2892 3363 2955 3401 ex
2987 3348 3219 3416 ipsorum
3257 3347 3625 3403 incredulitate
3649 3363 3708 3402 se
3729 3389 3742 3410 ,
3781 3350 3880 3402 sed

2303 3435 2422 3489 illos
2463 3435 2777 3506 dereptores
2799 3445 2853 3492 et
2883 3439 3208 3502 perniciosos
3246 3453 3366 3494 esse
3412 3439 3680 3493 vocandus
3709 3439 3838 3492 dicit
3862 3478 3880 3502 ,

2302 3528 2442 3598 quod
2469 3529 2566 3582 sibi
2597 3545 2701 3583 non
2732 3529 3069 3584 attenderem
3090 3572 3103 3592 .
3135 3544 3198 3584 ac
3229 3529 3448 3600 proinde
3473 3545 3540 3584 ex
3567 3529 3746 3582 ovium
3776 3546 3880 3583 tnt-

2302 3633 2451 3673 mero
2471 3618 2590 3689 jure
2629 3619 2783 3688 ejecli
2814 3629 3011 3673 essent.
3041 3619 3171 3674 Nam
3200 3620 3244 3674 si
3277 3620 3500 3690 pastoris
3535 3629 3615 3673 est
3642 3634 3737 3688 per
3766 3631 3881 3673 sta-

2304 3721 2470 3766 tutmn
2513 3711 2713 3782 ingredi
2742 3711 2973 3777 ostium,
2998 3719 3052 3765 et
3077 3711 3190 3780 ipse
3215 3725 3310 3781 per
3336 3710 3436 3766 hoc
3467 3711 3734 3780 ingressus
3763 3721 3879 3776 est;

2303 3803 2392 3873 qui
2415 3811 2706 3872 sequuntur
2734 3817 2936 3866 omnes,
2971 3815 3098 3856 oves
3121 3815 3240 3857 esse
3271 3810 3548 3871 poterunt;
3580 3800 3668 3871 qui
3695 3812 3878 3856 autem

2304 3906 2361 3946 se
2387 3900 2801 3961 sequestrarunt,
2834 3905 2934 3945 non
2959 3890 3078 3945 ideo
3104 3890 3302 3960 pastori
3331 3905 3580 3956 nocuere,
3607 3891 3700 3945 sed
3728 3907 3787 3947 se
3813 3908 3880 3946 ex

2305 3984 2484 4037 ovium
2514 3983 2767 4037 societate
2806 3983 3193 4050 disjunxerunt.
3226 3981 3377 4050 Quod
3402 3982 3446 4038 si
3473 3997 3532 4037 se
3559 3996 3669 4052 Ipse
3696 3994 3881 4051 postea

2305 4074 2498 4127 ostimn
2523 4072 2681 4138 dicit,
2712 4087 2868 4127 nemo
2894 4072 3268 4142 perturbetur:
3295 4088 3416 4127 nam
3445 4088 3504 4128 se
3530 4082 3583 4128 et
3613 4082 3881 4142 pastorem

2305 4164 2428 4219 dicit
2469 4172 2521 4218 et
2563 4178 2750 4225 ovem,
2793 4161 3085 4217 secundum
3125 4161 3365 4216 diversas
3403 4162 3715 4216 (nconomia:
3768 4177 3884 4216 sua:

2306 4257 2557 4308 rationes.
2596 4253 2727 4307 Nam
2757 4253 2968 4320 quando
3011 4267 3108 4306 nos
3156 4252 3298 4306 Patri
3344 4251 3538 4318 oll'ert,
3577 4266 3636 4306 se
3683 4254 3856 4305 ostiu..

2307 4345 2569 4415 appellat;
2601 4358 2721 4398 cum
2745 4343 2910 4398 nostri
2941 4358 3121 4397 curam
3142 4343 3295 4413 gerit,
3320 4353 3607 4412 pastorem.
3633 4341 3708 4396 Nc
3737 4360 3802 4397 cn
3829 4361 3881 4399 ut

2309 4438 2477 4492 solum
2505 4437 2618 4505 ejus
2647 4451 2779 4506 opus
2807 4451 2925 4490 esse
2957 4443 3142 4504 putes,
3179 4433 3316 4504 quod
3365 4449 3460 4490 nos
3489 4434 3629 4488 Patri
3659 4435 3844 4489 ollerat
3863 4477 3879 4500 ,

2307 4541 2365 4582 se
2392 4536 2652 4598 pastorem
2685 4535 2856 4582 vocat.
2882 4527 2947 4580 Et
2968 4543 3080 4581 oves
3106 4541 3271 4580 vocem
3295 4527 3404 4595 ejus
3429 4526 3661 4591 audiunt,
3687 4536 3732 4579 et
3761 4544 3881 4595 pro-

2307 4620 2442 4689 prias
2468 4634 2579 4673 oves
2599 4627 2759 4682 vocat,
2789 4628 2834 4672 et
2858 4619 3022 4671 educit
3052 4634 3136 4672 eas
3156 4659 3170 4683 ,
3203 4626 3250 4671 et
3285 4628 3402 4671 ante
3426 4634 3509 4671 eas
3537 4617 3690 4670 vadit.
3725 4618 3881 4687 Atqui

2307 4718 2489 4764 contra
2512 4752 2525 4775 ,
2558 4717 2795 4778 pastores
2827 4717 3117 4777 sequuntur
3145 4722 3291 4762 oves.
3321 4706 3520 4761 Verum
3550 4707 3638 4762 ille
3658 4749 3671 4769 ,
3708 4716 3765 4760 ut
3792 4724 3882 4759 ns-

2310 4801 2488 4855 tendat
2504 4815 2560 4854 se
2580 4814 2766 4854 omnes
2787 4799 2852 4852 ad
2878 4801 3150 4852 veritatem
3174 4799 3519 4853 deducturum
3537 4813 3675 4858 esse.
3695 4809 3882 4853 contra

2310 4901 2578 4961 pastorum
2607 4905 2809 4950 morem
2838 4889 2944 4958 agit
2970 4905 2979 4940 :
3007 4898 3254 4942 utautem
3283 4903 3400 4942 cum
3424 4903 3552 4942 oves
3579 4888 3773 4950 emisit,
3805 4890 3882 4958 (α)

2315 4984 2442 5052 (non
2476 4991 2648 5045 extra,
2695 4979 2789 5034 sed
2829 4980 2879 5033 in
2928 4979 3157 5032 medium
3204 4978 3443 5047 luporum
3486 4977 3707 5048 emisit).
3749 4977 3877 5034 Nm:

2313 5074 2463 5143 longe
2511 5071 2780 5125 'tirabilior
2809 5079 2987 5123 nostra
3018 5068 3130 5123 lucc
3160 5070 3438 5138 pastoralis
3466 5083 3592 5123 cura
3623 5079 3726 5123 est.

2381 5167 2432 5220 5.
2461 5165 2525 5217 in
2565 5179 2662 5234 quo
2689 5163 3020 5232 distinguatur
3048 5177 3190 5214 uerus
3215 5160 3441 5215 Christus
3479 5177 3510 5212 ιι
3553 5161 3696 5230 falsis
3739 5160 3881 5215 Citri-

2311 5258 2416 5310 stis.
2445 5287 2511 5295 —
2537 5256 2753 5310 Videtur
2781 5263 2956 5308 autent
2999 5252 3124 5306 mihi
3157 5250 3244 5306 hic
3284 5266 3479 5306 caecum
3523 5251 3840 5327 subindicari
3866 5294 3880 5316 ,

2312 5362 2466 5416 quem
2493 5347 2698 5399 vocavit
2725 5361 2789 5398 ex
2822 5343 2998 5398 medio
3028 5342 3352 5406 Judmornm,
3376 5351 3428 5396 et
3455 5343 3543 5396 ille
3567 5357 3746 5396 vocem
3770 5341 3882 5410 ejus

2311 5438 2508 5492 audivit
2533 5447 2584 5492 et
2612 5437 2773 5489 novit.
2808 5437 2856 5490 5.
2891 5435 3123 5489 Alienum
3161 5451 3273 5488 vero
3315 5450 3413 5487 non
3444 5444 3739 5504 sequuntur,
3802 5438 3881 5490 uia

2313 5533 2587 5584 alienorum
2611 5545 2773 5582 t‘ocem
2801 5529 3043 5582 nesciunt.
3074 5528 3168 5583 llic
3193 5527 3424 5582 Theudze
3459 5536 3547 5580 aut
3568 5526 3720 5581 ludas
3742 5543 3882 5583 asse-

2312 5623 2422 5678 clus
2449 5622 2572 5675 dicit
2598 5622 2749 5688 (nam
2781 5620 3050 5689 Quotquot,
3087 5620 3282 5689 inquit,
3314 5620 3366 5672 in
3396 5618 3515 5673 illos
3545 5619 3883 5686 crediderunt,

2380 5738 2452 5796 (tt)
2485 5744 2593 5793 Quae
2655 5736 2822 5783 ..u-mis
2847 5734 3151 5794 ciumlnutur,
3180 5735 3224 5781 in
3244 5733 3528 5795 quibusdam
3552 5739 3657 5782 Mss.
3698 5733 3875 5784 onissa

2307 5808 2435 5849 sunt.
