4088 6488
210 431 321 488 εὖ

211 536 431 608 dispersi
457 543 578 591 sunt
605 533 739 605 (Act.
761 530 816 587 5.
839 528 928 586 56.
950 525 1081 598 37);
1107 525 1222 582 sive
1237 527 1398 580 etiam
1416 523 1625 578 futuros
1648 537 1801 592 pseu-

209 623 520 690 éochﬁatos
547 638 640 698 qut
669 622 861 679 multos
886 626 1070 690 postea
1107 615 1373 672 seducturi
1401 621 1575 670 erant.
1601 612 1682 669 Ne
1719 613 1805 668 di-

213 727 401 774 cerent
420 716 598 784 enim,
626 729 685 771 se
713 710 996 784 quemdam
1035 708 1269 780 ipsorum
1296 721 1439 772 esse,
1472 705 1628 775 longe
1653 719 1712 759 se
1737 705 1806 761 ab

212 808 320 866 illis
352 807 630 865 diversum
661 802 914 861 ostendit.
944 801 1180 857 Primam
1206 798 1561 854 dili'ercntiam
1610 794 1801 862 affert,

212 899 516 956 doctrinam
540 915 607 957 ex
626 895 918 966 Scripturis
939 901 1229 962 sumptam,
1252 905 1476 962 quarum
1504 889 1666 944 ductu
1687 887 1810 943 illos

212 993 406 1064 agebat
447 1009 463 1049 :
505 991 593 1046 alii
644 1002 773 1044 vero
809 1000 990 1044 secus.
1044 983 1287 1040 Secunda
1332 980 1632 1037 diil’erentia
1689 987 1807 1036 erat

210 1084 391 1138 ovium
422 1079 751 1138 obedientia.
786 1078 888 1149 Ipsi
916 1076 1145 1144 namque
1183 1088 1289 1128 non
1334 1073 1530 1136 viventi
1563 1081 1801 1139 tantum,

216 1173 314 1229 sed
339 1175 507 1229 etiam
535 1183 747 1228 mortue
769 1170 1115 1245 crediderunt
1142 1186 1156 1223 :
1186 1167 1305 1222 illos
1331 1181 1460 1222 vero
1502 1165 1680 1222 statim
1715 1179 1808 1221 re-

210 1260 510 1333 iiquerunt.
542 1261 778 1318 Tertiam
804 1274 904 1316 nec
945 1258 1213 1315 modicam
1242 1257 1474 1327 adjicere
1497 1270 1803 1328 possumus.

210 1355 290 1410 illi
321 1363 382 1409 ut
411 1354 624 1426 tyranni
650 1353 722 1409 ad
741 1351 1092 1409 defectionem
1121 1349 1298 1404 omnia
1327 1346 1598 1403 faciebant
1641 1363 1654 1400 :
1692 1346 1806 1425 ipse

211 1453 419 1500 tantum
446 1460 478 1500 a
510 1446 598 1502 tali
621 1443 928 1515 suspicione
950 1441 1154 1506 aberat,
1181 1448 1240 1494 ut
1258 1453 1380 1494 cum
1405 1438 1604 1494 vellent
1630 1438 1805 1507 ipsum

209 1548 392 1606 regem
421 1534 624 1602 facere,
655 1534 891 1606 fugerit;
928 1541 983 1588 et
1008 1545 1132 1586 cum
1163 1532 1556 1600 interrogarent
1580 1541 1649 1582 an
1674 1527 1813 1582 lice-

209 1634 294 1682 ret
313 1640 541 1683 censum
576 1626 707 1683 dare
731 1627 972 1692 Caesari,
1007 1626 1218 1682 solvere
1237 1624 1475 1696 juberet,
1505 1631 1667 1694 atque
1692 1621 1807 1693 ipse

208 1715 371 1772 etiam
392 1716 708 1772 didrachma
729 1716 905 1771 dat-ct.
934 1716 1018 1771 Ad
1038 1715 1154 1771 hcce
1177 1716 1293 1786 ipse
1315 1729 1412 1786 pro
1431 1715 1604 1770 salute
1628 1713 1804 1770 ovium

207 1806 378 1872 venit,
411 1815 474 1862 ut
515 1806 682 1862 vitam
707 1806 995 1874 haberent,
1027 1814 1082 1862 et
1114 1805 1469 1862 abundantius
1496 1804 1757 1860 haberent
1787 1819 1802 1858 :

211 1895 291 1952 illi
328 1911 462 1952 vero
486 1898 738 1968 presenti
781 1898 943 1952 etiam
967 1898 1073 1951 vita
1121 1910 1249 1951 suos
1277 1896 1572 1966 privarunt.
1603 1893 1681 1949 illi
1712 1907 1806 1950 eos

207 1986 297 2056 qui
353 1987 461 2043 sibi
505 1989 696 2044 crediti
749 1996 906 2044 erant
943 1986 1336 2058 prodiderunt,
1391 1993 1449 2045 et
1498 1984 1802 2056 fugerunt:

207 2072 460 2132 Christus
484 2092 612 2133 vero
641 2077 713 2131 ita
744 2075 956 2132 fortiter
981 2077 1162 2143 stetit,
1189 2086 1248 2132 ut
1270 2075 1503 2131 animam
1523 2089 1674 2131 suam
1701 2084 1808 2129 tra-

208 2165 381 2221 deret.
414 2165 495 2222 llli
535 2167 726 2235 inviti,
754 2168 926 2223 coacti
954 2175 1010 2223 et
1037 2165 1302 2237 fugientes
1332 2165 1476 2236 passi
1503 2172 1631 2221 sunt
1658 2183 1675 2220 :
1718 2163 1806 2220 hic

209 2257 388 2314 libens
417 2268 474 2314 et
501 2260 686 2315 volens
729 2261 908 2315 omnia
941 2259 1182 2329 pertulit.
1216 2257 1272 2314 6.
1297 2318 1299 2320 ,
1329 2257 1445 2313 Hoc
1489 2255 1807 2328 prouerbium

211 2349 343 2402 dixit
368 2350 443 2404 eis
465 2349 639 2404 Iesus.
671 2348 765 2404 Illi
789 2359 960 2404 autem
988 2365 1091 2405 non
1129 2357 1472 2421 cognouerunt
1489 2347 1611 2418 quid
1634 2346 1810 2419 loque-

210 2447 352 2493 retur
394 2441 490 2494 eis.
538 2437 650 2496 Cur
691 2440 923 2496 obscure
969 2439 1324 2511 loquebatur?
1375 2439 1447 2496 Ut
1492 2439 1809 2495 attentiores

212 2529 488 2586 redderet.
515 2529 616 2586 Ubi
645 2540 826 2588 autem
859 2531 990 2587 illud
1018 2530 1227 2597 effecit,
1254 2531 1634 2587 obscuritatem
1667 2528 1806 2584 tollit

212 2615 296 2674 his
320 2619 538 2675 verbis:
567 2619 620 2675 9.
653 2619 772 2694 Ego
796 2637 910 2677 sum
934 2623 1121 2677 ostium
1145 2637 1165 2677 :
1192 2638 1282 2692 per
1302 2637 1381 2675 me
1405 2621 1450 2674 si
1466 2619 1578 2685 quis
1597 2620 1806 2673 introie-

212 2708 311 2774 rit,
343 2709 655 2782 ingredietur
679 2719 726 2766 et
762 2712 1068 2783 egredietur,
1106 2721 1155 2767 et
1192 2726 1380 2782 pascua
1408 2711 1643 2766 inveniet.
1695 2709 1810 2765 Hoc

211 2806 297 2853 est
315 2840 330 2867 ,
362 2799 421 2855 In
448 2803 736 2859 securitate
757 2813 811 2860 et
834 2803 1083 2860 libertate
1107 2803 1251 2861 vivet
1280 2804 1500 2875 (pascua
1525 2813 1705 2859 autem
1725 2804 1811 2858 hie

213 2901 370 2948 vocat
391 2893 645 2962 pabulum
668 2896 870 2964 ovium,
896 2905 1322 2967 potestatemque
1343 2900 1398 2952 et
1415 2895 1811 2967 dominatum);

217 2977 321 3035 hoc
347 2991 453 3049 est,
490 2982 637 3040 intus
667 2988 922 3055 manebit,
955 2996 1009 3043 et
1034 3002 1192 3043 nemo
1213 2987 1336 3043 inde
1360 2987 1594 3057 expellet
1619 3005 1634 3042 :
1661 2985 1807 3058 quod

218 3073 380 3128 etiam
424 3076 689 3144 apostolis
718 3078 929 3143 evenit,
961 3079 1052 3148 qui
1080 3078 1245 3133 libere
1283 3077 1555 3134 intrabant
1596 3086 1652 3133 et
1693 3077 1810 3133 exi-

219 3158 371 3228 bant,
399 3164 553 3234 quasi
577 3165 816 3220 universi
845 3166 992 3220 orbis
1018 3165 1253 3231 domini;
1279 3181 1542 3238 nemoque
1572 3166 1693 3222 illos
1716 3167 1815 3238 eji-

219 3263 342 3307 cere
372 3253 564 3322 potuit.
595 3252 648 3309 8.
683 3253 869 3309 Omnes
907 3265 1150 3326 quotquot
1175 3265 1291 3310 ante
1316 3272 1396 3311 me
1415 3267 1710 3334 uenerunt,_
1726 3261 1812 3328 fu-

221 3357 302 3396 res
319 3351 443 3397 sunt
471 3353 518 3398 et
543 3345 766 3399 latrones
784 3361 804 3410 ,°
820 3348 910 3399 sed
932 3361 1034 3399 non
1054 3345 1321 3400 audierunt
1342 3363 1426 3401 eos
1453 3364 1588 3402 oves.
1610 3348 1723 3404 Non
1746 3348 1814 3403 de

225 3431 510 3501 prophetis
529 3431 618 3488 hic
661 3433 913 3502 loquitur,
943 3435 1176 3512 ubaiunt
1206 3435 1439 3491 haeretici
1485 3430 1633 3507 (illos
1670 3437 1812 3493 enim

222 3521 540 3590 audierunt,
597 3531 653 3580 et
703 3540 799 3595 per
846 3525 967 3581 illos
1037 3525 1384 3582 crediderunt
1446 3537 1706 3599 quotquot
1760 3529 1812 3584 in

223 3608 497 3668 Christum
523 3612 893 3687 crediderunt)
918 3631 934 3681 ;
963 3615 1058 3672 sed
1081 3615 1147 3671 de
1165 3615 1381 3671 Theuda
1412 3625 1465 3672 et
1491 3615 1629 3672 Juda
1669 3617 1817 3672 aliis-

225 3717 330 3771 que
356 3703 632 3759 seditiosis
669 3705 797 3775 agit.
828 3705 1100 3762 Praeterea
1132 3705 1354 3762 verbum
1380 3706 1511 3762 illud
1531 3747 1546 3774 ,
1573 3705 1696 3762 Non
1721 3724 1816 3763 au-

226 3792 428 3847 dierunt
452 3811 598 3860 oues,
630 3795 686 3851 in
715 3811 902 3852 earum
948 3797 1159 3853 laudem
1190 3797 1320 3853 dicit
1348 3817 1363 3854 :
1393 3815 1654 3871 nusquam
1683 3815 1813 3857 vero

225 3881 405 3938 laudat
451 3898 546 3939 eos
586 3885 679 3956 qui
725 3887 1014 3956 prophetas
1041 3902 1146 3942 non
1187 3887 1506 3955 audierunt;
1540 3891 1649 3945 imo
1696 3891 1814 3946 illos

225 3970 514 4029 admodum
548 3975 810 4046 improbat
836 3985 889 4032 et
907 3977 1267 4047 reprehendit.
1293 3978 1427 4034 Hinc
1445 3980 1616 4050 palam
1643 3990 1726 4036 est
1749 3982 1815 4037 il-

227 4061 340 4132 lud,
375 4064 500 4120 Non
538 4066 841 4134 audierant,
870 4068 939 4124 de
968 4068 1239 4124 seditiosis
1273 4069 1379 4125 illis
1400 4070 1600 4126 dictum
1628 4073 1814 4128 fuisse.

229 4153 319 4210 {0.
345 4154 464 4211 Fur
491 4173 593 4212 non
612 4159 766 4225 venit,
793 4160 892 4214 nisi
925 4169 980 4214 ut
1016 4164 1214 4231 furatur
1243 4173 1290 4216 et
1320 4173 1501 4218 mactet
1524 4174 1571 4218 et
1600 4167 1816 4234 perdat:

229 4253 286 4297 ut
313 4244 403 4301 hic
430 4247 688 4319 contigit;
718 4263 908 4305 omnes
935 4251 1078 4306 enim
1105 4253 1321 4308 mactati
1361 4253 1629 4324 occisique
1670 4265 1813 4312 sunt.

231 4329 341 4406 Ego
366 4347 534 4392 mitem
563 4341 674 4394 aeni
709 4351 764 4395 ut
789 4344 941 4397 vitam
979 4342 1194 4397 habeant
1219 4384 1233 4408 ,
1264 4353 1314 4399 et
1339 4345 1680 4402 abundantius
1718 4349 1816 4404 ha-

231 4423 400 4483 beant.
429 4428 568 4496 Quid
589 4471 605 4496 ,
636 4446 850 4501 quaeso,
885 4434 993 4488 vita
1019 4432 1418 4491 abundantius?
1440 4436 1682 4507 Regnum
1711 4455 1818 4496 cas-

232 4513 428 4571 iorum.
462 4516 656 4573 Verum
687 4520 740 4573 id
770 4521 1004 4576 nondum
1032 4522 1198 4587 dicit,
1226 4515 1321 4579 sed
1347 4525 1469 4581 vitta
1504 4542 1699 4584 nomen
1738 4527 1818 4583 af-

232 4602 371 4672 icrt,
401 4615 461 4660 ut
484 4615 667 4662 notum
696 4609 818 4663 illis.
850 4611 940 4666 11.
973 4609 1088 4682 Ego
1120 4628 1237 4667 sunt
1279 4625 1454 4684 pastor
1490 4619 1669 4674 bonus.
1720 4619 1819 4676 Hic

231 4692 450 4751 demum
489 4696 556 4752 de
603 4700 853 4769 passione
896 4701 1149 4772 loquitur,
1191 4705 1485 4762 ostendens
1522 4708 1665 4763 illam
1720 4724 1819 4779 pro

232 4785 414 4842 mundi
462 4787 632 4844 salute
678 4788 910 4846 futuram
959 4806 1124 4862 esse,
1154 4809 1256 4850 nec
1300 4810 1360 4851 se
1409 4796 1629 4853 invitum
1674 4798 1816 4855 illam

233 4874 400 4930 adire.
454 4876 657 4934 Deinde
703 4881 1009 4952 exemplum
1055 4899 1242 4940 rursus
1289 4885 1445 4942 all‘ert
1487 4889 1715 4957 pastoris
1764 4901 1820 4947 et

233 4967 574 5023 mercenarii.
605 4966 780 5024 Bonus
825 4972 960 5028 enirn
1005 4983 1178 5042 pastor
1218 4976 1440 5030 animam
1465 4993 1611 5033 suam
1652 4982 1816 5050 ponit.

237 5054 324 5112 12.
355 5055 706 5114 Herceum-ius
729 5069 897 5116 autem
918 5104 935 5129 ,
973 5063 1060 5133 qui
1086 5079 1187 5119 non
1213 5075 1289 5120 est
1316 5077 1511 5137 pastor,
1544 5071 1688 5140 cujus
1717 5087 1820 5126 non

233 5155 351 5201 sunt
373 5163 492 5203 om
519 5151 776 5222 propria,
805 5153 939 5208 uidet
969 5154 1146 5226 lupum
1188 5159 1495 5225 neniarum,
1541 5171 1589 5217 et
1613 5162 1820 5220 dimittit

235 5254 348 5294 sues
366 5282 385 5306 ,
413 5251 461 5295 et
486 5242 648 5312 fugit,
670 5253 718 5298 et
737 5245 869 5299 venit
893 5246 1065 5317 lupus,
1095 5256 1142 5302 et
1181 5251 1316 5321 rapit
1341 5268 1448 5306 eas.
1475 5252 1574 5308 Hic
1601 5270 1661 5311 se
1698 5271 1820 5326 per-

235 5329 358 5388 inde
396 5340 558 5404 atque
603 5334 814 5393 Patrem
869 5337 1220 5409 imperantem
1259 5343 1508 5412 exhibet;
1555 5347 1819 5419 siquidem

237 5431 420 5491 pastor
445 5425 562 5495 ipse
585 5437 670 5482 est
692 5429 847 5500 cujus
871 5433 1100 5503 propria:
1134 5445 1260 5490 sunt
1285 5451 1431 5493 oves.
1466 5439 1652 5497 Viden‘
1680 5459 1818 5515 quo-

237 5515 396 5572 modo
421 5515 475 5572 in
505 5521 775 5590 parabolis
800 5524 1082 5580 sublimius
1105 5525 1378 5599 loquatur,
1414 5531 1501 5586 ubi
1543 5533 1822 5593 obscurior

241 5613 316 5696 est
339 5622 557 5678 senno,
584 5625 761 5683 nequ
802 5614 1140 5673 auditoribus
1163 5621 1414 5689 carpendi
1460 5638 1644 5679 ansam
1683 5641 1824 5696 prm-

237 5694 399 5755 beat?
423 5700 563 5770 Quid
591 5718 721 5776 ergo
743 5703 867 5761 facit
896 5710 1302 5767 mercenarius?
1351 5711 1496 5769 Videt
1521 5694 1698 5785 lupum
1736 5733 1821 5772 ue-

238 5789 450 5848 nientem
473 5834 490 5864 ,
533 5803 581 5850 et
605 5791 810 5852 dimittit
833 5813 969 5869 oues,
1001 5809 1049 5855 et
1076 5801 1209 5856 uertit
1247 5802 1417 5883 lupus,
1447 5814 1496 5860 et
1538 5807 1676 5878 rapit
1708 5823 1812 5865 eas.

1229 413 1296 469 IN
1335 403 1644 468 ,ισΑΝΝΕΜ
1684 403 1918 461 ιιοιῐιι..
1957 402 2091 460 LIX.
2133 404 2202 459 al.
2244 402 2423 462 LVIII.

3401 412 3516 469 32G

1916 517 2030 576 Hoc
2059 521 2134 578 illi
2164 523 2424 587 fecerunt.
2451 523 2564 594 ipse
2585 533 2792 580 contra.
2821 526 3040 584 Etenim
3057 544 3177 585 cum
3203 533 3508 602 apprehen-

1913 625 2004 666 sus
2035 610 2154 680 fuit,
2183 612 2317 668 dixit
2342 624 2356 668 τ
2385 613 2552 669 Sinite
2574 615 2692 670 illos
2724 617 2862 671 abire
2889 616 3067 689 (Joan.
3099 619 3186 676 18.
3212 620 3294 694 8),
3323 631 3380 676 ut
3404 622 3507 678 im-

1913 702 2151 772 pleretur
2173 718 2382 769 sermo,
2414 705 2555 776 quod
2585 706 2772 780 nullus,
2791 723 2975 764 eorum
3004 713 3242 782 perierit.
3274 714 3372 771 llic
3402 730 3506 787 νου

1913 800 2021 847 test
2049 794 2208 848 etiam
2237 794 2529 864 spiritualis
2557 795 2714 867 lupus
2745 799 2996 872 intelligi,
3042 815 3203 872 quem
3242 819 3349 860 non
3379 807 3505 862 sivit

1913 897 2044 938 oves
2073 883 2339 953 abripere.
2372 883 2497 941 Non
2519 886 2675 958 lupus
2707 897 2911 944 tantum
2957 889 3045 946 hic
3067 901 3150 948 est
3169 934 3190 962 ,
3217 895 3311 950 sed
3340 897 3516 953 etiam

1913 971 2018 1028 leo.
2050 972 2182 1028 Nam
2213 974 2545 1032 Adversarius
2569 990 2735 1034 noster
2757 981 2991 1037 diabolus
3020 993 3277 1054 tamquam
3304 986 3382 1042 ιω
3413 1004 3504 1043 ru-

1910 1063 2053 1134 giens
2075 1065 2254 1119 circuit
2280 1063 2329 1139 (1
2383 1065 2502 1123 Pet.
2531 1069 2586 1136 5,
2616 1070 2694 1141 8).
2728 1071 2826 1127 Hic
2854 1086 3078 1144 serpens
3099 1084 3159 1132 et-
3178 1076 3344 1134 draco
3370 1089 3461 1137 est
3485 1099 3517 1138 τ.

1913 1155 2118 1223 Calcate
2135 1173 2290 1229 super
2316 1170 2572 1231 serpentes
2600 1172 2649 1217 et
2686 1166 2975 1237 scorpiones
2997 1166 3154 1242 (Luc.
3187 1171 3278 1226 l0.
3311 1170 3426 1242 i9).

1981 1250 2036 1304 4.
2078 1247 2192 1304 Voa:
2212 1249 2403 1306 Christi
2427 1253 2684 1309 audienda
2703 1255 2899 1328 ipsique
2914 1260 3010 1316 soli
3026 1261 3342 1320 hct-endam.
3368 1265 3504 1321 Aea-

1909 1339 2030 1394 ritia
2086 1341 2297 1396 seruitus
2360 1344 2588 1399 omnium
2632 1345 2922 1403 deterrima.
2967 1349 3305 1424 Eleemosyua
3358 1373 3513 1410 com--

1910 1431 2196 1487 mendatur.
2224 1461 2300 1474 —
2325 1433 2502 1502 Quare
2555 1451 2686 1508 rogo
2710 1478 2726 1504 ,
2759 1454 3072 1497 maneamus
3121 1443 3222 1500 sub
3271 1449 3501 1516 pastoris

1910 1537 2037 1578 cura
2070 1540 2085 1578 :
2117 1525 2454 1583 manebimus
2482 1537 2661 1585 autem
2687 1531 2733 1585 si
2757 1547 2944 1588 vocem
2973 1535 3089 1606 ejus
3119 1537 3424 1609 audiamus,
3453 1543 3498 1597 si

1909 1612 2012 1684 ipsi
2063 1629 2268 1672 morem
2317 1633 2604 1690 geramus,
2661 1623 2704 1678 si
2753 1623 2988 1682 alienum
3039 1643 3148 1684 non
3191 1646 3498 1702 sequamur.

1909 1703 2094 1776 Ecqua
2114 1721 2216 1762 vox
2237 1708 2352 1778 ejus
2369 1711 2486 1765 est?
2508 1711 2656 1767 Beati
2665 1731 2912 1784 pauperes
2927 1719 3112 1788 spiritu
3125 1734 3146 1775 :
3159 1720 3293 1777 beati
3310 1725 3514 1782 munda

1908 1801 2059 1854 corde
2082 1815 2102 1855 :
2130 1801 2262 1856 beati
2284 1804 2632 1862 misericordes
2659 1805 2874 1880 (Matth.
2906 1811 2960 1867 5.
2989 1810 3044 1867 ὃ.
3075 1811 3130 1869 8.
3147 1813 3242 1886 ,7).
3284 1816 3342 1872 Si
3386 1816 3512 1877 hmo

1909 1905 2225 1962 servemus,
2267 1893 2368 1949 sub
2420 1904 2634 1964 pastore
2675 1900 3050 1972 manebimus,
3099 1914 3156 1961 et
3203 1905 3362 1977 lupus
3415 1910 3500 1967 in-

1909 1981 2060 2053 gredi
2101 1997 2208 2038 non
2257 1985 2473 2053 poterit.
2506 1986 2611 2044 Sed
2658 1991 2868 2048 etiamsi
2917 1994 3129 2065 irruat,
3175 1996 3228 2054 id
3279 1999 3333 2054 in
3380 2016 3503 2071 per-

1910 2072 2106 2128 niciem
2133 2088 2286 2130 suam
2329 2075 2509 2132 faciet.
2536 2079 2814 2137 Pastorem
2865 2085 3009 2141 enim
3055 2087 3129 2142 ita
3173 2104 3272 2146 nos
3308 2106 3506 2148 aman-

1911 2173 2020 2219 tem
2072 2165 2373 2236 habemus,
2424 2177 2482 2226 ut
2527 2171 2761 2228 animam
2800 2190 2954 2233 suam
2998 2193 3099 2250 pro
3127 2181 3283 2240 nobis
3336 2185 3502 2242 tradi-

1910 2255 2070 2315 derit.
2118 2255 2254 2312 Cum
2309 2273 2438 2330 ergo
2487 2268 2543 2317 et
2597 2273 2791 2332 potens
2846 2267 2918 2324 sit
2982 2277 3039 2326 et
3091 2271 3312 2344 diligat,
3368 2277 3498 2348 quid

1910 2348 2133 2418 impedit
2160 2353 2448 2420 quominus
2482 2354 2711 2413 salutem
2737 2365 3166 2432 consequamur?
3185 2365 3362 2435 Nihil,
3397 2371 3503 2428 nisi

1911 2455 2014 2496 nos
2042 2441 2142 2512 ipsi
2171 2443 2503 2502 deficiamus.
2525 2448 2807 2515 Quomodo
2832 2452 3145 2514 deficiamus
3168 2459 3192 2513 ?
3219 2458 3373 2519 Illum
3397 2478 3498 2520 su-

1912 2532 1965 2587 di
1992 2533 2260 2590 dicentem
2293 2552 2309 2591 :
2355 2535 2482 2592 Non
2522 2544 2728 2611 potestis
2773 2543 2970 2601 duobus
3005 2547 3226 2606 dominis
3264 2555 3451 2612 seruire
3482 2597 3507 2623 ν

1912 2623 2023 2680 Deo
2047 2634 2094 2680 et
2115 2642 2366 2682 montana:
2384 2628 2599 2701 (Matth.
2629 2633 2680 2688 6.
2701 2634 2772 2690 ει
2792 2636 2832 2705 ).
2856 2636 2912 2693 Si
2941 2653 3071 2711 ergo
3119 2639 3248 2699 huic
3298 2646 3502 2701 servia-

1915 2732 2068 2781 mus,
2098 2717 2242 2773 illius
2278 2720 2544 2791 tyrannidi
2574 2723 2800 2794 subjecti
2840 2742 2948 2784 non
2978 2730 3200 2788 erimus.
3234 2732 3367 2790 Nam
3411 2744 3500 2808 ty-

1913 2807 2136 2864 rannide
2159 2810 2346 2881 quavis
2369 2813 2615 2870 acerbior
2632 2825 2716 2873 est
2742 2819 3086 2888 pecuniarum
3116 2807 3505 2898 concupiscen-

1919 2901 2011 2957 tia.
2036 2900 2246 2958 Nullam
2273 2902 2431 2961 habet
2453 2906 2779 2977 voluptatem
2801 2951 2817 2977 ,
2847 2914 2943 2969 sed
2971 2916 3384 2987 sollicitudines,
3418 2922 3504 2977 in-

1914 2993 2131 3063 vidiam,
2160 2995 2396 3065 insidias,
2429 3000 2632 3066 odium,
2665 3005 3063 3077 sycophantias,
3093 3014 3311 3070 etmille
3334 3015 3503 3072 virtu.

1916 3084 1988 3140 tis
2017 3087 2418 3156 impedimenta,
2461 3090 2721 3149 desidiam
2747 3135 2764 3162 ,
2815 3097 3089 3156 lasciviam
3111 3143 3130 3171 ,
3182 3105 3459 3161 avaritiam
3481 3148 3501 3174 ,

1916 3175 2264 3244 ebrietatem,
2316 3194 2435 3249 quae
2475 3179 2674 3237 liberos
2706 3185 2762 3239 in
2790 3187 3104 3246 servitutem
3146 3191 3416 3264 redigunt.
3448 3206 3505 3252 et

1919 3268 2093 3324 servis
2121 3268 2421 3327 deteriores
2451 3274 2785 3332 constituunt
2813 3295 2828 3331 :
2859 3292 3049 3337 servos
3073 3323 3088 3348 ,
3117 3283 3356 3355 inquam,
3381 3287 3508 3343 red-

1917 3357 2088 3427 dunt,
2134 3375 2242 3416 non
2273 3361 2586 3432 hominum,
2615 3367 2710 3423 sed
2738 3369 3040 3439 gravissimi
3067 3375 3309 3431 omnium
3337 3378 3505 3435 animi

1917 3449 2248 3505 morborum.
2311 3451 2410 3508 Hic
2452 3456 2616 3510 multa
2646 3457 2807 3514 audet
2849 3477 2969 3533 qua:
2998 3478 3098 3521 nec
3141 3465 3252 3522 Deo
3275 3479 3379 3524 nec
3404 3469 3507 3525 ho-

1919 3539 2153 3596 minibus
2185 3540 2416 3612 placent,
2439 3554 2685 3604 metuens
2712 3563 2780 3606 ne
2803 3551 2924 3621 quis
2952 3568 3014 3610 se
3031 3554 3099 3610 ab
3121 3555 3218 3610 hac
3236 3557 3499 3615 servitute

1919 3630 2131 3687 liberet.
2171 3632 2217 3688 Ο
2242 3634 2490 3691 acerbam
2531 3638 2880 3707 servitutem,
2921 3652 2976 3699 et
3002 3643 3320 3702 diabolicam
3352 3656 3508 3719 pote-

1921 3723 2143 3779 statem!
2175 3723 2300 3780 Hmc
2317 3726 2514 3797 quippe
2536 3737 2621 3786 est
2638 3731 2876 3786 omnium
2898 3734 3234 3804 gravissima,
3260 3740 3402 3810 quod
3430 3749 3512 3799 tot

1920 3813 2127 3871 detenti
2157 3818 2312 3872 malis
2341 3818 2694 3889 delectemur,
2731 3832 2788 3879 et
2812 3833 3033 3883 catenas
3077 3830 3467 3900 amplectamur
3489 3876 3506 3902 ,

1920 3917 1974 3963 et
2000 3908 2143 3978 quod
2172 3910 2514 3966 tenebrosum
2554 3926 2828 3970 carcerem
2855 3914 3179 3988 habitantes,
3213 3922 3388 3981 lucem
3419 3925 3508 3982 fu-

1920 4001 2152 4070 giamus,
2185 4000 2278 4055 sed
2321 4017 2420 4057 nos
2456 4003 2612 4058 malis
2651 4008 3118 4083 constringamus,
3149 4016 3285 4072 etin
3315 4020 3512 4076 morbo

1921 4089 2274 4156 oblectamur.
2300 4091 2477 4159 Quare
2501 4096 2832 4153 necliberari
2859 4115 3178 4174 possumus,
3227 4117 3283 4164 et
3324 4109 3510 4181 peiore

1920 4194 2080 4250 quam
2107 4180 2199 4250 qui
2236 4183 2448 4237 metalla
2481 4182 2692 4242 fodiunt
2720 4190 3031 4250 conditione
3057 4209 3263 4267 sumus,
3287 4180 3415 4255 dum
3433 4200 3517 4257 la-

1921 4268 2055 4325 bore
2090 4278 2148 4326 et
2189 4271 2405 4327 miseria
2430 4273 2630 4343 obruti,
2671 4279 2878 4334 nullum
2903 4281 3029 4340 inde
3067 4285 3297 4344 fructum
3333 4293 3514 4362 perci-

1923 4360 2120 4430 pimus.
2152 4360 2417 4432 Quodque
2445 4365 2684 4449 omnium
2714 4368 3063 4429 deterrimum
3078 4386 3183 4444 cst,
3201 4380 3245 4434 si
3267 4360 3388 4451 quis
3412 4399 3522 4441 nos

1923 4451 1992 4506 ab
2016 4453 2210 4508 acerba
2233 4451 2542 4524 huiusmodi
2571 4459 2882 4528 captivitate
2912 4478 3106 4521 eruere
3134 4468 3283 4537 velit,
3314 4471 3368 4527 id
3399 4490 3519 4532 non

1922 4544 2196 4614 patimur;
2230 4545 2338 4601 imo
2382 4547 2542 4601 etiam
2578 4563 2721 4619 argre
2770 4550 2990 4611 ferimus
3032 4565 3089 4613 et
3131 4559 3518 4635 indignamur;

1923 4636 2055 4691 nihil
2098 4636 2289 4692 melius
2311 4636 2486 4693 atl'eeti
2508 4654 2668 4710 quam
2696 4643 2788 4713 qui
2825 4643 3030 4703 insania
3049 4651 3190 4721 capti
3221 4665 3369 4723 sunt,
3401 4657 3518 4716 imo

1925 4728 2086 4800 longe
2110 4727 2531 4785 miserabiliores
2556 4731 2680 4796 illis,
2732 4734 2876 4803 quod
2927 4740 3158 4796 nolimus
3198 4743 3268 4799 ab
3307 4745 3517 4805 insania

1922 4819 2161 4878 liberari.
2218 4818 2486 4890 Numquid
2511 4835 2575 4876 ea
2603 4822 2673 4879 de
2702 4838 2862 4881 causa
2907 4828 2959 4882 in
2992 4833 3252 4891 mundum
3282 4841 3517 4908 venisti,

1923 4926 1958 4967 ο
1987 4911 2150 4967 homo
2175 4912 2200 4964 ?
2223 4926 2290 4967 an
2321 4910 2446 4969 ideo
2486 4910 2650 4968 homo
2677 4913 2851 4973 factus
2885 4933 2944 4974 es
2967 4961 2985 4988 ,
3029 4930 3089 4977 ut
3134 4922 3249 4983 hate
3297 4930 3516 4987 metalla

1924 5004 2230 5073 operareris
2258 5011 2313 5060 et
2346 5018 2536 5059 aurum
2579 5007 2864 5078 colligeres
2890 5011 2914 5066 ?
2958 5012 3076 5070 Non
3108 5016 3228 5074 ideo
3271 5031 3422 5080 certe
3448 5027 3520 5082 ad

1927 5095 2216 5165 imaginem
2269 5109 2422 5150 suam
2458 5105 2512 5152 te
2536 5095 2788 5154 formavit
2813 5102 2978 5166 ;‘sed
3006 5114 3065 5160 ut
3093 5106 3194 5178 ipsi
3225 5110 3468 5180 placeres
3500 5159 3518 5183 ,

1925 5198 1987 5244 ut
2027 5188 2204 5244 futura
2248 5190 2662 5258 consequereris
2690 5233 2706 5257 ,
2760 5202 2818 5248 ut
2868 5209 2994 5253 cum
3037 5202 3244 5273 angelis
3285 5206 3518 5266 choreas

1925 5295 2116 5351 ageres
2133 5281 2173 5335 ⁸.
2217 5281 2328 5336 Cur
2355 5289 2407 5336 te
2431 5281 2501 5338 ab
2527 5282 2628 5338 hac
2646 5285 2930 5344 nobilitate
2950 5288 3103 5360 ejicis
3121 5332 3136 5358 ,
3177 5304 3233 5350 et
3258 5296 3310 5351 in
3331 5308 3514 5356 extre-

1927 5389 2071 5430 mam
2090 5375 2316 5444 conjicis
2337 5374 2724 5446 ignobilitatem
2749 5387 2805 5435 et
2830 5380 3150 5440 infamiam?
3191 5386 3292 5457 Qui
3321 5392 3516 5450 eodem

1926 5482 2036 5539 quo
2063 5478 2119 5522 tu
2147 5477 2303 5542 partu
2330 5479 2489 5525 natus
2508 5481 2612 5537 est,
2643 5481 2799 5543 partu
2830 5473 2951 5531 dico
2971 5477 3255 5549 spirituali,
3278 5482 3417 5541 fame
3435 5494 3518 5541 ta-

1927 5560 2137 5618 bescit:
2168 5570 2226 5618 tu
2265 5561 2418 5634 copia
2445 5576 2627 5620 rerum
2673 5563 3021 5637 dirumpcris.
3066 5568 3260 5628 Frater
3311 5574 3516 5633 nudum

1992 5811 2014 5853 ⁸
2047 5812 2194 5876 Hec,
2210 5813 2263 5864 ut
2278 5822 2389 5866 cum
2407 5809 2592 5876 angelis
2615 5809 2816 5866 choreas
2839 5824 3030 5878 ageres,
3043 5812 3258 5868 deerant
3282 5813 3333 5868 in
3355 5815 3500 5866 Itoni
3524 5859 3531 5870 .
