4088 6514
565 413 668 471 ξρετ
1299 407 1352 464 S.
1395 404 1667 462 JOANNIS
1705 401 2172 462 CilleSOSTOMI
2215 402 2523 459 AllClllEP.
2566 398 3092 457 CONSTAXTIXOP.

572 536 767 592 corpus
790 517 1090 576 circumfert
1128 535 1141 572 :
1172 527 1224 572 tu
1259 526 1432 572 vestes
1461 515 1700 571 restibus
1745 514 1932 581 addis,
1976 515 2130 569 tineis

573 612 714 667 lumc
741 615 988 665 amictum
1016 623 1298 680 apparatis.
1331 611 1543 674 Quanto
1589 607 1780 662 melius
1829 616 1971 662 esset
2003 621 2135 676 pau-

573 717 753 772 perum
799 713 1020 770 corpora
1044 698 1125 753 his
1175 698 1462 768 obtegere?
1486 697 1558 752 Ita
1587 697 1726 752 enim
1764 695 1850 751 illa
1883 709 2150 751 aenean--

566 798 926 852 numerentur,
972 798 1021 842 tc
1037 804 1163 843 cura
1186 790 1328 841 omni
1365 787 1674 851 liberarent,
1706 794 1758 841 et
1783 785 2008 840 futuram
2041 784 2132 837 tibi

569 889 814 951 parerent
846 881 1026 934 vitam.
1058 880 1112 933 Si
1141 881 1276 932 nolis
1291 893 1350 932 ea
1369 893 1397 932 a
1425 878 1577 931 tineis
1599 877 1841 932 consumi
1866 917 1883 942 ,
1913 877 1977 930 da
2011 891 2136 944 pau-

567 971 782 1040 peribus
807 985 827 1022 ι
863 969 936 1022 illi
970 984 1197 1039 namque
1229 969 1339 1020 lucc
1390 975 1706 1021 vestimenta
1743 969 1907 1035 probe
1959 967 2135 1020 sciunt

571 1073 846 1116 excutere.
893 1060 1088 1115 (Ihristi
1119 1073 1344 1128 namque
1368 1073 1564 1128 corpus
1585 1058 1820 1128 qualibet
1850 1073 1968 1112 arca
2016 1073 2138 1128 pre-

573 1153 761 1206 tiosius
806 1161 858 1206 et
909 1151 1072 1206 tutius
1114 1159 1233 1215 est;
1277 1165 1448 1218 neque
1480 1160 1682 1204 tantum
1710 1166 1770 1217 ea
1799 1150 2028 1204 custodit
2056 1152 2136 1204 in-

574 1252 818 1310 corrupta
844 1282 858 1306 ,
893 1241 983 1295 sed
1011 1242 1167 1296 etiam
1214 1241 1574 1309 Splendidiora
1604 1241 1794 1295 reddit.
1826 1243 1957 1295 Area
1991 1257 2134 1312 smpe

572 1351 689 1388 cum
711 1335 944 1388 restibus
970 1333 1185 1402 abrepta
1217 1342 1457 1386 extremo
1481 1341 1532 1386 te
1561 1331 1736 1387 all'ccit
1760 1333 1974 1386 damno:
2002 1333 2138 1388 hanc

579 1439 706 1479 vero
745 1423 1037 1478 cusmdiam
1085 1439 1151 1477 ne
1181 1436 1324 1476 mors
1353 1423 1564 1491 quidem
1595 1431 1765 1492 potest
1797 1423 2134 1477 labefactare.

584 1515 762 1583 Neque
793 1516 932 1570 enim
980 1515 1143 1583 portis
1172 1523 1262 1567 aut
1289 1513 1526 1567 vectibus
1557 1512 1644 1567 ltie
1673 1513 1824 1566 nobis
1851 1523 1931 1566 est
1953 1527 2086 1581 Opus
2119 1555 2134 1579 ,

583 1620 686 1660 non
725 1607 889 1658 servis
919 1604 1268 1673 vigilantibus,
1299 1617 1398 1657 nec
1424 1603 1522 1655 alia
1552 1603 1735 1671 quavis
1759 1603 2022 1656 cautione.
2057 1603 2138 1657 Ab

573 1697 784 1753 insidiis
818 1710 1032 1764 prorsus
1064 1695 1222 1748 libera
1246 1705 1367 1747 sunt
1397 1733 1411 1759 ,
1444 1703 1499 1746 ut
1538 1709 1632 1762 par
1658 1703 1769 1758 est,
1804 1709 1921 1762 qua:
1957 1694 2007 1746 in
2028 1709 2137 1748 (ειυ-

579 1789 642 1842 lis
666 1797 788 1841 sunt
816 1787 1109 1840 recondita.
1140 1785 1310 1838 Locus
1354 1786 1492 1838 enim
1541 1785 1630 1839 ille
1657 1799 1684 1836 a
1712 1786 1944 1854 nequitia
1995 1785 2136 1839 nulla

579 1876 710 1930 adiri
763 1885 955 1944 potest.
1002 1875 1125 1929 llaec
1152 1888 1248 1929 nos
1279 1875 1487 1929 dicendi
1522 1876 1679 1929 finem
1717 1891 1822 1928 non
1869 1874 2092 1930 facimus
2119 1916 2135 1942 ,

579 1981 776 2036 vosque
807 1967 1084 2020 audientes
1106 1983 1209 2020 non
1243 1967 1642 2035 obtemperatis.
1685 1967 1845 2035 Cujus
1869 1969 1942 2022 rei
1981 1984 2139 2023 causa

573 2070 676 2124 est,
711 2059 852 2128 qttod
886 2059 1059 2128 pusilli
1091 2060 1254 2112 simus
1285 2059 1466 2122 animi,
1517 2067 1570 2112 et
1603 2059 1825 2112 terrenis
1852 2059 2135 2115 inhiemus.

571 2146 680 2202 lino
700 2150 835 2202 absit
859 2157 911 2201 ιιι
939 2163 1127 2202 omnes
1156 2165 1249 2201 vos
1275 2148 1520 2201 damnent
1545 2189 1559 2211 ,
1587 2163 1647 2200 ac
1687 2148 1729 2201 si
1758 2163 1945 2202 omnes
1977 2151 2132 2204 incu-

575 2239 813 2291 rabiliter
860 2240 1149 2308 a‘grotctis.
1180 2238 1398 2292 Etiamsi
1431 2239 1568 2292 enim
1598 2238 1629 2291 ii
1679 2239 1766 2308 qui
1809 2238 2004 2294 divitiis
2030 2241 2137 2295 inc-

575 2328 814 2381 briantur
839 2369 853 2394 ,
891 2328 1168 2380 obstrnant
1220 2341 1374 2381 aures
1409 2343 1474 2380 ne
1519 2327 1771 2395 audiant;
1818 2339 1870 2382 at
1916 2329 1948 2382 ii
1972 2332 2056 2398 qtti
2084 2332 2136 2384 in

575 2428 881 2488 paupertate
917 2420 1076 2471 vitam
1104 2428 1300 2487 agunt,
1332 2419 1489 2472 dictis
1546 2419 1819 2474 attendere
1867 2429 2136 2490 poterunt.

577 2508 640 2562 lit
664 2509 786 2577 quid
819 2509 930 2562 lucc
957 2509 1020 2561 ad
1047 2523 1304 2577 pauperes
1328 2551 1343 2573 ,
1396 2510 1620 2578 inquies,
1661 2511 1748 2578 qui
1794 2528 1890 2565 nec
1929 2529 2137 2579 aurum,

575 2615 670 2651 nec
694 2601 1002 2651 vestimenta
1033 2598 1333 2666 hujusntodi
1365 2598 1596 2652 habent?
1637 2598 1826 2654 Verum
1860 2603 1927 2655 illi
1955 2619 2138 2670 pauctn

576 2689 771 2742 habent
812 2698 864 2742 ct
902 2704 1090 2756 aquam
1135 2687 1406 2758 frigidam;
1441 2689 1633 2744 habent
1675 2690 1808 2743 duos
1856 2693 2039 2748 obolos
2090 2707 2143 2750 ρι

576 2781 756 2846 pedes,
791 2780 942 2848 queis
967 2794 1138 2847 (egros
1166 2779 1428 2842 inrisant;
1464 2779 1658 2833 habent
1701 2759 1926 2850 lin‘gtmm
1954 2796 2002 2838 et
2023 2802 2139 2840 ser-

574 2881 784 2920 monem
809 2907 820 2930 ,
855 2875 911 2918 ut
941 2868 1283 2920 consolentur
1310 2868 1446 2921 male
1485 2868 1732 2922 affectum
1759 2888 1770 2931 ;
1825 2873 2019 2928 habent
2045 2876 2140 2930 do-

580 2983 2718 3008 W—

3720 397 3828 453 ses

2243 529 2386 569 tuum
2418 523 2470 568 et
2494 522 2835 582 tecttttn,quo
2859 511 3114 582 recipiant
3149 510 3435 582 hospitem.
3471 512 3824 582 Neqneenim

2242 612 2320 658 tot
2351 613 2404 659 et
2442 613 2516 659 tot
2546 603 2740 658 talenta
2780 605 2892 658 auri
2925 618 2953 657 a
2985 602 3340 673 pauperibus.
3371 603 3466 658 sed
3503 621 3534 657 a
3562 604 3824 658 divitibus

2243 693 2522 762 exigimus.
2545 691 2694 760 Quod
2717 693 2760 747 si
2792 693 2856 745 ad
2885 694 3135 762 pauperis
3164 693 3358 748 ostium
3395 695 3602 750 venerit
3629 695 3779 750 Dotni
3807 727 3819 736 ο

2245 798 2374 844 nus,
2410 798 2513 836 non
2556 780 2769 854 pudebit
2798 797 2916 836 enm
2962 783 3044 836 vel
3075 783 3288 837 obolum
3320 785 3596 853 accipere;
3626 786 3720 837 sed
3760 802 3825 838 se

2243 876 2394 945 plura
2410 875 2679 942 accepisse
2709 874 2867 941 dicet,
2889 889 3044 944 quam
3074 874 3142 928 ab
3171 875 3234 930 iis
3255 876 3343 944 qui
3368 876 3530 929 multa
3553 875 3825 944 deposue-

2243 975 2384 1020 runt.
2415 966 2553 1036 Quot
2580 980 2718 1021 nunc
2736 965 2975 1020 homines
2997 965 3086 1020 illo
3105 977 3341 1035 tempore
3361 966 3520 1022 fuisse
3545 976 3821 1037 optarent,

2243 1072 2348 1126 quo
2373 1055 2614 1110 Christus
2642 1057 2691 1109 in
2721 1070 2882 1111 carne
2907 1065 3101 1110 terram
3136 1057 3336 1121 obibat,
3382 1068 3438 1111 ut
3465 1058 3714 1129 colloquii
3763 1068 3825 1112 et

2249 1162 2447 1202 mensae
2473 1163 2593 1201 cum
2617 1162 2682 1200 eo
2714 1156 2991 1202 eooeortes
3028 1157 3209 1202 essent
3245 1151 3258 1202 !
3317 1149 3450 1203 Ecce
3488 1150 3596 1217 jam
3653 1150 3775 1204 licet
3801 1191 3819 1212 ,

2244 1253 2520 1307 possumus
2552 1237 2695 1291 illum
2721 1237 2786 1291 ad
2819 1238 3098 1306 prandium
3125 1255 3318 1294 vocare
3339 1282 3354 1306 ,
3395 1256 3513 1294 cum
3550 1241 3664 1310 ipso
3688 1256 3823 1295 con-

2243 1329 2430 1390 vivari,
2459 1337 2510 1382 et
2556 1343 2674 1382 cum
2705 1328 2891 1397 majori
2923 1329 3090 1384 lucro.
3139 1331 3333 1384 Eorum
3383 1332 3525 1385 enim
3571 1337 3658 1402 qui
3696 1349 3821 1387 cum

2244 1420 2766 1474 illoconvivahantur
2795 1421 2943 1474 utttlti
2969 1422 3260 1490 perierunt,
3287 1433 3344 1476 ut
3373 1422 3536 1477 Judas
3565 1434 3617 1477 et
3635 1424 3823 1492 hujus-

2246 1510 2387 1564 modi
2431 1511 2705 1574 homines;
2756 1512 3075 1580 quicumque
3125 1525 3253 1567 vero
3293 1513 3439 1567 illum
3470 1515 3576 1582 jam
3597 1515 3824 1569 domum

2247 1601 2532 1666 vocabunt,
2567 1612 2622 1654 ut
2651 1616 2850 1661 mensa:
2879 1611 2932 1656 et
2965 1603 3087 1656 tecti
3115 1613 3415 1657 consortem
3436 1605 3666 1658 efficiant
3687 1649 3700 1667 ,
3732 1607 3830 1657 he-

2245 1692 2546 1747 nediclione
2594 1708 2781 1762 magna
2810 1692 3070 1747 fruentur.
3129 1692 3323 1760 Venite,
3352 1696 3543 1765 inquit,
3576 1698 3821 1750 brurdirts

2245 1783 2415 1838 Patris
2433 1787 2548 1848 mei,
2577 1784 2822 1853 possidete
2849 1796 3188 1851 pra'paratum
3243 1787 3379 1839 vobis
3406 1804 3613 1857 regnum
3639 1805 3670 1840 a
3701 1805 3821 1840 ron-

2243 1877 2498 1929 stitutione
2518 1877 2709 1928 mundi.
2741 1876 2942 1930 Esuriri
2965 1879 3111 1940 enim,
3144 1889 3190 1931 et
3218 1879 3424 1932 dedistis
3449 1881 3576 1933 mihi
3601 1883 3825 1934 manda-

2245 1985 2362 2021 rare
2392 1984 2409 2021 :
2438 1969 2590 2032 sitiri,
2618 1979 2663 2022 et
2691 1969 2900 2022 dedistis
2930 1971 3053 2022 mihi
3079 1970 3242 2024 bibere
3273 1990 3287 2026 :
3337 1971 3516 2040 hospes
3565 1990 3726 2037 eram,
3776 1985 3824 2026 et

2244 2060 2528 2126 suscepistis
2545 2075 2622 2113 tne
2638 2077 2658 2113 :
2674 2061 2921 2127 inﬁrmus,
2939 2070 2984 2114 et
3002 2062 3234 2116 t'isitastis
3255 2079 3333 2116 me
3347 2079 3364 2116 :
3382 2065 3432 2116 in
3450 2080 3646 2117 carcere
3661 2083 3822 2130 eram,

2244 2161 2287 2203 et
2326 2152 2523 2204 venistis
2560 2152 2629 2204 ad
2669 2169 2744 2206 me
2776 2154 2794 2222 (
2824 2152 3008 2206 Matth.
3033 2155 3118 2210 9.5.
3159 2157 3323 2212 51-56
3425 2158 3488 2213 Ut
3535 2173 3662 2228 ergo
3709 2161 3824 2215 hac

2244 2241 2522 2294 audiamus
2546 2242 2722 2307 verba,
2751 2244 2948 2297 nudum
2977 2247 3282 2310 vestiamus,
3315 2247 3628 2316 Colligmmls‘
3651 2249 3826 2317 hospi-

2245 2342 2349 2386 tem
2380 2374 2394 2398 ,
2421 2333 2712 2387 nutriamus
2733 2335 3083 2398 esurientem,
3121 2337 3318 2391 sitienti
3352 2347 3533 2406 potum
3585 2340 3776 2394 demus
3807 2384 3821 2401 .

2246 2440 2445 2495 a-grum
2474 2434 2760 2482 etearcere
2793 2428 3066 2482 detentum
3111 2429 3401 2485 ιιινὶ›ιιιιιιιε
3428 2473 3442 2494 ,
3475 2441 3530 2484 ιιι
3574 2433 3822 2486 fiduciam

2247 2525 2300 2570 et
2345 2517 2551 2570 veniam
2588 2527 2920 2585 peccatorum
2951 2520 3300 2588 accipiamus.
3333 2532 3386 2575 et
3429 2523 3514 2576 illa
3541 2523 3677 2576 bona
3705 2542 3774 2593 qu
3796 2545 3826 2574 ιε

2248 2620 2460 2660 onmem
2491 2621 2792 2662 sermonem
2813 2617 2864 2661 ct
2881 2619 3108 2664 mentem
3133 2622 3384 2679 superant
3407 2628 3821 2681 eonscqttatnnr:

2247 2713 2364 2764 qua:
2391 2699 2588 2751 utinam
2620 2713 2804 2751 omnes
2830 2699 3204 2765 adipiscamur,
3230 2704 3396 2769 gratia
3419 2713 3469 2755 ct
3501 2702 3826 2771 benignitate

2249 2789 2452 2842 liomini
2476 2789 2642 2842 nostri
2673 2788 2799 2841 Jesu
2826 2787 3044 2855 Christi,
3073 2790 3156 2843 cui
3187 2791 3351 2861 gloria
3383 2803 3432 2846 et
3457 2793 3736 2862 imperium
3773 2796 3823 2848 in

2247 2880 2436 2933 secula
2469 2880 2803 2932 sawnlorunt.
2832 2881 3016 2935 Amen.

2799 2999 2980 3007 ——_

1936 3077 2274 3142 IlOllllLlA
2324 3083 2458 3142 LX.

573 3215 699 3268 Car.
732 3214 825 3269 ‘10.
871 3227 923 3265 ν.
965 3213 1051 3266 Μ.
1096 3211 1204 3281 Ego
1245 3227 1353 3263 smn
1398 3221 1568 3280 pastor
1599 3213 1788 3278 bonus,
1817 3225 1862 3266 ct
1905 3231 2146 3283 cognosco

645 3319 754 3357 ores
779 3319 934 3367 meas,
964 3313 1009 3356 et
1035 3310 1333 3371 coquoscunt
1360 3317 1436 3354 me
1461 3317 1601 3354 metu.
1628 3303 1710 3357 15.
1739 3302 1881 3356 Sicut
1909 3308 2040 3357 novit
2070 3323 2147 3359 me

646 3380 833 3457 Pater,
863 3404 907 3446 et
945 3409 1034 3461 ego
1072 3407 1313 3461 cognosco
1359 3390 1561 3446 Patrem
1589 3433 1603 3457 ,
1639 3403 1680 3446 et
1725 3395 1945 3448 animam
1987 3415 2143 3451 meum

645 3499 774 3550 pono
805 3499 894 3548 pro
921 3482 1090 3534 ovibus
1122 3483 1263 3536 meis.

645 3576 698 3626 1.
739 3571 924 3625 Pastor
952 3570 1189 3624 Ecclesia:
1226 3570 1370 3641 fortis
1410 3587 1515 3625 esse
1551 3572 1708 3627 debet.
1749 3571 1986 3628 Pastores
2025 3577 2147 3630 ntali

574 3665 679 3730 qui.
706 3691 773 3702 —
797 3661 1037 3731 Magnum
1068 3660 1332 3730 quidpiam
1359 3703 1373 3724 ,
1406 3677 1652 3731 magnum
1679 3673 1821 3717 certe
1848 3674 1929 3718 est
1958 3665 2144 3721 Ecrlc-

574 3753 666 3805 sia:
696 3751 1020 3821 praefectura,
1047 3766 1164 3819 qua:
1191 3751 1353 3803 multa
1382 3759 1534 3818 egeat
1565 3751 1896 3820 philosophia
1921 3763 1974 3808 et
2000 3753 2146 3808 forti-

575 3842 775 3903 tudine,
803 3855 864 3894 ae
887 3850 1081 3910 quanta
1109 3838 1353 3899 Christus
1378 3839 1528 3903 dixit,
1553 3840 1623 3894 ita
1650 3851 1703 3894 ut
1732 3843 1958 3896 animam
1988 3855 2145 3912 portat

573 3949 668 4002 pro
698 3932 912 3994 ovibus,
946 3946 1227 3998 numquam
1256 3929 1370 3983 illas
1405 3929 1648 3994 deserat,
1677 3940 1731 3985 et
1757 3942 1937 3985 contra
1968 3934 2144 4002 lupum

571 4033 674 4078 stet
705 4024 926 4077 fortiter.
962 4021 1014 4076 In
1059 4021 1155 4074 hoc
1182 4020 1357 4075 differt
1403 4031 1580 4089 pastor
1609 4037 1636 4074 a
1669 4023 2015 4076 mercenaria.
2053 4024 2146 4080 llic

575 4117 715 4169 enim
752 4115 1068 4182 contemptis
1095 4113 1283 4167 cvibus
1313 4115 1537 4183 propria:
1567 4115 1720 4166 saluti
1760 4129 1970 4182 semper
1998 4116 2145 4169 advi-

575 4206 700 4268 rilat
729 4224 742 4258 :
776 4205 861 4258 ille
891 4219 1020 4258 vero
1046 4245 1060 4268 ,
1093 4217 1185 4256 sua
1218 4202 1443 4257 demissa
1465 4243 1480 4266 ,
1514 4204 1734 4257 salutem
1764 4214 1912 4257 curat
1942 4207 2139 4260 ovium.

577 4299 698 4351 Post
723 4297 843 4350 data
868 4309 994 4365 ergo
1021 4295 1247 4364 pastoris
1277 4293 1464 4347 indicia
1491 4335 1505 4356 ,
1534 4293 1666 4346 duos
1706 4296 1851 4362 gregi
1884 4297 2146 4362 pernicio-

574 4401 663 4440 sos
692 4395 949 4441 memorat
978 4405 990 4439 :
1025 4384 1192 4438 furem
1226 4392 1542 4436 mactantem
1569 4393 1622 4437 et
1653 4386 1942 4449 rapientem
1975 4401 2101 4439 oves
2127 4404 2140 4448 ;

576 4488 628 4531 et
657 4477 877 4531 alterum
915 4477 1003 4545 qui
1035 4491 1134 4528 non
1171 4476 1280 4546 ipse
1312 4473 1482 4542 perdit
1506 4513 1519 4538 ,
1549 4472 1639 4525 sed
1675 4471 1840 4527 furem
1870 4489 1971 4527 non
2002 4485 2145 4531 arcet

578 4583 674 4623 nec
716 4565 949 4636 impedit.
994 4567 1094 4619 Per
1134 4565 1275 4616 illum
1317 4571 1492 4616 autem
1535 4561 1806 4615 'l‘hcudam
1847 4564 2138 4630 significat,

577 4673 670 4725 per
710 4657 846 4710 hunc
874 4654 1173 4708 Judarorum
1205 4653 1448 4706 doctores
1477 4652 1699 4705 traducit
1724 4694 1737 4717 ,
1783 4654 1868 4722 qui
1898 4654 1963 4707 de
1990 4670 2138 4708 cont-

579 4747 751 4800 missis
790 4745 887 4797 sibi
928 4744 1111 4797 ovibus
1147 4743 1340 4794 nullatu
1383 4740 1643 4794 habebant
1683 4756 1896 4805 curam;
1938 4759 2037 4812 qua
2075 4744 2140 4796 de

577 4852 634 4890 re
658 4837 766 4904 jam
794 4833 916 4886 olint
951 4831 1186 4886 Ezechiel
1220 4831 1337 4884 illos
1381 4830 1651 4883 incusabat
1684 4830 1763 4882 his
1792 4831 1966 4884 verbis
1999 4849 2011 4882 :
2057 4831 2142 4884 ναξ

578 4923 856 4994 pastoribus
876 4921 1073 4977 Israel!
1097 4921 1277 4974 Nonne
1295 4931 1511 4991 pastores
1537 4922 1800 4989 pascebant
1816 4925 2141 4991 semetipsos?

575 5030 739 5069 nonne
767 5030 877 5068 oves
903 5021 1175 5081 pascuntur
1196 5028 1227 5064 α
1254 5011 1530 5080 pastoribus
1559 5011 1768 5077 (Ezeclt.
1799 5013 1885 5066 54.
1915 5012 2012 5079 9)?
2035 5013 2139 5067 Sed

577 5110 649 5163 illi
681 5106 1002 5163 contrarium
1044 5103 1340 5166 faciebant,
1369 5104 1504 5171 quod
1537 5103 1747 5156 malitia:
1775 5105 2016 5157 maxima:
2045 5121 2138 5172 ge-

578 5213 674 5251 nus
715 5205 832 5260 est,
876 5195 1204 5261 aliorumque
1246 5207 1401 5244 causa
1442 5192 1718 5245 malorum.
1755 5193 1877 5246 ldeo
1915 5211 2140 5264 namque

574 5288 699 5342 dicit
729 5303 744 5340 :
772 5286 947 5355 Neque
974 5296 1211 5340 errantes
1242 5299 1371 5340 oves
1401 5284 1721 5339 reducebant
1747 5327 1762 5351 ,
1797 5303 1968 5354 neque
1999 5288 2138 5355 quod

577 5381 802 5446 perierat
823 5377 1126 5446 quaerebant
1147 5374 1306 5445 (Ibid.
1331 5393 1377 5429 υ.
1402 5375 1477 5441 ι),
1504 5389 1672 5443 neque
1693 5376 1828 5443 quod
1853 5378 2138 5431 contritum

575 5478 684 5521 erat
711 5467 1022 5536 alligabant.
1053 5481 1217 5534 neque
1242 5466 1381 5535 quod
1413 5464 1675 5519 infirmum
1704 5465 1990 5530 curabant,
2019 5482 2137 5536 quia

576 5560 776 5626 seipsos
800 5598 814 5621 ,
856 5572 958 5609 non
1001 5571 1126 5609 oves
1151 5596 1165 5620 ,
1214 5557 1511 5624 pascebant.
1557 5556 1782 5622 Idipsum
1817 5554 2006 5610 Paulus
2033 5557 2138 5610 alio

579 5663 621 5695 ιι
645 5648 734 5698 rho
761 5645 1087 5715 significabat
1119 5663 1131 5697 :
1167 5645 1346 5700 Omnes
1373 5663 1483 5714 qua:
1507 5663 1598 5699 sua
1627 5655 1738 5699 sunt
1763 5659 2012 5714 qmcrunt,
2038 5664 2136 5702 non

579 5752 683 5798 qua
709 5735 826 5789 Jesu
872 5736 1056 5790 Christi
1090 5735 1323 5804 (Philip.
1353 5738 1402 5790 2.
1439 5736 1501 5790 ξι
1536 5743 1586 5807 );
1619 5749 1670 5792 et
1703 5752 1939 5803 rursum,
1977 5738 2136 5790 Nemo

2249 3237 2358 3288 qua:
2383 3239 2474 3274 sua
2500 3232 2614 3274 sunt
2641 3233 2848 3290 queant,
2878 3224 2965 3276 sed
2991 3225 3208 3290 proximi
3235 3229 3568 3298 unusquisque
3593 3231 3666 3300 (Ι.
3703 3231 3820 3283 (far.

2252 3314 2335 3367 l0.
2364 3315 2476 3382 2i).
2505 3314 2585 3365 Ab
2615 3323 2837 3382 utroque
2867 3330 3059 3380 genere
3086 3332 3146 3370 se
3173 3315 3414 3374 Christus
3439 3333 3680 3389 segregat
3712 3340 3724 3372 ς
3757 3326 3825 3374 ab

2249 3405 2352 3458 illis
2378 3408 2466 3474 qui
2495 3405 2558 3458 ad
2596 3406 2879 3473 perniciem
2914 3407 3160 3470 veniunt,
3191 3424 3309 3462 cum
3339 3411 3446 3472 ait,
3477 3409 3601 3464 Ideo
3633 3415 3743 3465 veni
3773 3424 3824 3464 ut

2248 3499 2396 3548 eiram
2441 3497 2650 3548 habeant
2679 3537 2693 3562 ,
2726 3505 2772 3550 et
2818 3496 3154 3551 abundantius
3202 3500 3413 3552 habeant
3432 3518 3450 3565 ;
3479 3504 3546 3555 ab
3585 3503 3664 3556 his
3697 3520 3823 3557 \‘CI‘n

2247 3587 2336 3653 qui
2368 3587 2493 3639 nihil
2525 3597 2733 3650 curant,
2767 3589 2808 3640 si
2840 3603 2967 3642 oves
2996 3605 3023 3641 a
3059 3589 3194 3656 lupis
3223 3592 3522 3659 rapiantur;
3555 3609 3672 3647 cum
3707 3596 3823 3648 illas

2247 3691 2350 3729 non
2375 3675 2640 3746 relinquit,
2667 3678 2757 3730 sed
2782 3678 3008 3730 animam
3030 3694 3178 3733 Stl'tln
3205 3682 3345 3746 ponit
3368 3697 3434 3735 ne
3457 3683 3559 3736 illa:
3582 3699 3817 3752 pereant.

2245 3767 2375 3819 Cum
2405 3767 2544 3820 enim
2576 3770 2940 3821 consultarent
2982 3769 3124 3822 illum
3157 3771 3396 3825 occidere
3420 3813 3433 3836 ,
3469 3788 3637 3842 neque
3663 3789 3692 3826 a
3723 3775 3822 3825 do-

2247 3860 2411 3912 ctrina
2441 3859 2674 3922 destitit,
2709 3875 2877 3926 neque
2908 3861 3185 3916 credentes
3216 3863 3475 3930 prodidit;
3509 3867 3600 3918 scd
3639 3869 3780 3919 stetit
3805 3909 3818 3927 ,

2247 3958 2293 4000 et
2321 3959 2543 4002 mortem
2566 3949 2742 4002 subiit.
2773 3947 2894 4002 Ideo
2917 3952 3110 4018 ubique
3132 3951 3359 4015 dicebat,
3385 3953 3491 4023 Ego
3511 3971 3620 4007 sum
3649 3968 3822 4023 pastor

2245 4040 2421 4094 bonus.
2456 4040 2649 4093 Deinde
2677 4055 2796 4092 cmn
2830 4041 3031 4094 nullutn
3058 4041 3244 4096 adesse
3273 4043 3539 4099 videretur
3569 4046 3643 4100 rei
3677 4047 3823 4099 testi-

2245 4129 2478 4182 monium
2503 4131 2645 4199 (nam
2672 4130 2816 4193 illud,
2843 4133 3074 4184 Animam
3101 4150 3260 4186 meam
3285 4151 3432 4201 pono,
3464 4135 3604 4189 brevi
3637 4148 3818 4204 poSIea

2243 4222 2431 4275 accidit
2457 4237 2470 4282 ;
2503 4221 2626 4274 illud
2661 4239 2783 4275 vero
2807 4262 2820 4284 ,
2852 4233 2902 4275 ut
2934 4225 3086 4276 vitam
3127 4224 3373 4288 habeant,
3407 4235 3452 4279 et
3479 4227 3821 4282 abundantius

2245 4313 2496 4376 habeant,
2530 4321 2648 4379 post
2691 4327 2843 4364 suum
2874 4328 2938 4366 ex
2979 4314 3076 4367 hac
3117 4315 3217 4369 vita
3248 4316 3536 4372 discessum
3586 4320 3817 4373 futttrttnt

2245 4402 2403 4469 crat),
2429 4400 2551 4470 quid
2588 4401 2744 4453 facit?
2773 4402 3010 4455 Alterum
3042 4404 3109 4455 ab
3137 4406 3307 4458 altero
3332 4407 3643 4470 confirmat;
3671 4424 3822 4462 llt'tlt-

2245 4508 2310 4560 pc
2339 4507 2402 4544 ex
2443 4507 2506 4546 eo
2536 4491 2672 4560 quod
2710 4491 2798 4544 det
2838 4495 3066 4545 animam
3097 4536 3111 4559 ,
3143 4495 3281 4564 quod
3323 4496 3411 4548 det
3445 4498 3603 4550 etiam
3634 4499 3815 4552 vitam.

2241 4581 2388 4647 Quod
2416 4592 2468 4635 et
2499 4581 2691 4637 Paulus
2720 4582 2927 4637 dicebat
2957 4602 2970 4636 :
2999 4584 3057 4638 Si
3094 4600 3206 4635 cum
3237 4586 3426 4638 inimici
3451 4603 3669 4641 essemus
3693 4629 3707 4651 ,
3742 4607 3821 4642 re-

2241 4674 2491 4726 conciliati
2517 4690 2686 4728 sumus
2717 4673 2824 4727 Deo
2853 4691 2941 4742 per
2966 4684 3173 4728 mortem
3202 4674 3325 4728 Filii
3351 4680 3460 4745 ejus
3488 4693 3506 4729 :
3527 4679 3686 4732 multo
3714 4698 3820 4733 ma-

2240 4767 2314 4833 gis
2343 4766 2648 4820 reconciliati
2685 4768 2811 4820 salvi
2839 4769 3022 4821 erimus
3048 4769 3065 4835 (
3092 4766 3236 4820 Rom.
3263 4770 3313 4823 5.
3349 4767 3474 4840 10
3512 4769 3577 4824 Et
3605 4787 3815 4826 rursum

2241 4855 2361 4908 alibi
2384 4872 2395 4907 :
2421 4856 2519 4922 Qui
2537 4858 2684 4908 etiam
2705 4857 2838 4911 Filio
2850 4876 2940 4911 sua
2958 4876 3056 4911 non
3088 4861 3322 4927 pepercit,
3342 4861 3416 4931 (a)
3435 4860 3544 4932 [sed
3560 4879 3651 4932 pro
3677 4866 3817 4918 nobis

2241 4946 2466 4999 onmibus
2506 4947 2713 4999 tradidit
2750 4948 2892 5000 illum
2917 4946 2956 5018 ,]
2981 4949 3233 5016 quomodo
3273 4965 3373 5002 non
3410 4953 3558 5003 etiam
3586 4970 3698 5004 eum
3731 4955 3816 5006 illo

2241 5039 2407 5089 omnia
2449 5039 2589 5090 nobis
2619 5037 2820 5091 donabit
2847 5046 2858 5106 (
2889 5038 3033 5091 liam.
3064 5040 3114 5094 8.
3147 5041 3213 5093 52
3234 5041 3251 5108 )
3274 5040 3296 5092 ?
3321 5040 3423 5094 Sed
3455 5059 3546 5095 cur
3574 5058 3678 5096 tton
3706 5045 3814 5112 jam

2241 5142 2489 5184 accusant
2517 5131 2666 5184 illaut
2695 5139 2748 5184 ut
2779 5133 2922 5199 prius
2943 5173 2955 5193 ,
2988 5132 3227 5187 dicentes
3252 5151 3264 5184 :
3296 5131 3371 5186 Tu
3398 5135 3460 5186 de
3487 5135 3642 5201 teipse
3676 5137 3814 5188 testi-

2241 5224 2458 5275 monium
2499 5222 2722 5292 perhibes
2747 5264 2761 5288 ,
2811 5224 3146 5276 testimonium
3195 5235 3334 5276 tuum
3379 5240 3478 5276 non
3525 5236 3596 5276 est
3647 5239 3814 5276 verum

2241 5312 2429 5378 (Joan.
2459 5313 2509 5369 8.
2546 5313 2692 5383 13)?
2721 5314 2848 5379 Quia
2880 5329 3022 5382 stupe
3051 5315 3171 5368 illos
3200 5314 3355 5368 silere
3382 5327 3661 5384 coegerat:
3697 5327 3748 5370 et
3785 5331 3815 5371 a

2238 5405 2401 5474 signis
2446 5405 2615 5474 major
2656 5413 2953 5459 accesserat
2997 5404 3185 5459 fiducia
3211 5447 3224 5469 ,
3269 5415 3325 5458 ut
3366 5405 3467 5458 illis
3505 5407 3809 5460 obsisteret.

2241 5496 2438 5550 Deinde
2465 5496 2584 5565 quia
2616 5497 2857 5565 superius
2883 5495 3089 5549 dixerat
3117 5514 3130 5548 :
3163 5496 3226 5548 Et
3259 5511 3369 5548 oves
3398 5512 3561 5549 vocem
3585 5497 3695 5567 ejus
3721 5513 3812 5549 au-

2237 5589 2400 5654 diunt,
2425 5598 2469 5641 et
2495 5597 2766 5658 sequuntur
2790 5603 2937 5651 eum;
2969 5601 3034 5640 ne
3062 5587 3180 5655 quis
3203 5585 3423 5652 diceret,
3450 5586 3584 5655 Quid
3611 5587 3677 5641 ad
3707 5602 3809 5640 nou

2297 5744 2368 5803 (α)
2393 5743 2580 5792 t‘ucinis
2611 5740 2767 5792 clausa
2791 5742 2966 5793 desunt
2992 5755 3039 5793 tu
3063 5743 3346 5806 quibusdam
3363 5749 3466 5791 Mss.
