4088 6492
225 516 348 574 ⁸599

251 621 578 689 credentes?
613 615 740 674 audi
763 609 889 686 quid
915 604 1076 664 addat
1100 616 1118 661 :
1139 598 1215 653 'Et
1248 606 1496 689 cognosco
1525 602 1651 689 ουδῖ
1663 599 1800 687 meas
1821 621 1837 646 ,

253 674 638 789 cognoscunt
667 723 745 762 me
956 691 1106 764 Quod
1147 698 1203 745 et
1241 685 1438 743 Paulus
1477 674 1841 751 signiﬁcavit:

257 765 613 874 beneﬁcus
659 798 798 854 Deus
843 787 1087 863 populum
1130 795 1299 874 suum-
1317 790 1462 874 quem
1485 765 1846 874 -prtecog.noeit

594 891 684 961 i);
714 896 768 943 et
796 859 1005 953 Mbyses
1033 895 1048 932 :
1079 869 1320 945 Cognovit
1347 864 1595 921 Dominus
1619 859 1704 931 qui
1730 863 1847 958 sunt

258 945 466 1062 $31.13.
476 945 644 1038 ‘ii...’
657 945 712 1034 ἐ.
733 973 833 1043 l9)
858 945 1016 1026 :villos
1036 965 1176 1025 dico,
1198 959 1398 1062 inquit,
1421 945 1843 1062 quos-pmsdvj.

263 1034 466 1135 Eine;
505 1034 798 1141 nenparem
815 1034 1147 1132 cognitionis
1183 1048 1400 1141 modum
1417 1052 1653 1141 ‘putares
1675 1078 1691 1105 ,
1723 1034 1847 1091 audi

257 1166 534 1241 quomodo
558 1134 685 1218 illud
717 1172 811 1228 per
834 1149 1107 1223 sequentia
1127 1140 1376 1211 corrigat.
1406 1134 1844 1241 Cognosco'meos,

504 1265 550 1311 et
585 1221 888 1323 cognoscant
916 1221 1002 1298 me
1036 1251 1179 1296 mete.
1221 1230 1329 1290 Sed
1346 1242 1479 1332 “non
1516 1221 1734 1326 aequalis
1767 1223 1851 1274 est

700 1339 793 1396 ubi
835 1330 1055 1406 aequalis
1096 1324 1217 1383 est?
1247 1323 1304 1377 ln
1346 1319 1506 1375 Patre
1551 1312 1687 1422 etin
1716 1322 1847 1364 me:

266 1400 387 1497 na‘r’n
411 1400 562 1495 Sicut
584 1434 836 1504 cognoscit
855 1400 935 1480 me
958 1421 1137 1486 Pater,
1161 1424 1206 1470 et
1231 1427 1320 1485 ego
1345 1419 1591 1481 cognosco
1620 1400 1846 1456 Patrem.

721 1518 950 1591 probare
978 1510 1271 1568 voluisset,
1302 1517 1398 1558 cur
1437 1498 1491 1554 id
1518 1487 1852 1591 addidisset?

265 1623 398 1692 Quia
425 1618 572 1676 enim
597 1628 658 1670 se
684 1580 989 1681 frequenter
1005 1603 1070 1656 in
1101 1607 1418 1654 creterorum
1444 1587 1632 1642 ordine
1661 1580 1808 1652 ponit
1833 1618 1850 1644 ,

265 1675 335 1772 1:0
367 1713 494 1785 quis
533 1716 742 1780 putaret
779 1675 838 1756 se
878 1699 951 1754 ita
981 1701 1317 1763 cegnoseere
1349 1684 1568 1740 Patrem
1591 1686 1656 1732 ut
1692 1675 1854 1730 homo

265 1772 579 1879 cognoscit,
605 1795 836 1854 subdidit
864 1808 878 1844 :
907 1790 1054 1845 Sicut
1089 1779 1342 1854 cognoscit
1369 1791 1449 1831 me
1477 1772 1659 1835 Pater,
1688 1775 1734 1822 et
1762 1780 1853 1835 ego

266 1858 517 1970 cognosco
545 1892 773 1946 Patrem.
801 1886 875 1940 lta
898 1879 1136 1954 perfecte
1149 1876 1334 1942 ipsum
1360 1877 1642 1937 cognosco,
1665 1868 1722 1914 ut
1742 1858 1856 1927 ipse

1231 1963 1242 1970 .
1302 1958 1398 1970 .....
1686 1948 1834 1970 ,,_,_

557 1979 786 2038 dicebat,
821 1948 986 2030 Nemo
1012 1963 1266 2038 cognoscit
1293 1958 1512 2020 Filium,
1548 1951 1647 2024 nisi
1673 1948 1852 2012 Pater,

265 2088 313 2134 et
335 2077 570 2138 Patrem,
591 2072 689 2126 nisi
709 2062 1048 2136 Filius-(Luc.
1075 2057 1166 2113 10.
1185 2051 1301 2124 2%),
1325 2047 1855 2138 peculiarem-quam-

265 2170 389 2224 dam
414 2163 773 2236 cognitionem
804 2132 1067 2216 iudicans,
1095 2155 1150 2202 et
1177 2142 1386 2216 qualem
1416 2148 1573 2191 nemo
1598 2132 1733 2186 alius
1764 2142 1858 2197 po-

269 2267 374 2317 test
396 2225 680 2326 attibgere.
710 2249 822 2319 Ego
853 2259 984 2317 pono
1010 2241 1233 2296 animum
1260 2247 1439 2288 meam.
1467 2227 1522 2283 ω
1556 2225 1858 2293 frequen-ter

266 2353 420 2418 dicit,
455 2365 515 2406 se
528 2311 649 2403 -ἶιοη
679 2311 1020 2410 deceptorem
1046 2346 1166 2389 esse
1191 2326 1488 2384 declarans.
1517 2311 1860 2385 Quandoqui-

266 2442 392 2499 dem
443 2436 718 2509 apostolus
742 2407 910 2486 att—se
946 2440 1130 2483 verum
1170 2419 1480 2488 magistrum
1510 2407 1855 2468 ostenderet,

252 2547 440 2603 seque
468 2501 616 2585 falsis
643 2521 899 2596 apostolis
927 2519 1242 2588 opponeret,
1272 2523 1336 2563 ex
1369 2501 1616 2574 periculis
1641 2505 1696 2554 et
1724 2511 1860 2603 moro

258 2586 555 2678 tib'ussese
576 2586 914 2670 commendat
935 2586 1122 2662 dicens
1146 2617 1161 2656 :
1183 2599 1211 2653 1
1220 2617 1251 2652 n
1267 2595 1435 2669 plagis
1455 2606 1611 2662 supra
1632 2586 1856 2678 modum,

269 2674 596 2766 manu...
617 2706 901 2776 frequenter
923 2699 1002 2770 (Ξ.
1023 2695 1150 2750 Cor.
1182 2692 1265 2746 ll.
1297 2687 1412 2756 ss).
1443 2683 1578 2738 Cum
1604 2678 1744 2734 enim
1774 2674 1858 2729 di-

257 2809 440 2866 ceret,
464 2799 592 2854 Sum
617 2768 727 2861 lux,
752 2768 1013 2856 Sum-vita,
1037 2801 1104 2842 ex
1120 2784 1258 2839 fastu
1283 2777 1426 2848 loqui
1448 2771 1585 2844 apud
1611 2768 1863 2838 insipien-

261 2903 356 2950 etes
384 2891 699 2955 videbatur;
726 2901 845 2941 cum
875 2896 1003 2938 vero
1034 2876 1276 2940 dicebat,
1307 2869 1440 2927 Mori
1470 2866 1594 2921 volo
1617 2904 1631 2930 ,
1659 2861 1860 2917 nullam

261 2949 376 3039 sibi
425 2949 694 3037 invidiam'
723 2976 979 3048 pariebat.
1023 2968 1149 3023 ldeo
1192 2965 1280 3018 hic
1324 2975 1429 3016 non
1461 2957 1646 3012 dicunt
1670 2952 1752 3017 ei,
1785 2949 1864 3004 Tu

271 3075 610 3135 testimonium
637 3069 861 3144 perhibes
882 3064 946 3124 de
973 3063 1152 3137 teipso,
1177 3053 1508 3115 testimonium
1533 3059 1671 3104 tuum
1694 3059 1861 3099 verum

275 3186 378 3224 non
393 3176 482 3222 est.
501 3167 613 3222 lloc
626 3137 1047 3231 verbomagnam
1064 3153 1357 3212 exhibebat
1371 3161 1573 3208 curam,
1593 3139 1638 3199 si
1651 3137 1862 3213 quidem

276 3275 376 3331 pro
403 3254 759 3327 lapidantibus
783 3250 994 3305 volebat
1013 3262 1072 3302 se
1097 3243 1327 3300 tradere.

347 3348 403 3403 Ξ.
449 3347 739 3416 Propterea
799 3341 868 3397 de
924 3335 1172 3408 gentibus
1217 3338 1517 3400 opportune
1557 3334 1864 3379 sermonem

277 3439 504 3496 inducit.
536 3435 628 3491 16.
654 3432 860 3487 Etenim
888 3428 1017 3482 alias
1045 3440 1158 3480 oves
1183 3421 1363 3486 habeo,
1405 3431 1519 3487 qua:
1543 3430 1645 3468 non
1669 3419 1784 3466 sunt
1805 3425 1867 3464 ea:

276 3531 376 3584 hoc
403 3527 521 3582 ouili
552 3542 572 3580 :
601 3534 648 3578 et
685 3522 803 3576 illos
827 3525 1131 3589 Oportet-me
1155 3511 1428 3566 adducere.
1458 3506 1539 3559 En
1567 3515 1751 3558 rursus
1773 3513 1869 3554 vo—

275 3634 398 3676 cem
432 3615 641 3687 Oportet
669 3611 908 3676 adhibet,
933 3621 1052 3677 qua:
1085 3618 1193 3660 non
1236 3597 1608 3655 necessitatem
1638 3589 1866 3655 indicat,

280 3710 379 3766 sed
405 3680 518 3764 rem
558 3718 778 3777 prorsus
814 3714 934 3756 esse
960 3695 1231 3756 futuram;
1272 3703 1335 3744 ac
1380 3687 1425 3742 si
1460 3685 1700 3740 diceret:
1731 3680 1870 3749 Quid

285 3776 575 3862 miramini,
603 3793 648 3848 si
675 3792 730 3846 hi
747 3805 834 3844 me
861 3783 1137 3867 sequuturi
1159 3788 1304 3845 sunt,
1335 3785 1391 3833 et
1437 3776 1482 3830 si
1528 3786 1657 3829 oves
1682 3782 1868 3825 vocem

286 3904 460 3947 meam
487 3887 594 3942 sint
613 3881 916 3941 auditune?
956 3878 1092 3934 Cum
1120 3874 1263 3930 enim
1302 3869 1434 3925 alias
1459 3880 1546 3922 me
1588 3868 1873 3934 sequentes

291 3979 561 4045 videbitis,
589 3985 644 4032 et
669 3988 856 4030 vocem
883 3983 1055 4026 meam
1085 3965 1380 4026 audientes,
1413 3968 1539 4013 tunc
1579 3954 1748 4025 magis
1772 3952 1872 4008 ob-

289 4039 628 4140 stupescetis.
657 4063 769 4120 Etsi
791 4076 920 4116 vero
940 4059 1105 4120 dicat,
1131 4054 1255 4121 Qua
1274 4065 1375 4105 non
1400 4055 1510 4102 sunt
1527 4061 1592 4100 ea:
1611 4046 1705 4098 hoc
1733 4039 1872 4106 ovili,

292 4178 362 4220 ne
381 4136 650 4215 iturberis.
689 4151 995 4209 Diﬁ'erentia
1033 4147 1176 4202 enim
1219 4144 1272 4197 in
1313 4141 1432 4210 lege
1474 4136 1648 4193 solum
1685 4142 1787 4196 est,
1819 4139 1878 4186 ut

288 4258 368 4312 ait
387 4253 582 4311 Paulus
615 4266 630 4305 :
656 4247 835 4318 Neque
851 4239 1160 4298 circumcisio
1181 4226 1374 4304 aliquid
1395 4231 1544 4297 colet,
1571 4240 1728 4297 neque
1747 4237 1878 4296 pra:-

295 4347 513 4419 putium.
541 4339 607 4395 Et
636 4314 761 4394 illas
777 4341 972 4405 oportet
1015 4345 1094 4384 me
1123 4327 1374 4382 adducere
1398 4322 1482 4392 (l.
1511 4318 1629 4374 Cor.
1662 4317 1714 4370 7.
1747 4316 1813 4371 l9
1834 4314 1874 4384 ).

299 4407 542 4494 beclamt
578 4443 827 4501 utrosque
852 4427 1121 4495 dispersos
1147 4426 1204 4476 et
1230 4413 1551 4474 commixtos
1588 4423 1730 4475 esse,
1764 4407 1880 4463 sine

301 4524 624 4599 pastoribus,
649 4499 770 4576 cum
809 4514 1043 4572 nondum
1085 4518 1270 4580 pastor
1305 4505 1394 4561 ille
1418 4503 1593 4558 bonus
1621 4499 1877 4554 venisset.

305 4591 505 4673 licinde
533 4614 762 4668 futuram
803 4607 1013 4663 illorum
1055 4597 1486 4669 coniunctionem
1512 4591 1834 4665 prsenuntiat
1864 4605 1880 4644 :

1299 481 1380 538 ΙΝ
1417 470 1726 537 JOANNEII
1767 466 1993 526 HOMIL.
2028 462 2149 519 LX.
2190 463 2261 518 al.
2295 460 2431 518 LIX.

3434 451 3544 509 ἔδω

1953 574 2105 642 mini,
2129 572 2255 643 quia
2282 586 2382 642 ego
2404 582 2502 641 pro
2531 565 2682 622 vobis
2706 562 2928 620 morior.
2962 561 3240 618 Prteterea
3265 558 3398 616 illud
3423 561 3541 615 vult

1949 663 2342 728 demonstrare,
2364 674 2423 715 se
2450 671 2556 713 non
2584 655 2808 712 invitum
2837 660 3066 729 mortem
3095 649 3280 717 adire;
3309 649 3469 721 (nam
3497 649 3546 706 si

1950 754 2146 810 invitus
2171 760 2494 815 moreretur,
2521 745 2791 818 quomodo
2812 742 2865 800 id
2889 741 3090 798 amoris
3116 740 3387 796 vinculum
3415 739 3546 795 fuis-

1950 846 2108 918 set)?
2128 854 2182 900 et
2214 843 2357 914 quod
2383 856 2446 897 ea
2487 839 2719 894 maxime
2744 837 2816 892 sit
2839 833 3019 890 Patris
3062 832 3329 887 voluntas.
3354 830 3409 887 Si
3448 845 3547 886 auo

1943 945 2060 993 tem
2081 934 2314 991 uthomo
2341 933 2444 987 hoc
2467 930 2735 1000 loquatur,
2766 940 2834 982 ne
2858 923 3068 980 mireris
3097 941 3112 978 :
3143 936 3288 992 saepe
3316 935 3547 991 namque

1953 1028 2109 1098 hujus
2130 1025 2210 1082 rei
2256 1037 2473 1080 causam
2501 1021 2733 1076 diximus
2757 1057 2773 1082 ,
2801 1013 3237 1087 superﬂuumqne
3259 1020 3319 1067 et
3345 1020 3546 1066 onero-

1950 1131 2073 1175 sum
2095 1126 2240 1175 esset
2263 1117 2316 1172 id
2341 1123 2606 1186 repetere.
2633 1110 2750 1184 Ego
2775 1124 2907 1180 pono
2926 1107 3149 1161 animum
3169 1120 3353 1173 mean,
3373 1113 3428 1159 ut
3452 1103 3549 1158 ite-

1952 1228 2068 1265 rum
2112 1225 2309 1266 sumam
2358 1222 2468 1262 eam
2491 1205 2624 1260 δίε.
2645 1213 2703 1257 et
2730 1216 2878 1256 nemo
2923 1199 3055 1253 tollit
3091 1212 3259 1253 eama
3284 1211 3383 1250 me.
3430 1192 3558 1266 Ego,

1952 1317 2088 1374 pono
2110 1317 2219 1356 eam
2243 1316 2276 1354 a
2304 1300 2518 1370 meipso.
2549 1294 2860 1349 Potestatem
2890 1289 3049 1344 habeo
3073 1288 3298 1361 ponendi
3320 1287 3547 1350 animum

1954 1409 2138 1461 meam,
2162 1401 2208 1446 et
2228 1399 2524 1462 potestatem
2569 1385 2727 1440 habeo
2755 1380 2986 1439 sumendi
3032 1395 3176 1434 eam.
3222 1378 3357 1446 Quia
3397 1378 3543 1434 enim

1953 1501 2100 1557 stupe
2128 1484 2412 1541 consilium
2445 1480 2678 1536 inierant
2703 1486 2761 1531 ut
2787 1475 2938 1530 illum
2964 1465 3350 1536 interﬁcerent,
3380 1469 3546 1526 dicit:

1957 1579 2040 1634 Me
2087 1577 2345 1640 nolente,
2398 1572 2600 1629 inutilis
2645 1571 2803 1625 labor
2853 1574 3031 1620 vester
3081 1564 3215 1630 erit;
3244 1572 3354 1618 eta
3384 1560 3549 1632 priori

1953 1668 2250 1724 secundum
2277 1664 2557 1720 conﬁrmat
2581 1703 2594 1727 ,
2624 1676 2654 1715 a
2682 1666 2857 1715 morte
2912 1654 3384 1711 resurrectionem.
3438 1650 3551 1706 lloc

1951 1760 2102 1816 enim
2126 1757 2449 1828 stupendum
2479 1750 2958 1819 admirandumque
2985 1755 3086 1802 est.
3112 1746 3322 1800 Etenim
3338 1753 3553 1822 utrum-

1960 1867 2066 1922 que
2113 1864 2313 1905 novum
2344 1847 2437 1901 [uit
2465 1854 2520 1901 et
2557 1852 2760 1914 praeter
2805 1815 3150 1895 communem
3203 1815 3552 1893 consuetudi-

1961 1955 2104 1994 nem.

2031 2030 2261 2086 Christus
2294 2026 2546 2097 quomodo
2585 2032 2879 2096 potestatem
2912 2019 3060 2074 habet
3086 2020 3306 2088 ponendi
3343 2027 3388 2071 et
3414 2032 3556 2071 resu-

1961 2121 2130 2176 mendi
2155 2121 2395 2174 animum.
2413 2116 2653 2170 —Dicto
2686 2113 2847 2184 igitur
2872 2111 3158 2180 diligenter
3195 2109 3552 2163 attendamus.

1964 2211 2274 2266 Potestatcm
2299 2209 2479 2273 habeo,
2518 2207 2708 2276 inquit,
2747 2202 2971 2274 ponendi
2997 2202 3220 2256 animam
3242 2215 3425 2253 meam.
3450 2200 3554 2255 Ec-

1962 2303 2082 2372 quis
2110 2309 2427 2372 pelestatem
2455 2314 2562 2353 non
2606 2295 2798 2350 habeat
2823 2291 3054 2364 ponendi
3082 2290 3314 2345 animam
3361 2289 3556 2343 suam?

1958 2396 2198 2464 Quisque
2233 2394 2375 2447 enim
2401 2399 2580 2462 potest
2611 2403 2670 2442 se
2708 2386 3036 2441 interimere.
3071 2381 3272 2436 Verum
3316 2394 3424 2436 non
3453 2378 3556 2433 hoc

1964 2499 2123 2540 seusu
2149 2482 2398 2551 loquitur.
2430 2476 2711 2546 Quomodo
2742 2473 2912 2544 ergo?
2940 2473 3014 2526 ita
3047 2479 3364 2540 potestatem
3387 2468 3560 2524 habeo

1966 2573 2193 2645 ponendi
2249 2587 2367 2627 eam
2395 2611 2409 2637 ,
2445 2580 2502 2623 ut
2530 2581 2694 2624 nemo
2717 2566 2892 2636 possit
2919 2578 3004 2618 me
3034 2563 3252 2618 nolente
3282 2561 3331 2616 id
3359 2559 3556 2616 facere.

1965 2665 2130 2721 Secus
2172 2671 2350 2718 autem
2395 2659 2576 2716 cteteri
2623 2656 2888 2712 homines.
2916 2653 3026 2710 Nos
3053 2653 3198 2708 enim
3242 2640 3559 2722 potestatem

1966 2772 2071 2812 non
2119 2754 2376 2810 habemus
2412 2751 2646 2806 animam
2682 2745 2952 2818 ponendi,
2994 2743 3098 2799 nisi
3129 2742 3428 2798 occidendo
3455 2755 3561 2796 nos

1967 2849 2133 2918 ipsos.
2167 2832 2226 2902 Si
2253 2852 2434 2899 autem
2471 2843 2524 2896 in
2575 2837 2918 2894 insidiatores
2945 2833 3267 2898 incidamus,
3294 2833 3384 2903 qui
3418 2831 3562 2886 occi-

1965 2938 2094 2993 dere
2123 2936 2346 3011 possint,
2373 2947 2478 2992 non
2512 2931 2649 2990 ultra
2684 2935 3004 3004 potestatem
3027 2924 3288 2985 habemus
3307 2927 3557 2997 ponendi,

1968 3044 2172 3096 necne;
2199 3030 2294 3085 sed
2338 3029 2520 3083 invitis
2557 3025 2715 3081 nobis
2741 3023 2819 3078 illi
2845 3021 3116 3078 occidunt.
3149 3019 3207 3076 In
3235 3019 3450 3076 Christo
3474 3032 3561 3076 se-

1968 3140 2064 3179 cus
2095 3142 2108 3179 :
2142 3139 2263 3177 nam
2290 3121 2408 3176 aliis
2438 3117 2832 3183 insidiantibus,
2865 3123 3075 3186 poterat
3104 3114 3195 3170 ille
3227 3129 3332 3169 non
3361 3127 3562 3184 ponere

1967 3215 2222 3269 animam.
2252 3211 2383 3266 Cum
2427 3207 2657 3263 dixisset
2690 3220 2838 3276 ergo,
2870 3203 3038 3258 Nemo
3067 3204 3199 3257 tollit
3248 3219 3359 3257 eam
3386 3219 3419 3256 a
3444 3219 3560 3269 me;

1969 3303 2194 3368 addidit,
2223 3300 2537 3355 Potestatem
2561 3295 2719 3350 habeo
2759 3293 2980 3364 ponendi
3019 3293 3243 3346 animam
3281 3308 3480 3358 meam;
3509 3293 3564 3346 id

1970 3403 2072 3457 est,
2106 3393 2216 3461 Ego
2244 3390 2394 3444 solus
2415 3401 2631 3458 possum
2660 3399 2860 3455 ponere
2884 3383 3027 3438 illam
3059 3399 3072 3434 :
3105 3381 3248 3452 quod
3278 3382 3428 3437 vobis
3459 3398 3564 3438 non

1970 3482 2246 3553 competit.
2273 3479 2408 3535 Nam
2430 3476 2580 3532 multi
2608 3475 2695 3529 alii
2726 3483 2953 3545 possunt
2976 3473 3210 3526 animam
3241 3464 3397 3527 nobis
3425 3473 3567 3528 abri-

1973 3589 2120 3646 pere.
2145 3571 2250 3630 Sed
2283 3572 2384 3627 hoc
2424 3570 2477 3624 in
2521 3567 2785 3646 principio
2814 3578 2921 3619 non
2944 3562 3112 3629 dixit;
3141 3578 3315 3635 neque
3341 3566 3485 3619 enim
3514 3565 3566 3620 id

1973 3666 2235 3724 creditum
2267 3664 2475 3726 fuisset,
2503 3644 2748 3715 sed‘cum
2775 3672 2839 3712 ex
2863 3657 3024 3711 rebus
3052 3656 3180 3726 ipsis
3201 3655 3566 3723 testimonium

1975 3758 2198 3828 accepit,
2222 3771 2285 3811 ac
2310 3769 2453 3824 smpe
2474 3752 2787 3808 insidiantes
2808 3763 2912 3802 non
2940 3721 3227 3816 potuerunt
3263 3760 3386 3805 eum
3415 3721 3568 3804 eam.

1978 3847 2308 3920 prehendere
2329 3845 2669 3915 (frequenter
2691 3838 2838 3895 enim
2860 3853 2923 3892 ex
2953 3836 3197 3891 manibus
3233 3851 3422 3891 eorum
3460 3836 3572 3892 ela-

1978 3955 2107 4011 psus
2135 3939 2252 4009 est)
2278 3977 2294 4004 ,
2338 3947 2465 3990 tunc
2504 3933 2719 3988 demum
2749 3932 2821 3986 ait
2855 3948 2868 3984 :
2899 3927 3066 3982 Nemo
3111 3925 3244 3980 tollit
3271 3943 3383 3982 eam
3409 3942 3442 3982 α
3471 3943 3569 3982 me.

1979 4029 2035 4088 Si
2066 4032 2166 4084 hoc
2187 4042 2368 4083 verum
2404 4032 2508 4090 est,
2539 4022 2664 4078 hinc
2691 4019 2933 4090 sequitur
2959 4032 3083 4072 eum
3115 4017 3347 4071 libenter
3375 4015 3442 4071 ad
3471 4015 3573 4072 hoc

1981 4121 2226 4183 venisse;
2258 4116 2491 4187 indeque
2519 4113 2885 4171 conﬁrmatur,
2941 4108 3090 4163 illum
3130 4121 3287 4177 posse
3323 4121 3444 4161 cum
3474 4103 3600 4163 vo-‘

1982 4211 2142 4268 luerit
2165 4224 2284 4265 eam
2323 4219 2618 4263 resumere.
2644 4201 2780 4258 Nam
2806 4201 2852 4256 si
2879 4201 2948 4254 ita
2973 4199 3108 4253 mori
3140 4197 3257 4267 plus
3284 4212 3444 4267 quam
3471 4197 3575 4253 lm-

1983 4317 2200 4361 manum
2221 4308 2323 4366 est,
2356 4298 2422 4355 de
2443 4296 2650 4366 reliquo
2673 4310 2743 4350 ne
2767 4293 2995 4348 dubites.
3036 4289 3248 4345 Etenim
3276 4305 3398 4344 cum
3420 4290 3572 4345 solus

1985 4398 2056 4450 sit
2075 4394 2236 4449 vitam
2259 4389 2488 4462 ponendi
2509 4388 2779 4453 dominus,
2797 4399 2918 4440 cum
2940 4382 3128 4439 eadem
3147 4390 3413 4454 potestate
3431 4383 3576 4438 illam

1985 4501 2108 4542 cum
2138 4483 2365 4539 voluerit
2412 4486 2672 4536 resumet.
2706 4475 2889 4532 Viden‘
2920 4473 3192 4544 quomodo
3220 4488 3249 4527 a
3295 4472 3458 4542 priori
3487 4486 3579 4529 sco

1988 4577 2219 4635 cundum
2247 4574 2456 4645 probet,
2497 4580 2553 4628 et
2580 4585 2611 4624 a
2637 4575 2811 4624 morte
2827 4565 3275 4621 resurrectionem
3317 4562 3582 4618 indubita-

1989 4683 2100 4729 tam
2125 4667 2408 4726 ostendat?
2463 4665 2574 4720 Hoc
2599 4671 2904 4732 prleceptum
2929 4657 3101 4726 accepi
3132 4672 3164 4710 a
3201 4655 3357 4710 Patre
3379 4654 3399 4725 (
3421 4653 3579 4708 Joan.

305 4709 371 4766 Et
395 4709 486 4762 erit
524 4720 678 4759 unum
728 4701 874 4756 ovile.
904 4694 1055 4764 Quod
1086 4694 1261 4764 ipsum
1287 4687 1486 4745 Paulus
1526 4681 1881 4754 signiﬁcavit:

308 4800 374 4856 Ut
400 4801 526 4853 duos
553 4794 736 4851 condat
770 4793 824 4845 in
856 4787 1118 4857 semetipso
1156 4785 1209 4838 in
1239 4797 1397 4836 unum
1423 4793 1605 4832 novum
1635 4773 1887 4830 hominem

309 4888 538 4960 (Ephes.
567 4883 622 4938 Ξ.
651 4880 771 4955 15).
801 4882 887 4936 l7.
919 4878 1194 4948 Propterea
1235 4887 1315 4926 me
1341 4869 1506 4941 diligit
1542 4866 1719 4930 Pater,
1770 4863 1890 4933 quia

311 4953 407 5050 ego.
422 4977 644 5031 animum
655 4953 816 5027 meam
831 4985 982 5041 pono,
1001 4978 1053 5021 ut
1074 4969 1255 5020 iterum
1274 4962 1518 5038 accipiam
1538 4974 1670 5012 eam.
1684 4953 1890 5026 Ecquid

313 5034 415 5124 hoc
443 5068 607 5124 verbo
649 5034 942 5120 humilius?
974 5058 1242 5130 siquidem
1266 5034 1487 5127 prepter
1513 5065 1613 5108 nos
1636 5049 1893 5104 Dominus

312 5157 572 5216 amandus
591 5163 697 5220 est,
727 5153 977 5224 quoniam
1000 5165 1097 5220 pro
1122 5147 1278 5202 nobis
1300 5143 1544 5200 moritur.
1575 5137 1712 5209 Quid
1741 5152 1890 5208 ergo,

314 5253 402 5320 die
429 5248 601 5306 mihi?
634 5264 702 5303 an
728 5244 988 5316 superiori
1019 5253 1259 5312 tempore
1287 5254 1396 5295 non
1420 5236 1758 5308 diligebatur,
1798 5230 1894 5287 sed

317 5338 730 5409 nunc’diligere
772 5335 967 5403 incepit
994 5333 1171 5398 Pater,
1198 5341 1252 5386 et
1269 5343 1367 5384 nos
1409 5328 1461 5382 in
1491 5339 1652 5381 causa
1698 5319 1897 5376 amoris

1993 4764 2082 4822 12.
2115 4762 2182 4818 t9
2206 4763 2246 4831 ).
2272 4756 2595 4826 Quodnam?
2620 4753 2692 4811 Ut
2715 4752 2913 4808 moriar
2944 4763 3043 4820 pro
3068 4747 3288 4803 mundo.
3317 4744 3455 4802 Num
3481 4759 3582 4800 ex-

1993 4855 2256 4927 spectavit
2277 4852 2446 4907 donec
2465 4847 2706 4912 audiret,
2732 4853 2785 4901 et
2811 4853 2936 4898 tunc
2960 4839 3252 4910 acquievit,
3279 4848 3334 4893 et
3358 4853 3428 4892 an
3446 4850 3588 4908 opus

1994 4945 2178 5002 habuit
2213 4941 2460 4998 discere?
2490 4937 2686 5006 Ecquis
2713 4949 2877 4990 sanus
2905 4933 3007 4988 hoc
3031 4929 3265 4986 dixerit?
3294 4928 3494 4984 Verum
3525 4937 3593 4982 ut

1996 5051 2158 5107 supra
2187 5049 2308 5089 cum
2338 5032 2498 5095 dicit,
2535 5029 2810 5098 Propterea
2834 5042 2914 5079 me
2939 5024 3094 5078 Pater
3139 5021 3326 5092 diligit,
3357 5021 3586 5075 liberam

1999 5125 2234 5184 ostendit
2269 5123 2615 5185 voluntatem,
2650 5129 2703 5174 et
2725 5117 3049 5173 contrariam
3077 5113 3279 5169 amovit
3323 5113 3587 5183 suspicio-

2001 5234 2124 5276 nem
2157 5235 2170 5272 :
2203 5231 2282 5272 sic
2320 5224 2376 5271 et
2403 5214 2506 5268 hoc
2531 5214 2648 5267 loco
2669 5225 2791 5266 cum
2820 5209 2949 5265 dicit
2984 5223 3045 5264 se
3071 5214 3400 5276 praeceptum
3429 5221 3593 5261 acce-

2001 5311 2190 5381 pissea
2217 5308 2398 5373 Patre,
2420 5305 2552 5362 nihil
2576 5302 2720 5358 aliud
2741 5301 3002 5366 declarat,
3030 5313 3188 5369 quam
3217 5298 3360 5354 Patri
3383 5299 3597 5368 placere

320 5433 418 5501 ipsi
442 5387 686 5486 iuimur‘l-
704 5387 1172 5496 VVideuv'uquantum
1199 5429 1399 5477 nostra:
1441 5433 1501 5474 se
1526 5410 1864 5473 aceommode

2003 5398 2145 5470 quod
2171 5399 2284 5501 ipse
2307 5397 2463 5461 facit;
2492 5409 2560 5450 ne
2589 5393 2823 5448 occisum
2854 5400 3036 5460 postea
3066 5389 3236 5454 illum,
3265 5402 3296 5442 a
3323 5387 3482 5443 Patre
3506 5403 3598 5457 pu-

323 5518 652 5578 Ιηῦιιηήιςιιίῖ
689 5517 824 5587 Quid
869 5480 956 5572 hi;
981 5530 1110 5586 ergo
1143 5514 1257 5568 vult
1280 5511 1537 5582 probam?
1587 5507 1723 5562 Cum
1765 5505 1898 5560 alie.
2006 5499 2181 5547 tareut
2210 5489 2528 5544 derelictum
2558 5494 2612 5540 et
2632 5483 2924 5555 proditum,
2955 5496 3056 5537 nec
3082 5480 3510 5552 exprobrarent,
3546 5489 3599 5534 III

325 5631 450 5670 num
474 5613 624 5668 illum
647 5626 679 5666 a
698 5573 860 5665 Patre
893 5618 947 5664 et
969 5573 1310 5675 deceptorem
1332 5601 1590 5662 dicerent,
1621 5597 1902 5667 ipsumque
2007 5596 2193 5639 revera
2255 5578 2648 5648 exprobrarant
2676 5592 2688 5630 :
2717 5576 2855 5629 Alios
2881 5575 3048 5628 salvos
3070 5574 3187 5642 fecit
3210 5613 3226 5639 ,
3255 5573 3476 5641 seipsum
3502 5585 3602 5623 uon

329 5705 380 5760 iu
404 5712 606 5774 pestem
633 5716 696 5757 ac
723 5698 1016 5771 perniciem
1049 5658 1285 5759 venisse,
1317 5691 1448 5745 dicit
1485 5658 1588 5743 ille
1621 5658 1658 5743 ε’
1686 5685 1742 5740 Si
1799 5658 1900 5738 uo»
2012 5682 2170 5743 potest
2192 5671 2388 5725 saluum
2418 5668 2587 5737 facere
2611 5682 2630 5730 ;
2651 5676 2726 5732 et,
2759 5665 2819 5720 Si
2848 5663 3014 5719 Filius
3049 5662 3140 5716 Dei
3175 5677 3250 5723 es,
3285 5658 3530 5713 descende
3543 5663 3608 5709 ne

2421 5759 2490 5774 η..
2549 5759 2604 5774 η.
2678 5757 2793 5774 ..ιη
2857 5761 2905 5774 .,
2989 5744 3146 5774 .
3177 5770 3279 5774 μη,
3310 5749 3579 5774 humu,“

327 5744 496 5878 aliud:
520 5790 652 5848 illud
677 5744 869 5846 sa'ltem
897 5801 983 5843 me
1008 5744 1076 5842 ad
1091 5744 1198 5841 vos
1209 5744 1484 5836 amandos
1506 5777 1734 5842 induxit,
1762 5774 1903 5844 quod
2014 5781 2162 5818 cruce
2182 5762 2393 5833 (Matth.
2420 5759 2512 5814 2'1.
2537 5759 2624 5813 ις.
2644 5768 2690 5813 et
2710 5757 2822 5829 ιο).
2847 5757 3001 5827 Atqui
3031 5744 3153 5811 itiéo
3176 5770 3284 5808 non
3306 5749 3605 5812 descendit.

333 5874 456 5953 vos,
481 5893 532 5936 ut
562 5892 617 5940 et
641 5895 764 5952 ego,
797 5895 827 5934 a
854 5878 1010 5934 l‘atre
1036 5872 1382 5937 amemiui,et
1409 5869 1527 5924 ideo
1556 5868 1623 5922 ab
1645 5866 1735 5921 illo
1759 5879 1904 5919 ame-
2017 5873 2052 5927 q
2077 5875 2138 5911 ra
2172 5856 2337 5910 Filius
2362 5853 2454 5908 Dei
2484 5866 2587 5907 est.
