4088 6536
475 518 568 576 35!

552 629 604 679 5.
641 621 835 676 Deinde
884 635 949 673 ne
993 615 1230 677 audiens,
1264 612 1579 680 Prteceptum
1608 608 1777 675 accepi
1809 624 1838 659 α
1874 605 2048 666 Patre,

484 717 712 770 alienun:
759 710 826 763 ab
867 723 932 761 eo
979 706 1080 761 hoc
1119 718 1251 773 opus
1298 716 1416 756 esse
1467 711 1700 770 putares.
1753 697 1861 764 jam
1913 695 2057 761 prius

485 811 706 867 dixerat,
740 801 911 854 Bonus
938 809 1107 868 pastor
1138 797 1360 847 animam
1386 808 1526 846 suam
1575 794 1712 857 ponit
1740 804 1831 856 pro
1862 785 2051 845 aribus,

487 900 566 950 his
594 895 882 949 ostendens
909 905 1035 943 oves
1064 904 1184 943 esse
1207 902 1349 948 suas,
1396 894 1450 938 et
1494 897 1626 951 Opus
1655 888 1857 949 gestum
1891 887 2054 930 totum

485 1002 603 1041 esse
634 1000 808 1048 suum,
843 996 939 1036 nec
986 995 1043 1034 se
1095 994 1250 1048 cgere
1309 984 1592 1044 pra-cepto.
1637 971 1764 1023 Nam
1822 967 1864 1020 si
1925 983 2058 1033 pne-

484 1087 638 1143 cepto
690 1090 823 1144 opus
875 1073 1163 1134 habuisset,
1207 1083 1300 1121 cur
1355 1065 1594 1123 dixisset,
1655 1060 1695 1113 A
1744 1059 2052 1126 tiu/ipsape-

487 1169 593 1221 no?
637 1166 764 1220 Nam
810 1164 895 1233 qui
941 1178 971 1216 a
1021 1162 1195 1227 scipso
1227 1157 1394 1227 ponit,
1451 1171 1554 1207 non
1601 1162 1720 1221 eget
1770 1158 2054 1220 praecepto.

485 1259 708 1311 Causam
779 1267 989 1323 quoque
1058 1250 1205 1304 addit
1268 1264 1364 1303 cur
1421 1246 1522 1300 hoc
1570 1244 1743 1297 faciat.
1802 1243 2055 1308 Qnseoam

486 1350 612 1402 illa?
636 1347 783 1413 Quod
833 1353 1013 1415 pastor
1050 1344 1137 1407 sit,
1184 1350 1238 1396 et
1281 1340 1451 1394 bonus
1483 1349 1678 1408 pastor.
1725 1335 1899 1389 Bonus
1931 1347 2059 1386 vero

483 1448 661 1506 pastor
688 1451 790 1491 nun
831 1446 951 1505 eget
993 1434 1095 1488 alio
1138 1431 1228 1502 qui
1266 1431 1330 1485 ad
1378 1446 1488 1484 rem
1533 1430 1673 1482 illam
1708 1443 1764 1480 sc
1794 1426 2052 1478 hortetur.

479 1528 628 1595 Quod
668 1527 712 1581 si
761 1526 812 1580 id
843 1527 892 1579 in
925 1524 1244 1585 hominibus.
1292 1520 1458 1575 multo
1494 1519 1659 1588 magis
1688 1517 1738 1571 in
1769 1517 1898 1571 Deo.
1934 1514 2057 1568 ldeo

483 1617 674 1670 l'anlns
694 1616 919 1676 dicebat.
949 1615 1282 1682 Semetipsum
1316 1612 1589 1665 exinanivit
1618 1611 1636 1681 (
1664 1609 1854 1677 Philip.
1882 1605 1936 1659 2.
1965 1606 2054 1674 7).

485 1710 623 1763 Nihil
655 1724 780 1778 ergo
810 1708 948 1760 aliud
985 1708 1068 1759 hie
1094 1706 1191 1759 sibi
1233 1705 1342 1757 vult
1374 1711 1713 1772 prteceptum,
1745 1715 1900 1769 quam
1929 1712 2058 1753 con-

483 1799 715 1852 rordiam
741 1812 857 1848 cum
884 1797 1036 1849 Patre
1058 1794 1358 1848 ostendere.
1384 1793 1531 1860 Quod
1555 1793 1598 1844 si
1630 1800 1802 1844 tamen
1825 1788 2057 1842 humano

487 1896 541 1940 et
563 1885 748 1940 humili
775 1900 922 1938 more
949 1885 1146 1938 dictum
1178 1882 1281 1945 sit,.
1300 1882 1349 1935 id
1376 1881 1678 1934 auditorum
1709 1877 2054 1932 imbecillitati

483 1978 844 2032 tribuendum.
897 1975 981 2030 l9.
1040 1975 1294 2027 Dissensio
1339 1975 1505 2042 itaque
1528 1972 1664 2041 facta
1692 1980 1765 2025 est
1792 1972 1920 2023 inter
1954 1967 2054 2021 Ju-

481 2072 640 2124 dteos.
669 2068 758 2122 '20.
802 2065 1042 2120 Dicebant
1067 2066 1177 2130 alii,
1225 2064 1540 2117 Daunonium
1568 2063 1713 2116 habet
1756 2072 1804 2115 et
1848 2061 2056 2114 insanit.

485 2162 623 2226 Quid
652 2177 762 2214 eum
810 2158 1036 2211 auditis?
1061 2157 1146 2210 2|.
1191 2156 1294 2209 Alii
1321 2154 1548 2209 dicebant
1575 2170 1591 2206 :
1633 2153 1758 2206 Haec
1785 2151 1930 2206 verba
1961 2167 2060 2203 non

483 2261 597 2305 sunt
637 2250 938 2304 dtenioninm
969 2247 1212 2300 habentis.
1263 2244 1525 2314 Numquid
1562 2244 1862 2296 dannonium
1900 2249 2061 2308 potest

482 2357 723 2394 (wearum
768 2339 937 2392 oculos
974 2336 1206 2405 aperire?
1249 2334 1378 2388 Cum
1428 2333 1565 2385 enim
1614 2332 1732 2400 plus
1771 2344 1924 2399 quam
1958 2328 2058 2381 hu-

485 2449 636 2484 inana
668 2437 845 2483 essent
893 2444 1009 2497 qua:
1038 2426 1368 2487 dicebantur,
1397 2433 1450 2478 et
1496 2433 1686 2492 praeter
1724 2435 2059 2475 connnunem

485 2519 939 2580 consuetudinem,
969 2515 1348 2569 daunoniaeum
1381 2514 1525 2566 illum
1550 2513 1815 2576 dicebant,
1845 2512 2062 2580 jamque

485 2622 670 2676 quater
692 2606 766 2678 (η)
798 2607 1050 2661 sie'illum
1086 2613 1357 2659 vocarunt.
1400 2603 1529 2657 Nam
1574 2612 1729 2656 antea
1769 2602 2057 2657 dit-ebant:

487 2701 805 2754 Dtrmonium
823 2700 994 2750 habes:
1015 2697 1124 2764 quis
1152 2708 1196 2749 te
1216 2696 1392 2764 quwrit
1415 2695 1727 2761 inter/icere?
1748 2710 1809 2748 ac
1830 2710 2061 2759 rursum,

490 2791 674 2844 Nonne
721 2790 838 2841 bene
885 2788 1104 2839 diximus
1149 2787 1266 2855 quia
1311 2783 1663 2838 Samaritanus
1710 2801 1759 2837 es
1785 2793 1857 2844 tu,
1891 2794 1937 2836 et
1963 2783 2066 2835 da:-

490 2882 707 2935 monium
749 2877 937 2930 habes?
969 2887 1020 2930 et
1052 2876 1156 2936 hic,
1206 2875 1522 2928 Dtemonium
1567 2875 1712 2927 liabet
1749 2886 1795 2926 et
1841 2873 2066 2934 insanit;

489 2971 609 3039 quid
655 2985 767 3022 eum
819 2967 1004 3018 auditis
1054 2965 1245 3034 (Joan.
1274 2966 1325 3018 7.
1354 2964 1440 3018 9.0.
1472 2974 1517 3015 ct
1546 2964 1596 3017 8.
1621 2962 1761 3031 48)?
1808 2961 1918 3016 imo
1959 2978 2063 3015 non

488 3069 698 3127 quater,
729 3056 819 3110 Sed
868 3055 1062 3121 sa-pius
1094 3053 1141 3106 id
1190 3053 1335 3106 illum
1368 3051 1638 3106 audivisse
1676 3060 1905 3104 Constat.
1932 3051 2063 3104 Nam

487 3149 626 3219 qtu:d
656 3149 853 3210 dicunt,
911 3145 1093 3198 Nonne
1116 3145 1236 3196 bene
1259 3144 1476 3196 diximus
1502 3143 1617 3212 quia
1644 3142 1946 3194 dwmonium
1978 3142 2068 3192 Ita-

491 3239 608 3294 bes?
636 3255 739 3292 non
786 3237 865 3290 bis
915 3236 996 3289 vel
1046 3246 1142 3295 ter,
1176 3236 1266 3288 sed
1305 3235 1498 3302 sa-pius
1527 3234 1650 3287 illud
1682 3232 1880 3286 dictum
1910 3233 2069 3286 fuisse

491 3333 826 3385 Confirmant.
861 3327 958 3377 Alii
987 3325 1236 3387 dicebant,
1268 3324 1454 3390 inquit,
1490 3321 1616 3376 11αέ
1645 3321 1794 3374 verba
1821 3339 1918 3374 non
1952 3331 2069 3373 sunt

493 3418 794 3473 dtemonium
825 3416 1068 3467 habentis.
1107 3413 1368 3478 Numquid
1394 3413 1698 3465 dwmonium
1725 3422 1882 3479 potest
1907 3427 2068 3464 (ατο-

495 3527 606 3562 rum
637 3509 806 3561 oculos
836 3506 1069 3573 aperire?
1095 3505 1224 3571 Quia
1249 3505 1387 3558 enim
1415 3520 1477 3558 ex
1507 3504 1680 3557 verbis
1698 3519 1800 3555 non
1826 3513 2070 3572 poterant

496 3599 597 3652 illis
625 3597 888 3650 silentium
923 3597 1215 3664 imponere,
1238 3611 1301 3649 ex
1325 3593 1575 3662 eperibus
1599 3593 1647 3647 id
1675 3595 2064 3648 demonstrant.

494 3690 649 3744 Certe
679 3688 834 3741 verba
866 3701 967 3741 non
998 3695 1121 3740 sunt
1149 3685 1478 3739 dwmoniaci.
1510 3685 1660 3751 Quod
1693 3686 1734 3738 si
1763 3685 1936 3739 verbis
1964 3701 2069 3738 non

493 3781 888 3848 obtemperantis,
915 3793 1072 3846 opera
1098 3777 1445 3831 rcvcrcamini
1473 3777 1648 3844 (Joan.
1679 3776 1762 3830 l0.
1787 3777 1895 3844 '58).
1918 3775 2070 3842 Quod

496 3872 540 3925 si
575 3885 674 3924 non
705 3869 1035 3929 da-inoniaei,
1090 3869 1180 3920 St‘tl
1212 3868 1328 3934 plus
1353 3882 1510 3936 quam
1556 3867 1782 3920 lmmana
1811 3869 1894 3921 illa
1923 3877 2066 3933 sunt,

501 3962 670 4029 palam
701 3970 781 4015 est
809 3975 836 4011 a
860 3959 1035 4012 divina
1063 3957 1288 4026 quadam
1337 3959 1528 4011 virtute
1574 3958 1855 4025 proﬁcisci.
1889 3957 2070 4012 Viden‘

499 4053 902 4124 syllogismum!
959 4051 1106 4116 Quod
1152 4049 1292 4103 ciiim
1339 4065 1494 4118 Supra
1551 4049 1817 4103 hominem
1869 4058 2067 4114 essent,

501 4143 623 4197 hine
675 4142 841 4209 palam
890 4150 1005 4194 erat
1048 4139 1186 4208 quod
1230 4139 1488 4204 dicerent,
1537 4138 1850 4192 Daunonium
1890 4140 2071 4194 liabet:

501 4235 638 4302 quod
666 4248 789 4285 vero
819 4231 1138 4284 ila-monium
1170 4245 1272 4284 non
1319 4231 1557 4295 haberet,
1606 4247 1669 4284 ex
1714 4231 1775 4284 iis
1805 4247 1921 4299 qnte
1951 4231 2072 4286 fecit

501 4324 900 4381 demonstravit.
933 4324 1068 4390 Quid
1095 4338 1222 4390 ergo
1248 4323 1528 4376 Christus?
1558 4323 1696 4377 Nihil
1737 4323 1801 4376 ad
1849 4323 1959 4378 haec
1990 4339 2073 4378 re-

502 4417 729 4485 Spondit.
762 4416 913 4470 Prius
942 4415 1080 4468 enim
1113 4413 1477 4483 responderat,
1505 4413 1616 4485 Ego
1637 4416 1940 4468 dwmoninm
1972 4432 2072 4467 non

503 4509 694 4570 habeo;
721 4522 858 4560 nunc
888 4521 1012 4558 vero
1040 4521 1142 4557 non
1171 4507 1315 4558 item.
1349 4507 1478 4572 Quia
1504 4507 1644 4560 enim
1673 4522 1736 4560 ex
1767 4508 1924 4560 rebus
1949 4508 2074 4574 ipsis

503 4596 1009 4652 deinOnstrationem
1059 4596 1489 4661 concinnaverat,
1523 4596 1734 4649 demum
1765 4599 1946 4650 tacuit.
1970 4597 2076 4653 Ne-

504 4705 606 4759 qne
628 4689 767 4742 enim
803 4687 1147 4754 responsione
1168 4687 1308 4754 digni
1335 4696 1482 4739 erant
1512 4687 1541 4740 ii
1575 4689 1659 4756 qui
1690 4687 2073 4742 dwmoniacum

502 4781 769 4842 dicebant,
818 4793 880 4830 ex
925 4778 1172 4845 operibus
1214 4793 1328 4845 (pne
1369 4778 1616 4831 admirari
1676 4779 1973 4847 Oportebat,
2025 4792 2077 4835 et

509 4873 671 4926 Deum
714 4872 880 4938 ipsum
906 4885 1022 4923 esse
1054 4879 1258 4936 putare.
1306 4870 1503 4939 Erqnid
1550 4889 1681 4938 opus
1721 4883 1852 4935 erat,
1882 4884 1928 4924 nl
1959 4873 2077 4926 illos

507 4964 823 5026 confutaret,
848 4979 963 5015 eum
992 4963 1098 5030 jam
1128 4964 1222 5029 ipsi
1251 4964 1386 5018 inter
1412 4981 1468 5017 se
1508 4966 1811 5020 dissidircnt
1836 4977 1890 5020 et
1914 4967 2078 5036 digla-

507 5055 817 5109 diarentnr?
845 5055 963 5106 Ideo
993 5055 1177 5108 silebat
1201 5066 1252 5108 et
1275 5057 1446 5109 omnia
1476 5074 1626 5127 :eqno
1649 5060 1824 5111 animo
1856 5060 2074 5113 ferebat.

507 5147 620 5202 Non
660 5161 722 5200 ea
772 5144 941 5198 solum
988 5145 1053 5198 de
1094 5162 1270 5211 cziusa,
1317 5149 1410 5202 sed
1451 5159 1505 5202 ut
1553 5165 1650 5204 nos
1684 5151 1984 5208 institueret
2013 5154 2079 5208 ad

508 5236 964 5293 mansuetudinem
995 5246 1048 5289 et
1078 5240 1399 5302 patientiam.

581 5332 631 5382 4.
677 5329 921 5395 Discipuli
946 5327 1129 5380 Christi
1154 5330 1567 5397 ofﬁcia—Hunc
1590 5334 1766 5405 itaque
1787 5333 2074 5390 imitemur.

513 5420 690 5487 lioque
721 5419 888 5472 solum
937 5419 1075 5472 enim
1108 5422 1286 5485 tacuit,
1319 5423 1408 5476 sed
1438 5425 1594 5478 etiam
1637 5427 1829 5481 iterum
1869 5437 1992 5492 stat,
2025 5439 2078 5483 et

580 5574 650 5634 (ιι)
677 5573 766 5638 llic
791 5583 921 5638 notat
945 5577 1124 5625 Boisius
1166 5591 1176 5625 :
1221 5579 1356 5638 atqui
1380 5578 1472 5627 tria
1494 5587 1675 5631 tantum
1699 5583 1803 5632 loca
1826 5583 2080 5633 adducun-

515 5642 607 5691 tur,
638 5641 682 5697 ut
701 5635 1160 5697 fortelegendmnait
1190 5635 1391 5693 tem/ioc
1416 5641 1516 5689 (om
1538 5649 1581 5690 et
1605 5657 1730 5692 mox.
1761 5644 1941 5693 Verum
1970 5645 2082 5697 licet

517 5699 601 5766 tria
639 5695 735 5743 loca
762 5695 942 5766 emtum
981 5699 1166 5766 aderat,
1187 5715 1196 5759 ι
1216 5708 1286 5748 ost
1324 5704 1519 5766 tertium
1545 5704 1660 5766 dicit
1682 5706 1774 5754 alia
1797 5695 2077 5766 superesse.

516 5765 668 5809 tutare
693 5770 806 5828 cum,
828 5763 991 5816 quater
1016 5759 1355 5828 thxissetqmst
1376 5764 1515 5812 allata
1535 5766 1621 5811 tria
1648 5765 1744 5814 loca
1768 5759 1990 5828 quartum
2011 5772 2081 5817 sic

519 5821 839 5890 expresserit,
888 5832 1104 5890 .ftt'pnsqne
1132 5821 1283 5890 ntus.
1323 5823 1467 5873 Certe
1513 5831 1679 5890 quater
1718 5821 1895 5878 habent
1930 5833 2078 5878 enutia

521 5890 679 5938 tat-aq
702 5880 831 5939 Ian-ta,
862 5888 908 5927 et
936 5881 1006 5928 lli.)
1032 5881 1105 5928 hic
1132 5882 1350 5933 habetur.

1212 504 1266 560 S.
1301 499 1570 558 JOANNIS
1606 491 2077 553 CllRYSOSTOMl
2117 489 2434 544 ARCIIIEP.
2466 487 2992 546 CONSTANTINOI'.
3630 492 3736 548 ετξ

2166 602 2520 671 interrogatus
2543 600 2844 670 respondet,
2873 611 2925 657 et
2946 600 3289 671 providentia:
3315 618 3424 659 sine
3450 606 3599 675 signa
3623 610 3712 660 dat
3744 617 3758 650 ε

2161 702 2318 762 atque
2343 692 2701 747 daemoniaeus
2730 694 3021 761 appellatus
3045 704 3100 748 et
3130 693 3365 758 insanus,
3409 696 3476 749 ab
3521 698 3754 751 homini-

2163 783 2260 837 hus
2289 785 2378 853 qui
2410 785 2556 839 mille
2582 784 2648 836 ab
2690 801 2748 839 se
2790 785 3064 839 beneﬁciis
3095 785 3264 839 affecti
3313 787 3542 850 fuerant,
3589 788 3754 856 idque

2163 891 2265 928 non
2313 877 2477 930 semel
2527 885 2617 929 aut
2662 877 2761 937 bis,
2813 877 2902 929 sed
2955 877 3173 944 plurics,
3225 892 3326 931 non
3356 877 3516 932 modo
3550 895 3613 934 se
3643 895 3752 934 non

2165 966 2304 1020 ultus
2335 977 2436 1029 est,
2466 967 2556 1021 sed
2601 967 2760 1020 etiam
2811 967 3063 1022 beneﬁcia
3095 969 3401 1022 conferendi
3447 967 3608 1023 finem
3641 989 3745 1027 non

2164 1056 2308 1112 fecit.
2355 1059 2554 1127 Ecquid
2596 1059 2714 1111 dico
2769 1059 3023 1113 beneﬁcia
3076 1059 3430 1114 conferendi?
3463 1060 3568 1115 Pro
3619 1064 3748 1130 ipsis

2162 1150 2392 1203 animam
2423 1150 2589 1218 ponit,
2615 1159 2666 1202 et
2691 1150 2973 1203 cruciﬁxus
3003 1166 3095 1217 pro
3121 1151 3247 1216 ipsis
3275 1151 3486 1206 Patrem
3511 1152 3746 1222 alloqui-

2164 1251 2265 1296 tur.
2300 1241 2421 1294 ll-.ee
2448 1249 2502 1295 et
2526 1255 2622 1294 nos
2647 1241 2932 1294 imitemur.
2966 1242 3075 1295 l-loc
3104 1242 3244 1296 enim
3276 1253 3356 1297 est
3393 1241 3594 1299 Christi
3624 1259 3746 1298 esse

2161 1334 2500 1402 discipulum,
2533 1335 2575 1387 si
2601 1333 2858 1388 mansueti
2888 1334 3057 1388 simus
3081 1343 3133 1388 et
3178 1337 3351 1389 mites.
3385 1333 3539 1390 Unde
3563 1345 3746 1388 autem

2161 1425 2225 1480 ad
2278 1423 2413 1478 hanc
2456 1424 2826 1492 perveniemus
2873 1425 3371 1479 mansuetudinem?
3419 1423 3476 1478 Si
3526 1433 3745 1490 peccata

2163 1525 2340 1569 nostra
2375 1516 2683 1582 frequenter
2718 1517 3028 1582 cogitemus,
3061 1515 3106 1567 si
3141 1516 3435 1584 lugeamus,
3481 1513 3526 1567 si
3575 1513 3750 1582 lacry-

2162 1619 2386 1658 memur.
2417 1605 2604 1656 Anima
2637 1603 2832 1672 quippe
2864 1603 2914 1656 in
2943 1603 3128 1658 dolore
3153 1602 3457 1674 huiusmodi
3495 1617 3746 1666 versans,

2162 1715 2267 1752 non
2296 1698 2615 1767 indignatur.
2649 1696 2748 1752 Ubi
2794 1713 3022 1766 namque
3062 1697 3234 1752 luctus
3271 1705 3373 1762 est,
3404 1697 3474 1752 ibi
3518 1697 3591 1751 ira
3625 1711 3748 1750 esse

2160 1789 2377 1858 nequit;
2406 1787 2492 1841 ubi
2523 1787 2696 1850 dolor,
2732 1787 2798 1842 ibi
2830 1787 3097 1841 iracundia
3126 1787 3459 1848 eliminatur;
3487 1785 3576 1840 ubi
3607 1801 3746 1839 con-

2163 1879 2306 1932 tritio
2331 1878 2514 1940 animi,
2560 1878 2699 1931 nulla
2723 1877 2791 1930 ibi
2843 1877 3150 1946 indignatio.
3186 1876 3351 1930 Luctu
3380 1876 3604 1930 affectus
3630 1875 3748 1930 ani-

2162 1985 2280 2025 mus
2331 1984 2436 2023 non
2480 1970 2707 2037 Spatium
2753 1970 3005 2037 temporis
3033 1968 3192 2023 habet
3231 1979 3286 2021 ut
3319 1969 3616 2034 excitetur;
3649 1969 3746 2023 sed

2163 2063 2354 2117 acerbe
2399 2062 2726 2132 ingemiscet,
2777 2063 3008 2115 amarius
3047 2060 3211 2116 ﬂebit.
3244 2061 3366 2116 Seio
3402 2060 3600 2116 multos
3632 2060 3750 2115 lucc

2163 2152 2444 2208 audientes
2475 2152 2680 2215 ridere;
2723 2160 2778 2205 at
2805 2167 2905 2220 ego
2949 2167 3053 2207 non
3085 2152 3240 2207 linem
3287 2153 3472 2206 faciam
3500 2151 3621 2206 illos
3648 2152 3747 2207 de-

2163 2242 2401 2312 plorandi
2429 2243 2518 2313 qui
2548 2242 2742 2297 rident.
2764 2244 2959 2298 Luctus
2985 2245 3124 2297 enim
3148 2253 3231 2298 est
3256 2257 3490 2312 pnesens
3511 2253 3745 2314 tempus.

2163 2332 2409 2401 planctus
2436 2343 2490 2386 et
2512 2334 2821 2402 gemitnum.
2856 2333 3012 2386 ltlnlta
3037 2333 3231 2404 quippe
3255 2341 3309 2388 et
3338 2334 3387 2387 in
3413 2333 3588 2387 verbis
3618 2343 3674 2388 et
3695 2334 3747 2388 in

2165 2422 2324 2475 rebus
2366 2436 2667 2490 peccamus.
2709 2423 2851 2476 Talia
2901 2439 3026 2477 vero
3075 2433 3444 2493 perpetrautcs
3478 2425 3751 2495 excipient

2165 2511 2427 2581 ειοιιυιιηςι,
2472 2512 2663 2567 ﬂuvius
2689 2514 2882 2568 ardens
2919 2515 3074 2584 igneo
3109 2514 3283 2580 alveo,
3317 2515 3464 2584 regni
3491 2515 3748 2570 caelorum

2165 2601 2381 2655 amissio
2407 2643 2420 2668 ,
2462 2603 2602 2672 quod
2641 2614 2717 2658 est
2759 2607 2994 2658 omnium
3035 2605 3424 2674 gravissimum.
3446 2606 3570 2662 Post
3611 2607 3750 2661 hanc

2169 2692 2638 2747 comminationem
2665 2735 2679 2759 ,
2738 2694 2824 2748 die
2880 2695 3047 2760 mihi,
3091 2696 3270 2762 rides,
3327 2698 3377 2750 in
3417 2698 3623 2752 deliciis
3663 2700 3747 2751 vi-

2171 2781 2290 2834 vis?
2325 2798 2387 2836 ac
2429 2784 2652 2839 Domino
2691 2794 2780 2838 tuo
2819 2785 2954 2838 irato
2991 2794 3045 2840 et
3082 2788 3460 2851 eomminante,
3503 2789 3554 2843 in
3597 2789 3749 2858 lapsu

2171 2883 2375 2941 perstas
2400 2915 2413 2938 ,
2461 2889 2557 2928 nec
2598 2876 2750 2928 times
2791 2891 2856 2930 ne
2898 2877 2987 2930 tibi
3028 2878 3103 2931 sic
3141 2878 3416 2933 ardentem
3471 2877 3748 2936 fornacem

2169 2965 2488 3034 compares?
2525 2964 2640 3020 Non
2693 2966 2842 3021 audis
2893 2967 3021 3036 quid
3060 2969 3296 3038 quotidie
3333 2970 3568 3025 clamet?
3608 2971 3750 3025 Esu-

2169 3054 2377 3107 rientem
2433 3071 2511 3108 me
2566 3056 2789 3122 vidistis,
2851 3067 2898 3112 et
2951 3075 3051 3112 non
3103 3060 3309 3114 dedistis
3367 3063 3490 3115 mihi
3529 3066 3752 3117 mandu-

2170 3162 2320 3209 care;
2369 3147 2633 3213 sitientem,
2688 3159 2736 3202 et
2777 3166 2876 3202 nou
2910 3150 3116 3204 dedistis
3169 3153 3292 3204 mihi
3343 3153 3524 3206 bibere.
3572 3153 3754 3207 Disce-

2172 3237 2274 3288 dite
2298 3238 2348 3288 in
2379 3237 2545 3306 ignem
2576 3249 2807 3307 paratum
2837 3240 3035 3293 diabolo
3074 3251 3119 3293 et
3157 3243 3350 3312 angelis
3393 3245 3502 3308 eius
3532 3244 3749 3312 (Matth.

2171 3327 2260 3382 25.
2290 3327 2378 3381 Ω.
2408 3340 2454 3380 et
2479 3329 2589 3397 Η).
2626 3331 2746 3383 ΙΙιιςρ
2774 3333 3007 3399 quotidie
3034 3337 3405 3388 comminatur.
3439 3335 3544 3392 Sed
3570 3339 3752 3392 cibum

2174 3418 2245 3471 illi
2272 3418 2413 3482 dedi,
2444 3420 2667 3488 inquies.
2696 3421 2918 3489 Quando
2951 3434 3004 3478 et
3027 3435 3156 3494 quot
3193 3426 3418 3480 diebus?
3443 3427 3629 3484 decem
3661 3443 3756 3485 aut

2172 3507 2394 3577 viginti?
2415 3511 2483 3564 At
2509 3525 2614 3564 non
2649 3517 2750 3566 hoc
2777 3515 2905 3569 satis
2936 3515 3094 3570 habet
3118 3517 3235 3582 ille;
3263 3518 3355 3572 sed
3384 3531 3585 3588 quanto
3613 3530 3754 3576 tem-

2173 3613 2303 3667 pore
2333 3601 2382 3652 in
2417 3609 2556 3655 terra
2584 3604 2828 3658 versaris.
2857 3605 2986 3660 Nam
3015 3616 3067 3660 et
3090 3607 3319 3676 virgines
3340 3611 3517 3663 oleum
3553 3612 3757 3668 habue-

2176 3701 2332 3754 runt;
2361 3691 2452 3745 sed
2478 3709 2580 3746 non
2603 3704 2854 3763 quantum
2886 3697 2950 3750 ad
2983 3698 3207 3754 salutem
3240 3701 3369 3753 satis
3394 3712 3526 3756 erat.
3570 3705 3754 3774 Siqui-

2174 3777 2293 3832 dem
2321 3788 2374 3834 et
2404 3781 2530 3848 ipsae
2562 3783 2829 3853 lampades
2866 3787 3257 3854 accenderunt;
3300 3791 3528 3847 exclusa:
3574 3804 3753 3849 tamen

2175 3881 2299 3924 sunt
2331 3885 2360 3924 a
2404 3873 2655 3938 thalamo,
2702 3891 2762 3930 ac
2794 3877 2913 3946 jure
2950 3879 3163 3949 quidem
3206 3899 3216 3932 :
3249 3883 3525 3939 exstincta:
3555 3888 3756 3957 quippe

2175 3970 2300 4016 sunt
2328 3973 2450 4017 ante
2494 3968 2676 4033 sponsi
2719 3967 3024 4023 adventum.
3070 3970 3354 4040 Propterea
3405 3976 3572 4029 multo
3600 3980 3757 4034 nobis

2175 4065 2308 4120 opus
2336 4066 2417 4107 est
2441 4055 2582 4119 oleo,
2607 4066 2660 4109 et
2691 4072 2877 4127 magna
2919 4059 3251 4115 liberalitate.
3297 4063 3431 4118 Audi
3457 4066 3581 4134 quiti
3614 4069 3757 4124 dicat

2177 4143 2432 4212 propheta
2465 4162 2479 4200 :
2512 4145 2754 4200 Miserere
2803 4153 2935 4212 mei,
2990 4148 3143 4214 Deus,
3198 4155 3467 4208 secundum
3516 4173 3756 4228 magnam

2176 4237 2570 4289 misciicordiam
2615 4247 2751 4291 tuam
2777 4238 2944 4309 (Psal.
2976 4242 3062 4294 50.
3102 4243 3171 4312 1).
3204 4243 3381 4313 Itaque
3412 4262 3508 4300 nos
3531 4249 3602 4302 ita
3635 4265 3757 4318 pro-

2178 4327 2306 4380 simi
2330 4337 2535 4396 oportet
2556 4329 2817 4396 misereri,
2841 4341 3034 4398 quanta
3061 4347 3339 4400 possumus
3369 4339 3755 4397 misericordia.

2178 4419 2372 4483 Quales
2398 4420 2536 4472 enim
2567 4434 2687 4487 erga
2719 4435 3007 4475 conservos
3029 4422 3304 4490 fuerimus,
3339 4428 3492 4480 talem
3515 4433 3761 4498 experieo

2182 4517 2299 4554 mur
2344 4502 2645 4555 Dominum.
2696 4503 2947 4568 Quantam
3011 4522 3199 4576 magna
3249 4520 3330 4563 est
3359 4513 3761 4572 misericordia?

2181 4592 2404 4659 Quando
2435 4610 2536 4647 non
2564 4609 2626 4647 ex
2671 4595 2948 4664 superﬂuis
2977 4597 3238 4664 dabimus,
3264 4601 3355 4654 sed
3379 4618 3444 4656 ex
3475 4604 3537 4656 iis
3565 4607 3760 4674 quibus

2182 4699 2417 4753 egemus.
2446 4684 2592 4751 Quod
2615 4687 2658 4738 si
2687 4703 2753 4740 ne
2780 4703 2840 4740 ex
2869 4687 3149 4756 super-fluis
3175 4691 3384 4758 quidem
3410 4693 3621 4760 demus,
3640 4713 3760 4768 qum

2184 4778 2337 4831 nobis
2367 4792 2489 4847 spes
2519 4779 2775 4846 supererit
2800 4782 2825 4831 ’ί
2850 4780 2988 4834 unde
3009 4795 3036 4832 a
3065 4781 3215 4835 malis
3237 4782 3583 4839 liberabimur
3605 4787 3628 4839 ?
3654 4805 3761 4857 quo

2182 4869 2439 4940 fugientes
2467 4877 2526 4923 ut
2553 4872 2773 4925 salutem
2804 4875 3234 4942 consequamur?
3258 4875 3313 4930 Si
3357 4879 3498 4932 enim
3530 4880 3762 4951 virgines

2182 4969 2299 5028 post
2348 4969 2427 5014 tot
2478 4959 2700 5014 sudores
2743 4961 2938 5014 nullam
2992 4978 3210 5031 prorsus
3265 4966 3514 5021 invenere
3565 4985 3762 5024 eonso-

2183 5050 2434 5105 lationem
2461 5091 2476 5116 ,
2531 5053 2648 5121 quis
2688 5052 2840 5108 nobis
2885 5055 3306 5123 patrocinabitur
3341 5074 3462 5114 cum
3516 5062 3602 5115 illa
3657 5073 3766 5120 tre-

2183 5142 2374 5196 menda
2415 5143 2572 5196 verba
2607 5142 2808 5197 Jndieis
2860 5146 3231 5215 exprobrantis
3275 5149 3552 5206 audiemus
3583 5170 3596 5206 :
3632 5153 3765 5209 Esn-

2187 5234 2407 5287 rientem
2441 5250 2545 5286 non
2578 5250 2663 5289 me
2689 5235 2984 5290 nutrivistis
3008 5255 3022 5301 ;
3049 5249 3122 5305 et,
3144 5239 3295 5306 Quod
3319 5256 3424 5294 non
3449 5241 3648 5297 fecistis
3675 5245 3763 5300 uni

2183 5341 2247 5381 ex
2270 5325 2381 5380 istis
2400 5327 2650 5390 niinimis,
2676 5343 2774 5383 nec
2790 5329 2919 5383 mihi
2949 5329 3149 5386 fecistis
3179 5332 3388 5403 (Manli.
3529 5335 3620 5390 42.
3647 5338 3764 5400 40).

2184 5418 2298 5473 Non
2327 5418 2392 5471 de
2420 5417 2714 5487 discipulis,
2759 5436 2928 5490 neque
2958 5420 3024 5476 de
3074 5423 3350 5479 monachis
3399 5435 3600 5482 tantum
3652 5430 3767 5485 hazc

2185 5508 2334 5572 dicit,
2366 5509 2460 5563 sed
2491 5509 2636 5564 etde
2666 5512 2853 5579 quovis
2880 5512 3040 5566 ﬁdeli.
3073 5512 3206 5568 Nam
3251 5517 3338 5585 qui
3375 5517 3497 5572 talis
3533 5527 3636 5586 est,
3665 5521 3764 5577 etsi

2186 5617 2370 5656 servus
2401 5603 2488 5663 sit,
2542 5602 2644 5655 etsi
2676 5603 2728 5656 in
2774 5605 2888 5657 foro
2919 5606 3204 5672 mendicet,
3239 5609 3282 5661 si
3313 5608 3471 5662 modo
3500 5611 3684 5666 credat
3711 5613 3762 5667 in

2190 5695 2372 5758 Deum,
2398 5695 2515 5762 jure
2537 5695 2678 5747 omni
2704 5694 2892 5749 fruitur
2913 5696 3300 5752 benevolentia.
3331 5698 3387 5754 Si
3411 5699 3767 5771 despiciamus

2188 5789 2329 5843 illum
2360 5788 2556 5841 nudum
2602 5799 2691 5841 aut
2734 5793 3077 5860 esurientem,
3113 5791 3226 5848 luce
3254 5793 3531 5851 audiemus
3557 5797 3716 5854 verba
3751 5835 3764 5858 ι

2190 5891 2240 5936 et
2264 5881 2452 5934 merito
2480 5881 2712 5951 quidem.
