4088 6512
582 460 694 517 333

589 573 749 643 ἡμῶν
776 571 1155 643 προστήσεται,
1191 567 1320 622 ὅταν
1347 568 1668 638 ἀκούσωμεν
1700 569 1881 621 ἐκεῖνα
1935 565 2004 618 τά
2055 580 2149 631 φοι-

584 653 728 725 ϐερά
743 656 959 724 ῥήματα
981 650 1145 705 αὐτοῦ
1173 648 1264 704 τοῦ
1284 649 1614 715 δικάζοντος,
1630 650 1875 718 λέγοντος
1898 649 1990 701 καὶ
2017 647 2149 698 όνει-

587 735 820 800 δίςοντος
849 735 1012 803 ἡμᾶς,
1046 733 1125 786 ὅτι
1148 733 1421 788 Πεινῶντά
1447 751 1514 802 με
1547 734 1647 786 οὐκ
1685 731 1983 803 ἐθρέψατες
2024 727 2146 796 Ἐφ’

586 818 739 872 ὅσον
750 817 856 886 γὰρ
884 817 995 870 οὐκ
1021 813 1342 879 ἐποιήσατε
1361 814 1470 878 ἐνί,
1490 813 1643 883 φησὶ,
1673 814 1791 866 τῶν
1817 813 2152 882 ἐλαχίστων·

589 900 830 963 τούτων,
859 897 999 953 οὐδὲ
1033 897 1160 966 ἐμοὶ
1184 897 1532 963 ἐποιήσατεο
1562 898 1622 949 οὐ
1658 898 1786 968 περὶ
1837 897 1945 951 τῶν
1974 895 2151 966 μαθη-

587 980 696 1033 τῶν
726 979 901 1048 λέγων
933 978 1104 1032 ταῦτα
1141 979 1318 1047 μόνον,
1348 978 1465 1031 ούδέ
1495 994 1563 1031 πε
1573 981 1625 1048 ρὶ
1649 979 1759 1031 τῶν
1798 978 2151 1051 ἀνῃρημένων

581 1062 676 1113 τὸν
704 1061 814 1114 τῶν
844 1060 1088 1131 μοναχῶν
1133 1059 1268 1129 βίον,
1317 1059 1451 1114 ἀλλά
1480 1054 1607 1129 περὶ
1638 1062 1837 1124 παντδς
1865 1059 2150 1130 ἀνθρώπου

585 1141 801 1196 πιστοῦ.
844 1143 902 1195 ὐ
927 1144 1034 1213 γὰρ
1071 1141 1329 1204 τοιοῦτος,
1370 1141 1474 1195 κᾶν
1510 1141 1694 1206 δοῦλος
1738 1139 1794 1217 ᾖ,
1827 1143 1928 1196 κάν
1956 1141 2063 1194 τῶν
2093 1144 2150 1195 ἐν

585 1225 762 1296 ἀγορᾷ
787 1224 1238 1296 προσαιτούνουν,
1270 1223 1504 1295 πιστεύῃ
1548 1223 1606 1290 δὲ
1640 1226 1719 1290 είς
1765 1225 1855 1278 τον
1884 1224 2035 1287 Θεὸν,
2070 1223 2148 1276 δί-

588 1323 741 1358 καιον
781 1307 957 1375 πάσης
981 1305 1140 1359 αὑτὸν
1167 1305 1459 1359 ἀπολαύειν
1486 1306 1718 1370 εύνοίας.
1751 1306 1868 1360 Κάν
1898 1305 2149 1377 περιίδω-

590 1404 690 1456 μεν
727 1388 817 1441 τὸν
836 1387 1069 1441 τοιοῦτον
1097 1389 1353 1458 γυμνδνή
1385 1389 1673 1456 πεινῶντα,
1706 1388 1882 1443 ταῦτα
1924 1389 2150 1442 ἀκουσό-

583 1471 729 1541 μεθα
751 1471 818 1524 τά
847 1473 1064 1542 ῥήματα
1089 1489 1118 1505 οι
1145 1473 1238 1525 καλ
1264 1473 1407 1543 μάλα
1432 1472 1677 1538 είκότως.

655 1551 720 1604 Τί
748 1553 855 1621 γὰρ
885 1552 1042 1623 βαρὺ,
1075 1553 1107 1623 ἢ
1142 1554 1194 1607 τί
1223 1555 1456 1624 ἐπαχθὲς
1488 1555 1654 1626 ᾔτησε
1704 1555 1834 1626 παρ’
1863 1554 2056 1626 ήμῶν;
2096 1555 2150 1608 τί

583 1631 640 1686 δὲ
677 1633 739 1685 οὺ
785 1634 892 1687 τῶν
940 1635 1142 1706 σφόδρα
1177 1637 1558 1691 εὒκολιυτάτυν
1595 1639 1688 1692 καὶ
1724 1641 1963 1710 ῥᾴστωνς
2014 1637 2150 1691 Ούδέ

585 1713 694 1785 γάρ
722 1711 899 1768 εἶπενο
945 1716 1210 1770 Ἀσθενῶν
1231 1719 1400 1787 ήμην,
1430 1721 1521 1772 καὶ
1551 1721 1649 1773 οὐκ
1681 1719 2009 1790 ἀνεστήσατέ
2047 1736 2145 1789 με·

583 1797 717 1861 ἀλλ’,
763 1801 882 1852 Οὐκ
907 1799 1328 1868 ἐπεσκέψασθέ
1344 1818 1437 1870 με.
1465 1803 1577 1855 Οὐκ
1614 1797 1785 1855 εἶπεν·
1822 1804 1908 1856 Ἐν
1935 1803 2146 1874 φυλακῇ

583 1878 749 1949 ήμην,
776 1881 868 1933 καὶ
895 1881 994 1934 ούκ
1019 1881 1298 1945 ἐξεϐάλετέ
1321 1899 1388 1952 με
1409 1899 1423 1913 ·
1457 1883 1591 1948 ἀλλ’,
1619 1887 1738 1939 Οὐκ
1772 1885 1984 1954 ἤλθετε
2001 1888 2149 1954 πρός

578 1979 671 2030 με.
706 1963 854 2032 Ὀσῳ
880 1964 1056 2017 τοίνυν
1081 1965 1257 2034 κοῦφα
1286 1966 1354 2019 τά
1377 1968 1744 2036 ἐπιτάγματα,
1767 1968 2003 2039 τοσούτῳ
2035 1971 2150 2040 μεί-

577 2042 690 2105 ζων
714 2047 748 2116 ή
784 2046 998 2109 κόλασις
1025 2050 1133 2110 τοῖς
1158 2048 1547 2117 παρακούουσι.
1575 2050 1639 2101 Τί
1668 2051 1774 2120 γὰρ
1799 2051 2144 2120 κουφότερον,

582 2129 703 2180 εἰπέ
733 2146 842 2198 μοι,
872 2130 965 2184 τοῦ
999 2130 1209 2199 βαδίσαι
1235 2132 1328 2184 καὶ
1357 2133 1433 2194 είς
1454 2133 1825 2203 δεσμωτήριον
1854 2135 2144 2197 εἰσελθεῖν;

581 2210 634 2262 τί
659 2210 713 2263 δὲ
746 2211 921 2280 ήδιονς
978 2213 1144 2265 Ὅταν
1187 2215 1294 2284 γάρ
1354 2213 1465 2285 ῖδῃς
1519 2216 1644 2277 τοὺς
1681 2217 1778 2283 μὲν
1811 2215 2144 2284 δεδεμένους,

581 2291 706 2355 τοὺς
729 2292 785 2344 δέ
812 2293 1155 2363 αὖχμῶντας,
1181 2296 1306 2356 τοὺς
1333 2295 1388 2348 δὲ
1411 2295 1714 2366 κομῶντας,
1737 2296 1830 2349 καὶ
1861 2297 2026 2367 ῥάκια
2054 2315 2148 2348 πε·-

583 2375 942 2446 ρικειμένους,
972 2378 1097 2439 τοὺς
1144 2378 1199 2430 δέ
1238 2377 1342 2432 ὑπὸ
1391 2378 1552 2446 λιμοῦ
1607 2379 2015 2450 φθειρομένους,
2053 2381 2146 2433 καὶ

577 2457 656 2520 ὼς
689 2456 853 2521 κύνας
905 2461 1019 2520 τοῖς
1075 2459 1201 2512 ποσὶ
1253 2460 1718 2531 προστρέχοντας·
1775 2463 1995 2533 ἐτέρους
2047 2463 2146 2526 τὰς

583 2537 818 2610 πλευρὰς
853 2541 1273 2612 διωρυγμένους,
1331 2542 1521 2606 ἀλλους
1561 2545 1622 2597 ὲκ
1662 2546 1760 2616 τῆς
1812 2545 2018 2614 ἀγορᾶς
2052 2544 2146 2597 νῦν

581 2621 896 2686 ἐπανιόντας
929 2624 1261 2694 δεδεμένους,
1314 2624 1408 2677 καὶ
1458 2625 1573 2696 μεθ’
1604 2627 1819 2696 ἡμέραν
1853 2626 1952 2696 μὲν
1991 2628 2148 2679 ἐπαι-

580 2702 805 2768 τοῦντας
825 2745 840 2769 ,
882 2707 976 2759 καὶ
1003 2708 1125 2760 οὐδὲ
1153 2709 1252 2780 τὴν
1281 2709 1584 2776 ἀναγκαίαν
1629 2709 1981 2779 συλλέγοντας
2024 2727 2150 2780 τρο-

584 2787 709 2858 φήν,
747 2791 804 2841 ἐν
823 2790 1029 2862 ἑσπέρᾳ
1056 2792 1112 2844 δὲ
1139 2791 1287 2862 παρά
1312 2791 1418 2845 τῶν
1439 2793 1755 2862 ἐφεστώτων
1777 2795 1875 2864 τὴν
1909 2794 2147 2864 πονηρὰν

579 2871 797 2940 ἐκείνην
851 2874 942 2926 καὶ
979 2873 1135 2942 ὠμήν
1164 2875 1594 2944 ἀπαιτουμένους
1635 2875 2001 2947 λειτουργίαν·
2044 2874 2146 2927 κᾶν

578 2952 724 3016 λίθος
753 2971 835 3016 τις
855 2950 940 3028 ᾖς,
967 2955 1181 3018 πάντως
1214 2957 1311 3026 ἔσῃ
1348 2957 1850 3028 φιλανθρωπότερος
1869 2974 1883 2987 ο
1915 2957 2016 3011 κᾶν
2056 2957 2146 3010 τὸν

578 3036 745 3106 ὑγρὸν
766 3038 859 3089 καὶ
883 3036 1261 3107 διαλελυμένον
1293 3038 1399 3104 ζῶν
1431 3040 1542 3108 βίον
1567 3076 1582 3101 ,
1626 3040 1841 3103 πάντως
1873 3039 1969 3111 έσῃ
2001 3041 2146 3108 φιλοο

579 3118 906 3189 σοφώτερος,
936 3121 1004 3172 τά
1035 3118 1346 3192 ἀνθρώπινα
1379 3121 1679 3191 πράγματα
1713 3123 1803 3174 ἐπί
1838 3126 1957 3184 ταῖς
1995 3123 2148 3175 ἀλλο·-

578 3202 756 3271 τρίαις
787 3201 1097 3254 ἐπισκοπῶν
1123 3206 1444 3272 συμφοραῖς.
1491 3204 1597 3254 Καὶ
1626 3205 1734 3274 γάρ
1765 3204 1865 3274 τῆς
1912 3203 2148 3275 φοϐερᾶς

578 3283 794 3350 ἐκείνης
813 3284 1024 3353 ἡμέρας
1051 3284 1258 3336 ἔννοιαν
1285 3284 1428 3355 λήψῃ
1455 3285 1693 3348 πάντως,
1723 3288 1816 3339 καὶ
1843 3288 1950 3340 τῶν
1972 3289 2148 3340 ποικί-

576 3364 684 3417 λων
707 3365 994 3418 κολάσεων.
1021 3365 1207 3420 ταῦτα
1221 3366 1276 3419 δὲ
1299 3366 1542 3437 στρέφων
1568 3371 1657 3421 καὶ
1673 3369 2036 3440 λογιζόμενος,
2057 3371 2147 3423 καὶ

575 3446 770 3516 θυμὸν,
799 3449 892 3500 καὶ
921 3449 1126 3518 ἡδονὴν,
1150 3448 1242 3502 καὶ
1270 3450 1361 3500 τὸν
1388 3449 1494 3501 τῶν
1528 3450 1792 3519 βιωτικῶν
1815 3455 2148 3522 πραγμάτων

578 3532 756 3602 ῑρωτα
779 3534 1026 3597 ἐκϐαλεῖς
1063 3535 1278 3597 πάντως
1297 3575 1312 3596 ,
1345 3535 1436 3587 καὶ
1461 3536 1658 3597 παντὸς
1678 3535 1891 3605 λιμένος
1923 3537 2149 3607 γαληνο-

574 3614 737 3668 τάτου
766 3615 1129 3685 γαληνοτέραν
1163 3617 1368 3686 ἐργάσῃ
1405 3616 1503 3685 τὴν
1533 3617 1707 3687 ψυχήν
1729 3635 1742 3647 ·
1779 3618 1872 3671 καὶ
1906 3617 2142 3688 περὶτοῦ

578 3696 922 3769 δικαστηρίου
945 3699 1320 3769 φιλοσοφήσεις
1342 3698 1573 3760 ἐκείνου,
1601 3699 1798 3751 ἐννοῶν
1825 3701 1904 3753 ὅτι
1931 3703 1979 3754 εί
2001 3701 2149 3771 παρὰ

579 3780 881 3852 ἀνθρώποις
903 3781 1134 3851 τοσαύτη
1161 3782 1404 3852 πρόνοια,
1435 3781 1527 3834 καὶ
1545 3780 1716 3847 τάξις,
1739 3783 1830 3835 καὶ
1852 3783 2035 3851 φόϐος,
2055 3784 2147 3836 καὶ

579 3863 817 3928 ἀπειλαὶ,
835 3863 1012 3932 πολλῷ
1031 3863 1225 3933 μᾶλλον
1247 3878 1322 3916 πα
1332 3862 1397 3930 ρὰ
1414 3862 1548 3933 Θεῷ.
1570 3865 1651 3916 οὐ
1669 3864 1776 3931 γὰρ
1796 3866 1966 3919 ἔστιν
1982 3866 2148 3930 ἐξου-

577 3947 704 4008 σία,
734 3949 785 3999 εί
810 3944 895 4013 μὴ
919 3945 1075 4012 παρὰ
1106 3943 1274 4000 Θεοῦ.
1313 3945 1369 3998 '0
1390 3945 1569 3996 τοίνυν
1590 3948 1699 4007 τοῖς
1728 3946 1951 4016 ἀρχουσι
1979 3949 2148 4002 ταῦτα

579 4026 699 4092 δοὺς
717 4028 1042 4090 διατάσσειν,
1067 4027 1244 4098 πολλῷ
1267 4027 1464 4098 μᾶλλον
1482 4025 1640 4088 αὐτὸς
1667 4027 1808 4079 αὐτὰ
1836 4030 2144 4100 ἐργάσεται.

647 4128 707 4176 ε’.
728 4123 834 4176 Καὶ
852 4124 958 4193 γὰρ
974 4125 1021 4175 εί
1051 4124 1124 4193 μή
1146 4118 1297 4186 οὗτος
1316 4119 1383 4192 ἦν
1403 4123 1432 4174 ό
1451 4121 1631 4191 φόϐος,
1653 4125 1827 4176 πάντα
1845 4124 1912 4178 ἀν
1938 4125 2148 4179 ἀπολώ-

577 4205 661 4260 λει
681 4223 694 4236 ·
725 4206 856 4258 ὅπου
883 4222 944 4273 γε
966 4205 1233 4258 τοσούτων
1258 4205 1529 4258 κολάσεων
1557 4207 1934 4276 ἐπικειμένων,
1963 4208 2146 4262 πολλοὶ

576 4290 628 4342 οῖ
660 4288 794 4359 πρὸς
812 4287 910 4358 τήν
951 4281 1148 4341 κακίαν
1185 4287 1610 4357 αύτομολοῦντές
1642 4291 1768 4342 είσι.
1788 4289 1974 4344 Ταῦτα
1999 4289 2142 4363 [καὶ]

580 4369 900 4439 φιλοσοφῶν,
928 4373 1020 4423 καὶ
1050 4371 1184 4441 πρὸς
1227 4373 1326 4440 τὴν
1357 4370 1725 4442 ἐλεημοσύνην
1749 4373 1847 4444 έσῃ
1875 4375 2148 4444 προθυμόσ

577 4471 755 4524 τερος,
805 4456 901 4506 καὶ
931 4452 1129 4522 πολλὴν
1159 4451 1428 4523 καρπώσῃ
1461 4454 1557 4521 τήν
1587 4454 1799 4523 ἡδονὴν,
1831 4455 1925 4507 καὶ
1970 4455 2148 4525 πολλῷ

583 4535 804 4606 μείζονα
831 4534 939 4587 τῶν
963 4533 1071 4586 ἀπὸ
1093 4533 1318 4604 θεάτρου
1339 4534 1789 4587 καταϐαινόντων.
1821 4537 1882 4589 Οί
1917 4537 2016 4606 μὲν
2040 4538 2147 4609 γὰρ

580 4616 788 4670 ἐκεῖθεν
832 4617 1182 4680 ἀναστάντες,
1233 4616 1522 4691 φλέγονται
1565 4617 1670 4670 ὑπὸ
1720 4621 1818 4689 τῆς
1853 4619 2148 4689 ἐπιθυμίας

580 4697 873 4777 καιόμενοι.
902 4700 1069 4752 Ὀταν
1092 4699 1200 4769 γάρ
1225 4698 1373 4751 ίδωσι
1399 4698 1496 4762 τάς
1520 4700 1976 4771 ἀνεπτερωμένας
1992 4700 2162 4774 [558]

579 4781 789 4845 ἐκείνας
811 4781 903 4834 ἐπὶ
930 4781 1029 4850 τῆς
1058 4781 1260 4850 σκηνῆς
1288 4783 1568 4847 γυναῖκας,
1601 4781 1696 4834 καὶ
1717 4782 1887 4852 μυρία
1910 4783 2147 4838 λάϐωσιν

581 4865 788 4918 ἐκεῖθεν
801 4863 1111 4935 τραύματα,
1129 4864 1403 4934 θαλάσσης
1422 4864 1794 4934 κυμαινούσης
1825 4866 1978 4919 οὐδὲν
1997 4868 2150 4938 ἀμειο

580 4945 1068 5008 νονδιακείσονται,
1098 4944 1191 4997 τοῦ
1218 4945 1386 4998 τύπου
1416 4946 1525 4998 τῶν
1566 4944 1764 5012 ὄψεων,
1800 4946 1907 5000 τῶν
1939 4950 2149 5018 σχημά-

577 5047 706 5092 των,
739 5029 849 5082 τῶν
870 5029 1149 5100 ῥημάτων,
1174 5030 1270 5100 τῆς
1289 5030 1569 5100 βαδίσεως,
1599 5031 1709 5084 τῶν
1731 5031 1903 5085 ἀλλων
1933 5033 2147 5087 πάντων

579 5114 686 5186 πρὸ
707 5112 813 5167 τῶν
844 5111 1137 5183 ὀφθαλμῶν
1170 5113 1488 5181 ἱσταμένων,
1521 5116 1616 5167 καὶ
1634 5112 1734 5185 τήν
1751 5113 1928 5184 ψυχὴν
1967 5115 2146 5178 αὐτοῖς

581 5195 1032 5269 πολιορκούντων.
1058 5196 1121 5249 Οί
1144 5195 1201 5248 δέ
1216 5193 1464 5248 ἐντεῦθεν
1484 5196 1810 5262 ἐξελθόντες,
1839 5199 1992 5252 οὐδὲν
2013 5200 2146 5252 ὕπο·

583 5271 865 5349 στήσονται
897 5278 1155 5341 τοιοῦτον,
1216 5276 1350 5330 ἀ)λά
1387 5277 1584 5350 πολλὴν
1635 5279 2016 5351 καρπώσονται
2049 5283 2146 5352 τήν

582 5360 822 5430 γαλήνην
845 5361 940 5414 καὶ
971 5360 1067 5431 τήν
1099 5360 1421 5430 ἀταραξίαν.
1465 5361 1529 5415 Ἦ
1567 5363 1676 5433 γὰρ
1703 5363 1991 5430 κατάνυξις
2025 5368 2057 5433 ή
2083 5367 2147 5419 ἐκ

580 5444 678 5513 τῆς
707 5444 879 5513 ὅψεως
911 5443 1019 5496 τῶν
1049 5444 1343 5514 δεδεμένων
1390 5446 1740 5515 ἐγγενομένη,
1789 5447 1936 5501 ἀπαν
1971 5449 2147 5502 ἐκεῖνο

582 5526 831 5580 σϐέννυσι
862 5525 922 5580 τδ
953 5523 1082 5595 πῦρ.
1123 5527 1237 5579 Κάν
1265 5529 1554 5598 ἀπαντήσῃ
1603 5529 1739 5599 γυνὴ
1775 5530 2144 5601 πορνευομένη

580 5610 676 5662 καὶ
705 5609 1000 5668 ἀκόλαστος
1023 5606 1284 5671 ἐξελθόντι
1313 5608 1421 5660 τῶν
1443 5608 1752 5678 δεσμωτῶν,
1800 5612 1953 5665 οὐδὲν
1987 5613 2148 5666 αὑτὸν

581 5693 871 5762 ἐργάσεται
894 5691 1144 5762 χαλεπόν.
1176 5691 1262 5752 ὀς
1287 5691 1393 5762 γάρ
1414 5690 1686 5754 ἄπλαστος
1712 5694 1894 5746 λοιπὸν
1923 5695 2148 5764 γενόμε-

580 5793 692 5842 νος,
741 5775 910 5838 οὕτως
964 5777 1063 5844 οὐχ
1114 5773 1378 5827 ἁλώσεται
1411 5777 1523 5837 τοῖς
1569 5775 1802 5838 δικτύοις
1842 5777 1943 5845 τῆς
1972 5778 2145 5846 Mm»;

582 5858 814 5926 ικείνης,
860 5857 981 5910 ἀντὶ
1008 5855 1104 5922 τῆς
1136 5857 1306 5922 ὂψεως
1337 5856 1433 5926 τῆς
1477 5857 1797 5919 ἀκολάστου,
1830 5859 1925 5912 τοῦ
1980 5861 2144 5928 φόϐου

583 5941 680 6008 τῆς
705 5939 933 6009 κρίσεως
966 5939 1068 6008 πρὸ
1088 5937 1380 6009 ὀφθαλμῶν
1405 5940 1552 6008 αὐτῷ
1577 5942 1695 5994 τότε
1741 5944 2014 6012 κειμένου.
2048 5945 2146 5997 Διά

587 6022 743 6074 τοῦτο
767 6023 858 6075 καὶ
896 6024 921 6074 ό
951 6023 1056 6075 πᾶν
1085 6017 1222 6084 εἶδος
1249 6025 1453 6093 τρυφῆς
1481 6024 1717 6078 ἐπελθὼν
1746 6025 1957 6095 ἔλεγενσ
1992 6027 2144 6094 Ἅγαρ

1317 454 1378 510 8.
1413 438 1696 508 JOAN‘N‘S
1732 437 2147 506 CHRYSOS’PO

2264 447 2584 504 ARCIIIEP.
2625 448 3183 506 CONSTANTINOP.

3719 444 3836 502 55$

2253 565 2360 617 Οόν
2391 566 2748 636 πορευθῆναι
2770 570 2857 633 εὶς
2879 564 3048 621 οἷκον
3069 567 3349 630 πένθους.
3377 565 3415 633 ἢ
3464 562 3836 632 πορευθῆναι

2252 652 2338 715 είς
2364 647 2529 703 οἶκον
2562 649 2834 718 γέλωτος.
2863 651 2972 704 Καὶ
3005 646 3238 702 ἐνταῦθα
3267 647 3365 718 μέν
3390 645 3658 715 τοσαύτην
3703 647 3836 699 ἐπι-

2253 732 2414 796 δείξει
2442 733 2539 802 τὴν
2563 734 2899 802 φιλοσοφίαν,
2925 733 3040 784 ἐκεῖ
3066 733 3123 785 δὲ
3147 729 3355 801 ἀκούσῃ
3382 729 3452 782 τὰ
3484 730 3694 799 μυρίων
3725 746 3836 799 μα-

2253 816 2538 885 καρισμῶν
2585 815 2710 880 ἀξια
2766 815 3004 886 ῥήματα.
3059 815 3148 885 Μή
3181 815 3360 868 τοίνυν
3390 812 3683 884 ἀμελῶμεν
3727 814 3837 882 τῆς

2249 898 2505 968 τοιαύτης
2561 897 2812 967 πράξεως
2847 899 2940 951 καὶ
2974 898 3381 969 πραγματείας.
3443 894 3562 948 Κᾶν
3600 894 3710 965 γάρ
3749 896 3838 964 μὴ

2251 980 2567 1052 δυνηθῶμεν
2593 981 2798 1051 τροφὴν
2826 984 3176 1050 εἰσενεγκεῖν,
3217 981 3355 1051 μηδὶ
3388 979 3652 1052 ἀργύριον
3704 977 3837 1048 βοη-

2251 1063 2413 1130 θῆσαι
2441 1064 2640 1124 δόντες.
2675 1065 2809 1116 ἀλλὰ
2836 1065 3216 1135 παρακαλέσαι
3254 1063 3423 1133 λόγῳ.
3468 1062 3560 1114 καὶ
3584 1060 3680 1129 τὴν
3708 1076 3838 1113 κει-

2251 1145 2424 1215 μένην
2457 1135 2760 1213 ἀναστῆσαι
2785 1146 2966 1216 ψυχὴν
2990 1145 3352 1216 δυνησόμεθα,
3393 1144 3489 1197 καὶ
3513 1141 3678 1213 ἐτερα
3707 1143 3838 1195 ἐπι-

2251 1227 2738 1298 κουρῆσαιπολλά,
2786 1229 2879 1281 καὶ
2925 1231 3040 1292 τοῖς
3092 1226 3394 1298 ἐμϐαλοῦσι
3425 1225 3834 1294 διαλεγόμενοι,

2251 1293 2498 1374 καὶ-τοὺς
2521 1293 2853 1379 ’ἐφεστῶτας
2886 1293 3269 1382 ἡμερωτέρους
3318 1307 3620 1370 ποιοῦντες,
3654 1293 3767 1359 καὶ
3795 1306 3835 1376 ἢ

2254 1392 2447 1463 μικρὸν
2476 1393 2509 1463 ἢ
2543 1393 2685 1463 μέγα
2713 1394 2928 1457 πάντως
2957 1391 3307 1464 ἐργασόμεθα
3329 1390 3535 1460 κέρδος.
3571 1389 3633 1441 EI
3651 1387 3710 1440 δι
3736 1387 3835 1440 λέ-

2250 1492 2366 1544 γεις
2391 1478 2473 1530 ὃτι
2511 1479 2610 1530 οὐκ
2651 1477 2963 1548 εὐδαίμονές
2995 1479 3133 1530 εἰσιν
3165 1476 3303 1538 ἐκεῖ,
3349 1475 3468 1528 οὐδὲ
3509 1471 3832 1543 εῦχρηστοι,

2249 1560 2369 1614 οὐδὲ
2399 1561 2662 1624 ἐπιεικεῖς
2686 1560 2896 1629 ἀνδρες,
2927 1559 3041 1612 ἀλλ’
3065 1558 3383 1629 ἀνδροφόνοι
3420 1556 3515 1610 καὶ
3542 1553 3837 1625 τυμϐωρύ-

2249 1659 2354 1713 χοι,
2377 1645 2467 1696 καὶ
2485 1643 2912 1714 βαλαντιοτόμοι,
2943 1643 3036 1695 καὶ
3064 1643 3262 1712 μοιχοὶ,
3291 1640 3383 1694 καὶ
3403 1637 3711 1701 ἀκόλαστοι,
3730 1636 3835 1690 καὶ

2251 1726 2459 1780 πολλῶν
2505 1727 2765 1796 γέμοντες
2813 1724 3018 1788 κακῶν,
3057 1725 3220 1778 πάλιν
3250 1723 3554 1792 ἀναγκαίαν
3603 1738 3692 1790 μοι
3731 1720 3834 1773 καὶ

2251 1809 2497 1863 ἐντεῦθεν
2529 1809 2794 1874 δεικνύεις
2824 1810 2924 1878 τῆς
2958 1811 3074 1862 ἐκεῖ
3099 1807 3378 1878 διατριϐῆς
3401 1807 3500 1876 τὴν
3528 1804 3831 1875 πρόφασιν.

2251 1893 2322 1945 Ού
2351 1892 2457 1962 γάρ
2481 1891 2545 1962 δὴ
2572 1893 2699 1955 τοὺς
2725 1893 2821 1962 μὲν
2844 1891 3081 1960 ἀγαθοὺς
3104 1891 3290 1953 ἐλεεῖν,
3322 1891 3450 1952 τοὺς
3472 1887 3529 1941 δέ
3556 1887 3834 1960 πονηροὺς

2249 1973 2496 2038 κολάζειν
2527 1974 2818 2045 ἐκελεύσθη
2829 1993 2926 2044 μεν
2948 1992 2962 2006 ο
3000 1973 3136 2027 ἀλλά
3162 1975 3288 2043 περὶ
3315 1972 3522 2034 πάντας
3552 1970 3834 2023 ἐνδείκνυ-

2251 2057 2373 2112 σθαι
2397 2058 2492 2128 τὴν
2515 2057 2924 2129 φιλανθρωπίαν
2950 2056 3174 2128 ταύτην.
3204 2058 3458 2111 Γίνεσθε
3486 2055 3614 2126 γάρ,
3634 2054 3828 2124 φησιν,

2249 2142 2436 2209 ὅμοιοι
2475 2142 2581 2197 τοῦ
2607 2143 2834 2210 Πατρός
2861 2141 3028 2213 ὑμῶν
3047 2143 3152 2198 τοῦ
3172 2142 3244 2195 ἐν
3267 2140 3391 2206 τοῖς
3408 2137 3709 2207 οὐρανοῖς,
3733 2137 3828 2191 δτι
3851 2181 3858 2188 .

2247 2223 2560 2277 ἀνατέλλει
2590 2225 2697 2278 τόν
2717 2227 2896 2293 ἥλιον
2910 2227 3097 2281 αὑτοῦ
3119 2225 3217 2279 ἐπὶ
3245 2223 3551 2292 πονηροὺς
3571 2222 3667 2276 καί
3689 2223 3831 2290 ἀγα-

2247 2300 2409 2371 θοὺς,
2447 2307 2544 2360 καὶ
2591 2307 2797 2376 βρέχει
2823 2308 2921 2362 ἐπὶ
2957 2309 3226 2374 δικαίους
3275 2307 3373 2361 καὶ
3414 2306 3681 2370 ἀδίκους.
3730 2304 3828 2376 Μὴ

2247 2389 2422 2442 τοίνυν
2455 2389 2751 2460 κατηγόρει
2786 2390 2894 2444 τῶν
2927 2390 3222 2463 ἀλλοτρίων
3259 2388 3503 2459 πικρῶς,
3545 2387 3681 2458 μηδὲ
3731 2386 3830 2438 ἔσο

2249 2471 2472 2542 σφοδρὸς
2501 2472 2779 2544 δικαστὴς,
2808 2475 2923 2527 ἀλλ’
2946 2476 3154 2545 ήμερος
3174 2473 3268 2527 καὶ
3292 2471 3691 2543 φιλάνθρωπος.
3714 2471 3829 2523 Καὶ

2246 2555 2355 2622 γάρ
2389 2555 2482 2606 καὶ
2517 2556 2698 2625 ἡμεῖς,
2731 2558 2776 2610 εί
2807 2557 2900 2610 καὶ
2935 2557 3009 2628 μὴ
3054 2557 3252 2627 μοιχοὶ,
3289 2555 3424 2626 μηδὲ
3452 2553 3824 2624 τυμϐωρύχοίο

2251 2637 2384 2706 μηδὲ
2428 2638 2834 2710 βαλαντιοτόμοι
2866 2641 3189 2710 γεγόναμεν,
3244 2638 3361 2691 ἀλλ’
3419 2637 3616 2707 ἔχομεν
3653 2636 3827 2705 ἐτερα

2248 2719 2690 2791 πλημμελήματα
2725 2725 2924 2793 μυρίας
2952 2721 3077 2786 ἀξια
3112 2721 3405 2784 κολάσεως.
3447 2720 3560 2772 Καὶ
3595 2718 3705 2788 γὰρ
3727 2717 3826 2770 καὶ

2245 2801 2336 2854 τὸν
2368 2802 2592 2870 ἀδελφὸν
2628 2805 2808 2874 μωρὸν
2846 2805 3182 2872 ἐκαλέσαμεν
3211 2802 3470 2865 πολλάκις
3492 2842 3507 2865 ,
3555 2802 3694 2870 ὅπερ
3725 2801 3828 2870 τὴν

2245 2885 2468 2951 γέενναν
2501 2888 2631 2956 ἡμῖν
2671 2887 2922 2958 προξενεῖ
2944 2905 2957 2918 ·
2984 2888 3076 2940 καὶ
3104 2887 3370 2953 γυναῖκας
3395 2884 3721 2946 ἀκολάστοις
3746 2883 3827 2934 tl-

2245 2967 2406 3037 δομεν
2435 2969 2752 3040 ὀφθαλμοῖς,
2785 2969 2922 3040 ὅπερ
2961 2969 3207 3040 μοιχείαν
3253 2965 3666 3038 ἀπηρτισμένην
3697 2981 3827 3016 συν-

2248 3051 2427 3122 ίστησι
2447 3069 2464 3083 ο
2497 3053 2590 3105 καὶ
2610 3051 2670 3104 τὸ
2697 3052 2912 3106 πάντων
2938 3049 3338 3122 χαλεπώτερον,
3378 3049 3486 3102 τῶν
3509 3046 3829 3119 μυστηρίων

2247 3135 2306 3187 οὐ
2340 3135 2636 3206 μετέχομεν
2673 3135 2839 3200 ἀξίως
2861 3178 2875 3198 ,
2926 3137 3063 3206 ὅπερ
3096 3136 3313 3204 ἐνόχους
3353 3134 3502 3203 ήμᾶς
3547 3134 3689 3184 ποιεῖ
3725 3129 3826 3184 τοῦ

2251 3216 2499 3287 σώματος
2545 3219 2641 3270 καὶ
2685 3219 2779 3271 τοῦ
2811 3221 3041 3289 αἵματος
3088 3213 3182 3271 τοῦ
3226 3217 3484 3289 Χριστοῦ.
3517 3217 3608 3285 Μή
3637 3215 3825 3267 τοίνυν

2249 3299 2434 3369 πικροὶ
2460 3300 2742 3368 γενώμεθα
2767 3300 2876 3353 τῶν
2900 3300 3074 3354 ἀλλων
3092 3301 3398 3365 ἐξετασταὶ,
3423 3298 3558 3353 ἀλλά
3582 3297 3650 3351 τὰ
3665 3299 3697 3367 ὴ
3704 3298 3826 3367 μῶν

2248 3382 2426 3434 αὖτῶν
2452 3383 2742 3452 ἐννοῶμεν,
2773 3385 2867 3437 καὶ
2886 3383 3027 3437 οὕτω
3057 3374 3376 3454 παυσόμεθα
3405 3385 3503 3453 τῆς
3530 3381 3827 3453 ἀπανθρωο

2248 3464 2376 3526 πίας
2402 3463 2606 3534 ταύτης
2633 3467 2724 3518 καὶ
2747 3468 2844 3535 τῆς
2872 3466 3169 3536 ὠμότητος.
3201 3467 3384 3535 Χωρὶς
3410 3465 3468 3518 δέ
3496 3463 3700 3518 τούτων
3722 3463 3827 3516 κά-

2245 3549 2394 3599 κεῖνο
2424 3546 2568 3599 ἔστιν
2601 3549 2795 3611 είπεῖν,
2818 3549 2899 3601 ὅτι
2935 3551 3028 3602 καὶ
3067 3551 3329 3611 ἐπιεικεῖς
3361 3548 3558 3619 ἀνδρας
3594 3545 3827 3611 πολλοὺς

2247 3628 2550 3698 εὑρήσομεν
2576 3629 2781 3691 αὐτόθι,
2806 3632 2900 3685 καὶ
2923 3634 3018 3700 τῆς
3039 3631 3240 3694 πόλεως
3261 3631 3520 3694 πολλάκις
3538 3629 3828 3695 ἀνταξίους

2247 3712 2444 3780 πάσης.
2487 3712 2638 3765 Ἐπεὶ
2669 3713 2760 3765 καὶ
2789 3712 2850 3765 τὸ
2877 3711 3247 3783 δεσμωτήριον
3277 3714 3472 3775 ἐκεῖνο,
3499 3712 3626 3766 ἔνθα
3658 3716 3687 3766 ό
3711 3714 3828 3767 ἰω-

2248 3793 2354 3862 σήφ
2386 3789 2473 3862 ἦν,
2511 3792 2736 3857 πολλοὺς
2773 3788 2886 3864 εἶχε
2923 3793 3220 3864 πονηρούς·
3257 3793 3372 3847 ἀλλ’
3423 3795 3570 3862 ὅμως
3603 3794 3826 3848 πάντων

2245 3873 2560 3944 ἐπεμελεῖτο
2584 3876 2612 3928 ό
2636 3875 2842 3940 δίκαιος
2871 3877 3096 3941 ἐκεῖνος,
3122 3877 3218 3929 καὶ
3241 3872 3311 3948 ἧν
3337 3877 3430 3930 καὶ
3469 3875 3632 3940 αὐτὸς
3683 3877 3826 3947 μετά

2245 3957 2352 4007 τῶν
2381 3956 2574 4020 ἀλλων,
2596 3958 2967 4027 κρυπτόμενος
2983 3961 3132 4021 ὅστις
3159 3954 3246 4030 ἦν.
3279 3957 3387 4012 Καὶ
3406 3957 3516 4028 γὰρ
3536 3959 3634 4028 τῆς
3665 3958 3826 4026 M76-

2248 4053 2383 4089 πτου
2414 4039 2593 4109 πάσης
2617 4038 2866 4103 ἀντάξιος
2898 4036 2966 4110 ἦν
2986 4082 3000 4105 ,
3035 4041 3129 4095 καὶ
3163 4040 3226 4094 τὸ
3268 4041 3640 4110 δεσμωτήριον
3666 4036 3824 4112 [359]

2249 4118 2394 4187 ὅμως
2421 4119 2575 4189 ᾤκει,
2603 4121 2698 4174 καὶ
2718 4121 2892 4185 οὐδεὶς
2915 4122 3031 4193 ᾔδει
3061 4122 3168 4176 τῶν
3188 4123 3336 4177 ένδον
3357 4122 3548 4175 όντων.
3587 4121 3698 4174 Καὶ
3724 4119 3825 4174 νῦν

2249 4202 2426 4253 τοίνυν
2451 4203 2675 4266 πολλοὺς
2700 4199 2838 4258 εἷναι
2869 4204 3014 4268 είκός
3036 4207 3304 4278 χρηστοὺς
3331 4206 3425 4260 καὶ
3463 4206 3746 4267 ἐπιεικεῖς.
3774 4204 3825 4256 εί

2251 4283 2344 4335 καὶ
2381 4282 2453 4353 μὴ
2477 4285 2639 4337 πᾶσιν
2671 4281 2781 4338 εἷεν
2812 4286 3103 4358 κατάδηλοι
3121 4304 3136 4318 ο
3161 4290 3255 4340 καὶ
3279 4289 3311 4357 ἡ
3347 4287 3474 4356 περὶ
3501 4287 3627 4348 τοὺς
3655 4284 3828 4339 τοιού-

2251 4381 2374 4428 τους
2401 4366 2706 4434 ἐπιμέλεια,
2741 4369 2840 4437 τῆς
2879 4387 2944 4422 πε
2954 4371 3008 4440 ρὶ
3036 4369 3244 4432 πάντας
3266 4368 3500 4435 σπουδῆς
3525 4366 3706 4420 δίδωσί
3740 4384 3824 4420 σοι

2250 4445 2346 4516 τὴν
2395 4447 2647 4518 ἀμοιϐήν.
2687 4450 2783 4504 Ἂν
2813 4451 2870 4504 δέ
2925 4451 3019 4506 καὶ
3054 4452 3240 4520 μηδεὶς
3329 4450 3587 4515 τοιοῦτος,
3617 4449 3713 4504 καὶ
3738 4450 3824 4502 ἐν-

2250 4528 2424 4584 ταῦθα
2447 4529 2612 4601 πολλὴ
2647 4532 2678 4600 ή
2704 4533 2984 4595 ἀντίδοσις.
3029 4533 3181 4586 Ἐπεὶ
3202 4535 3295 4586 καὶ
3319 4535 3348 4586 ό
3371 4533 3646 4604 Δεσπότης
3673 4533 3703 4586 ό
3729 4531 3825 4596 σδς

2249 4613 2369 4683 οὐχὶ
2417 4613 2644 4676 δικαίοις
2675 4613 2940 4680 διελέγετο
2973 4615 3162 4684 μόνον,
3208 4616 3332 4677 τοὺς
3371 4613 3428 4666 δέ
3477 4613 3826 4684 ἀκαθάρτους

2250 4696 2496 4765 έφευγεψ
2516 4695 2650 4750 ἀλλά
2668 4695 2760 4748 καὶ
2783 4695 2882 4767 τήν
2896 4696 3204 4749 Χαναναίαν
3223 4695 3360 4765 μετά
3388 4695 3585 4766 πολλῆς
3606 4696 3825 4762 mem

2249 4779 2349 4848 τῆς
2381 4777 2614 4839 εὐνοίας.
2645 4777 2741 4830 καὶ
2769 4777 2866 4848 τήν
2899 4777 3226 4851 Σαμαρεῖτιν
3245 4778 3344 4849 τήν
3375 4778 3542 4848 ἐναγῆ
3566 4779 3658 4831 καὶ
3685 4778 3825 4832 ἀκόσ-

2252 4861 2467 4931 θαρτον,
2514 4862 2608 4914 καὶ
2640 4861 2832 4928 ἑτέραν
2860 4860 2917 4914 δὲ
2967 4862 3170 4933 πόρνην
3201 4863 3394 4925 πάλιν,
3428 4863 3570 4931 ὑπὲρ
3617 4858 3685 4933 ἧς
3727 4863 3825 4916 καὶ

2248 4939 2520 5005 ὠνείδιζον
2545 4943 2596 4995 οί
2638 4943 2902 5005 Ἰουδαῖοι,
2950 4945 3041 4996 καὶ
3085 4942 3304 5008 ἐδέξατο
3332 4943 3428 4996 καὶ
3462 4943 3822 5015 ἐθεράπευσε,

2249 5021 2491 5086 καὶτοὺς
2521 5024 2686 5087 πόδας
2733 5023 3094 5095 βρεχομένους
3143 5025 3248 5078 ὑπὸ
3275 5025 3384 5079 τῶν
3429 5024 3681 5096 δακρύων
3724 5026 3825 5096 τῆς

2248 5105 2474 5174 ἐναγοῦς
2499 5107 2759 5176 ἠνείχετο,
2787 5106 3053 5160 παιδεύων
3081 5109 3228 5178 ἡμᾶς
3256 5107 3606 5176 συγκατιέναι
3631 5109 3744 5171 τοῖς
3767 5109 3825 5160 ἐν

2251 5188 2547 5258 ἁμαρτίαις
2577 5185 2714 5243 οὖσι.
2747 5189 2918 5243 Τοῦτο
2936 5189 3045 5262 γάρ
3075 5189 3308 5260 μάλιστα
3339 5189 3741 5260 φιλανθρωπία.
3758 5190 3824 5243 Τί

2249 5269 2387 5339 φῄςς
2409 5269 2603 5342 λῃσταὶ
2627 5272 2719 5324 καὶ
2737 5273 3084 5344 τυμϐωρύχοι
3099 5273 3160 5326 τὸ
3180 5274 3552 5345 δεσμωτήριον
3579 5270 3824 5337 οίκοῦσις

2249 5353 2360 5424 τήν
2390 5353 2448 5406 δὲ
2483 5355 2654 5416 πόλιν,
2687 5356 2810 5408 είπέ
2847 5373 2959 5426 μοι,
2989 5357 3185 5411 δίκαιοι
3217 5359 3418 5420 πάντες
3441 5357 3581 5410 είσὶν
3605 5357 3655 5409 οἱ
3692 5372 3824 5410 κατ-

2247 5435 2561 5502 οικοῦντεςς
2594 5437 2708 5490 ἀλλ’
2730 5438 2849 5508 οὐχὶ
2871 5438 3052 5492 πολ-λοι
3078 5440 3172 5492 καὶ
3205 5439 3409 5493 τούτων
3447 5439 3662 5510 χείρους
3685 5439 3824 5508 μετά

2248 5517 2492 5582 πλείονος
2521 5519 2871 5592 λῃστεύοντες
2917 5522 3337 5591 ἀναισχυντίας;
3387 5523 3448 5576 οι
3501 5520 3602 5592 μιν
3631 5522 3739 5592 γάρ
3776 5523 3823 5574 εί

2247 5601 2340 5654 καὶ
2369 5601 2534 5671 μηδὲν
2566 5603 2752 5674 ἓτερον
2775 5644 2790 5666 ,
2828 5605 2927 5675 τήν
2974 5603 3105 5672 γοῦν
3155 5604 3387 5674 ἐρημίαν
3425 5605 3601 5658 καὶτὸ
3634 5605 3824 5669 σκότος

2248 5683 2664 5753 προϐάλλονται,
2695 5687 2790 5740 καὶ
2821 5686 2882 5739 το
2916 5686 3270 5750 λανθάνοντες
3317 5685 3490 5740 ταῦτα
3530 5689 3702 5740 ποιεῖν
3724 5703 3740 5718 ·
3773 5689 3824 5741 οί

2245 5763 2302 5817 δὲ
2327 5765 2388 5817 τὸ
2409 5769 2750 5837 προσωπεῖον
2776 5768 3050 5839 ῥίψαντες,
3072 5772 3253 5840 γυμνῇ
3272 5771 3338 5840 τῇ
3362 5769 3571 5841 κεφαλῇ
3588 5769 3659 5823 τά
3678 5771 3822 5824 κακά

2249 5849 2618 5918 μετέρχονται,
2646 5851 2806 5920 βίαιοι
2830 5854 2923 5906 καὶ
2936 5854 3181 5924 ἅρπαγες
3200 5855 3350 5920 δντες
3371 5857 3465 5910 καὶ
3489 5856 3819 5910 πλεονέκται.

2248 5931 2355 5983 Καὶ
2381 5931 2487 5999 γάρ
2506 5931 2760 5986 δύσκολον
2781 5935 2959 6004 εὑρεῖν
2978 5935 3264 6006 ἀνθρωπον
3283 5937 3494 5996 ἀδικίας
3510 5937 3768 6007 καθαρόν.

2319 6035 2391 6091 ς’.
2418 6029 2479 6081 Εί
2511 6030 2566 6083 δὲ
2590 6032 2663 6102 μὴ
2697 6036 2913 6102 χρυσίον
2939 6034 3280 6101 ἀρτιάζομεν,
3307 6035 3439 6100 μηδέ
3473 6033 3682 6099 πλέθρα
3720 6036 3822 6100 γῆς
