4088 6484
212 415 314 470 3:57»

285 524 466 592 Ofﬁcia
492 523 785 578 Christiana
810 539 956 592 quam
982 522 1176 592 (acilia.
1207 551 1278 562 -—
1296 521 1430 588 Quid
1456 522 1600 576 enim
1621 535 1807 589 grave.

209 617 335 685 quid
363 631 661 671 onerosum
689 630 718 668 a
747 614 898 670 nobis
928 615 1112 685 exigit,
1152 613 1280 683 quid
1307 630 1411 667 non
1457 612 1812 667 facillimum?

209 709 394 780 Neque
416 710 564 763 enim
583 709 737 774 dixit,
765 707 1012 763 Infirmus
1028 723 1197 773 eram,
1226 716 1282 761 et
1305 723 1412 761 non
1434 705 1663 761 sanastis
1687 721 1809 768 me;

209 800 322 860 sed.
355 797 485 853 Non
512 798 866 853 risitastisiue.
898 797 1013 852 Non
1042 797 1196 860 dixit,
1228 797 1283 852 lu
1311 812 1529 851 carcere
1557 810 1728 862 eram,
1757 803 1813 849 et

210 907 316 945 non
344 890 616 946 eduxistis
644 904 767 954 me;
814 889 936 956 sed,
969 889 1090 943 Non
1129 889 1332 944 venistis
1357 888 1426 941 ad
1464 903 1563 942 me.
1597 886 1811 954 Quanto

207 982 371 1053 igitur
399 981 646 1040 faciliora
683 991 806 1037 sunt
857 992 1145 1054 prmcepta,
1195 991 1344 1036 tanto
1398 980 1573 1050 majus
1616 978 1812 1048 suppli-

205 1073 349 1127 cium
400 1087 512 1128 non
570 1072 929 1128 servantibus.
981 1072 1119 1141 Quid
1147 1073 1312 1135 enim,
1343 1085 1549 1141 quaso,
1577 1069 1805 1135 facilius,

206 1179 367 1234 quam
398 1179 680 1220 carcerem
710 1164 904 1220 adire?
947 1165 1072 1235 quid
1121 1163 1388 1219 suavius?
1432 1161 1564 1218 Cum
1610 1161 1810 1218 videris

204 1257 340 1312 alios
371 1256 604 1322 vinctos,
633 1256 766 1312 alios
797 1256 1090 1328 squalidos,
1118 1255 1389 1319 comatos,
1409 1263 1464 1311 et
1502 1254 1694 1325 pannis
1723 1254 1807 1308 in-

205 1345 386 1413 dutos,
417 1347 560 1402 alios
607 1345 747 1402 fame
779 1348 1135 1414 tabescentes,
1190 1355 1246 1402 et
1300 1347 1366 1401 ad
1413 1345 1578 1416 pedes
1613 1359 1806 1400 canum

206 1453 359 1493 more
381 1448 749 1515 accurrentes,
790 1439 925 1493 alios
955 1438 1241 1508 discerptis
1266 1437 1546 1503 lateribus,
1576 1435 1711 1490 alios
1741 1448 1808 1491 ex

204 1529 322 1585 foro
350 1530 548 1602 ligatos
573 1541 927 1596 revertentes,
956 1532 1045 1600 qui
1065 1539 1173 1586 tota
1199 1530 1289 1586 die
1318 1529 1711 1593 mendicantes,
1739 1541 1808 1582 ne

203 1624 385 1679 cibum
441 1623 658 1695 quidem
715 1624 1077 1679 necessarium
1130 1622 1519 1693 collegerunt;
1581 1634 1826 1690 vespere-

203 1726 384 1771 autem
419 1731 450 1770 a
479 1715 792 1771 custodibus
831 1714 903 1770 ad
946 1715 1269 1772 laboriosum
1299 1722 1355 1770 et
1381 1716 1613 1769 immane
1651 1711 1808 1767 mini-

203 1809 428 1862 sterium
460 1816 678 1862 coactos
706 1824 722 1876 ;
764 1808 976 1863 etiamsi
1019 1807 1157 1878 lapis
1184 1822 1354 1874 esses,
1388 1807 1808 1862 humanissimus

203 1899 327 1953 hinc
340 1899 581 1956 evades;
603 1899 812 1955 etiamsi
838 1899 1002 1954 vitam
1028 1899 1242 1955 mollem
1269 1900 1691 1970 dissolutamque
1716 1897 1809 1953 du-

201 2003 313 2052 cas,
363 1988 494 2043 hinc
539 1989 693 2058 plane
733 1989 1086 2060 philosophus
1119 1990 1344 2056 evades,
1386 1991 1512 2045 dunt
1561 1990 1807 2045 humanae

203 2079 325 2132 vita:
353 2078 719 2135 conditionem
754 2079 806 2133 in
835 2079 1025 2134 alienis
1063 2080 1454 2135 calamitatibus
1493 2079 1804 2137 intueberis.

203 2170 353 2225 Tunc
382 2172 437 2226 iu
470 2181 704 2227 mentem
734 2173 913 2228 veniet
939 2171 1247 2228 tremendus
1272 2173 1362 2228 ille
1391 2173 1527 2238 dies,
1554 2174 1806 2244 variaque

202 2265 488 2334 SltppliCia.
523 2265 648 2320 Haec
670 2265 852 2320 animo
873 2279 1116 2330 versans,
1152 2266 1308 2332 iram,
1327 2266 1680 2336 voluptatem,
1705 2272 1814 2322 sa:-'

203 2357 465 2410 cularium
508 2371 690 2412 rerum
733 2370 971 2413 amorem
1001 2356 1240 2428 abjicies,
1281 2367 1334 2412 et
1361 2357 1648 2428 tranquillo
1671 2372 1806 2428 quo-

203 2449 282 2502 vis
312 2459 472 2516 portu
502 2448 924 2519 tranquilliorem
953 2449 1186 2504 animam
1223 2448 1447 2506 efficies.
1491 2450 1569 2505 De
1605 2449 1806 2519 judicio

203 2540 294 2595 illo
322 2540 812 2611 philosophaberis,
843 2551 1017 2598 tecum
1038 2552 1312 2613 reputans,
1336 2542 1382 2598 si
1400 2542 1540 2613 apud
1561 2541 1807 2598 homines

205 2643 382 2688 tantus
408 2632 548 2688 ordo
580 2648 779 2699 rerum,
806 2642 983 2689 tantus
1007 2643 1202 2701 terror,
1241 2642 1402 2689 tanta;
1436 2634 1808 2689 comminatio-

205 2738 319 2790 nes,
347 2725 523 2781 multo
545 2725 717 2796 magis
739 2725 880 2797 apud
906 2725 1097 2783 Deum.
1121 2725 1287 2781 Nulla
1311 2726 1443 2781 enim
1469 2735 1689 2798 potestas
1711 2734 1802 2792 est,

204 2815 303 2870 uisi
336 2834 370 2870 α
399 2815 514 2873 Deo
539 2817 719 2889 (Rom.
764 2819 851 2875 l3.
885 2819 965 2891 1).
1003 2818 1106 2888 Qui
1147 2817 1479 2890 principibus
1510 2819 1625 2873 haec
1660 2818 1806 2874 ordio

206 2908 380 2964 nanda
409 2911 706 2976 commisit,
735 2912 905 2967 multo
939 2912 1108 2983 magis
1133 2911 1248 2984 ipse
1275 2920 1618 2980 exsequetur.

275 2999 330 3052 5.
365 2998 546 3072 Majas
574 3016 636 3054 ea:
661 3000 822 3072 οπεεὶο
846 3002 1073 3056 caritatis
1102 3018 1253 3072 quam
1283 3019 1310 3057 e
1335 3000 1666 3055 theatralibus
1691 3016 1807 3070 spe-

208 3091 416 3144 ctaculis
443 3092 691 3162 gaudium
721 3095 1016 3163 percipitur.
1080 3092 1283 3148 νίκηάὲ
1323 3104 1439 3148 sunt
1479 3094 1803 3148 incarcerati.

207 3178 410 3234 —Nant
441 3181 549 3236 nisi
585 3183 676 3237 ille
703 3183 928 3239 instaret
955 3185 1133 3251 timor,
1156 3184 1337 3240 omnia
1371 3200 1503 3241 sane
1528 3187 1803 3257 perirent:

208 3273 422 3341 quando
449 3283 529 3328 tot
547 3276 945 3332 imminentibus
961 3278 1235 3349 suppliciis
1260 3278 1408 3333 multi
1426 3278 1492 3333 ad
1514 3279 1804 3350 nequitiam

210 3375 327 3418 sese
342 3365 652 3420 conferunt.
674 3365 798 3420 Haec
822 3368 865 3420 si
889 3366 1298 3438 philosopheris,
1327 3369 1392 3423 ad
1409 3369 1806 3443 eleemosynam

211 3453 315 3506 eris
344 3457 670 3525 promptior,
692 3463 881 3526 magna
911 3456 1103 3512 frueris
1123 3459 1413 3528 voluptate,
1445 3468 1501 3514 et
1524 3459 1681 3531 longe
1696 3476 1809 3515 ma-

209 3541 341 3610 jore,
368 3561 532 3614 quam
559 3545 648 3616 qui
677 3561 707 3600 a
731 3549 938 3603 theatro
965 3547 1316 3604 descendunt.
1340 3550 1473 3605 Nam
1495 3552 1636 3621 quia
1660 3551 1809 3608 thea-

214 3643 292 3688 tro
319 3648 571 3708 surgunt,
599 3640 1028 3711 concupiscentia
1051 3641 1262 3697 ardent.
1293 3641 1430 3698 Cum
1457 3645 1642 3700 vident
1663 3647 1807 3703 enim

215 3726 328 3783 illas
361 3730 412 3784 in
437 3745 602 3786 scena
644 3732 915 3798 mulieres,
948 3734 1226 3789 ornatibus
1258 3735 1626 3806 splendentes,
1660 3739 1808 3796 mille

213 3818 384 3876 allecti
420 3821 754 3890 vulneribus,
786 3825 953 3880 instar
980 3826 1146 3881 maris
1172 3829 1446 3883 mstuantis
1475 3839 1651 3895 erunt,
1681 3829 1806 3886 dum

214 3926 393 3966 earum
431 3922 675 3984 aspectu,
719 3914 934 3983 habitu,
972 3917 1172 3980 verbis,
1204 3917 1449 3986 incessu,
1490 3923 1808 3993 casterisque

214 4002 462 4084 omnibus
486 4005 699 4060 animus
723 4005 1018 4062 obsidetur.
1042 4006 1141 4075 Qui
1161 4020 1340 4065 autem
1358 4010 1426 4066 ab
1443 4011 1536 4065 illo
1552 4011 1660 4068 alio
1681 4028 1806 4084 spe-

214 4095 419 4151 etaculo
447 4097 819 4167 egrediuntur,
853 4099 984 4155 nihil
1018 4099 1125 4156 tale
1150 4101 1439 4171 patientur,
1478 4102 1587 4158 imo
1616 4121 1808 4178 magna

217 4186 455 4243 fruentur
487 4189 886 4260 tranquillitate.
916 4190 1273 4264 Compunctio
1311 4195 1453 4250 enim
1493 4211 1558 4250 ex
1606 4197 1810 4254 vincto-

216 4291 326 4331 rum
367 4287 590 4350 aspectu
634 4290 785 4350 parta
831 4281 1138 4353 bujusmodi
1179 4283 1352 4354 ignem
1401 4294 1569 4341 totum
1600 4290 1807 4343 exstin-

214 4372 340 4439 guit.
363 4371 420 4428 Si
449 4376 671 4430 exeunti
701 4389 767 4430 ex
788 4390 1005 4432 carcere
1032 4386 1281 4432 occurrat
1310 4377 1502 4433 lasciva
1529 4382 1805 4448 meretrix,

216 4461 339 4516 nihil
368 4464 439 4518 illi
469 4464 596 4519 mali
627 4464 839 4520 inferet.
869 4465 1003 4521 Nam
1035 4466 1158 4522 fuco
1189 4468 1315 4523 nulli
1341 4467 1625 4537 obnoxius,
1648 4485 1807 4541 aspe-

213 4563 325 4608 ctus
352 4554 663 4626 hujnsmodi
692 4557 894 4613 retibus
924 4573 1030 4614 non
1059 4562 1318 4630 capietur,
1345 4577 1468 4617 cum
1508 4573 1695 4618 contra
1725 4575 1806 4620 ta-

217 4642 316 4698 lem
343 4657 623 4716 aspectum
655 4656 829 4704 metus
853 4641 1037 4718 judicii
1076 4651 1148 4707 ob
1173 4653 1358 4708 oculos
1388 4664 1651 4710 versetur.
1685 4655 1808 4713 Ideo

214 4735 300 4791 ille
324 4741 410 4808 qui
437 4755 603 4795 omne
628 4741 915 4811 voluptatis
944 4758 1113 4812 genus
1137 4755 1391 4815 expertus
1411 4757 1548 4815 erat,
1571 4748 1804 4819 dicebat,

216 4824 394 4885 Melius
418 4841 495 4886 est
518 4831 590 4884 ire
624 4832 676 4886 in
706 4833 910 4887 domum
936 4835 1121 4901 luctus,
1161 4853 1313 4908 quam
1351 4839 1405 4892 in
1442 4839 1648 4894 domum
1675 4842 1808 4897 risus

214 4916 406 4980 (Eccle.
452 4923 509 4976 '7.
551 4923 630 4991 ὅ).
675 4923 741 4977 Et
783 4923 868 4980 hic
915 4927 1072 4980 talem
1117 4938 1350 4983 sectatus
1389 4929 1804 5002 philosophiam,

215 5005 318 5065 illic
345 5011 655 5068 beatissima
673 5015 853 5071 audiet
876 5019 1058 5074 verba.
1079 5018 1158 5074 Ne
1172 5035 1300 5092 ergo
1318 5021 1446 5076 illud
1476 5024 1808 5095 negligamus

214 5113 361 5170 opus.
389 5103 616 5160 Etiamsi
641 5106 784 5161 enitn
815 5123 920 5163 non
961 5111 1229 5180 possimus
1267 5128 1334 5168 eo
1364 5113 1542 5169 cibum
1587 5117 1804 5185 inferre,

215 5190 310 5249 nec
336 5207 641 5268 argentum,
679 5208 734 5254 at
765 5202 1056 5270 poterimus
1102 5206 1282 5261 verbis
1315 5206 1521 5278 lapsum
1568 5209 1804 5264 animum

213 5287 497 5351 consolari,
518 5297 572 5343 et
595 5289 646 5344 in
675 5289 793 5346 aliis
821 5294 1000 5348 multis
1019 5296 1228 5364 juvare,
1263 5297 1374 5352 sive
1396 5313 1490 5353 eos
1505 5300 1593 5369 qui
1612 5300 1662 5354 in
1685 5318 1806 5356 car-

215 5389 384 5432 cerem
425 5390 704 5435 truserunt
732 5383 1085 5454 alloquentes,
1117 5387 1230 5442 sive
1268 5389 1517 5445 custodes
1551 5408 1806 5451 mansue-

218 5465 374 5523 tiores
406 5470 716 5536 reddentes,
751 5484 803 5529 et
842 5477 923 5531 vel
955 5479 1504 5550 quantulumcumque
1528 5485 1646 5552 opis
1673 5486 1806 5539 affe-

219 5571 407 5615 remus.
461 5562 517 5618 Si
555 5565 777 5628 dixeris,
828 5583 926 5622 nec
954 5569 1087 5638 frugi
1130 5587 1229 5626 nec
1275 5575 1474 5643 probos
1510 5576 1654 5631 viros
1701 5578 1808 5632 illic

219 5661 348 5715 esse,
380 5654 476 5708 sed
507 5653 826 5724 homicidas,
867 5661 1237 5728 sepulcrorum
1277 5665 1600 5733 eil‘ossorcs,
1640 5668 1806 5733 fures,

219 5745 466 5810 mmehos,
490 5746 736 5810 lascvos.
758 5751 1043 5822 multisque
1066 5755 1360 5813 sceleribus
1377 5761 1655 5830 obnoxios,
1683 5777 1806 5817 rur-

221 5841 304 5885 sus
323 5838 445 5932 pulli
477 5841 839 5894 necessnritun
871 5842 1012 5897 hunc
1043 5843 1244 5901 aditum
1273 5849 1484 5919 probas.
1519 5851 1634 5908 Non
1662 5856 1804 5909 enim

541 5936 814 6001 Pnaoc.
863 5943 978 6002 Gn.
1034 5943 1190 6004 Ll.\'.

1331 410 1390 468 ΙΝ
1431 409 1744 465 ΙΟᾹΝΝΕΜ
1788 410 2014 465 ΗΟΜΙΙ..
2060 410 2169 465 ιχ.
2211 411 2280 463 al.
2327 410 2459 465 LIX.

3417 415 3520 470 35.1

1920 520 2165 589 iubemur
2193 523 2362 577 bonos
2390 522 2659 585 miserari,
2694 538 2745 577 et
2795 523 2965 575 malos
3001 522 3231 591 punire;
3287 535 3375 578 seu
3416 527 3520 580 lm-

1915 613 2145 678 jnsmodi
2191 614 2576 668 humanitatem
2624 613 2878 669 omnibus
2924 614 3223 684 impertire.
3257 615 3394 670 Nam
3423 619 3520 678 ait,

1919 701 2094 758 Estote
2121 705 2310 759 similes
2349 704 2500 758 Patri
2543 715 2726 770 vestro,
2767 705 2854 774 qui
2895 707 2948 759 in
2978 707 3115 760 aclis
3144 718 3238 773 est,
3271 709 3357 778 qui
3398 711 3523 762 oriri

1916 796 2040 866 facit
2073 796 2232 849 solem
2263 812 2410 850 suum
2449 813 2604 866 super
2645 795 2812 851 malos
2839 808 2885 851 et
2915 796 3092 862 bonos,
3122 807 3168 851 et
3211 797 3341 868 pluit
3367 817 3525 870 super

1904 885 2077 954 justas
2104 895 2152 939 et
2176 887 2394 956 iniustos
2433 887 2644 960 (litauit.
2672 888 2726 944 5.
2755 887 2872 959 45).
2904 887 2982 943 Ne
3010 903 3139 958 ergo
3181 889 3317 944 alios
3341 893 3522 945 acrius

1915 975 2218 1043 insccteris,
2253 991 2389 1031 neve
2419 978 2495 1030 sis
2535 976 2704 1045 judex
2745 968 3263 1041 vehementior,iscd
3295 979 3440 1034 mitis
3467 989 3525 1035 et

1916 1066 2202 1122 humanus.
2237 1066 2349 1123 Nos
2398 1067 2601 1123 etenim
2651 1070 2751 1122 etsi
2783 1083 2890 1123 non
2938 1068 3136 1125 moechi
3184 1070 3376 1131 simus.
3411 1086 3522 1125 non
3558 1076 3560 1078 ’

1912 1158 2286 1228 sepulcrorum
2332 1158 2642 1221 effossores.
2689 1175 2796 1214 non
2844 1157 3015 1226 fures,
3044 1160 3137 1214 sed
3183 1160 3304 1216 aliis
3333 1176 3522 1218 sumus

1913 1249 2128 1305 obnoxii
2160 1249 2328 1314 vitiis,
2361 1253 2482 1320 quae
2525 1251 2670 1305 mille
2701 1251 2981 1322 suppliciis
3010 1251 3168 1322 digna
3205 1263 3347 1308 sunt.
3385 1254 3517 1308 Nam

1913 1342 2000 1398 vel
2018 1341 2240 1399 fratrem
2263 1343 2467 1398 fatuum
2495 1345 2826 1410 voeavimus,
2846 1337 2988 1414 quod
3015 1358 3116 1398 nos
3130 1344 3390 1414 gehenna:
3414 1345 3519 1400 Oll-

1912 1435 2104 1490 noxios
2133 1433 2308 1489 reddit
2335 1452 2350 1500 ;
2381 1434 2470 1490 vel
2500 1435 2756 1490 mulieres
2799 1434 3082 1505 impudicis
3106 1434 3276 1490 oculis
3301 1437 3520 1505 aspexi-

1913 1539 2054 1592 mus,
2081 1525 2224 1596 quod
2269 1534 2354 1580 est
2381 1533 2813 1581 consummatum
2865 1525 3188 1582 adulterium
3219 1543 3232 1584 ε
3262 1527 3519 1598 quodque

1912 1619 2153 1674 omnium
2185 1621 2562 1690 gravissimum
2591 1628 2695 1686 est,
2726 1618 2943 1689 indigne
2986 1620 3242 1692 mysteria
3296 1622 3518 1691 partici-

1913 1709 2178 1780 pavimus,
2197 1710 2340 1780 quod
2363 1724 2489 1764 reos
2511 1709 2637 1765 facit
2657 1710 2905 1779 corporis
2924 1720 2976 1765 et
3002 1711 3280 1780 sanguinis
3295 1711 3517 1766 Christi.

1913 1800 1990 1855 Ne
2018 1814 2148 1871 ergo
2182 1799 2362 1856 acerbi
2411 1799 2638 1855 aliorum
2667 1809 2998 1855 scrutatores
3015 1801 3242 1868 'simus;
3282 1800 3377 1857 sed
3423 1819 3521 1856 ttu-

1910 1901 2020 1947 stra
2045 1892 2366 1962 cogitemus,
2396 1901 2451 1945 et
2479 1892 2558 1946 sic
2589 1890 3036 1946 inhumanitatem
3077 1891 3216 1946 hanc
3244 1902 3298 1948 et
3321 1891 3518 1947 crude-

1913 1983 2116 2040 Iitatem
2148 1985 2478 2041 sedabimus.
2520 1984 2604 2040 Ad
2653 1983 2770 2040 haec
2815 1999 2945 2041 vero
2987 1983 3276 2041 dicendum
3327 1983 3514 2047 etiam,

1913 2094 2013 2136 nos
2061 2080 2132 2134 ibi
2183 2079 2385 2151 probos
2431 2081 2579 2135 viros
2623 2079 2822 2134 multos
2870 2086 3184 2150 reperturos
3233 2092 3374 2144 esse,
3418 2078 3516 2132 toti

1913 2171 2233 2240 plerumque
2261 2171 2465 2226 civitati
2509 2168 2893 2240 exmquandos.
2937 2169 3069 2224 Nam
3109 2185 3296 2225 carcer
3324 2169 3435 2236 ille,
3459 2170 3513 2223 in

1910 2277 2019 2333 quo
2066 2262 2265 2331 Josepb
2307 2273 2446 2329 erat,
2495 2262 2694 2318 multos
2745 2261 3023 2332 improbos
3063 2261 3410 2327 continebat;
3460 2270 3516 2315 ct

1911 2362 2090 2410 tamen
2116 2355 2353 2410 omnium
2380 2369 2566 2409 curam
2594 2354 2819 2424 gerebat
2839 2353 3018 2424 justus
3044 2353 3153 2420 ille,
3175 2362 3372 2408 etcum
3395 2352 3515 2407 aliis

1911 2445 2158 2501 occultus
2187 2453 2324 2501 erat.
2357 2444 2491 2500 Nam
2516 2460 2640 2500 cum
2674 2445 2768 2500 toti
2799 2443 3036 2514 Egypto
3062 2454 3207 2499 esset
3235 2445 3516 2512 exmquan-

1911 2537 2046 2604 dus,
2103 2537 2159 2592 in
2207 2551 2426 2593 carcere
2479 2544 2659 2593 tamen
2705 2545 2824 2592 erat
2874 2535 3075 2592 nemini
3127 2543 3309 2590 notus.
3363 2532 3516 2589 Nunc

1911 2643 2124 2699 quoque
2150 2628 2444 2685 verisimile
2469 2639 2553 2706 est
2581 2627 2650 2684 ibi
2681 2628 2884 2683 multos
2911 2641 3035 2683 esse
3062 2627 3262 2698 probos
3291 2635 3346 2681 et
3377 2623 3514 2694 frugi

1913 2724 2079 2790 viros,
2109 2725 2208 2780 etsi
2237 2739 2345 2779 non
2374 2724 2627 2781 omnibus
2654 2731 2847 2788 notos;
2877 2731 2934 2777 et
2961 2736 3090 2777 cura
3117 2720 3223 2775 illis
3250 2719 3510 2784 exhibita,

1911 2814 2149 2870 officium
2201 2816 2325 2871 aliis
2389 2815 2690 2886 praestitum
2745 2812 2960 2871 abunde
3019 2812 3113 2868 tibi
3173 2821 3512 2882 compensat.

1910 2907 2134 2962 Etiamsi
2168 2923 2298 2963 vero
2326 2907 2510 2962 nullus
2539 2907 2609 2962 ibi
2640 2906 2766 2963 talis
2791 2914 2959 2972 esset,
2988 2919 3180 2976 magna
3213 2915 3387 2958 tamen
3418 2902 3514 2956 tihi

1911 3003 2146 3072 reposita
2175 3014 2258 3057 cst
2298 3016 2528 3057 merces.
2555 2999 2716 3058 Certe
2757 3000 3016 3055 Dominus
3055 3009 3179 3054 tuus
3206 3013 3313 3052 non
3338 2994 3514 3066 justos

1912 3094 2073 3150 modo
2115 3094 2511 3164 alloquebatur,
2561 3108 2662 3149 nec
2707 3093 2948 3164 impuros
2997 3091 3271 3162 fugiebat;
3319 3087 3414 3144 sed
3461 3098 3516 3142 et

1910 3182 2271 3241 Cltananaam
2314 3199 2437 3240 cum
2464 3183 2630 3239 multa
2662 3181 3038 3240 benevolentia
3068 3181 3305 3252 excepit,
3335 3188 3391 3236 et
3411 3178 3506 3234 Sa-

1912 3278 2230 3333 maritanam
2258 3277 2544 3332 scelestam
2573 3285 2628 3331 et
2659 3275 2949 3345 impuram,
2978 3273 3246 3342 aliamque
3267 3271 3512 3327 meretri-

1911 3386 2051 3438 cem,
2082 3369 2226 3441 quod
2262 3368 2436 3424 Judaei
2482 3366 2901 3436 exprobrarant,
2931 3363 3152 3432 excepit
3187 3372 3242 3417 et
3283 3360 3514 3427 curavit,

1913 3477 2206 3535 passusque
2229 3471 2313 3518 est
2342 3471 2400 3516 ut
2426 3462 2649 3530 impura:
2676 3457 2915 3514 mulieris
2945 3454 3200 3526 lacrymis
3225 3454 3392 3526 pedes
3431 3456 3518 3509 sui

1913 3554 2236 3624 rigarentur,
2265 3562 2322 3607 ut
2353 3567 2453 3608 nos
2486 3551 2708 3606 doceret
2754 3549 2988 3604 humane
3029 3556 3344 3620 peccatores
3370 3548 3518 3601 exei-

1912 3659 2065 3717 pere.
2099 3645 2224 3700 llzcc
2243 3644 2388 3700 enim
2416 3644 2649 3699 maxima
2681 3641 2986 3696 humanitas
3028 3647 3130 3695 est.
3169 3638 3511 3707 Quidtdicis?

1912 3737 2060 3792 fures
2085 3748 2141 3792 et
2170 3737 2540 3808 sepulcrorum
2567 3732 2862 3789 eﬂossores
2898 3746 3172 3788 carcerem
3213 3730 3519 3801 occupant!

1911 3830 2071 3896 Num,
2091 3843 2276 3902 quaeso
2296 3827 2530 3883 civitatis
2560 3826 2754 3882 incola:
2780 3839 2972 3882 omnes
2993 3823 3310 3896 justisunt?
3335 3838 3517 3878 annon

1913 3923 2003 3979 hic
2044 3921 2197 3976 multi
2241 3920 2455 3990 pejores
2486 3928 2633 3986 sunt,
2663 3915 2758 3988 qui
2809 3914 3178 3986 impudentius
3229 3913 3520 3969 furantur?

1913 4013 2018 4068 Alii
2045 4013 2188 4069 enim
2215 4009 2562 4067 solitudinem
2594 4008 2786 4064 saltem
2820 4016 2875 4064 et
2916 4007 3170 4063 tenebras
3195 4005 3514 4071 obtendunt,

1912 4113 1966 4160 et
1997 4104 2111 4159 haec
2147 4104 2285 4158 clam
2316 4102 2519 4157 faciunt
2546 4119 2559 4154 :
2589 4100 2705 4168 alii,
2734 4099 2907 4170 posita
2938 4098 3107 4163 larva,
3138 4097 3283 4152 nudo
3313 4098 3510 4167 capite,

1914 4195 2055 4249 mala
2096 4202 2429 4264 perpetrant,
2476 4190 2722 4259 violenti,
2766 4199 3036 4260 raptores,
3069 4189 3240 4242 avari.
3291 4187 3518 4242 Diflicile

1915 4301 2149 4359 namque
2170 4294 2256 4341 est
2275 4287 2450 4341 virum
2479 4287 2718 4358 reperire
2740 4285 3032 4340 insontem.

1985 4382 2039 4437 6.
2082 4378 2237 4448 Quod
2276 4380 2321 4435 si
2366 4393 2474 4433 non
2501 4393 2692 4434 aurum
2737 4381 3002 4448 rapimus,
3031 4375 3078 4432 si
3109 4389 3220 4431 non
3252 4383 3328 4431 tot
3358 4383 3414 4430 et
3444 4383 3521 4429 tot

1909 4474 2094 4544 jugera
2118 4480 2300 4535 terra},
2319 4482 2372 4526 at
2404 4468 2596 4525 fraude
2633 4478 2686 4524 et
2714 4468 2856 4524 furto
2881 4469 3113 4540 idipsum
3141 4467 3194 4523 in
3219 4467 3521 4523 minoribus

1915 4580 2015 4637 pro
2071 4564 2212 4618 virili
2256 4563 2502 4618 licimus.
2547 4561 2680 4617 Nam
2723 4576 2848 4628 cum
2897 4561 2952 4616 in
2996 4561 3328 4618 commercio
3356 4602 3372 4627 ,
3433 4562 3518 4614 vel

1916 4659 1968 4712 in
2009 4656 2241 4713 emendo
2287 4665 2344 4711 et
2387 4654 2693 4722 vendendo,
2734 4655 2914 4710 minus
2952 4670 3113 4725 quam
3158 4663 3375 4726 Oportet
3414 4669 3520 4708 nu-

1915 4765 2127 4806 merare
2171 4747 2574 4815 contendimus,
2616 4762 2942 4816 omnemque
2980 4746 3287 4802 machinam
3331 4761 3521 4800 move-

1915 4859 2056 4906 mus,
2081 4857 2260 4896 annon
2295 4838 2426 4894 illud
2470 4839 2811 4895 latrocinium
2843 4839 2968 4894 est?
3009 4853 3188 4893 annon
3226 4837 3424 4892 furtum
3468 4847 3526 4892 et

1914 4935 2141 5004 rapina?
2180 4933 2258 4990 Ne
2288 4932 2421 4987 mihi
2443 4932 2666 4997 dixeris,
2700 4939 2754 4986 te
2783 4945 2885 4986 nec
2929 4929 3149 4986 domum
3176 4945 3276 4984 nec
3303 4943 3522 4985 servum

1914 5025 2222 5079 abstulisse.
2267 5022 2537 5091 lujustitia
2572 5037 2805 5092 namque
2835 5036 2942 5076 non
2983 5030 3153 5091 raptzn
3200 5021 3279 5076 rei
3327 5020 3520 5089 pretio,

1915 5116 2035 5171 sed.
2061 5115 2322 5186 rapientis
2354 5115 2631 5169 voluntate
2662 5113 2938 5184 penditur.
2971 5111 3184 5170 Justitia
3216 5127 3448 5184 namque
3469 5124 3525 5166 et

1916 5207 2177 5276 injustitia
2210 5207 2263 5261 in
2296 5208 2506 5278 magnis
2529 5206 2795 5276 et-parvis
2822 5205 2986 5262 rebus
3005 5204 3254 5260 eamdem
3277 5205 3384 5259 vim
3422 5202 3522 5258 lia-

1916 5301 2077 5357 bent:
2106 5314 2159 5357 et
2188 5302 2357 5357 furem
2381 5301 2596 5371 appello
2624 5311 2730 5355 tam
2753 5317 2876 5356 eum
2899 5301 2986 5371 qui
3015 5309 3231 5356 exsecta
3263 5314 3521 5355 crumena

1917 5410 2107 5449 aurum
2136 5396 2357 5463 abripit,
2376 5410 2536 5465 quam
2566 5403 2862 5459 ementem,
2886 5393 2976 5465 qui
3012 5392 3210 5462 aliquid
3238 5390 3524 5447 defraudat

1916 5485 1984 5540 de
2017 5486 2216 5554 pretio;
2241 5494 2294 5540 et
2321 5486 2537 5555 parietis
2567 5485 2882 5539 effossorem
2907 5499 3061 5547 voco,
3082 5501 3188 5538 non
3209 5499 3332 5539 eum
3363 5481 3524 5535 modo

1917 5579 2031 5647 qui,
2068 5589 2225 5646 rupto
2254 5580 2480 5648 pariete,
2511 5576 2712 5646 aliquid
2747 5577 2888 5630 intus
2921 5575 3169 5640 furatur;
3216 5574 3309 5629 sed
3355 5574 3522 5628 etiam

1917 5686 2041 5726 cum
2072 5671 2183 5742 qui,
2223 5673 2344 5741 jure
2375 5670 2596 5737 violato,
2626 5669 2827 5740 aliquid
2859 5684 2888 5724 a
2923 5669 3166 5740 proximo
3206 5666 3400 5721 aufert.
3447 5667 3527 5721 Ne

1918 5779 2047 5834 ergo
2075 5765 2236 5819 rebus
2261 5766 2462 5820 nostris
2489 5766 2728 5832 omissis,
2756 5765 3051 5820 alienarum
3075 5763 3287 5832 judices
3324 5764 3527 5820 simus;

1923 5873 2097 5929 neque
2138 5857 2264 5914 dum
2299 5858 2651 5916 humanitatis
2674 5869 2885 5930 tempus
2913 5868 3017 5926 est,
3050 5857 3343 5926 m~quitiam
3370 5869 3530 5912 scru-

3072 5955 3143 6010 2‘1
