4088 6512
600 442 700 493 335

602 570 773 607 mnur
800 575 811 605 λ
839 553 930 606 sed
960 550 1247 617 cogitantes
1273 548 1538 616 quomodo
1564 560 1662 600 nos
1690 546 1816 599 olim
1847 544 2015 598 allecti
2046 544 2157 597 fue—

602 649 787 708 rimus,
819 644 980 695 sitntis
1011 641 1220 694 tandem
1252 639 1511 692 mansueti
1539 648 1592 689 ι·ι
1625 638 1857 704 benigni.
1885 634 2160 703 Quouuulo

600 751 727 801 ergo
754 732 924 785 affecti
970 729 1221 784 eramus?
1266 728 1403 782 Audi
1444 728 1661 783 Paulum
1690 727 1951 781 dicentem
1981 743 1992 776 :
2026 724 2156 777 Era-

603 844 709 879 mns
735 824 865 877 enim
909 822 1182 890 aliquando
1225 830 1269 873 et
1316 837 1407 873 nos
1459 819 1811 882 inobedientes,
1851 816 2157 883 insipientes.

598 924 840 977 errantes,
864 913 1127 966 servientes
1154 910 1413 964 desideriis
1433 917 1479 961 et
1499 907 1831 975 voluptatibus
1859 907 2028 968 variis,
2052 904 2161 956 odi-

601 1006 744 1070 bites,
773 1003 994 1058 odientes
1017 1002 1223 1055 invicem
1251 998 1375 1069 (Tit.
1400 1000 1450 1052 5.
1476 999 1530 1065 ὅ)
1554 1013 1568 1061 ;
1602 1008 1655 1049 et
1682 1012 1914 1060 rursum,
1949 994 2161 1048 Eranms

598 1095 727 1148 enim
754 1102 935 1147 natura
959 1092 1053 1159 filii
1075 1092 1164 1143 ira:
1191 1088 1402 1157 (Ephes.
1420 1088 1473 1141 2.
1499 1087 1575 1152 5).
1597 1086 1701 1141 Sed
1730 1087 1867 1140 Deus
1898 1101 1992 1139 nos
2012 1084 2159 1153 quasi

600 1186 650 1238 in
696 1197 907 1238 carcere
949 1182 1191 1235 detentus
1222 1178 1426 1241 videns,
1456 1186 1511 1231 et
1550 1176 1797 1245 gravibus
1845 1176 2160 1228 constrictos

599 1275 822 1336 catenis,
858 1288 976 1343 qure
1020 1271 1203 1325 ferreis
1246 1269 1400 1337 longe
1444 1268 1737 1337 graviores,
1782 1282 1882 1319 non
1930 1266 2158 1329 erubuit,

598 1365 689 1418 sed
721 1363 860 1418 venit
904 1363 954 1416 in
1000 1374 1287 1418 carcerem.
1318 1369 1371 1413 et
1403 1357 1694 1411 inmimeris
1731 1356 1917 1424 dignos
1959 1354 2160 1423 suppli-

602 1455 697 1507 ciis
735 1453 917 1508 eduxit
958 1450 1101 1511 inde.
1151 1459 1203 1504 et
1258 1450 1308 1501 in
1362 1464 1582 1518 regnum
1631 1446 1872 1509 induxit;
1927 1448 2163 1511 caeloque

597 1543 988 1613 splendidiores
1020 1541 1213 1596 ciferit.
1243 1549 1292 1592 nt
1342 1549 1391 1593 et
1422 1554 1520 1593 nos
1558 1553 1652 1606 pro
1681 1538 1813 1591 virili
1846 1546 2021 1591 nostra
2064 1536 2164 1590 hoc

599 1638 769 1701 ipsum
818 1633 1085 1686 faciamus.
1137 1630 1264 1683 Nam
1306 1645 1424 1682 eum
1474 1628 1749 1696 discipulis
1791 1627 1917 1682 dicit
1947 1642 1960 1681 :
1990 1626 2162 1694 Siego

599 1726 699 1776 lavi
742 1724 892 1792 pedes
920 1732 1105 1775 vestros
1136 1720 1376 1773 Dominus
1415 1730 1459 1773 et
1496 1717 1756 1789 Magister,
1783 1728 1828 1770 ct
1868 1734 1952 1770 vos
1979 1716 2162 1770 debetis

597 1812 725 1864 alter
747 1812 955 1864 alterius
979 1811 1148 1863 lavare
1174 1810 1323 1878 pedes
1351 1824 1369 1861 :
1397 1809 1677 1876 exemplum
1701 1808 1830 1859 enim
1868 1808 1983 1859 dedi
2004 1808 2159 1871 vobis,

597 1912 649 1955 nt
667 1900 1085 1970 quemadmodum
1106 1916 1195 1970 ego
1217 1900 1311 1969 feci
1333 1898 1486 1961 vobis,
1506 1899 1576 1951 ita
1600 1907 1643 1952 et
1667 1913 1747 1951 vos
1767 1898 1964 1965 faciatis
1987 1896 2161 1967 (John.

598 1993 685 2047 13.
717 1992 806 2051 Ml
833 2008 845 2043 :
873 2006 977 2044 non
1004 1991 1071 2045 de
1100 1988 1339 2043 lavandis
1370 1988 1589 2057 pedibus
1618 1996 1818 2042 tantum
1864 1988 1949 2042 hic
1994 1987 2161 2056 legem

596 2081 684 2134 dat
735 2080 826 2134 sed
855 2089 908 2135 et
934 2080 1000 2135 de
1023 2080 1144 2134 aliis
1168 2078 1435 2142 omnibus,
1458 2093 1576 2146 quae
1604 2077 1715 2145 ipse
1741 2077 1893 2131 nobis
1918 2078 2159 2132 contulit.

599 2170 869 2225 llomicida
898 2178 979 2223 est
1018 2170 1068 2222 in
1103 2170 1365 2223 carcere?
1415 2169 1481 2221 At
1505 2180 1598 2219 nos
1625 2166 1759 2219 bene
1790 2165 1961 2219 facere
1984 2181 2049 2219 ne
2072 2165 2164 2218 de»

596 2262 867 2314 εἰςιτιηιιιεο
911 2259 1287 2327 Sepulcrorum
1336 2256 1561 2312 elTossor
1601 2265 1703 2320 est,
1752 2265 1843 2309 aut
1888 2255 2163 2310 utimelius?

598 2352 703 2407 Sed
734 2367 799 2405 ne
828 2350 1061 2415 malitia),
1082 2364 1260 2404 verum
1284 2346 1601 2403 calamitatis
1630 2344 2163 2414 misereamur.S:epe

598 2453 797 2503 autem,
838 2449 895 2494 ut
937 2439 1065 2505 dixi,
1109 2438 1406 2507 reperietur
1452 2436 1525 2490 ibi
1570 2436 1828 2505 quispiam
1876 2436 2164 2489 innumeris

600 2535 727 2587 viris
753 2528 1150 2602 exmquandus;
1196 2540 1248 2584 et
1287 2530 1329 2583 si
1377 2544 1519 2597 stupe
1563 2528 1769 2581 vinctos
1806 2527 1984 2587 adeas,
2027 2526 2166 2581 hunc

599 2632 844 2675 venatum
871 2620 1189 2690 assequeris.
1217 2619 1364 2673 Sicut
1395 2616 1683 2702 Abraham,
1716 2616 1805 2685 qui
1828 2617 2043 2685 quosvis
2074 2632 2165 2670 ex-

599 2711 846 2781 cipiebat,
877 2712 926 2764 in
971 2710 1188 2779 angelos
1218 2709 1401 2763 incidit
1431 2725 1444 2759 :
1476 2708 1552 2761 sic
1584 2717 1635 2761 et
1668 2723 1762 2759 nes
1794 2708 1844 2761 in
1879 2707 2019 2760 viros
2049 2722 2164 2759 ma-

602 2818 732 2872 gnos
786 2800 1099 2864 incidemus,
1128 2799 1170 2852 si
1203 2799 1253 2853 id
1301 2798 1713 2867 frequentemus.
1745 2797 1799 2849 Si
1848 2810 1973 2849 vero
2005 2796 2159 2849 liceat

595 2891 720 2960 quid
747 2889 1116 2943 admirandum
1147 2888 1345 2950 dicere,
1367 2902 1469 2941 non
1500 2895 1642 2939 tanta
1674 2885 1827 2939 laude
1852 2885 2040 2954 dignus
2061 2894 2161 2949 est,

594 2982 683 3047 qui
737 2996 980 3047 magnum
1024 2980 1322 3048 quempiam
1358 2970 1588 3046 excipit.
1630 2993 1788 3045 quam
1844 2978 1888 3031 is
1930 2976 2018 3045 qui
2064 2977 2163 3030 mi-

600 3086 776 3123 serum
813 3080 865 3122 et
893 3068 1175 3123 infelicem.
1209 3067 1300 3123 ille
1347 3082 1573 3137 namque
1602 3084 1707 3119 non
1738 3082 1955 3135 parvqu
2005 3081 2161 3135 argu-

599 3169 833 3216 mentum
875 3158 1029 3213 affert
1069 3160 1149 3231 sui
1200 3157 1509 3226 reeipiendi,
1553 3173 1742 3227 nempe
1788 3159 1947 3212 vitam
1979 3172 2160 3216 suam;

602 3251 760 3303 lunno
802 3258 977 3303 autem
1008 3248 1252 3303 omnibus
1304 3248 1541 3315 abjectus
1569 3256 1625 3301 et
1653 3248 1814 3301 miser
1863 3262 2022 3301 unum
2072 3246 2163 3298 ha-

600 3342 689 3394 bet
732 3350 972 3406 portum,
998 3353 1188 3407 nempe
1224 3338 1639 3393 misericordiam
1667 3338 1780 3407 ejus
1804 3338 1890 3406 qui
1931 3352 1989 3391 se
2030 3336 2163 3391 bene

597 3431 785 3490 excipit
820 3447 832 3481 :
864 3429 1038 3497 itaque
1067 3428 1180 3483 hanc
1208 3427 1507 3482 humanitas
1536 3443 1662 3497 pura
1686 3439 1787 3481 est.
1819 3429 1917 3494 Qui
1945 3428 2091 3479 t-Iaro
2110 3438 2164 3477 ot

1297 434 1349 485 S.
1392 431 1665 487 .IOANNIS
1696 428 2158 486 ειιιιγδυδτυιιι

2270 430 2511 486 {(ZIIIEP.
2552 432 3080 488 CONSTANTINOP.
3738 436 3834 488 δῆν

2262 544 2549 612 conspicuo
2592 547 2761 600 oftieia
2799 546 3035 611 exhibet,
3067 546 3208 615 sape
3255 547 3319 598 ad
3346 549 3757 602 ostentationem
3787 552 3834 603 id

2266 635 2389 687 facit
2423 652 2435 685 :
2468 636 2555 701 qui
2601 651 2726 688 vero
2757 637 3018 703 abiectum
3063 632 3260 705 excipit
3296 636 3710 707 despectumque
3739 641 3837 690 bo-

2264 725 2483 787 mincm,
2516 724 2585 779 ob
2613 727 2784 780 solum
2828 726 2918 780 Dei
2948 736 3269 795 prmeeptum
3322 726 3371 781 id
3421 728 3561 781 l’acit.
3590 728 3766 797 Quare
3793 734 3837 783 si

2262 802 2566 867 conviiium
2610 828 2879 883 paremus,
2906 815 3126 869 claudos
3154 825 3209 869 et
3257 830 3430 869 ωριτε
3478 818 3728 886 excipere
3754 818 3840 887 ju-

2264 904 2490 969 bcmur;
2535 905 2577 957 si
2599 906 2991 976 eleemosynam
3018 920 3321 975 erogemus,
3355 906 3588 959 minimis
3614 916 3669 960 et
3694 908 3839 962 vilis.

2262 996 2411 1049 simis
2446 995 2655 1065 elargiri
2688 995 3060 1064 prmcipimur:
3092 1011 3212 1049 nam
3239 996 3335 1063 ait,
3368 996 3623 1063 Quantum
3661 998 3753 1049 uni
3780 1014 3844 1051 ιε

2264 1084 2341 1138 his
2361 1084 2578 1137 minimis
2604 1086 2811 1154 fecistis,
2836 1086 2961 1137 mihi
2989 1086 3176 1153 fecistis
3210 1085 3421 1157 (Matth.
3447 1086 3537 1141 25.
3562 1087 3677 1157 ιδ).
3705 1087 3844 1143 Cum

2265 1187 2394 1243 ergo
2417 1174 2522 1229 illic
2545 1174 2875 1230 reconditum
2901 1174 3208 1230 thesaurum
3230 1176 3482 1242 sitiatnus,
3502 1192 3568 1232 eo
3589 1177 3842 1247 frequen-

2267 1274 2347 1318 ter
2382 1264 2760 1332 ingrediantur,
2794 1274 2850 1320 et
2889 1265 2957 1319 ibi
3004 1267 3356 1335 negotiemur,
3401 1282 3464 1322 ac
3512 1266 3841 1322 theatrorum

2264 1357 2496 1410 studium
2530 1358 2619 1411 illo
2642 1358 2960 1411 vertamus'.
2984 1357 3038 1412 Si
3064 1358 3191 1411 nihil
3222 1358 3363 1412 aliud
3390 1358 3718 1413 afferendqu
3744 1360 3843 1413 ha-

2267 1447 2411 1509 beas,
2447 1448 2724 1499 verborum
2775 1447 3191 1502 consolationem
3248 1448 3460 1504 adhibe.
3509 1449 3623 1503 Non
3681 1450 3847 1505 modo

2263 1536 2402 1590 enim
2428 1536 2678 1600 alentem,
2708 1538 2800 1592 sed
2826 1546 2879 1592 et
2902 1538 3185 1592 intrantem
3212 1539 3352 1594 Dens
3379 1541 3625 1595 mercede
3651 1542 3842 1595 donat.

2266 1627 2395 1681 Nam
2423 1628 2465 1681 si
2493 1628 2779 1697 ingressus,
2810 1637 3121 1684 trementem
3154 1639 3578 1700 metuentemque
3603 1632 3846 1685 animum

2265 1718 2682 1782 contirmavcris,
2701 1718 2984 1783 hortando,
2999 1720 3255 1788 juvando,
3271 1735 3425 1788 opem
3452 1721 3844 1789 protnitteudo,

2266 1808 2654 1878 pbilosoiihiam
2681 1808 2942 1871 docendo,
2976 1825 3081 1863 non
3123 1826 3335 1879 parvam
3369 1811 3493 1865 hinc
3540 1813 3847 1868 mercedem

2266 1900 2512 1966 recipies.
2532 1898 2693 1953 Extra
2721 1900 2874 1968 positi
2907 1898 3078 1965 mttiti,
3101 1908 3151 1953 te
3178 1900 3246 1953 ita
3272 1901 3539 1967 loquente,
3566 1901 3846 1963 ridebunt,

2267 1991 2445 2045 multis
2473 1991 2669 2059 perfusi
2706 1991 2946 2056 deliciis;
2976 1990 3077 2047 sed
3097 1993 3186 2060 qui
3220 1993 3269 2045 in
3297 1993 3595 2048 calandtate
3623 2009 3850 2048 \‘Cl‘Sﬂlt-

2272 2095 2376 2146 tur,
2415 2084 2595 2137 animo
2640 2092 2959 2153 compuncto
3001 2099 3120 2138 eum
3173 2085 3429 2138 modestia
3475 2086 3638 2139 nmlta
3685 2087 3851 2139 dictis

2266 2173 2571 2236 attendent,
2614 2183 2665 2228 te
2704 2173 3014 2239 laudabunt,
3041 2184 3094 2229 et
3123 2175 3372 2229 meliores
3416 2175 3661 2230 evadent.
3711 2175 3849 2229 Nam

2265 2274 2316 2319 et
2337 2264 2556 2318 Paulum
2584 2266 2961 2334 praedicantem
2980 2264 3147 2320 Judaei
3174 2281 3316 2334 szvpe
3337 2266 3660 2331 deriserunt,
3681 2270 3849 2321 vincti

2264 2363 2441 2407 autem
2467 2369 2586 2409 cum
2614 2368 2826 2408 summo
2854 2354 3068 2410 silentio
3098 2356 3403 2410 audiebant.
3435 2356 3575 2410 Nihil
3597 2359 3740 2411 enim
3775 2359 3851 2411 ita

2268 2444 2500 2498 animmu
2553 2444 2619 2499 ad
2672 2444 3062 2514 philosophiam
3116 2455 3407 2515 praeparat.
3441 2456 3500 2501 ut
3545 2449 3851 2510 calamitas,

2272 2534 2797 2600 lentatio,a‘rttmn:e.
2818 2535 2940 2591 Haec
2968 2536 3142 2605 itaque
3164 2538 3625 2607 cogitantes.quot
3654 2555 3855 2609 neinpo

2275 2626 2325 2678 in
2358 2640 2574 2680 carcere
2605 2627 2792 2695 positis
2818 2628 2978 2693 bona,
2999 2637 3129 2697 quot
3151 2628 3305 2683 nobis
3334 2628 3463 2696 ipsis
3483 2628 3853 2691 conferemus,

2270 2716 2311 2768 si
2352 2729 2492 2782 ειυρο
2520 2729 2639 2768 cum
2665 2716 2769 2769 illis
2793 2730 3085 2782 versemur,
3110 2716 3349 2773 forenses
3372 2718 3490 2773 illas
3508 2728 3562 2773 et
3583 2718 3855 2789 intempe-

2268 2806 2430 2857 stivas
2465 2805 2878 2861 consuetudines
2903 2821 2969 2861 eo
2999 2798 3286 2874 vertamus,
3321 2819 3378 2863 ut
3402 2820 3456 2863 et
3498 2810 3621 2864 illos
3670 2811 3857 2864 lucre-

2270 2911 2406 2956 mur,
2433 2906 2485 2949 et
2520 2897 2671 2952 nobis
2699 2899 2827 2967 ipsis
2854 2898 3090 2954 laetitiam
3118 2902 3406 2970 pariamus.
3427 2917 3489 2957 ac
3511 2903 3601 2957 Dei
3624 2903 3857 2973 gloriam

2268 2999 2537 3049 curantes.
2570 2998 2766 3044 aeterna
2794 3004 3184 3059 consequamur
3223 2993 3383 3057 bona,
3409 2994 3576 3062 gratia
3608 3003 3666 3048 et
3694 2996 3857 3049 beni-

2270 3079 2469 3146 gnitate
2499 3078 2703 3133 l)0mini
2736 3080 2899 3134 nostri
2930 3080 3057 3135 Jesu
3088 3079 3305 3143 Christi.
3338 3098 3431 3149 per
3457 3099 3613 3152 quem
3646 3094 3698 3139 et
3728 3099 3861 3138 enin

2272 3183 2377 3236 quo
2412 3169 2553 3223 Patri
2582 3169 2747 3239 gloria
2776 3171 3039 3240 simulque
3078 3171 3292 3241 Spiritui
3338 3185 3542 3236 Sancto,
3575 3175 3625 3228 in
3653 3177 3860 3229 swcula

2277 3258 2616 3312 smculorum.
2646 3261 2837 3313 Amen.

2337 3438 2348 3465 ¹
2391 3435 2529 3483 \zorel
2556 3434 2696 3498 legit,
2721 3437 3016 3499 sepctiawns,
3044 3454 3148 3501 pro,
3175 3448 3429 3489 rertaunu.

594 3558 3844 3581 Mm

1934 3637 2263 3698 HOMILIA
2312 3636 2448 3695 LXI
2459 3679 2471 3692 .

592 3785 719 3839 CAP.
754 3783 840 3837 10.
866 3800 917 3838 ν.
943 3783 1034 3835 εξ.
1073 3780 1230 3834 Facta
1262 3794 1373 3835 sunt
1400 3791 1562 3835 autem
1585 3783 1806 3835 encmtia
1835 3782 1886 3833 in
1911 3780 2162 3849 Jerosoly-

664 3878 757 3929 mis
773 3916 787 3941 ,
816 3886 863 3929 et
885 3876 1039 3928 hiems
1062 3885 1184 3927 erat.
1208 3873 1295 3928 23.
1327 3871 1388 3925 Et
1410 3872 1694 3925 ambulabat
1713 3871 1860 3926 Iesus
1881 3872 1931 3925 in
1954 3872 2159 3939 templo,

668 3968 719 4018 in
750 3965 941 4033 porticu
972 3964 1279 4019 Salomonis.
1316 3962 1404 4015 24.
1437 3961 1879 4017 Circumdedcrunt
1908 3976 2023 4029 ergo
2056 3976 2163 4012 eum

669 4057 871 4121 Juda'i,
919 4065 963 4109 et
1007 4056 1235 4109 dicebant
1266 4054 1353 4108 ei:
1389 4052 1657 4122 Quousque
1686 4052 1906 4105 animam
1942 4058 2164 4104 nostram

670 4149 803 4202 tollis
819 4149 843 4199 ἶ)

668 4324 713 4375 1.
748 4320 975 4375 Christus
998 4317 1429 4372 mansuetudinem
1447 4319 1590 4369 tertio
1607 4324 1651 4367 et
1674 4315 1897 4384 exeniplo
1922 4313 2161 4383 praedica-

596 4417 677 4465 rit.
715 4408 883 4463 Malus
906 4408 1202 4461 Judteorum
1229 4406 1447 4458 animus.
1467 4432 1538 4443 -—
1557 4401 1741 4455 Omnis
1764 4402 1975 4470 quidem
1998 4402 2162 4456 virtus

598 4504 733 4555 bona
772 4508 887 4564 est,
930 4498 1158 4553 maxime
1196 4506 1371 4551 autem
1400 4492 1747 4548 mansuetudo
1775 4502 1843 4570 et.
1860 4493 2160 4547 clementia.

599 4591 720 4645 llzec
745 4603 840 4643 nos
867 4586 1107 4641 homines
1127 4599 1245 4639 esse
1264 4583 1609 4646 demonstrat,
1641 4592 1693 4637 et
1714 4597 1741 4635 a
1771 4582 1892 4636 feris
1920 4582 2118 4636 dirimit
2147 4601 2157 4635 :

600 4683 711 4736 hare
737 4693 833 4734 nos
853 4677 1052 4748 angelis
1080 4684 1337 4745 exaequat.
1369 4673 1490 4729 Ideo
1509 4672 1750 4728 Christus
1776 4673 2078 4742 frequenter
2098 4670 2164 4726 de

602 4771 698 4824 hac
728 4770 922 4823 virtute
943 4766 1100 4821 verba
1125 4765 1245 4818 facit
1264 4805 1279 4831 ,
1309 4778 1427 4817 cum
1457 4763 1611 4816 mites
1639 4772 1692 4815 et
1719 4772 2020 4816 mansuetos
2046 4775 2164 4815 esse

593 4861 766 4930 jubet.
795 4858 973 4925 Neque
1007 4854 1167 4910 verba
1198 4862 1397 4907 tantum
1429 4852 1551 4906 facit
1570 4893 1586 4914 ,
1613 4851 1705 4906 sed
1738 4859 1791 4905 et
1819 4851 2069 4921 operibus
2096 4850 2161 4903 ad

599 4951 648 5005 id
682 4963 777 5004 nos
802 4945 1058 5010 instituit,
1084 4942 1239 4997 modo
1264 4942 1441 5013 alapas
1470 4941 1735 5011 perferens
1754 4981 1769 5005 ,
1797 4939 1956 4993 modo
1983 4939 2164 4993 convi-

599 5042 677 5094 cia
707 5048 761 5094 et
790 5037 1027 5098 insidias,
1062 5050 1121 5089 ac
1148 5049 1353 5087 rursum
1381 5048 1498 5088 cum
1528 5032 1893 5087 insidiantibus
1921 5046 2160 5101 versans.

606 5132 731 5183 Nam
763 5130 851 5199 qui
881 5127 1266 5182 dmmoniacum
1304 5122 1449 5177 illum
1480 5132 1533 5177 et
1569 5124 1953 5178 Samaritanum
1981 5122 2161 5191 appel-

600 5228 833 5279 laverant
852 5266 865 5287 ,
898 5220 987 5292 qui
1017 5234 1157 5289 smpe
1183 5216 1429 5273 occidere
1458 5216 1601 5271 illum
1626 5216 1927 5280 voluerant,
1964 5216 2051 5284 qui
2085 5215 2162 5269 la-

602 5314 808 5383 pidibus
838 5311 1199 5379 impetierant,
1232 5307 1284 5361 hi
1316 5306 1712 5360 circumsistunt
1731 5314 1783 5359 et
1805 5305 2159 5371 interrogant,

601 5408 660 5460 Si
688 5417 740 5460 tu
770 5420 820 5459 es
850 5402 1112 5457 Christus?
1142 5399 1320 5470 Neque
1362 5398 1479 5451 illos
1514 5407 1629 5465 post
1663 5404 1741 5449 tot
1772 5396 2002 5465 talesque
2032 5395 2160 5448 insi-

598 5499 713 5551 dias
748 5494 977 5563 repulit,
1020 5490 1114 5545 sed
1143 5499 1416 5545 mansuete
1450 5486 1732 5541 admodum
1773 5486 2061 5555 I'CSpOtttiil.
2100 5488 2164 5539 At

599 5585 955 5642 necessarium
975 5594 1057 5639 est
1077 5584 1212 5637 hunc
1229 5597 1526 5637 sermonem
1549 5580 1704 5636 altius
1726 5589 1983 5649 repetere.
2009 5576 2164 5630 Facta

603 5689 714 5731 sunt
736 5720 749 5741 ,
781 5678 980 5745 inquit,
1012 5675 1233 5729 ειιτιειιὶιι
1269 5674 1320 5728 in
1352 5672 1708 5742 Jerosolymis,
1751 5682 1796 5725 et
1837 5672 1994 5724 Iiieins
2037 5679 2161 5722 erat.

603 5772 818 5837 Magnus
847 5769 929 5822 hic
950 5768 1063 5821 dies
1088 5767 1248 5820 festus
1273 5776 1325 5818 et
1352 5763 1600 5820 solemnis
1621 5772 1752 5816 erat.
1780 5762 1891 5827 Qua
1922 5761 2058 5813 enim
2081 5758 2164 5813 die

2269 3779 2521 3845 templum
2550 3786 2910 3833 t-oiistructum
2939 3780 3139 3844 fuerat,
3170 3796 3234 3835 ex
3270 3782 3421 3852 longa
3450 3793 3503 3837 et
3524 3783 3736 3838 Persica
3766 3790 3855 3856 (α)

2270 3870 2466 3925 reversi
2497 3870 2819 3937 captivitate,
2852 3870 2987 3926 hanc
3015 3873 3373 3929 celebritatem
3395 3874 3703 3946 solemniter
3718 3893 3851 3948 age-

2271 3961 2414 4013 bant.
2464 3959 2574 4014 Diei
2618 3960 2753 4015 festo
2792 3961 2977 4016 aderat
3019 3962 3283 4018 Christus.
3335 3962 3569 4019 Instante
3617 3982 3854 4038 namque

2270 4060 2470 4115 morte,
2514 4049 2817 4120 frequenter
2853 4053 2901 4106 in
2932 4051 3168 4107 Judzcam
3196 4055 3460 4110 veniebat.
3497 4055 3854 4112 Circumdede-

2268 4152 2386 4194 runt
2422 4158 2540 4212 ergo
2569 4160 2681 4195 eum
2713 4142 2883 4196 Juda'i
2922 4152 2967 4197 et
3013 4145 3242 4199 dicebant
3272 4162 3291 4201 .'
3323 4147 3592 4217 Quousque
3622 4150 3851 4202 animum

2268 4244 2487 4287 nostram
2513 4235 2685 4287 tollis?
2712 4235 2773 4289 Si
2802 4244 2852 4286 tu
2880 4252 2931 4289 es
2952 4235 3181 4290 Christus
3198 4280 3212 4301 ,
3242 4238 3323 4291 dic
3351 4239 3493 4293 nobis
3515 4240 3704 4308 palam.
3728 4240 3851 4297 Non

2267 4324 2432 4390 dixit,
2474 4325 2609 4391 Quid
2646 4341 2675 4379 a
2725 4342 2808 4380 me
2848 4328 3124 4394 quaeritis?
3161 4328 3544 4384 dwmoniacum
3572 4345 3712 4401 sepe
3748 4347 3849 4386 vo.

2268 4417 2450 4480 castis,
2485 4416 2760 4481 furiosum,
2796 4420 3222 4474 Samaritauum:
3256 4420 3363 4476 Deo
3389 4421 3750 4477 adversariqu
3791 4434 3852 4478 et

2268 4504 2607 4573 deceptorem
2663 4522 2745 4560 me
2786 4509 3002 4574 putastis
3049 4524 3210 4564 esse:
3252 4521 3305 4564 et
3340 4526 3509 4580 nuper
3549 4512 3843 4574 dicebatis.

2271 4595 2346 4649 Tu
2384 4597 2716 4650 testimonium
2747 4597 2973 4667 perhibes
3006 4600 3067 4652 de
3095 4601 3285 4668 teipse;
3317 4601 3657 4655 testimonium
3700 4613 3851 4657 tuum

2268 4701 2367 4738 non
2400 4694 2471 4738 est
2502 4701 2668 4739 verum
2705 4686 2879 4755 (Joan.
2907 4686 2958 4741 8.
2990 4688 3077 4756 i3)
3104 4705 3118 4741 :
3151 4704 3248 4743 cur
3273 4704 3401 4759 ergo
3428 4691 3764 4759 interrogatis
3791 4704 3852 4747 ct

2268 4774 2332 4827 de
2361 4791 2443 4828 me
2466 4775 2650 4830 audire
2682 4778 2839 4831 vultis
2858 4819 2871 4837 .
2904 4777 3053 4846 Cujus
3076 4779 3438 4834 testimonium
3467 4780 3721 4850 rejicitis?
3750 4782 3849 4836 Ni-

2271 4863 2340 4919 bil
2375 4865 2562 4920 horum
2599 4867 2763 4931 dixit,
2805 4866 2904 4921 etsi
2950 4879 3129 4924 nosset
3164 4871 3361 4925 malum
3404 4871 3849 4939 interrogandum

2268 4958 2519 5010 animum.
2545 4958 2673 5011 Nam
2696 4958 2835 5028 quod
2860 4974 2980 5014 eum
3007 4961 3455 5018 eircumdederint
3472 5004 3487 5029 ,
3508 4978 3571 5021 ac
3590 4964 3849 5034 dixerint,

2273 5048 2542 5118 Quousque
2558 5052 2777 5103 animam
2795 5062 3018 5105 nostram
3039 5054 3211 5107 tollis?
3226 5054 3276 5109 id
3295 5056 3571 5111 videbatur
3584 5072 3647 5113 cx
3663 5073 3855 5116 amore

2269 5140 2498 5206 quodam
2527 5149 2581 5192 et
2608 5140 2844 5195 discendi
2876 5143 3053 5197 studio
3080 5144 3367 5213 proﬁcisci.
3393 5146 3540 5203 Mens
3568 5156 3743 5204 autem
3766 5148 3854 5204 in-

2272 5230 2652 5298 terroganlium
2696 5242 2942 5302 corrupta
2982 5243 3036 5288 et
3072 5235 3291 5290 subdola
3339 5246 3477 5291 erat.
3520 5238 3654 5306 Quia
3700 5241 3853 5296 enim

2268 5334 2429 5388 opera
2454 5319 2734 5376 calumniis
2758 5338 2860 5377 non
2890 5324 3041 5377 obvia
3070 5334 3223 5379 erant
3242 5367 3255 5391 ,
3286 5326 3462 5382 verbis
3484 5343 3676 5398 capere
3703 5345 3854 5400 qua:-

2270 5414 2488 5479 rebant,
2519 5414 2674 5469 aliter
2700 5431 2855 5483 quam
2884 5418 3031 5485 prius
3059 5418 3477 5488 interrogantes,
3509 5436 3572 5477 ac
3599 5421 3856 5493 frequen-

2273 5513 2351 5557 ter
2382 5503 2745 5568 sciscitantes,
2778 5520 2841 5559 ex
2875 5506 3005 5576 ipsis
3032 5508 3210 5562 verbis
3244 5524 3365 5564 eum
3392 5511 3672 5567 confutare
3697 5514 3852 5569 vole—

2274 5593 2430 5657 bant;
2459 5602 2511 5648 ct
2544 5609 2663 5649 eum
2694 5610 2853 5665 Opera
2886 5609 3107 5667 carpere
3143 5613 3249 5653 non
3288 5610 3543 5671 possent,
3574 5616 3641 5657 ex
3669 5604 3855 5660 verbis

2273 5767 2306 5814 Α
2337 5707 2590 5815 (αὶηδῐξιξιιιι
2628 5708 2999 5769 Chrysostomus
3040 5710 3282 5761 Persidem
3310 5721 3449 5765 vocat
3471 5711 3774 5776 Babyloniam
3792 5718 3851 5765 et

2313 5782 2387 5814 ei“
2496 5784 2531 5815 Ι.

2313 5782 2531 5817 ςκγτιιιηι.
