4088 6498
170 420 284 475 ’53⁸1

185 546 374 590 ansam
416 526 752 601 quaerebant.
798 521 923 578 Ideo
959 515 1243 581 dicebant,
1293 512 1390 568 Dic
1435 511 1596 566 nobis.
1631 506 1791 578 Atqui

186 640 335 694 saepe
371 622 528 677 dixit.
575 618 708 672 Nam
751 616 826 669 sic
870 612 1261 669 Samaritanam
1310 605 1787 694 alloquutusues‘t:

191 689 309 790 Ego
331 731 444 770 sum
473 712 558 782 qui
582 711 759 780 loquor
779 717 940 760 tecum
968 703 1147 773 (Joan.
1174 701 1230 754 ι.
1254 696 1344 768 9.0)
1379 704 1432 750 et
1453 707 1598 750 caeco

188 782 266 868 Ei
292 807 457 864 vidisti
505 822 620 860 eum
641 846 654 869 ,
698 813 743 858 et
778 801 863 870 qui
894 798 1115 870 loquitur
1153 804 1342 856 tecum,
1373 789 1461 844 ille
1496 798 1570 842 est
1617 782 1787 858 (Ibid.

182 906 246 964 9.
277 903 389 975 37).
423 900 530 955 Illis
569 911 782 969 quoque
820 893 984 956 dixit,
1029 889 1122 945 sed
1162 886 1280 942 aliis
1320 883 1517 939 verbis.
1550 877 1710 949 Atqui
1744 876 1789 931 si

183 1007 375 1055 mente
402 995 729 1054 valuissent,
758 997 811 1042 et
840 994 985 1041 recte
1011 979 1297 1051 explorare
1322 975 1647 1035 voluissent,
1670 983 1794 1024 ver-

186 1089 275 1143 bis
333 1087 502 1156 ipsum
555 1077 798 1137 conﬁteri
854 1073 1200 1132 debuissent.
1252 1068 1342 1138 qui
1391 1063 1643 1136 operibus
1689 1060 1791 1114 hoc

188 1183 369 1252 ipsum
410 1191 555 1248 stupe
594 1170 1054 1240 comprobaverat.
1096 1163 1247 1219 Nunc
1273 1174 1403 1215 vero
1429 1158 1640 1252 illorum
1669 1168 1791 1252 per-

191 1245 502 1330 versitatem
529 1264 833 1322 considera.
866 1261 1001 1315 Cum
1032 1256 1382 1313 eoncionatur
1412 1261 1466 1306 et
1494 1248 1671 1304 verbis
1692 1245 1789 1300 do—

185 1376 280 1422 cet
301 1409 316 1433 ,
347 1365 495 1418 uiunt
522 1379 536 1412 :
570 1357 722 1425 Quod
739 1356 938 1423 signum
966 1347 1227 1405 ostendis?
1255 1345 1387 1401 Cum
1411 1353 1587 1398 autem
1610 1337 1788 1408 operi-

185 1460 294 1513 bus
333 1451 817 1511 demonstrationes
859 1443 1093 1513 profert,
1140 1439 1324 1494 dicunt
1368 1436 1443 1490 illi
1480 1451 1493 1486 :
1527 1433 1588 1489 Si
1633 1441 1687 1484 tu
1735 1445 1787 1484 es

186 1550 444 1610 Christus,
473 1543 556 1595 dic
583 1539 725 1595 nobis
754 1538 947 1608 palam.
982 1535 1113 1588 Dum
1135 1545 1300 1600 opera
1320 1529 1590 1590 clamant,
1623 1521 1784 1578 verba

183 1647 472 1710 quierunt;
505 1643 701 1690 etcum
723 1631 886 1685 verba
916 1627 1142 1692 docent,
1172 1622 1238 1678 ad
1261 1635 1425 1692 opera
1448 1615 1783 1710 confugiunt,

181 1706 580 1796 contrariisque
639 1736 853 1791 semper
893 1719 1164 1774 insistunt.
1194 1713 1347 1782 Quod
1378 1713 1520 1768 enim
1558 1724 1663 1764 non
1706 1706 1788 1762 di-

181 1819 374 1876 scendi
391 1831 550 1872 causa
574 1815 985 1882 interrogarent,
1009 1808 1183 1863 exitus
1200 1800 1783 1868 demonstravit.Quem

184 1911 337 1966 enim
377 1910 445 1963 ita
479 1907 580 1961 lide
606 1905 825 1974 dignum
860 1901 1147 1972 putabant,
1190 1906 1248 1952 ut
1285 1895 1352 1950 de
1379 1895 1558 1964 seipso
1593 1889 1784 1947 testifi-

181 2009 400 2058 cantem
423 1998 802 2060 admitterent,
832 1993 912 2048 vel
937 2007 1100 2063 pauca
1129 1992 1432 2061 loquentem
1455 2028 1470 2053 ,
1499 1985 1678 2041 statim
1702 1984 1786 2038 la-

185 2095 403 2164 pidibus
436 2092 716 2160 impetunt.
749 2087 928 2155 Itaque
970 2082 1110 2153 quod
1153 2078 1552 2137 circumdarent
1577 2090 1699 2131 eum
1732 2083 1787 2130 et

184 2189 486 2249 instarent,
520 2181 571 2236 id
598 2197 660 2235 ex
689 2178 926 2248 nequitia
950 2173 1409 2247 proficiscebatur.
1439 2168 1628 2224 Modus
1649 2180 1784 2238 quo-

182 2293 295 2349 que
323 2271 685 2344 interrogandi
725 2270 954 2326 multum
994 2281 1100 2338 pra:
1136 2279 1196 2320 se
1225 2263 1431 2319 ferebat
1454 2258 1659 2316 odium.
1689 2254 1785 2310 Dic

183 2368 334 2422 nobis
366 2366 556 2435 potam,
588 2367 632 2418 si
661 2373 714 2417 tu
732 2379 789 2416 es
818 2360 1071 2416 Christus.
1101 2355 1260 2426 Atqui
1288 2353 1464 2423 palam
1488 2351 1576 2406 ille
1601 2350 1787 2417 loque-

185 2459 346 2512 batur
373 2457 422 2510 in
446 2453 873 2510 solemnitatibus
893 2493 907 2516 ,
941 2449 1132 2519 quibus
1159 2460 1374 2515 semper
1393 2443 1599 2508 aderat,
1629 2439 1787 2494 nihil-

184 2565 291 2618 que
307 2547 448 2600 ciant
469 2544 713 2608 dicebat;
743 2542 968 2608 ideoque
984 2537 1265 2592 adulantes
1288 2535 1491 2596 dicunt,
1516 2532 1788 2600 Quousque

185 2640 414 2692 animum
442 2647 672 2691 nostram
699 2633 873 2688 tollis?
903 2642 960 2685 ut
991 2637 1345 2700 promeantes
1365 2668 1380 2693 ,
1413 2625 1646 2694 aliquam
1676 2621 1784 2676 cri-

185 2727 423 2783 minandi
465 2739 653 2780 ausam
699 2725 987 2793 reperiant.
1049 2719 1202 2786 Quod
1247 2719 1391 2774 enim
1439 2729 1653 2785 semper
1693 2713 1786 2766 illo

188 2825 259 2874 an
285 2835 373 2874 tuo
413 2821 839 2888 interrogarent,
870 2831 978 2871 non
1018 2823 1075 2867 ut
1109 2813 1399 2875 discerent,
1424 2809 1519 2866 sed
1561 2820 1616 2864 ut
1645 2807 1784 2862 dicta
1822 2803 1828 2809 “

187 2921 511 2982 carperent,
539 2925 646 2965 non
674 2909 796 2964 hinc
826 2907 1000 2962 solum
1018 2947 1032 2971 ,
1069 2904 1164 2960 sed
1180 2913 1235 2958 et
1260 2894 1478 2958 aliunde
1497 2915 1642 2970 siepe
1665 2914 1789 2971 pro-

189 3007 366 3060 batur.
402 3003 538 3060 Nam
575 3019 698 3058 eum
730 3007 1073 3056 accesserunt
1104 2996 1342 3052 dicentes
1374 3012 1386 3048 :
1423 2992 1558 3047 Licet
1584 3007 1788 3046 censum

189 3098 314 3150 dare
337 3094 559 3162 Cwsari,
592 3110 748 3148 necne
777 3091 1000 3162 (Matth.
1025 3089 1116 3143 22.
1149 3089 1272 3156 l7)?
1305 3096 1359 3142 et
1384 3101 1504 3141 cum
1534 3086 1601 3140 de
1632 3099 1788 3153 repu-

189 3187 382 3243 dianda
410 3201 583 3241 uxore
615 3193 865 3255 agerent,
899 3197 1128 3251 cumque
1153 3180 1218 3236 de
1251 3181 1336 3234 illa
1361 3178 1785 3244 sciscitarentur,

190 3297 350 3349 quam
397 3279 648 3334 dicebant
689 3287 892 3347 septem
934 3276 1185 3329 habuisse
1232 3275 1411 3340 viros,
1466 3271 1787 3342 deprehensi

189 3385 336 3438 sunt,
373 3389 476 3427 non
500 3372 737 3427 discendi
769 3355 964 3436 studio,
998 3369 1090 3425 sed
1114 3385 1182 3425 ex
1211 3383 1374 3439 pravo
1398 3368 1579 3422 animo
1605 3367 1788 3421 scisci-

192 3468 309 3520 tari.
341 3466 444 3521 Sed
478 3478 600 3518 tunc
633 3465 752 3518 illos
781 3448 1015 3534 coarguit
1046 3463 1127 3516 bis
1161 3461 1371 3528 verbis,
1414 3462 1549 3530 Quid
1579 3477 1656 3514 me
1681 3471 1788 3514 teu-

190 3560 336 3619 tutis,
369 3557 683 3627 hypociitw?
712 3555 998 3610 ostendens
1027 3570 1083 3609 se
1113 3554 1326 3607 illorum
1353 3565 1611 3607 secretam
1641 3567 1788 3604 men-

192 3658 299 3700 ti-m
329 3661 679 3716 Cognoscere.
707 3645 801 3699 llic
823 3661 948 3700 vero
978 3645 1105 3697 nihil
1137 3645 1364 3713 loquitur
1390 3643 1584 3707 simile,
1611 3653 1667 3695 ut
1690 3657 1788 3695 nos

190 3740 414 3806 doceat,
449 3737 788 3791 insidiatores
823 3752 928 3790 non
953 3752 1162 3803 semper
1189 3751 1310 3790 esse
1335 3734 1660 3804 arguendos,
1693 3731 1785 3786 sed

194 3834 356 3884 multa
401 3830 642 3884 modeste
677 3837 730 3881 ct
765 3837 1043 3881 mansuete
1073 3841 1192 3880 esse
1223 3826 1457 3880 ferenda.
1492 3826 1622 3892 Quia
1659 3839 1788 3893 ergo

193 3925 412 3977 stultum
442 3931 578 3983 erat,
608 3920 736 3990 ipsis
763 3919 1015 3990 operilms
1042 3916 1474 3986 przcdicantibus,
1504 3915 1786 3968 verborum

195 4015 500 4068 testimonia
530 4027 806 4082 (μιαίνει-θ,
839 4011 958 4064 audi
992 4009 1261 4078 quomodo
1287 4008 1414 4072 ipsis
1443 4005 1785 4076 respondeat,

192 4107 352 4159 simul
400 4103 745 4159 subindicans
789 4103 903 4156 ha‘e
947 4101 1066 4154 illos
1111 4101 1304 4153 [rustra
1354 4113 1633 4168 quaerere,
1682 4111 1788 4150 non

195 4195 433 4249 discendi
459 4210 616 4247 causa
637 4236 650 4258 ,
683 4202 737 4247 et
760 4191 1087 4260 significans,
1124 4204 1180 4243 se
1199 4190 1306 4258 jam
1332 4189 1509 4243 verbis
1536 4189 1665 4257 ipsis
1685 4189 1792 4241 cla-

196 4289 389 4342 riorcm
415 4288 658 4342 emisisse
687 4299 870 4340 vocem
896 4326 908 4349 ,
941 4301 1035 4353 per
1065 4299 1226 4353 opera
1256 4285 1481 4339 scilicet.
1517 4283 1648 4336 Nam
1676 4283 1748 4336 ait
1777 4300 1789 4335 :

192 4380 284 4435 25.
319 4380 473 4448 Sa‘pe
505 4380 613 4431 dixi
649 4379 816 4440 vobis,
850 4389 894 4429 et
927 4393 1023 4430 non
1057 4377 1257 4430 creditis
1290 4378 1410 4429 milii
1441 4393 1458 4429 :
1489 4393 1643 4447 Opera
1683 4392 1795 4448 quw

195 4489 285 4540 ego
324 4472 458 4539 [acia
501 4471 550 4521 in
584 4469 782 4521 nomine
824 4467 994 4521 Patris
1025 4468 1150 4533 mei,
1184 4466 1273 4520 illa
1319 4469 1650 4521 testimonium
1683 4483 1794 4536 pcr-

198 4564 362 4616 bibent
392 4562 455 4615 de
489 4577 583 4614 me.
629 4559 780 4626 Quod
830 4559 900 4623 ii,
933 4560 1018 4628 qui
1059 4559 1197 4628 apud
1241 4560 1361 4614 illos
1405 4560 1794 4614 moderatiores

198 4664 377 4719 erant,
413 4669 558 4722 smpe
587 4662 768 4706 mutuo
790 4652 1034 4706 dicebant
1060 4671 1069 4704 :
1103 4650 1279 4721 Neque
1306 4653 1435 4705 enim
1462 4662 1618 4722 potest
1644 4654 1794 4706 homo

198 4755 429 4810 peccator
459 4745 566 4797 lucc
603 4745 747 4813 signa
794 4744 960 4811 facere
988 4743 1177 4812 (Joan.
1209 4745 1262 4799 9.
1296 4745 1414 4815 16);
1449 4756 1500 4800 et
1545 4762 1791 4811 rursum,

202 4836 319 4889 Non
365 4845 529 4904 potest
571 4835 874 4888 da’monium
923 4851 1170 4888 ca‘cornm
1215 4838 1390 4891 oculos
1429 4839 1656 4905 aperire;
1710 4847 1789 4902 ct,

199 4927 366 4980 Nemo
405 4938 562 4996 potest
596 4925 718 4979 (alia
755 4929 901 4996 signa
929 4929 1094 4995 facere
1113 4969 1126 4991 ,
1159 4931 1251 4982 nisi
1281 4931 1344 4982 sit
1371 4947 1485 4982 cum
1513 4931 1603 4983 illo
1633 4929 1790 4984 Deus.

200 5018 264 5070 Et
293 5017 531 5069 videntes
562 5018 709 5084 signa
749 5034 867 5082 qua:
912 5019 1168 5080 iaciebat,
1201 5018 1448 5074 dicebant
1484 5039 1496 5074 :
1531 5019 1795 5087 Numquid

201 5107 280 5157 hic
307 5116 375 5158 cst
405 5105 677 5161 Christus?
709 5109 809 5161 Alii
841 5119 1016 5162 autem
1045 5108 1288 5163 dicebant
1319 5128 1329 5162 :
1365 5111 1581 5176 Quando
1612 5115 1795 5167 rencrit

199 5197 429 5250 Christus
451 5241 462 5257 ,
497 5215 615 5251 num
638 5201 786 5268 plura
813 5201 962 5269 signa
984 5201 1162 5270 faciet,
1195 5218 1344 5269 quam
1374 5204 1453 5256 hic
1475 5205 1590 5271 fecit
1618 5203 1790 5274 (Ibid.

203 5290 254 5340 7.
280 5290 407 5357 5|)?
436 5288 598 5344 Iidem
627 5306 751 5343 vero
783 5291 877 5360 ipsi
909 5308 970 5343 ex
1014 5293 1264 5360 operibus
1290 5295 1535 5348 volebant
1572 5296 1624 5348 in
1651 5297 1796 5351 illum

202 5381 419 5436 credere
446 5382 687 5435 dicentes
716 5399 728 5435 :
765 5383 910 5446 Quod
940 5385 1140 5453 signant
1178 5386 1396 5438 ostendis
1434 5386 1574 5440 nobis
1596 5428 1610 5452 ,
1642 5398 1694 5440 ut
1723 5390 1795 5441 vi-

203 5475 405 5526 demnus
432 5483 478 5525 ct
508 5473 773 5525 credamus
803 5474 888 5524 tibi
917 5475 1075 5541 (Ibid.
1107 5474 1159 5528 9..
1193 5475 1317 5545 l8)?

274 5564 327 5617 εξ.
365 5565 639 5630 Quomodo
680 5563 902 5620 Christus
924 5566 1134 5620 Judu'os
1162 5569 1470 5639 increpando
1493 5572 1644 5625 simul
1681 5573 1799 5626 alli—

200 5660 294 5714 rint
331 5673 378 5714 ct
407 5661 605 5714 inritrt.
644 5657 835 5711 Eadem
875 5662 1099 5727 potentia
1136 5659 1302 5716 Putris
1344 5673 1388 5715 ct
1437 5663 1586 5728 Filii,
1627 5665 1799 5718 eadem

198 5772 391 5807 mmms.
411 5783 483 5792 --
504 5751 641 5816 Qnia
667 5765 794 5818 ergo
819 5760 940 5804 tunc
971 5753 1292 5807 simulabant
1323 5771 1380 5810 se
1408 5771 1469 5809 ex
1505 5758 1618 5810 solo
1639 5760 1799 5812 verbo

203 5850 497 5911 (t‘t‘Jiitll'On
524 5887 537 5908 ,
584 5842 672 5911 qui
720 5851 794 5896 tot
829 5845 1091 5912 tantisque
1135 5848 1383 5914 operibus
1417 5865 1520 5904 non
1559 5851 1801 5906 t-rcdidc—

1296 399 1358 456 IN
1398 392 1713 454 JOANNEM
1753 390 1975 448 llOBIIL.
2023 390 2157 466 LXI.
2200 391 2271 446 al.
2313 390 2422 446 LX.
3399 385 3502 444 538

1904 515 2058 572 rant,
2093 506 2302 561 illorum
2342 505 2630 576 nequitiam
2657 505 2831 575 arguit
2865 505 2948 560 his
2980 504 3196 558 verbis:
3232 504 3291 558 Si
3330 510 3501 572 aperi-

1902 598 1994 651 bus
2015 614 2114 652 non
2136 600 2361 662 creditis,
2379 597 2630 668 quomodo
2655 598 2814 650 verbis
2833 596 3088 650 credetis?
3116 594 3293 662 Quare
3315 611 3502 663 super»

1901 690 2005 744 ﬂua
2035 699 2118 745 est
2148 691 2514 761 interrogatio.
2547 690 2638 745 26.
2673 690 2778 745 Sed
2797 690 2905 744 dixi
2927 689 3086 756 vobis,
3113 691 3302 760 inquit,
3332 699 3378 742 et
3399 706 3500 741 non

1902 781 2105 835 creditis
2131 781 2276 847 mihi,
2303 782 2423 852 quia
2451 798 2552 834 non
2585 782 2704 835 estis
2727 781 2791 836 de
2820 781 2993 834 oribus
3017 783 3160 834 meis.
3196 781 3304 850 Ego
3331 789 3498 833 totum

1901 871 2134 941 pastoris
2161 871 2397 927 ofﬁcium
2422 872 2638 928 exhibui
2664 891 2678 927 :
2705 873 2750 927 si
2783 887 2908 925 vero
2938 887 3022 926 me
3055 885 3162 926 non
3191 873 3495 941 sequimini,

1903 980 2008 1018 non
2036 964 2176 1035 quod
2199 980 2298 1035 ego
2325 981 2429 1021 non
2463 976 2646 1035 pastor
2667 967 2766 1020 sim
2798 967 3050 1021 renuistis
3071 1009 3087 1032 ,
3116 966 3209 1021 sed
3235 968 3376 1036 quod
3405 985 3500 1021 vos

1898 1069 2027 1110 oves
2054 1071 2188 1111 meie
2211 1072 2315 1112 non
2337 1057 2473 1112 sitis.
2497 1057 2629 1112 Nam
2649 1057 2740 1112 27.
2769 1056 2896 1111 Oves
2920 1073 3076 1122 metu,
3107 1058 3301 1127 inquit,
3331 1074 3499 1110 vocem

1898 1163 2062 1200 meam
2088 1148 2330 1212 audiunt,
2362 1159 2410 1202 et
2439 1159 2714 1219 sequuntur
2740 1164 2836 1214 nte,
2867 1148 2957 1204 28.
2992 1157 3036 1202 et
3077 1148 3230 1202 ritum
3256 1158 3503 1202 mter-nam

1897 1236 1965 1290 do
1993 1237 2086 1301 eis,
2116 1246 2162 1290 et
2188 1253 2288 1291 non
2321 1239 2552 1307 peribunt
2587 1238 2639 1292 in
2670 1248 2915 1293 mternum
2938 1253 2958 1293 :
2987 1248 3032 1292 et
3059 1255 3204 1296 nemo
3232 1248 3390 1308 potest
3417 1250 3506 1284 ινιιλο

1896 1344 2076 1398 rapere
2104 1327 2168 1381 de
2196 1345 2350 1382 manu
2377 1346 2508 1385 mea.
2539 1329 2630 1384 29.
2667 1331 2802 1398 Quia
2841 1330 3021 1396 Pater,
3051 1334 3135 1400 qui
3167 1331 3304 1383 dedit
3338 1332 3494 1392 mihi,

1895 1423 2063 1492 major
2087 1431 2158 1476 est
2188 1422 2458 1478 omnibus:
2486 1432 2534 1476 et
2561 1439 2706 1476 nemo
2735 1435 2896 1492 potest
2923 1440 3010 1477 cas
3045 1441 3226 1492 rapere
3250 1427 3313 1476 de
3342 1441 3496 1475 manu

1898 1513 2072 1568 Patris
2101 1516 2216 1568 mei.
2251 1515 2340 1569 30.
2374 1513 2484 1586 Ego
2523 1525 2568 1570 et
2611 1515 2770 1571 Pater
2799 1533 2957 1570 unum
2997 1532 3193 1571 sumus.
3233 1518 3494 1572 Animad-

1894 1614 2046 1661 verte
2073 1607 2342 1677 quomodo
2367 1607 2488 1662 illos
2516 1608 2828 1678 rejicieudo,
2864 1609 3111 1664 hortetur
3149 1620 3326 1664 tamen
3355 1619 3410 1663 ut
3439 1627 3497 1663 se

1895 1706 2207 1768 sequantur.
2249 1697 2382 1765 Vos,
2415 1699 2615 1770 inquit,
2662 1717 2763 1755 non
2792 1701 2982 1756 auditis
3013 1717 3129 1763 me;
3169 1719 3326 1772 neque
3363 1704 3498 1756 enim

1894 1792 2011 1846 estis
2039 1807 2191 1856 oues;
2219 1792 2307 1858 qui
2340 1807 2468 1848 vero
2501 1802 2817 1863 sequuntur,
2850 1793 2903 1848 bi
2938 1803 3067 1849 sunt
3100 1809 3164 1848 ex
3192 1795 3340 1848 ovili.
3373 1793 3498 1849 lla'c

1895 1897 2056 1952 porro
2075 1883 2308 1950 dicebat,
2336 1895 2394 1939 ut
2419 1884 2491 1939 illi
2515 1899 2645 1940 oves
2666 1899 2785 1940 esse
2806 1895 3146 1941 conarentur.
3182 1886 3237 1939 1)ι
3260 1885 3382 1939 inde
3407 1886 3494 1940 ubi

1893 1977 2023 2048 quid
2050 1978 2434 2046 consequuturi
2463 1977 2571 2032 sint
2599 1977 2875 2048 exposuit,
2916 1978 3101 2033 incitat
3129 1977 3247 2032 illos
3268 2017 3282 2040 ,
3317 1986 3374 2031 ut
3403 1991 3495 2031 se-

1893 2067 2088 2139 quendi
2111 2068 2435 2124 desiderium
2463 2067 2678 2124 inierat.
2707 2069 2846 2136 Quid
2869 2071 3038 2141 ergo?
3068 2085 3191 2125 num
3217 2070 3287 2125 ob
3320 2070 3496 2124 Patris

1895 2158 2186 2227 potentiam
2220 2173 2378 2214 nemo
2405 2159 2573 2229 rapit,
2604 2168 2659 2215 tu
2687 2175 2816 2216 vero
2847 2159 2976 2214 nihil
3009 2170 3162 2230 potes
3183 2202 3198 2225 ,
3229 2172 3282 2216 et
3316 2171 3498 2215 custo-

1893 2250 2010 2305 dire
2033 2265 2140 2304 non
2173 2250 2352 2305 vales?
2383 2249 2620 2307 Minime.
2650 2250 2720 2308 Ut
2745 2251 2921 2308 discas
2943 2253 3108 2317 enim,
3135 2251 3286 2319 illud,
3318 2250 3492 2319 Pater,

1891 2343 1977 2414 qui
2007 2343 2146 2397 dedit
2175 2343 2335 2411 mihi,
2381 2343 2501 2399 ideo
2539 2342 2738 2399 dictum
2783 2343 2982 2412 fuisse,
3014 2358 3083 2399 ne
3130 2345 3278 2399 illum
3318 2344 3497 2399 denuo

1897 2439 2006 2492 Deo
2027 2437 2393 2493 adversarium
2422 2437 2696 2504 dicerent;
2729 2447 3011 2508 postquam
3049 2438 3294 2503 dixerat,
3331 2437 3496 2491 Nemo

1893 2530 2028 2599 rapit
2048 2545 2132 2584 eas
2156 2529 2219 2583 de
2239 2545 2391 2582 manu
2413 2545 2543 2590 mea,
2569 2529 2740 2599 pergit
2757 2527 3048 2584 ostendens
3068 2544 3221 2584 suam
3247 2536 3300 2584 et
3321 2528 3497 2583 Patris

1894 2638 2111 2678 manum
2143 2638 2302 2678 unam
2334 2637 2475 2678 esse.
2503 2621 2614 2678 Nisi
2644 2623 2788 2677 enim
2823 2621 2923 2677 hoc
2949 2621 3020 2676 ita
3049 2630 3224 2688 esset,
3253 2620 3497 2676 diclttt'tts

1893 2725 2047 2771 erat:
2083 2715 2242 2772 Pater
2276 2717 2367 2786 qui
2399 2716 2546 2771 dedit
2587 2716 2748 2782 mihi,
2795 2715 2967 2785 major
3007 2715 3260 2770 omnibus
3290 2724 3400 2780 est,
3444 2725 3498 2766 ot

1896 2823 2054 2864 nemo
2093 2817 2272 2879 potest
2303 2823 2394 2863 eas
2439 2823 2629 2878 rapere
2667 2807 2734 2863 de
2779 2822 2938 2862 manu
2971 2822 3111 2863 mea.
3151 2805 3345 2862 Verum
3391 2823 3497 2861 non

1895 2903 1963 2956 ita
1991 2901 2160 2966 dixit,
2191 2900 2285 2955 sed
2306 2942 2320 2964 ,
2353 2899 2431 2955 De
2460 2917 2614 2954 manu
2646 2899 2820 2955 Patris
2851 2901 2964 2954 mei.
2997 2899 3199 2955 Deinde
3233 2915 3301 2954 ne
3343 2909 3495 2968 putes

1895 2995 2066 3065 ipsum
2098 3008 2220 3050 esse
2258 2993 2529 3048 intlrmum
2551 3035 2565 3060 ,
2596 2993 2689 3048 sed
2725 3009 2818 3065 per
2843 2994 3015 3050 Patris
3044 2994 3497 3064 potentiamoves

1897 3086 1946 3141 in
1978 3095 2091 3141 tuto
2117 3101 2268 3152 esse,
2299 3085 2535 3160 subdidit
2564 3105 2577 3140 :
2607 3085 2716 3158 Ego
2747 3098 2792 3141 et
2827 3086 2979 3141 Pater
3009 3104 3166 3141 unum
3195 3103 3405 3151 sumus;
3436 3102 3498 3140 ac

1895 3179 1937 3232 si
1968 3178 2172 3234 diceret
2192 3219 2207 3243 ,
2231 3176 2347 3232 Non
2377 3177 2498 3232 ideo
2527 3176 2668 3246 dixi,
2700 3179 2769 3236 ob
2797 3178 2969 3234 Patris
2997 3179 3289 3252 potentiam
3323 3194 3493 3232 ncnn-

1895 3285 2019 3324 nem
2048 3285 2141 3325 eas
2171 3285 2290 3326 esse
2321 3281 2598 3340 rapturum
2620 3312 2636 3338 ,
2667 3272 2818 3341 quasi
2860 3273 2978 3326 illas
3013 3287 3112 3342 ego
3139 3286 3358 3326 servare
3391 3285 3496 3325 non

1894 3364 2122 3418 valeam.
2145 3362 2277 3418 Nam
2302 3361 2415 3435 Ego
2437 3375 2483 3417 et
2517 3363 2669 3418 Pater
2689 3381 2842 3418 unum
2863 3380 3071 3427 simius;
3101 3363 3149 3418 id
3174 3373 3276 3429 est,
3305 3379 3500 3419 secun-

1895 3456 2020 3510 dum
2050 3455 2338 3525 potentiam
2365 3474 2378 3510 :
2413 3471 2536 3510 nam
2562 3455 2629 3510 de
2649 3455 2735 3510 illa
2766 3455 2852 3510 hic
2877 3470 3058 3510 sermo
3079 3466 3213 3511 erat.
3239 3456 3293 3512 Si
3317 3465 3496 3512 autem

1894 3549 2080 3604 eadem
2113 3560 2194 3602 est
2220 3549 2454 3618 potentia
2478 3591 2492 3617 ,
2526 3550 2699 3618 palam
2729 3559 2805 3605 est
2831 3548 3076 3604 eamdem
3104 3565 3223 3606 esse
3246 3551 3496 3606 substan-

1899 3643 2044 3694 tiam.
2076 3638 2208 3694 Cum
2256 3641 2398 3694 enim
2432 3641 2593 3694 multa
2642 3641 2881 3696 lacerent
2913 3640 3116 3700 Judaei.
3161 3641 3379 3696 insidias
3409 3657 3500 3710 pa-

1899 3739 2112 3795 rarent,
2144 3739 2296 3785 extra
2328 3746 2650 3803 synagogam
2689 3733 2948 3801 ejicerent
2969 3775 2983 3800 ,
3016 3732 3146 3787 dicit
3174 3733 3293 3786 illos
3322 3735 3499 3787 omnia

1898 3822 2165 3876 incassum
2200 3822 2532 3876 machinatos
2561 3839 2699 3878 esse.
2733 3825 2864 3879 Nam
2909 3825 2959 3879 in
2991 3841 3151 3879 manu
3184 3825 3355 3880 Patris
3397 3829 3498 3878 mni

1896 3924 2022 3967 Sunt
2061 3928 2221 3980 oves,
2271 3922 2328 3967 ut
2370 3914 2628 3984 propheta
2658 3916 2820 3971 dicit:
2856 3916 2921 3970 In
2966 3934 3118 3970 manu
3147 3934 3254 3971 mea
3295 3917 3503 3986 depinxi

1898 4022 2068 4059 muros
2099 4015 2212 4060 tuos
2246 4005 2412 4075 (lsai.
2445 4007 2536 4062 49.
2568 4007 2678 4079 lli).
2716 4008 2916 4063 Deinde
2948 4025 3106 4063 unam
3137 4023 3256 4064 esse
3287 4025 3500 4062 manuni

1898 4097 2207 4161 ostendens,
2243 4099 2384 4151 illam
2419 4097 2576 4152 modo
2605 4113 2776 4165 suam,
2809 4099 2970 4156 modo
3002 4101 3176 4155 Patris
3203 4115 3322 4156 es~e
3351 4100 3501 4154 dicit.

1898 4191 2030 4246 Cum
2057 4207 2272 4244 manum
2297 4190 2468 4255 audis,
2495 4190 2622 4244 nihil
2647 4193 2842 4246 sensile
2865 4195 3085 4263 cogites,
3114 4193 3207 4245 sed
3234 4194 3501 4253 virtm'cm,

1900 4286 2215 4355 potentiam.
2245 4284 2299 4340 Si
2323 4294 2499 4338 autem
2534 4299 2692 4338 nemo
2719 4286 2926 4353 rapuit,
2959 4287 3079 4354 quia
3112 4285 3268 4339 Pater
3289 4285 3386 4340 sibi
3416 4303 3505 4353 pn-

1903 4387 2148 4433 testatem
2186 4377 2493 4443 indidisset,
2529 4376 2864 4446 superlluum
2897 4377 3087 4434 fuisset
3117 4378 3315 4434 addere
3337 4420 3349 4443 ,
3397 4377 3506 4448 Ego

1903 4480 1946 4525 et
1981 4469 2134 4525 Pater
2165 4488 2324 4524 unum
2351 4489 2546 4526 sumus.
2577 4470 2709 4525 Nam
2748 4469 2790 4526 si
2827 4473 3002 4526 minor
3030 4472 3192 4526 Filius
3223 4483 3393 4538 esset,
3427 4483 3504 4527 te-

1904 4562 2191 4616 merarium
2232 4570 2376 4616 esset
2413 4561 2636 4616 dictum.
2669 4560 2810 4616 Nihil
2854 4571 3001 4618 certe
3041 4564 3184 4617 aliud
3231 4564 3462 4619 dcclarat
3492 4606 3506 4626 ,

1905 4669 2062 4723 quam
2088 4654 2340 4723 potentia:
2368 4654 2725 4724 :equalitatem
2754 4673 2764 4707 :
2797 4655 2937 4726 quod
2963 4673 3081 4710 cum
3113 4657 3282 4712 Jitdici
3315 4659 3508 4711 intelli-

1905 4755 2112 4814 gerent,
2144 4744 2409 4813 lapidibus
2433 4745 2607 4816 ipsum
2639 4747 2988 4817 impetcbant.
3015 4748 3194 4819 Neque
3218 4761 3394 4804 tamen
3424 4750 3509 4802 illo

1908 4837 2045 4891 hanc
2076 4838 2625 4908 amovitopinionem.
2657 4840 2813 4909 Atqui
2839 4841 2880 4895 si
2914 4841 2962 4894 id
2994 4841 3126 4894 falso
3149 4841 3349 4911 opinati
3380 4844 3506 4894 luis-

1906 4939 2055 4995 sent,
2092 4929 2211 4983 illos
2241 4932 2531 4987 emendare
2557 4935 2795 5002 oportuit
2823 4950 2884 4989 ac
2912 4935 3090 4990 dicere
3117 4953 3128 4988 :
3165 4934 3271 4990 Cur
3303 4939 3402 4991 hoc
3432 4935 3511 4989 la-

1907 5023 2067 5076 citis?
2095 5040 2200 5077 non
2236 5025 2349 5079 hsce
2377 5026 2521 5090 dixi,
2554 5039 2611 5079 ut
2641 5043 2828 5097 parem
2853 5038 3090 5097 paternic
3125 5045 3295 5083 meam
3325 5040 3513 5099 poten—

1908 5119 2030 5171 tiam
2061 5119 2370 5173 indicarem.
2396 5119 2546 5174 Nunc
2568 5131 2777 5187 contra,
2803 5121 2907 5174 illis
2935 5121 3340 5188 ferocientibus,
3368 5124 3510 5178 illam

1907 5210 2213 5278 opinionem
2247 5210 2529 5264 confirmat
2566 5220 2621 5266 et
2658 5213 2867 5281 probat.
2901 5212 3016 5266 Non
3047 5229 3167 5268 sese
3200 5225 3421 5284 purgat,
3457 5226 3507 5266 ιτα

1910 5303 1998 5370 qui
2040 5303 2179 5357 male
2224 5315 2276 5358 et
2305 5303 2439 5357 falso
2467 5303 2696 5371 dixerit;
2733 5306 2838 5360 imo
2867 5307 2986 5361 illos
3019 5306 3292 5377 increpat,
3331 5318 3386 5362 ut
3425 5325 3512 5376 qui

1909 5410 2016 5448 non
2057 5404 2473 5450 consentaneam
2505 5397 2570 5452 de
2614 5414 2671 5452 se
2722 5397 2953 5454 habeant
2999 5401 3327 5469 Opinionem.
3377 5401 3510 5454 Cum

1910 5487 2050 5539 cnim
2084 5486 2362 5541 dicerent:
2401 5489 2491 5543 53.
2533 5489 2607 5543 De
2637 5492 2764 5544 bona
2800 5510 2948 5561 opere
2977 5509 3076 5546 non
3115 5493 3406 5562 lapidanms
3439 5505 3512 5556 te,

1909 5579 1996 5630 sed
2019 5579 2080 5630 de
2105 5578 2448 5647 blasphemia,
2481 5592 2526 5634 ct
2546 5585 2664 5654 quia
2689 5585 2836 5638 homo
2859 5603 2970 5638 cum
3001 5587 3071 5640 sis
3093 5629 3106 5651 ,
3141 5588 3270 5657 facis
3299 5589 3514 5655 tcii‘sum

1915 5669 2114 5734 Deum;
2144 5671 2266 5725 audi
2311 5674 2437 5740 quid
2479 5675 2663 5734 dicat:
2698 5678 2786 5732 55.
2834 5680 2893 5731 Si
2923 5680 3037 5732 illos
3081 5679 3203 5731 dicit
3246 5682 3514 5751 Scriptura

1910 5763 2056 5828 deos,
2091 5764 2158 5815 (id
2178 5781 2300 5833 quos
2322 5783 2485 5820 srrmo
2515 5766 2608 5821 Dei
2629 5774 2792 5837 [actus
2815 5781 2907 5834 est,
2934 5773 3020 5825 56.
3045 5775 3299 5843 quomodo
3321 5789 3407 5828 vos
3429 5777 3510 5829 di~

1920 5857 2030 5910 citis
2057 5859 2171 5926 quin
2201 5859 2513 5931 blaspltt‘ttto,
2545 5863 2662 5932 quia
2685 5864 2812 5934 dixi,
2839 5863 3003 5919 Filius
3032 5865 3123 5922 Dci
3152 5869 3300 5922 sum?
3328 5869 3376 5923 ιιι
3402 5882 3506 5940 cst,
