4088 6512
659 367 759 423 539

657 483 711 536 Si
735 484 769 537 ii
795 481 882 551 qui
912 491 1004 551 per
1032 480 1250 549 gratiam
1279 476 1378 530 hoc
1403 485 1751 545 acceperunt,
1783 490 1886 529 non
1917 481 2233 528 accusantur

660 581 780 624 cum
803 586 860 626 se
884 570 1012 624 deos
1034 576 1251 632 vocant;
1280 567 1454 636 quies
1482 574 1668 620 natura
1690 581 1784 620 sua
1804 565 1903 619 hoc
1929 565 2104 628 habet,
2127 578 2234 633 quo

664 662 776 731 jure
801 658 1137 727 increpetur?
1168 657 1362 711 Verum
1386 672 1489 711 non
1522 659 1590 710 ita
1617 655 1784 721 dixit,
1816 655 1910 711 sed
1937 654 2149 709 demum
2179 651 2231 709 id

665 751 938 818 probavit,
971 758 1247 819 postquam
1291 747 1575 802 demissius
1618 747 1865 816 loquutus
1891 756 1972 800 est
1999 745 2079 799 his
2110 759 2231 799 ver.

660 842 771 895 bis:
803 839 960 905 Quem
989 839 1140 895 Pater
1166 841 1494 908 sancti/ienuit
1516 850 1563 892 et
1588 839 1754 900 misit;
1781 847 1834 892 et
1859 847 2132 908 postquam
2164 838 2228 890 ilo

661 930 831 984 lorum
855 929 1086 984 furorem
1113 930 1336 994 sedavit,
1362 939 1487 984 tunc
1507 935 1705 983 claram
1728 928 1882 983 aﬂert
1901 928 2230 983 demonstra-

660 1023 877 1077 tionem.
904 1021 1115 1077 luterim
1139 1031 1284 1086 vero,
1310 1030 1364 1074 ut
1383 1020 1750 1075 admitteretur
1772 1020 1821 1074 id
1838 1019 1977 1090 quod
1997 1019 2226 1083 dicebat,

656 1115 914 1169 humilius
955 1118 1202 1184 qunutns
1244 1125 1360 1180 est,
1392 1130 1453 1169 ac
1497 1115 1712 1168 demum
1751 1113 1816 1167 ad
1849 1114 2046 1181 majora
2087 1112 2226 1180 ipsos

661 1205 908 1270 adducit,
938 1206 1118 1260 dicens
1146 1223 1158 1258 :
1191 1206 1278 1260 37.
1313 1205 1373 1259 Si
1411 1218 1509 1258 non
1540 1205 1670 1275 facio
1696 1220 1848 1273 opera
1886 1197 2057 1257 Patris
2093 1202 2223 1268 mei,

663 1296 814 1349 nolite
842 1298 1040 1351 credere
1068 1299 1225 1361 mihi;
1254 1297 1339 1352 38.
1369 1299 1446 1350 sin
1475 1307 1642 1350 autem
1669 1297 1824 1365 facio,
1856 1298 1947 1351 etsi
1975 1297 2097 1348 mihi
2125 1313 2224 1349 non

652 1389 871 1452 creditis,
887 1389 1116 1458 aperibus
1141 1391 1264 1443 meis
1291 1390 1493 1443 credite.
1527 1390 1707 1444 \‘ideu'
1729 1389 1991 1458 quomodo
2017 1388 2222 1456 probet,

654 1487 713 1533 ut
733 1479 840 1533 dixi
863 1520 880 1546 ,
908 1494 966 1534 se
995 1481 1147 1534 Patre
1171 1481 1222 1534 in
1251 1481 1396 1536 nullo
1421 1481 1728 1536 inferiorem
1752 1493 1869 1534 esse
1889 1520 1904 1543 ,
1931 1479 2022 1533 sed
2046 1495 2223 1548 .equa-

651 1567 755 1622 lem
785 1570 1042 1624 omnino?
1071 1570 1200 1636 Quia
1224 1570 1364 1624 enim
1393 1585 1496 1624 non
1520 1577 1724 1638 poterat
1746 1568 2034 1622 substantia
2059 1568 2224 1637 ipsius

651 1659 852 1726 videri,
894 1661 961 1714 ab
1002 1675 1220 1728 operum
1252 1662 1551 1731 :equalitate
1589 1669 1643 1714 et
1687 1660 1959 1715 identitate
2003 1659 2222 1728 a-qualis

647 1753 924 1820 potestatis
953 1753 1458 1806 demonstrationem
1488 1751 1658 1805 alfert.

713 1839 766 1895 3.
794 1841 1022 1910 Ecquid,
1051 1855 1231 1910 quieso
1251 1883 1265 1906 ,
1295 1840 1615 1895 credemus?
1645 1840 1791 1906 Quod
1831 1856 1921 1909 ego
1959 1840 2011 1892 in
2043 1838 2215 1906 Patre,

648 1940 694 1984 et
726 1926 878 1985 Pater
901 1933 952 1985 in
981 1949 1057 1986 me
1091 1933 1171 1985 sit.
1202 1931 1342 1986 Nihil
1387 1933 1528 1986 enim
1573 1929 1714 1984 aliud
1747 1942 1844 1999 ego
1872 1944 2010 1995 sum,
2063 1946 2217 1999 quam

642 2021 819 2084 Pater,
851 2037 1070 2076 manens
1101 2021 1298 2086 Filius;
1325 2021 1454 2075 niliil
1480 2020 1620 2075 aliud
1648 2029 1728 2075 est
1758 2021 1863 2086 ille,
1892 2036 2048 2091 quam
2079 2023 2217 2090 quod

641 2120 760 2179 ego,
791 2127 1010 2167 manens
1032 2112 1220 2166 Pater:
1251 2122 1305 2166 et
1324 2112 1411 2181 qui
1440 2126 1523 2166 me
1544 2112 1707 2176 no‘vit,
1737 2113 1885 2164 novit
1905 2121 1955 2164 et
1984 2111 2214 2176 Patrem,

641 2199 937 2269 Filiumque
961 2201 1160 2255 didicit.
1186 2199 1336 2267 Quod
1363 2201 1406 2254 si
1427 2201 1652 2268 potentia
1676 2201 1848 2254 minor
1876 2209 2037 2263 esset,
2055 2201 2212 2254 etiam

638 2291 867 2360 cognitio
888 2290 1016 2346 falsa
1035 2303 1194 2346 eSSet.
1222 2291 1399 2361 Neque
1415 2291 1553 2346 enim
1580 2291 1680 2344 alia
1707 2307 1798 2359 per
1813 2292 1970 2346 aliam
1989 2291 2065 2343 vel
2085 2293 2210 2345 subs

637 2381 827 2436 stantia
850 2381 934 2435 vel
957 2383 1187 2450 potentia
1204 2382 1332 2438 disci
1358 2390 1547 2451 potest.
1563 2380 1652 2437 59.
1670 2379 1942 2435 Voluerunt
1964 2397 2080 2451 ergo
2101 2398 2212 2434 eum

635 2471 1037 2539 apprehendere:
1053 2482 1097 2526 et
1113 2473 1228 2526 exiit
1242 2474 1302 2526 de
1319 2473 1544 2526 manibus
1559 2489 1748 2536 eorum,
1768 2473 1855 2527 60.
1881 2483 1925 2526 et
1940 2472 2058 2526 abiit
2074 2483 2211 2527 trans

637 2561 944 2627 Iordanem,
973 2562 1056 2616 ubi
1082 2575 1187 2618 erat
1221 2563 1444 2618 Joannes
1473 2565 1730 2633 baptizans
1759 2564 1994 2630 primum.
2019 2565 2109 2618 41.
2139 2564 2207 2617 Et

638 2654 781 2706 multi
813 2666 1048 2708 venerunt
1085 2657 1159 2707 ad-
1195 2672 1307 2708 eum
1329 2697 1342 2718 ,
1377 2665 1424 2708 et
1456 2654 1725 2708 dicebant:
1747 2654 1970 2708 Joannes
2013 2656 2211 2724 quidem

638 2746 833 2814 signum
886 2747 1000 2816 fecit
1039 2749 1264 2811 nullum;
1307 2750 1472 2800 omnia
1525 2757 1691 2798 autent
1732 2762 2056 2815 qua'cumque
2083 2748 2209 2801 dixit

635 2837 860 2892 Joannes
885 2838 948 2891 de
972 2840 1066 2892 hoc
1086 2878 1098 2899 ,
1128 2856 1241 2893 vera
1287 2850 1415 2893 sunt.
1469 2839 1750 2907 Postquam
1783 2839 1922 2892 enim
1953 2855 2202 2909 magnum

638 2928 902 2998 quidpiam
926 2939 979 2984 et
1007 2931 1233 2984 sublime
1256 2931 1410 2995 dixit,
1431 2930 1607 2983 statim
1634 2930 1856 2994 secedit,
1887 2929 2096 2984 illorum
2119 2946 2205 2986 ce-

636 3019 768 3073 dens
797 3018 984 3085 l'urori,
1014 3029 1069 3074 ut
1099 3036 1191 3090 per
1218 3020 1508 3075 absentiam
1541 3021 1681 3076 illius
1709 3021 1924 3075 sedetur
1951 3032 2003 3076 et
2025 3024 2203 3092 sopia-

637 3122 738 3163 tur.
758 3109 907 3177 Quod
937 3113 1095 3164 etiam
1129 3119 1250 3165 tu'nc
1267 3111 1408 3165 fecit.
1434 3110 1536 3166 Sed
1558 3126 1652 3165 cur
1678 3112 1994 3181 evangelista
2029 3113 2200 3168 locum

635 3201 860 3255 indicat?
889 3201 952 3256 Ut
973 3202 1142 3256 discas
1175 3203 1340 3270 ipsum
1364 3203 1479 3256 ideo
1509 3204 1642 3256 istuc
1671 3204 1886 3265 abiisse,
1914 3214 1968 3257 ut
1999 3205 2125 3272 ipsis
2148 3206 2199 3262 in

635 3292 938 3346 memoriam
973 3293 1058 3345 illa
1103 3303 1411 3360 revocaret,
1441 3309 1558 3362 qua:
1586 3292 1816 3349 Joannes
1857 3294 1964 3349 illic
2004 3295 2202 3351 fecerat

629 3384 976 3453 dixeratque,
1029 3399 1231 3439 necnon
1275 3385 1632 3438 testimonium
1687 3385 1868 3453 ipsius.
1914 3385 2048 3440 Istuc
2075 3404 2200 3456 ergo

633 3486 750 3528 cum
794 3475 1100 3539 venissent,
1131 3477 1308 3530 statim
1338 3475 1558 3531 Joannis
1585 3475 1842 3530 recordati
1890 3485 2048 3541 sunt;
2081 3479 2199 3532 ideo

630 3567 829 3630 dicunt,
860 3567 1083 3621 Joannes
1114 3570 1306 3621 nullum
1344 3571 1458 3636 fecit
1485 3569 1718 3638 signum;
1751 3584 1869 3621 nam
1902 3569 2033 3624 alias
2073 3571 2195 3638 quid

629 3656 692 3709 ad
723 3673 833 3711 rem
867 3656 1078 3713 fecisset
1110 3659 1158 3712 id
1203 3660 1439 3714 addere?
1475 3660 1567 3714 sed
1605 3661 1723 3729 quia
1757 3661 1903 3714 locus
1950 3661 2197 3731 Baptista-

633 3749 940 3804 memoriam
979 3751 1278 3814 revocavit,
1315 3766 1532 3805 .necnon
1564 3751 1678 3820 ejus
1718 3753 2022 3806 testimonii.
2069 3751 2196 3806 ane

627 3849 798 3893 autem
821 3851 977 3910 quam
1016 3850 1189 3896 certos
1225 3842 1556 3912 syllogismos
1580 3843 2190 3912 concinnent..loannes,

628 3929 890 3999 inquiunt,
919 3932 1118 3986 nullum
1148 3932 1268 3987 fecit
1294 3933 1536 4002 signum;
1591 3933 1676 3986 hic
1705 3933 1851 4003 signa
1880 3935 2000 3988 facit
2031 3952 2042 3986 :
2073 3938 2188 3991 hinc

624 4038 752 4091 ergo
787 4023 900 4092 ejus
931 4025 1281 4092 prmcellentia
1307 4026 1617 4080 ostenditur.
1645 4026 1699 4081 Si
1737 4038 1863 4097 ergo
1895 4029 1963 4081 illi
1990 4028 2190 4083 nullum

623 4114 827 4182 signum
869 4097 1045 4169 edenti
1080 4116 1430 4179 credidimus,
1463 4116 1629 4170 multo
1656 4117 1820 4186 magis
1857 4119 1975 4172 huic
2002 4120 2190 4174 crede-

628 4219 760 4258 mus.
795 4205 1011 4272 Deinde,
1042 4207 1160 4276 quia
1190 4206 1417 4261 Joannes
1439 4218 1552 4262 erat
1578 4208 1664 4274 qui
1693 4209 2048 4263 testimonium
2075 4227 2192 4278 pera

628 4294 888 4361 bibuerat,
924 4313 987 4349 ne
1009 4299 1129 4366 quia
1163 4297 1366 4366 signum
1394 4314 1495 4351 non
1526 4294 1739 4361 iecerat,
1762 4299 2006 4368 indignus
2031 4301 2191 4356 luisse

626 4394 900 4452 putaretur
927 4386 1017 4454 qui
1063 4387 1420 4442 testimonium
1451 4386 1632 4451 ferret,
1665 4386 1952 4455 adjiciunt,
1985 4390 2190 4445 etiamsi

623 4483 829 4546 signum
857 4493 962 4531 non
991 4477 1192 4543 fecerit,
1225 4493 1342 4533 vera
1368 4489 1540 4534 tamen
1579 4479 1753 4532 omnia
1781 4479 1847 4536 de
1871 4479 2084 4534 Christo
2106 4482 2188 4535 di-

622 4572 780 4635 xisse,
813 4572 882 4626 ita
927 4581 981 4624 ut
1013 4586 1116 4626 non
1147 4572 1389 4627 Christus
1419 4589 1480 4626 ex
1511 4573 1621 4637 illo,
1653 4573 1746 4628 sed
1772 4573 1860 4628 ille
1905 4589 1972 4628 ex
2008 4577 2188 4643 operis

621 4667 718 4720 bus
741 4667 934 4721 Christi
969 4667 1068 4721 fide.
1094 4668 1281 4737 dignus
1305 4669 1604 4723 haberetur.
1638 4667 1724 4722 42.
1752 4669 1900 4722 Multi
1930 4688 2045 4740 ergo
2075 4689 2186 4725 cre-

620 4762 851 4813 diderunt
879 4764 930 4814 in
977 4777 1109 4816 eum.
1153 4761 1309 4815 Multa
1339 4763 1477 4816 enim
1512 4761 1630 4815 illos
1654 4761 2011 4816 attrabebaut.
2054 4763 2185 4818 Nam

623 4854 882 4908 recordati
913 4865 1035 4908 sunt
1073 4854 1352 4908 verborum
1385 4855 1499 4922 ejus
1519 4897 1533 4919 ,
1563 4868 1682 4908 cum
1712 4855 1882 4923 ipsum
1912 4869 1968 4909 se
2009 4856 2183 4909 fortio-

619 4961 728 4999 rem
755 4945 984 5010 dicebat,
1012 4947 1203 5010 lucem,
1236 4948 1411 5009 vitam,
1452 4947 1720 5000 veritatem
1752 4955 2049 5015 ceteraque
2075 4965 2187 5001 om-

619 5041 722 5101 nia;
749 5039 894 5093 vocis
915 5052 1126 5108 quoque
1154 5039 1381 5106 desuper
1407 5039 1578 5092 allata-
1603 5080 1616 5104 ,
1643 5038 1975 5108 Spiritusque
2012 5042 2189 5105 specie

623 5131 874 5185 columba:
898 5132 1220 5200 apparentis,
1267 5131 1538 5200 ipsumque
1568 5133 1808 5187 omnibus
1835 5132 2183 5188 Ostendentis.

625 5219 696 5272 ω
740 5219 851 5274 hate
879 5222 1251 5275 miraculorum
1297 5221 1680 5276 demonstratio
1721 5220 2036 5281 accedebat;
2083 5238 2185 5291 qua

620 5312 1086 5367 conﬁrmabantur.
1108 5313 1234 5365 Nam
1255 5315 1296 5366 si
1319 5312 1529 5375 Joauni,
1555 5312 1809 5382 inquiunt,
1833 5312 2181 5377 credendum,

612 5406 782 5459 multo
812 5407 980 5474 magis
1025 5405 1164 5459 huic.
1207 5404 1262 5459 Si
1300 5407 1499 5475 absque
1528 5406 1692 5475 signis
1724 5406 1792 5459 illi
1842 5406 2183 5470 credidimus,

606 5499 781 5551 multo
812 5498 979 5567 magis
1011 5497 1153 5560 huic,
1183 5498 1270 5566 qui
1301 5499 1439 5553 illius
1461 5496 1765 5552 testimonio
1786 5497 2105 5560 celebratus.
2135 5503 2186 5552 et

605 5606 673 5642 «:x
697 5590 860 5658 signis
889 5591 1282 5644 demnnslratus
1311 5599 1409 5648 est.

681 5679 1042 5748 Tranquillitas
1073 5693 1318 5750 quantum
1347 5685 1529 5736 animai
1558 5685 1733 5747 prosit.
1767 5683 1944 5735 Anium
1972 5698 2000 5732 a
2033 5698 2175 5750 nego-

620 5771 691 5820 tiis
717 5787 916 5836 vacans,
949 5772 996 5824 in
1024 5785 1168 5841 portu
1191 5773 1345 5825 sedet.
1379 5772 1648 5827 Mulierum
1674 5774 1980 5841 ofﬁcium.“
2002 5771 2179 5827 \j'idcu'

1360 363 1410 417 S.
1451 360 1723 417 JOANNIS
1760 349 2227 416 (illRYSOSTOSil
2267 350 2578 414 ARClllEP.
2621 351 3149 414 CUNSTANTINOP.

3825 354 3932 414 sic

2341 478 2594 537 quantum
2626 469 2727 524 illis
2755 470 2900 523 locus
2942 470 3228 537 profucrit,
3263 478 3516 540 quantum
3567 474 3940 541 sequestral'to

2339 573 2367 610 a
2409 559 2533 612 viris
2579 559 2873 627 improbis?
2916 560 3037 614 ideo
3079 561 3198 614 illos
3240 561 3539 631 tri-quenter
3575 562 3644 616 ab
3697 564 3936 616 istorum

2338 651 2607 704 Consortio
2634 650 2867 704 abducit.
2903 650 3052 717 Quod
3100 651 3259 705 etiam
3299 653 3350 706 in
3382 654 3545 708 veteri
3582 654 3698 724 lege
3729 653 3939 710 iecisse

2337 740 2770 808 deprehenditur.
2799 740 3011 796 Juda-os
3041 741 3225 811 procul
3246 743 3312 796 ab
3333 741 3595 814 Aigyptiis
3622 745 3672 798 in
3705 745 3938 798 deserto

2337 830 2650 899 inl'ormans,
2673 842 2724 886 et
2750 833 2898 888 sicin
2926 834 3172 888 omnibus
3191 835 3490 892 instituens.
3519 835 3570 891 Id
3594 837 3736 907 quod
3759 839 3934 892 etiam

2337 922 2492 976 nobis
2518 923 2812 977 iaciendum
2842 926 3048 987 suadet,
3075 927 3268 994 jubeus
3297 928 3469 981 lorum
3496 928 3686 991 vitare,
3725 930 3931 982 tumui-

2336 1021 2550 1081 tumque
2577 1023 2632 1068 et
2659 1016 2888 1080 turbam,
2914 1026 3073 1086 atque
3095 1017 3146 1070 in
3173 1016 3419 1072 cubiculo
3436 1019 3721 1089 tranquille
3736 1036 3925 1076 orare.

2333 1102 2579 1159 Navicula
2607 1105 2749 1159 enim
2775 1115 3086 1176 tempestate
3108 1119 3212 1161 non
3239 1108 3454 1178 agitata,
3487 1109 3727 1165 seciindo
3756 1123 3930 1166 vento

2333 1195 2542 1263 navigat
2575 1213 2588 1248 :
2621 1197 2903 1266 animaque
2931 1212 2960 1250 a
2991 1197 3215 1268 negotiis
3245 1212 3442 1254 vacans
3470 1202 3520 1254 in
3553 1207 3709 1269 portu
3741 1202 3923 1256 sedet.

2334 1283 2561 1356 Ideoque
2607 1289 2856 1343 mulieres
2919 1289 3268 1358 philosophia:
3307 1292 3474 1359 magis
3521 1291 3732 1346 deditas
3796 1309 3925 1348 esse

2329 1387 2620 1447 Oporteret,
2652 1395 2809 1446 quam
2835 1381 2997 1444 viros,
3021 1395 3140 1450 qua:
3162 1381 3237 1434 rei
3271 1380 3512 1436 familiari
3535 1392 3593 1436 ut
3623 1383 3922 1452 plurimum

2331 1470 2659 1525 incumbunt.
2690 1471 2777 1526 Sic
2807 1471 2972 1527 Jacob
2998 1475 3289 1544 simplicior
3316 1477 3431 1539 luit,
3465 1476 3554 1544 qui
3577 1475 3725 1530 domi
3759 1477 3922 1532 habia

2331 1569 2496 1624 taret,
2545 1576 2573 1614 a
2625 1561 2934 1616 tumultibus
2982 1562 3135 1617 liber.
3169 1563 3351 1634 Neque
3398 1565 3538 1620 enim
3587 1566 3707 1620 sine
3753 1582 3920 1622 causa

2329 1652 2441 1706 bare
2469 1651 2740 1721 Scriptura
2785 1654 2936 1718 dixit,
2975 1652 3223 1708 Habitum
3257 1656 3458 1709 domum
3491 1657 3642 1726 (Gen.
3675 1657 3766 1713 25.
3795 1659 3916 1728 27).

2325 1744 2483 1813 Atqui
2509 1743 2650 1797 domi
2674 1746 2855 1808 etiam,
2887 1746 3115 1814 inquies,
3152 1763 3373 1816 tnagnus
3401 1751 3680 1802 tumultus.
3729 1749 3920 1819 Siqui-

2323 1833 2442 1887 dem
2475 1841 2528 1888 tu
2558 1835 2655 1898 vis,
2686 1845 2740 1889 et
2769 1835 2960 1889 multas
2992 1835 3082 1890 tibi
3108 1837 3331 1891 attrahis
3354 1854 3526 1894 curas.
3557 1834 3650 1894 Vir
3674 1852 3830 1897 certe
3861 1843 3921 1898 in

2323 1925 2498 1978 tnedio
2525 1924 2661 1991 loro,
2693 1933 2748 1980 et
2777 1940 2873 1994 pro
2900 1926 3169 1991 tribunali,
3195 1928 3431 1982 externis
3455 1929 3613 1984 rebus
3638 1934 3789 1999 quasi
3813 1935 3918 1987 llu-

2322 2014 2493 2069 ctibus
2519 2016 2746 2084 agitatur
2778 2029 2792 2067 :
2819 2016 3010 2070 mulier
3027 2032 3175 2082 vero,
3205 2033 3296 2072 seu
3326 2019 3377 2072 in
3408 2021 3639 2090 quodam
3669 2022 3918 2092 philoso-

2322 2106 2459 2174 phiae
2486 2109 2780 2177 gymnasio,
2816 2107 2958 2162 domi
2987 2109 3200 2174 sedens,
3233 2121 3463 2166 mentem
3496 2114 3773 2184 colligens,
3811 2127 3917 2184 po-

2322 2195 2440 2249 terit
2478 2207 2529 2249 et
2560 2195 2808 2265 precibus
2847 2207 2902 2252 et
2948 2197 3161 2253 lectioni
3189 2204 3503 2270 ca'terisque
3551 2203 3915 2274 philosophia:

2317 2288 2583 2342 exercitiis
2614 2288 2940 2344 incumbere.
2969 2292 3045 2344 Ac
3070 2291 3513 2360 quemadmodum
3537 2295 3570 2348 ii
3608 2297 3695 2363 qui
3719 2297 3917 2353 deser-

2319 2389 2428 2458 tum
2459 2380 2713 2446 incolunt,
2743 2395 2770 2434 a
2805 2382 3016 2436 nemine
3037 2382 3350 2437 turbantur:
3375 2384 3451 2438 sic
3473 2387 3664 2440 mulier
3687 2401 3916 2458 semper

2318 2445 2457 2524 iuius
2487 2486 2728 2534 manens,
2764 2482 3015 2540 perpetua
3041 2474 3230 2541 poterit
3259 2473 3358 2527 frui
3396 2445 3826 2544 tranquillitate:
3849 2480 3912 2535 8i

2315 2563 2526 2632 quando
2553 2576 2728 2618 autem
2748 2565 2907 2619 domo
2935 2566 3000 2619 sit
3021 2565 3340 2632 exeundum,
3365 2567 3506 2622 nulla
3540 2569 3661 2622 inde
3691 2582 3912 2638 pertur-

2316 2653 2542 2709 bationis
2573 2671 2753 2709 causa.
2781 2657 2905 2710 Sive
2930 2655 3071 2710 enim
3101 2657 3151 2710 in
3183 2657 3460 2711 ecclesiam
3504 2659 3719 2713 veniant
3738 2702 3751 2724 ,
3781 2663 3907 2718 sive

2312 2740 2377 2799 ad
2403 2747 2644 2800 balneum
2691 2749 2760 2801 sit
2809 2747 3166 2817 pergendum,
3207 2764 3347 2818 saepe
3377 2759 3636 2818 coguntur
3678 2751 3901 2819 quidem

2311 2835 2560 2890 mulieres
2590 2837 2736 2891 exire
2769 2854 2782 2890 :
2821 2845 2875 2889 ut
2902 2836 3181 2906 plurimum
3208 2844 3382 2891 autem
3414 2837 3555 2892 domi
3583 2839 3730 2894 sedet
3770 2857 3902 2894 mu-

2311 2925 2428 2989 lier,
2460 2936 2739 2995 potestque
2770 2927 3157 2996 philosophari,
3187 2917 3671 2997 adventantemque
3715 2931 3897 2985 virum

2309 3018 2674 3085 perturbatum
2721 3019 2928 3081 sedare,
2959 3032 3320 3086 compescere,
3353 3017 3653 3086 superﬂuos
3680 3035 3742 3072 ac
3769 3035 3899 3073 mo-

2307 3109 2468 3164 Ιεειος
2495 3110 2612 3178 ejus
2639 3110 2902 3180 cogitatus
2921 3109 3217 3176 eliminare,
3246 3119 3300 3164 et
3327 3111 3406 3166 sic
3435 3125 3618 3165 rursus
3644 3112 3899 3170 emittere

2305 3203 2450 3257 euris
2477 3204 2528 3257 in
2569 3201 2688 3257 foro
2722 3202 2986 3272 susceptis
3027 3216 3247 3256 vacuum
3271 3241 3285 3270 ,
3326 3211 3380 3258 et
3411 3202 3547 3259 liena
3593 3219 3710 3275 qua:
3740 3203 3897 3260 domi

2305 3292 2490 3347 didii-it
2518 3308 2698 3348 secum
2732 3294 3011 3348 ferentem.
3035 3291 3173 3346 Nihil
3201 3296 3365 3360 enim,
3402 3292 3530 3347 nihil
3560 3295 3743 3364 utique
3773 3294 3896 3350 l'ur-

2306 3383 2408 3437 tius
2439 3383 2660 3437 muliere
2707 3383 2790 3452 pia
2837 3394 2891 3437 et
2943 3381 3235 3451 prudente,
3292 3393 3348 3436 ut
3388 3387 3556 3438 virum
3603 3386 3893 3454 iulonuet,

2303 3473 2522 3542 ejusque
2550 3473 2803 3537 animam,
2838 3481 2893 3527 ut
2915 3474 3162 3539 voluerit,
3199 3475 3459 3530 inSIituat.
3493 3475 3608 3530 Non
3638 3480 3850 3533 amicos
3873 3521 3890 3545 ,

2304 3579 2408 3618 non
2436 3563 2703 3630 doctores,
2726 3575 2830 3618 non
2859 3565 3123 3634 principes
3146 3566 3366 3634 perinde
3393 3567 3544 3632 feret,
3578 3577 3632 3622 ut
3662 3585 3890 3625 uxorem

2303 3665 2626 3718 monentem,
2656 3664 2706 3710 et
2727 3656 3009 3709 consilium
3028 3655 3261 3710 dantem.
3293 3656 3509 3712 Monitiu
3539 3659 3734 3729 quippe
3764 3662 3892 3717 talis

2299 3763 2418 3802 cum
2447 3747 2672 3817 quadam
2704 3748 2973 3816 voluptate
3002 3747 3284 3816 conjuncta
3312 3757 3426 3814 est,
3452 3749 3592 3820 quod
3624 3751 3710 3805 illa
3741 3753 3890 3806 mul-

2300 3849 2409 3893 tum
2447 3849 2674 3894 ametur.
2726 3839 2914 3893 Multos
2968 3854 3177 3907 possem
3228 3841 3420 3896 all'erre
3455 3845 3598 3896 viros
3635 3857 3885 3911 asperos,

2300 3933 2702 4003 immorigeros,
2736 3932 2804 3986 ab
2851 3933 3102 3988 uxoribus
3153 3934 3439 4004 mitigatos.
3490 3936 3632 3991 Uxor
3676 3939 3772 3991 viri
3830 3949 3889 3994 et

2299 4041 2496 4080 mensa:
2523 4034 2576 4080 et
2617 4026 2734 4079 lecti
2779 4035 2832 4080 et
2871 4025 3163 4080 liberorum
3206 4030 3589 4096 procreationis
3633 4046 3884 4095 consors,

2299 4118 2407 4185 ipsa
2431 4117 2638 4171 eonscia
2671 4117 2933 4170 dictorum
2957 4128 3009 4173 et
3027 4128 3365 4183 arcanorum,
3391 4121 3661 4190 ingressus
3686 4133 3740 4176 et
3761 4126 3887 4178 exi-

2299 4218 2402 4271 tus,
2448 4210 2901 4276 plurimorutuque
2928 4210 3178 4275 aliorum,
3210 4212 3260 4263 in
3291 4212 3538 4265 omnibus
3568 4213 3760 4267 marito
3783 4213 3888 4270 de.

2297 4301 2425 4363 dita,
2457 4310 2510 4354 et
2540 4301 2614 4352 sic
2646 4299 2718 4352 illi
2744 4300 2950 4368 juncta,
2982 4310 3036 4354 ut
3076 4316 3170 4370 par
3201 4312 3282 4355 est
3311 4315 3504 4370 corpus
3530 4306 3687 4373 capiti
3709 4321 3884 4376 copu-

2297 4392 2414 4452 lari,
2441 4393 2484 4446 si
2526 4392 2756 4460 prudens
2781 4393 2849 4445 sit
2880 4402 2932 4446 et
2957 4393 3201 4462 diligens,
3245 4395 3360 4463 plus
3381 4410 3538 4466 quant
3564 4411 3753 4453 omnes
3787 4399 3882 4454 alii

2295 4484 2573 4552 conjugem
2608 4483 2805 4537 fovebit
2829 4493 2882 4538 et
2909 4483 3134 4538 curabit.

2364 4577 2414 4631 4.
2448 4568 2632 4630 Uxoris
2663 4575 2952 4628 christiana:
2978 4575 3157 4644 agendi
3181 4576 3309 4628 ratio
3336 4577 3501 4645 qualis
3525 4593 3635 4631 esse
3657 4579 3883 4645 debeat;

2293 4669 2438 4736 quale
2476 4667 2540 4719 sit
2581 4668 2741 4734 ipsius
2784 4683 2953 4720 verum
2999 4667 3616 4737 decus.——Quaniobrein
3654 4669 3880 4737 hortor,

2295 4769 2351 4812 ut
2398 4771 2613 4828 operam
2639 4759 2712 4812 illi
2743 4758 2818 4813 rei
2849 4759 2997 4823 deut,
3030 4771 3082 4813 et
3111 4776 3227 4828 qua:
3257 4761 3448 4816 decent
3487 4761 3764 4818 suadeant.
3811 4764 3885 4821 Ut

2295 4853 2432 4906 enim
2464 4851 2526 4903 ad
2560 4853 2803 4905 virtutem
2832 4867 2983 4913 uxor,
3008 4852 3085 4906 sic
3114 4861 3168 4906 et
3192 4853 3256 4906 ad
3301 4854 3589 4922 nequitiam
3622 4856 3884 4912 inducen-

2294 4945 2413 4996 dam
2445 4943 2663 4998 inultam
2695 4946 2798 4998 vim
2848 4944 3017 4998 habet.
3069 4943 3254 4999 Mulier
3307 4946 3649 5008 Absalonem.
3683 4950 3881 5004 mulier

2295 5039 2587 5092 Aumouem
2639 5038 2886 5106 perdidit,
2944 5039 3132 5091 mulier
3178 5038 3371 5092 Jobum
3421 5041 3642 5108 perdere
3685 5056 3880 5098 conata

2293 5141 2373 5184 est
2402 5148 2414 5182 :
2445 5147 2578 5184 uxor
2606 5131 2856 5186 Nahalem
2885 5147 2911 5184 a
2935 5131 3077 5186 czede
3093 5133 3306 5203 eripuit,
3333 5134 3526 5188 mulier
3547 5145 3708 5190 totam
3741 5153 3882 5207 gen-

2293 5229 2397 5273 teut
2435 5222 2684 5274 servavit.
2719 5221 2848 5274 Nam
2880 5221 3083 5275 Debora
3114 5232 3168 5276 et
3214 5222 3395 5276 Judith
3419 5265 3431 5286 ,
3462 5234 3516 5279 et
3543 5225 3662 5279 aliae
3693 5227 3881 5282 multa:

2296 5312 2673 5380 imperatorum
2708 5312 2873 5380 probe
2912 5313 3108 5367 iunctas
3137 5324 3258 5368 sunt
3287 5314 3480 5368 ofﬁcio.
3513 5316 3637 5372 Ideo
3685 5318 3883 5374 Paulus

2294 5404 2366 5455 ait
2395 5421 2406 5455 :
2440 5404 2572 5468 Quid
2613 5404 2742 5456 enim
2773 5404 2870 5457 scis
2891 5444 2904 5466 ,
2939 5405 3153 5470 mulier,
3192 5422 3257 5457 an
3284 5407 3446 5459 uirum
3487 5409 3683 5462 salvum
3724 5412 3882 5479 [acies

2293 5495 2372 5561 (Ι.
2406 5494 2521 5548 Cor.
2551 5495 2601 5547 7.
2639 5495 2723 5560 i6)
2745 5496 2767 5547 ’ἰ
2801 5493 3012 5563 Illisque
3047 5496 3373 5562 temporibus
3407 5497 3654 5564 Persida,
3691 5511 3743 5555 et
3776 5501 3884 5555 Ma-

2296 5586 2428 5637 riam
2471 5596 2522 5639 et
2554 5585 2868 5646 Priscillam,
2899 5587 3203 5653 apostolicis
3231 5588 3614 5644 certaminibus
3654 5606 3712 5646 se
3741 5593 3884 5648 dedi~

2295 5676 2438 5731 disse
2473 5677 2671 5730 scimus
2700 5676 2872 5743 (Rom.
2902 5677 3006 5745 l6).
3040 5677 3182 5744 Quas
3209 5688 3258 5732 ct
3287 5694 3383 5732 vos
3415 5681 3606 5734 imitari
3640 5683 3851 5739 debetis
3871 5728 3885 5748 ,

2297 5787 2390 5822 nec
2424 5769 2595 5822 verbis
2619 5770 2810 5834 solum,
2843 5770 2935 5822 sed
2965 5769 3122 5824 etiam
3152 5770 3403 5841 operibus
3426 5774 3684 5844 eonjuges
3712 5777 3883 5832 inlur~
