4088 6490
235 441 344 502 ’δη

243 567 421 611 mare.
443 550 511 606 Et
526 543 796 621 quomodo
819 543 1068 600 maritum
1087 542 1338 612 operibus
1351 544 1665 600 erudiemus
1678 544 1702 596 ?
1717 541 1851 598 Cum

242 654 301 702 te
332 643 531 700 videbit
571 654 674 696 nec
701 636 998 709 improbam
1019 678 1036 704 ,
1063 648 1162 690 nec
1187 634 1480 702 curiosam,
1511 651 1610 692 nec
1630 643 1853 710 ornatus

242 743 542 797 amantem,
588 746 696 788 non
728 729 1025 800 superﬂuos
1053 735 1303 797 sumptus
1330 737 1702 798 expetentem,
1754 726 1850 783 sed

243 826 605 898 prmseutibus
640 833 986 886 contentam;
1021 828 1148 876 tunc
1197 828 1251 877 te
1292 821 1664 877 consulentem
1691 819 1847 876 feret.

241 919 304 974 Si
335 927 516 974 autem
543 916 724 972 verbis
769 911 1193 983 philosopheris,
1223 914 1387 969 rebus
1419 928 1551 968 vero
1579 913 1848 968 contraria

242 1009 462 1077 feceris,
499 1018 624 1062 tunc
647 1005 1025 1076 loquacitatem
1049 1015 1196 1061 tuam
1222 1004 1515 1059 damnabit.
1549 1003 1642 1059 Sin
1671 1002 1849 1058 verbis

242 1100 406 1155 simul
431 1109 486 1155 et
509 1095 763 1167 operibus
782 1093 1086 1152 doctrinam
1116 1095 1343 1160 inferas,
1386 1103 1510 1150 tunc
1540 1105 1590 1150 te
1619 1095 1850 1165 excipiet

241 1202 409 1262 atque
441 1190 608 1260 magis
633 1187 1035 1259 obtemperabit
1062 1175 1079 1242 ἐ
1112 1196 1170 1242 ut
1193 1202 1314 1242 cum
1341 1202 1528 1240 aurum
1561 1200 1666 1241 non
1703 1201 1850 1254 quae-

240 1301 356 1351 res,
388 1296 560 1350 neque
584 1282 904 1352 margaritas
923 1321 940 1346 ,
972 1295 1146 1350 neque
1173 1281 1612 1334 vestimentorum
1640 1278 1846 1349 magni-

243 1375 552 1438 lieentiam;
597 1371 695 1428 sed
738 1373 930 1429 horum
982 1372 1122 1439 loco,
1171 1371 1508 1438 modestiam,
1540 1381 1845 1443 temperan-

241 1467 397 1528 tiam,
453 1463 883 1523 benevolentiam
917 1480 933 1516 :
963 1473 1127 1534 utque
1156 1477 1222 1517 ex
1251 1463 1421 1532 teipsa
1452 1462 1567 1518 hrec
1609 1461 1801 1518 aﬂeres
1825 1503 1843 1530 ,

237 1558 322 1612 sic
343 1555 528 1614 abillo
552 1557 742 1615 eadem
772 1557 976 1626 exiges.
1021 1554 1153 1609 Nam
1183 1554 1230 1608 si
1273 1555 1399 1626 quid
1432 1553 1498 1608 ad
1527 1554 1846 1624 placendum

242 1651 363 1706 viro
382 1652 452 1705 sit
481 1649 768 1720 agendum,
809 1648 1043 1702 animam
1072 1655 1304 1716 oportet,
1353 1662 1458 1700 non
1505 1661 1703 1716 corpus
1752 1663 1843 1701 or-

241 1757 399 1809 nare,
431 1742 538 1795 imo
567 1754 931 1809 corrumpere.
957 1737 1140 1808 Neque
1165 1739 1307 1794 enim
1337 1740 1408 1794 ita
1450 1747 1500 1795 te
1528 1740 1606 1794 illi
1633 1740 1841 1794 amabi-

242 1830 349 1884 lem
394 1844 582 1884 aurum
634 1828 846 1894 reddet,
879 1839 938 1883 ut
967 1830 1321 1898 temperantia
1353 1837 1408 1886 et
1447 1831 1840 1900 benevolentia,

239 1931 403 1990 atque
423 1921 634 1974 animus
659 1920 724 1976 ad
752 1921 912 1974 vitam
942 1935 1040 1990 pro
1058 1922 1252 1976 marito
1276 1922 1578 1992 ponendam
1603 1935 1836 1992 paratus.

241 2011 374 2066 ηπ
401 2013 544 2067 viros
582 2013 818 2082 capiunt.
838 2010 972 2068 Nam
1003 2014 1176 2068 cultus
1199 2014 1289 2069 ille
1318 2014 1620 2084 superﬂuus
1649 2015 1839 2084 diSpli-

238 2111 328 2158 cet
351 2104 446 2170 illi,
466 2119 576 2158 rem
605 2103 921 2159 familiarem
949 2113 1221 2172 coarctat,
1243 2115 1296 2160 et
1317 2116 1590 2175 sumptum
1612 2116 1666 2162 et
1686 2123 1841 2162 curas

237 2195 402 2263 parit.
434 2195 504 2247 At
529 2209 647 2264 qua:
667 2196 814 2259 prius
841 2195 980 2251 dicta
1005 2207 1151 2262 sunt,
1184 2197 1356 2251 virum
1383 2199 1535 2252 uxori
1564 2200 1837 2268 c0pulaut.

242 2284 626 2340 Beuevolentia
656 2287 872 2356 quippe,
905 2287 1158 2353 amicitia,
1183 2287 1528 2355 desiderium,
1555 2305 1654 2345 nec
1683 2305 1839 2347 curas

239 2374 462 2443 faciunt,
497 2393 598 2432 nec
621 2377 916 2449 impensam
944 2379 1197 2450 exigunt;
1224 2381 1332 2435 imo
1357 2383 1689 2436 contrarium
1721 2398 1838 2438 ont-

240 2467 392 2521 nino.
436 2467 670 2524 Ornatus
700 2470 914 2538 quidem
949 2469 1038 2525 ille
1066 2486 1096 2525 a
1137 2471 1526 2526 consuetudine
1569 2474 1833 2528 fastidium

238 2557 568 2626 ingenerat:
603 2557 797 2612 animae
841 2574 970 2613 vero
1014 2571 1238 2615 ornatus
1267 2563 1507 2631 quotidie
1533 2561 1731 2628 ﬂoret,
1780 2573 1837 2619 et

237 2648 499 2715 majorem
551 2649 800 2703 accendit
827 2648 1117 2704 ﬂammam.
1163 2650 1345 2720 Itaque
1374 2654 1418 2707 si
1463 2655 1577 2708 viro
1623 2655 1834 2724 placere

235 2739 393 2801 velis,
421 2755 550 2793 orna
584 2741 816 2795 animant
857 2743 1104 2799 castitate
1124 2784 1139 2804 .
1169 2745 1386 2814 pietate,
1419 2747 1494 2801 rei
1521 2746 1832 2804 domestica:

234 2843 386 2884 cura.
418 2830 543 2885 llaec
573 2833 804 2886 maxime
842 2833 1114 2898 alliciunt,
1136 2847 1188 2889 et
1229 2851 1516 2906 numquam
1556 2837 1828 2893 desinunt.

235 2921 390 2977 Ilunc
414 2932 661 2977 ornatum
711 2939 816 2979 non
855 2937 1105 2982 senectus
1134 2929 1320 2992 solvit,
1349 2944 1452 2983 nou
1483 2930 1701 2984 morbus
1733 2947 1830 2986 au-

232 3012 373 3076 fert;
407 3016 500 3069 sed
525 3018 770 3086 corporis
796 3019 998 3072 cultum
1026 3019 1335 3074 diuturnum
1366 3031 1578 3090 tempus
1623 3025 1824 3090 atterit,

231 3106 454 3162 morbus
480 3109 767 3175 consumit,
792 3110 1003 3180 aliaque
1050 3113 1212 3166 multa
1248 3114 1500 3182 perdunt.
1545 3117 1825 3173 Atanitna:

229 3198 369 3254 bona
407 3200 489 3255 his
531 3203 780 3258 omnibus
806 3213 930 3259 sunt
958 3207 1256 3275 superiora.
1303 3207 1395 3264 Ille
1425 3221 1644 3266 ornatus
1690 3214 1824 3268 iuvi-

228 3290 373 3344 diam
400 3293 541 3367 parit
561 3302 614 3347 et
635 3294 952 3365 zelotypiam
979 3311 994 3360 ;
1026 3296 1110 3352 hic
1133 3313 1267 3353 vero
1290 3315 1318 3354 a
1349 3301 1534 3356 morbo
1558 3304 1744 3373 qttOvis
1770 3315 1824 3360 et

226 3394 259 3431 a
288 3397 421 3436 vana
451 3383 617 3452 gloria
647 3385 782 3439 liber
807 3396 908 3440 est.
945 3387 1056 3442 Iloc
1084 3398 1239 3458 pacto
1267 3406 1354 3446 res
1375 3391 1668 3450 domestica
1694 3393 1821 3450 faei-

225 3470 332 3526 lior
356 3474 454 3528 erit
477 3515 492 3540 ,
527 3485 581 3529 et
612 3487 900 3544 proventus
933 3478 1149 3534 uberior
1169 3523 1186 3550 ,
1231 3485 1447 3552 quando
1472 3501 1658 3540 aurum
1710 3505 1816 3544 non

223 3563 435 3632 corpori
469 3573 558 3618 tuo
587 3567 1023 3637 circumpositum
1051 3571 1173 3637 crit,
1207 3589 1306 3629 nec
1355 3591 1544 3630 manus
1595 3577 1814 3646 ligabit;

222 3652 320 3705 sed
351 3668 445 3722 pro
477 3658 793 3712 necessariis
824 3661 1155 3730 expendetur
1181 3662 1370 3718 usibus
1403 3683 1416 3718 :
1447 3674 1504 3719 ut
1546 3667 1596 3720 iu
1636 3668 1814 3723 cibum

223 3758 528 3812 servorum,
559 3745 787 3802 ﬁliorqu
819 3764 1000 3805 curam
1035 3757 1414 3822 necessariam,
1465 3758 1674 3830 aliaque
1722 3777 1810 3814 ra-

1294 424 1360 482 IN
1395 423 1714 484 ιοΑΝΝΕΜ
1755 421 1990 484 IIOMIL.
2028 424 2189 484 LXII.
2230 425 2300 481 al.
2342 425 2478 483 LXI.

3461 435 3569 492 542

1958 539 2088 595 tioni
2117 550 2499 596 consentanea.
2523 540 2772 612 Alioquin
2812 542 2856 598 si
2889 541 3003 599 hzec
3030 545 3083 600 iu
3115 545 3299 602 lusum
3349 562 3564 620 pra-po-

1959 642 2176 697 nantur,
2204 633 2331 689 dum
2356 649 2452 689 cor
2475 635 2706 705 angitur,
2732 634 2874 706 quod
2903 636 3114 692 lucrum
3134 639 3156 692 ?
3177 653 3298 709 qua:
3321 641 3565 696 utilitas?

1956 725 2186 782 Tantum
2223 727 2425 782 cultum
2459 742 2564 782 non
2591 728 2717 782 sinit
2740 727 2896 782 dolor
2920 730 3185 799 aspicere.
3210 731 3369 786 Scitis
3394 734 3560 800 enim,

1955 818 2107 873 scitis
2158 817 2360 888 utique,
2389 817 2533 888 quod
2561 820 2608 874 si
2649 820 2772 890 quis
2803 820 3085 876 mulierem
3128 821 3369 878 omnium
3395 839 3560 878 orna-

1958 908 2220 965 tissimam
2249 908 2448 974 videat,
2471 908 2730 966 delectari
2762 927 2867 965 non
2918 921 3116 982 potest,
3162 912 3208 966 si
3238 914 3451 970 animus
3488 917 3562 971 sit

1957 1002 2010 1058 in
2036 1017 2272 1058 interore
2296 1021 2311 1056 :
2334 1003 2424 1073 qui
2460 1003 2603 1058 enim
2628 1003 2741 1059 vult
2764 1003 3044 1065 delectari.
3079 1005 3266 1061 hilaris
3297 1007 3370 1062 sit
3389 1022 3556 1077 apor-

1957 1101 2053 1149 tet.
2111 1093 2169 1149 Si
2209 1101 2390 1149 autem
2423 1109 2610 1149 aurum
2665 1104 2832 1149 totum
2883 1096 2949 1151 ad
3014 1089 3316 1155 ornandum
3374 1101 3558 1157 uxoris

1953 1200 2150 1256 corpus
2178 1187 2504 1256 insumptum
2534 1198 2635 1255 est,
2668 1189 2719 1243 in
2737 1189 2982 1258 angustia
3005 1190 3078 1244 rei
3105 1189 3384 1246 familiaris
3414 1194 3556 1249 nulla

1953 1286 2130 1348 potest
2158 1292 2277 1334 esse
2299 1277 2413 1333 heri
2439 1279 2701 1350 voluptas.
2723 1279 3062 1351 Quapropter
3086 1282 3128 1337 si
3153 1283 3312 1338 vultis
3343 1284 3556 1353 placere

1952 1369 2106 1436 viris,
2137 1369 2334 1425 dabitis
2363 1371 2622 1440 voluptati
2646 1371 2823 1426 locum
2848 1387 2863 1424 :
2891 1371 3086 1428 dabitis
3108 1389 3292 1444 porro,
3317 1376 3360 1429 si
3394 1378 3554 1434 talem

1953 1462 2153 1517 cultum
2183 1472 2238 1518 et
2277 1471 2525 1518 ornatum
2556 1463 2773 1518 tollatis.
2805 1462 2934 1520 lla‘e
2969 1464 3165 1534 quippe
3184 1468 3361 1520 omnia
3390 1483 3554 1540 spon-

1952 1555 2144 1609 salittm
2189 1564 2431 1625 tempore
2461 1555 2744 1627 quamdam
2778 1555 3031 1611 videntur
3058 1556 3257 1613 habere
3302 1561 3553 1630 volupta-

1953 1652 2091 1711 tem;
2124 1641 2718 1717 demumquc‘tcmpore
2750 1657 3105 1703 marcescunt.
3128 1647 3183 1702 Si
3203 1647 3345 1703 enim
3363 1652 3553 1708 caelum

1953 1744 2062 1791 tam
2093 1736 2378 1805 pulchrqu
2403 1779 2419 1803 ,
2452 1738 2620 1794 solem
2654 1751 2758 1792 tam
2805 1737 3148 1807 Splendidum
3173 1781 3188 1806 ,
3218 1741 3303 1794 cui
3347 1741 3550 1798 nullum

1949 1841 2047 1896 par
2073 1841 2194 1882 esse
2218 1842 2415 1897 corpus
2433 1827 2655 1893 dixeris,
2681 1828 2750 1883 ob
2776 1829 3222 1885 consuetudinem
3245 1846 3352 1887 non
3383 1847 3551 1904 usque

1950 1918 2085 1974 adeo
2112 1919 2391 1984 miramur,
2421 1919 2694 1990 quomodo
2719 1931 2966 1976 ornatum
2997 1937 3194 1992 corpus
3214 1923 3302 1979 diu
3331 1926 3548 1982 mirabio

1948 2009 2112 2064 mur?
2139 2008 2251 2065 Iloc
2277 2009 2433 2076 dico,
2477 2011 2619 2081 quod
2649 2011 2809 2066 velim
2852 2027 2950 2068 vos
2995 2015 3173 2069 ornari
3205 2026 3332 2070 vero
3375 2018 3546 2087 cultu,

1947 2115 2106 2170 quem
2140 2101 2334 2157 Paulus
2371 2103 2664 2172 prmcepit:
2696 2102 2817 2157 Non
2847 2120 2973 2158 auro
3011 2117 3059 2160 et
3105 2107 3418 2179 margaritis,
3454 2124 3544 2163 aut

1947 2205 2081 2265 ueste
2114 2195 2334 2264 pretiosa
2356 2236 2372 2262 ,
2418 2195 2507 2250 sed
2536 2196 2673 2264 quod
2721 2198 2858 2251 decet
2890 2199 3155 2263 mulieres,
3190 2202 3543 2269 promittentes

1947 2285 2182 2355 pietatem
2199 2301 2288 2355 per
2303 2301 2458 2354 opera
2484 2286 2612 2339 bona
2635 2285 2713 2356 (I.
2734 2285 2870 2340 Tim.
2889 2286 2943 2341 2.
2967 2287 3058 2342 9st
3081 2287 3191 2359 10).
3216 2289 3320 2345 Sed
3348 2291 3424 2346 vis
3444 2308 3542 2348 ex-

1947 2374 2111 2430 ternis
2142 2373 2374 2444 placere,
2417 2375 2486 2430 ab
2517 2377 2688 2446 iisque
2737 2377 2982 2432 laudari?
3029 2377 3190 2435 Certe
3235 2397 3340 2436 non
3370 2393 3534 2437 casta:

1945 2464 2185 2518 mulieris
2213 2473 2297 2519 est
2326 2465 2671 2522 desiderium.
2696 2469 2823 2522 Atsi
2855 2469 3010 2535 velis,
3030 2471 3203 2525 etiam
3232 2473 3354 2528 illos
3374 2473 3542 2530 hahe-

1945 2554 2026 2610 bis
2065 2564 2119 2609 et
2147 2565 2419 2611 amatores
2448 2566 2504 2612 et
2545 2558 2810 2614 castitatis
2842 2559 3172 2618 laudatores.
3203 2561 3352 2618 Illam
3398 2566 3541 2622 enim

1945 2644 2105 2700 talem
2137 2646 2419 2702 mulierem
2441 2661 2600 2702 nemo
2626 2663 2811 2719 aequus
2833 2651 3128 2706 mstimator
3153 2653 3410 2722 laudabit,
3442 2656 3538 2713 sed

1942 2736 2124 2792 lascivi
2157 2745 2361 2794 tantum
2392 2747 2447 2795 et
2472 2740 2658 2795 molles
2689 2740 2967 2808 homines;
2995 2742 3103 2798 imo
3131 2760 3198 2800 ne
3238 2744 3291 2799 hi
3321 2747 3537 2817 quidem

1938 2829 2266 2897 laudabunt,
2297 2831 2392 2887 sed
2433 2832 2753 2890 maledicent
2779 2875 2795 2892 .
2827 2850 2949 2890 cum
2981 2837 3227 2894 mulieris
3264 2838 3537 2896 lasciviam

1939 2921 2329 2978 intuebuntur:
2362 2924 2588 2994 probam
2636 2941 2765 2982 vero
2807 2927 2945 2983 hanc
2970 2929 3251 2986 mulierem
3300 2941 3352 2986 et
3386 2932 3438 2986 hi
3483 2942 3535 2988 et

1936 3011 2012 3068 illi
2034 3028 2330 3085 omnesque
2352 3015 2678 3084 laudabunt;
2706 3019 2904 3088 quippe
2930 3021 3018 3090 qui
3042 3021 3175 3075 nihil
3205 3021 3273 3078 ab
3295 3023 3383 3078 illa
3407 3025 3532 3080 mali

1933 3105 2258 3175 acceperint,
2291 3106 2383 3162 sed
2416 3107 2770 3177 philosophia:
2795 3111 3094 3167 doctrinam
3126 3130 3140 3166 :
3172 3129 3359 3185 magna
3391 3117 3531 3186 apud

1934 3195 2182 3252 homines
2200 3197 2314 3252 laus
2340 3197 2534 3267 aderit,
2564 3215 2757 3271 magna
2775 3201 2912 3271 apud
2935 3202 3101 3259 Deum
3130 3219 3359 3262 merces.
3381 3207 3530 3264 llunc

1932 3303 2062 3358 ergo
2089 3304 2393 3358 quaeramus
2417 3301 2685 3358 ornatum,
2707 3303 2762 3346 ut
2783 3303 2836 3347 et
2859 3294 2944 3348 hic
2964 3309 3086 3350 cum
3115 3296 3360 3353 libertate
3384 3300 3528 3354 viva-

1929 3394 2051 3435 mus
2075 3421 2090 3444 ,
2121 3389 2176 3435 et
2201 3380 2374 3435 futura
2401 3395 2800 3453 consequamur
2823 3385 2960 3439 bona
2997 3404 3011 3439 :
3054 3402 3172 3456 quae
3212 3403 3311 3442 nos
3338 3403 3528 3446 omnes

1927 3471 2138 3542 assequi
2167 3472 2474 3543 contingat,
2504 3474 2673 3544 gratia
2704 3482 2760 3530 et
2805 3474 3136 3547 benignitate
3185 3477 3395 3535 Domini
3425 3496 3526 3536 no-

1925 3563 2024 3619 stri
2058 3563 2189 3619 Jesu
2217 3563 2458 3634 Christi,
2501 3565 2586 3622 cui
2627 3566 2797 3638 gloria
2838 3567 2891 3622 in
2935 3569 3131 3624 saecula
3177 3573 3521 3630 sarculoruin.

1924 3657 2120 3713 Amen.

1501 4002 1852 4068 HOMILIA
1894 4007 2072 4069 LXII
2117 4004 2229 4088 (α).

216 4127 346 4186 Car.
379 4131 483 4201 Il._
513 4148 562 4186 ν.
597 4135 649 4187 1.
693 4133 818 4188 Erat
847 4145 1016 4190 autent
1059 4138 1266 4206 quidam
1295 4141 1540 4213 languens
1570 4145 1802 4204 Lazarus

287 4237 321 4273 a
363 4219 738 4290 Bethania,”
783 4229 992 4283 castello
1039 4229 1224 4286 Mante
1271 4243 1319 4287 et
1361 4234 1582 4292 Martius
1623 4245 1813 4297 sororis

288 4313 418 4380 ejus.
459 4313 516 4370 ἓ.
569 4315 737 4370 Maria
784 4329 952 4374 autem
1000 4333 1106 4376 erat
1135 4340 1195 4378 ea
1221 4341 1336 4395 qm
1362 4330 1506 4382 unxit
1533 4329 1812 4389 Dominum

288 4415 561 4476 unguento.

291 4540 342 4595 I.
400 4539 676 4599 (Eruimus
717 4547 895 4601 amicis
948 4547 1044 4602 Dei
1107 4553 1326 4608 tuaainte
1376 4567 1690 4626 competunt.
1731 4559 1812 4615 De

223 4631 392 4686 Maria
437 4652 610 4689 sorore
656 4635 846 4692 Lazari
891 4643 1121 4712 quastio.
1153 4645 1396 4701 —Mulli
1431 4664 1554 4703 cum
1599 4651 1809 4722 aliquos

216 4724 398 4779 vident
445 4726 688 4783 homines
741 4729 850 4786 Deo
888 4744 1159 4803 acceptos,
1211 4737 1261 4792 in
1292 4754 1588 4797 aerumnam
1617 4759 1807 4814 quam-

218 4815 383 4883 piam,
435 4826 494 4872 ut
523 4820 792 4888 morbum,
830 4837 1222 4894 paupertatem,
1253 4839 1345 4886 aut
1368 4833 1496 4903 quid
1523 4835 1698 4892 simile
1725 4839 1809 4892 in-

218 4906 433 4971 cidisse,
461 4911 854 4978 perturbantur,
902 4917 1064 4971 nescii
1112 4919 1222 4974 Deo
1265 4921 1450 4978 amicis
1495 4924 1546 4978 id
1577 4928 1808 4983 maxime

217 5009 540 5066 competere.
589 5002 720 5056 Nam
757 5005 993 5062 Lazarus
1023 5025 1086 5064 ex
1115 5011 1312 5068 Christi
1345 5017 1531 5072 amicis
1555 5029 1704 5084 erat,
1751 5032 1808 5076 et

219 5085 589 5176 Infirmabatur
629 5109 642 5144 :
690 5093 740 5148 id
786 5097 925 5164 quod
973 5099 1221 5156 dicebant
1270 5104 1304 5158 ii
1352 5105 1443 5176 qui
1497 5108 1802 5166 miserunt:

219 5175 347 5230 [fere
380 5195 526 5248 quem
567 5198 712 5237 amas
752 5186 1064 5255 inﬁrmatur.
1114 5191 1220 5247 Sed
1259 5175 1432 5250 locum
1465 5199 1622 5252 altius
1653 5216 1805 5270 repe-

218 5274 408 5322 tamus.
461 5270 606 5335 Erat,
651 5274 841 5344 iuquit,
883 5281 1088 5348 quidam
1117 5285 1360 5356 languens
1386 5287 1613 5344 Lc‘tsarus
1642 5307 1674 5345 α
1703 5292 1804 5346 Βεο

216 5359 410 5412 tltania.
449 5361 564 5417 Non
588 5365 684 5420 abs
725 5384 783 5424 re
810 5370 948 5425 dixit
979 5374 1118 5429 unde
1148 5389 1290 5432 esset
1312 5377 1566 5444 Lazarus,
1615 5382 1708 5437 sed
1739 5399 1800 5437 ea

217 5447 281 5504 de
313 5465 494 5518 causa,
543 5469 702 5523 quam
751 5468 936 5526 postea
983 5462 1222 5520 dicturus
1269 5478 1370 5522 est.
1415 5468 1630 5526 Interim
1676 5487 1802 5529 vero

239 5619 785 5701 :Abomiliam
811 5636 863 5701 et
884 5631 1006 5682 duas
1026 5644 1298 5701 sequentes
1331 5640 1535 5691 edidere
1568 5641 1684 5690 olim
1710 5651 1796 5693 Pa-

815 5697 948 5763 tomo
993 5690 1560 5768 secundonbibliothecte
1586 5690 1795 5768 Patrum,

210 5739 428 5829 F9353”
451 5739 697 5806 ³⁴ίέ¹¹¹ῖ¹¹³⁵
718 5755 914 5829 οὲεηίππξ
939 5739 1089 5806 εθῖιειί
1117 5761 1269 5829 nasus.
1295 5739 1792 5829 assignatam:

207 5809 584 5925 gggggvgsas
627 5823 715 5872 per
747 5815 1050 5867 Theodorum
1095 5809 1343 5871 l'eltauuni
1382 5809 1794 5879 sociiitai'iswle'sii

287 5883 298 5896 ι
417 5884 428 5917 ι
504 5905 518 5918 .

269 5880 518 5933 corogum.

1921 4152 2201 4221 praesentia
2232 4161 2540 4211 tractemus.
2585 4155 2813 4213 Sorores
2850 4159 3050 4215 utiliter
3080 4161 3302 4231 indicat,
3333 4173 3386 4218 et
3410 4164 3518 4221 Ma-

1918 4246 2050 4299 riam
2076 4261 2195 4314 qua:
2228 4247 2278 4300 in
2319 4247 2500 4316 aliquo
2540 4251 2846 4318 prrestabat,
2901 4253 3004 4308 hoc
3045 4254 3335 4324 adjiciens,
3388 4258 3518 4312 Erat

1915 4346 2085 4390 autem
2131 4337 2302 4393 Maria
2343 4355 2458 4406 quae
2502 4339 2781 4396 Dominum
2824 4353 3038 4398 auxerat
3084 4360 3364 4418 unguento.
3420 4352 3517 4406 llie

1915 4427 2134 4499 quidam
2177 4434 2530 4499 qua‘slioncm
2561 4444 2813 4502 movent,
2846 4451 2941 4490 cur
2973 4438 3230 4493 Dominus
3263 4440 3365 4496 hoc
3395 4459 3515 4497 nm-

1914 4521 2101 4576 lierem
2130 4521 2306 4578 facere
2339 4526 2686 4592 permiserit?
2719 4527 2899 4584 Primo
2930 4529 3111 4601 itaque
3149 4532 3327 4588 discas
3356 4551 3514 4605 Opor-

1916 4620 2024 4676 tet,
2075 4627 2182 4666 non
2225 4613 2361 4669 hanc
2402 4630 2523 4670 esse
2556 4619 2893 4674 meretricem
2922 4620 2993 4675 de
3022 4637 3125 4690 qua
3156 4622 3434 4680 Matthmus
3459 4639 3514 4682 et

1914 4700 2109 4767 Lucas,
2154 4703 2248 4757 sed
2279 4703 2439 4758 aliam
2489 4706 2770 4762 honestam
2799 4711 3106 4767 mulierem.
3140 4713 3248 4768 Illae
3282 4732 3513 4787 namque

1915 4794 2169 4850 mulieres
2202 4807 2357 4852 erant
2388 4800 2623 4868 peccatis
2664 4810 2872 4856 onusta:
2901 4820 2913 4855 :
2959 4803 3076 4859 hzre
3105 4821 3233 4860 vero
3261 4817 3311 4862 et
3339 4809 3514 4864 hone-

1909 4893 1992 4937 sta
2038 4895 2094 4939 et
2151 4886 2409 4940 studiosa.
2470 4889 2598 4942 Nam
2655 4891 2930 4946 Christum
2982 4898 3238 4967 excipere
3283 4903 3507 4955 Cttravil.

1910 4972 2101 5028 Narrat
2163 4986 2341 5031 autem
2400 4981 2764 5049 evangelista,
2813 4998 3030 5039 sorores
3070 5002 3282 5056 queque
3332 4990 3502 5058 ipsum

1909 5067 2205 5134 amavisse;
2253 5078 2308 5123 et
2349 5081 2524 5125 tamen
2559 5073 2996 5131 Lazarum'mori
3044 5081 3307 5147 permisit.
3333 5083 3509 5150 Quare

1910 5171 2038 5220 non,
2090 5167 2146 5212 ut
2186 5162 2430 5214 centurio
2475 5173 2528 5216 et
2571 5166 2824 5234 regulus,
2878 5169 3065 5223 relicto
3118 5170 3281 5226 fratre
3333 5189 3503 5244 :rgro-

1912 5257 2092 5314 tante,
2149 5248 2422 5306 Christum
2473 5254 2703 5321 adeunt,
2752 5259 2845 5313 sed
2897 5261 3162 5316 mittunt?
3203 5264 3505 5320 Admodum

1907 5338 2122 5393 Christo
2155 5340 2407 5410 lidebant,
2454 5345 2662 5416 ipsique
2708 5349 2996 5406 fatniliares
3041 5363 3221 5408 erant.
3253 5356 3504 5426 Alioquin

1909 5430 2159 5485 mulieres
2185 5443 2340 5486 erant
2371 5435 2630 5501 inﬁrmre,
2662 5448 2714 5492 et
2747 5441 2890 5495 luctu
2919 5442 3317 5502 detinebantur.
3349 5447 3504 5516 Quod

1907 5522 2048 5576 enim
2082 5539 2188 5578 non
2219 5540 2284 5579 ex
2310 5537 2619 5597 contemptu
2646 5531 2724 5585 sic
2752 5532 2979 5588 fecerint
3000 5577 3015 5602 ,
3067 5549 3249 5606 postea
3277 5540 3502 5595 demou-

1908 5619 2163 5665 straruut.
2209 5612 2363 5678 Quod
2410 5617 2569 5686 igitur
2599 5618 2714 5675 hate
2760 5623 2847 5676 illa
2879 5639 2983 5678 nun
3009 5637 3154 5680 esset
3191 5630 3362 5697 palam
3397 5639 3502 5687 est.

1905 5702 2008 5758 Sed
2036 5703 2200 5771 illam,
2237 5708 2464 5777 tuquies,
2497 5724 2593 5764 cur
2617 5712 2833 5768 admisit
2862 5717 3149 5772 Christus?
3189 5729 3245 5773 ut
3270 5722 3505 5780 solveret

1907 5796 2240 5864 nequitiam,
2305 5810 2361 5852 ut
2411 5800 2794 5858 humanitatem
2843 5806 3164 5876 exhiberet,
3214 5822 3265 5865 ut
3325 5813 3504 5872 discas

1906 5886 2105 5941 nullum
2142 5903 2263 5945 esse
2307 5893 2574 5965 morbum,
2631 5898 2717 5967 qui
2768 5898 2883 5968 ejus
2928 5903 3219 5960 bonitatem
3263 5918 3501 5978 superet.
